4022 6200
221 301 233 313 ⁵
298 299 395 356 749

298 411 452 464 modo
482 405 544 462 ad
574 405 843 462 dexteram
870 401 1040 454 Patris
1060 396 1205 450 sedet
1232 404 1282 448 et
1310 387 1614 457 intecpellat
1636 397 1731 452 pro
1765 395 1856 432 uo-

300 500 406 557 bis.
435 506 595 566 caput
623 504 856 548 nostrum
888 499 987 544 est.
1009 489 1060 543 Si
1092 487 1177 540 ille
1205 493 1361 550 eaput
1383 489 1482 537 est,
1508 490 1604 530 nos
1625 471 1859 527 membra

299 603 478 641 smnus
504 563 526 638 ﬁ:
559 594 664 638 tota
709 581 939 636 Ecclesia
983 577 1096 642 ejus
1127 590 1242 641 qua:
1287 569 1481 636 ubique
1519 563 1710 619 diﬂusa
1747 568 1859 624 est,

300 697 491 748 corpus
523 680 686 746 ipsius
727 686 805 730 est
831 717 846 738 ,
890 672 1038 738 cujus
1063 679 1142 724 est
1186 668 1299 735 ipse
1327 673 1503 730 caput.
1533 659 1646 714 Non
1689 655 1862 711 solum

301 781 475 824 autem
509 769 685 822 ﬁdeles
711 767 796 836 qui
831 763 984 816 modo
1020 769 1142 814 sunt
1184 757 1274 811 sed
1307 765 1354 809 et
1387 753 1473 822 qui
1501 751 1714 804 fuerunt
1742 754 1867 800 ante

302 877 398 914 nos
419 901 434 925 ,
468 870 519 914 et
548 861 632 928 qui
669 868 781 926 post
814 871 908 908 nos
936 853 1114 912 futuri,
1143 857 1265 902 sunt
1294 859 1460 913 usque
1488 842 1539 894 in
1573 842 1730 893 ﬁnem
1761 851 1866 890 sa:-

302 954 427 1016 Ctlli,
459 966 641 1003 omnes
671 948 734 1000 ad
765 959 956 1013 corpus
982 944 1096 1011 ejus
1127 941 1420 1009 pertinent;
1454 932 1605 1003 cujus
1628 928 1869 998 corporis

305 1047 420 1115 ipse
448 1051 602 1112 caput
630 1051 733 1103 est,
759 1039 846 1108 qui
879 1036 1116 1090 ascendit
1149 1035 1199 1084 iu
1226 1030 1416 1085 caelum
1447 1025 1661 1093 (Coloss.
1687 1037 1726 1086 ι,
1755 1019 1866 1090 18).

306 1114 439 1202 Quia
473 1146 599 1199 ergo
626 1131 732 1196 jam
779 1130 1019 1180 net-imus
1045 1133 1192 1190 caput
1222 1129 1275 1174 et
1303 1132 1494 1185 corpns
1513 1158 1527 1179 ,
1558 1114 1646 1166 ille
1673 1120 1756 1164 est
1784 1126 1873 1163 ca-

310 1235 402 1294 put
427 1266 442 1288 ,
479 1238 573 1275 nos
597 1236 810 1287 corpus.
839 1217 1058 1284 Quando
1089 1214 1331 1266 audimus
1359 1223 1539 1260 vocem
1585 1206 1752 1272 ipsius
1777 1243 1790 1262 ,
1819 1210 1876 1254 et

307 1291 375 1367 es
408 1313 579 1380 capite
605 1309 859 1363 debemus
884 1304 1090 1369 audire,
1113 1313 1167 1354 ct
1192 1318 1258 1354 ex
1291 1313 1542 1366 corpore;
1574 1296 1691 1364 quia
1719 1291 1874 1361 quid-

309 1405 436 1478 quid
467 1415 654 1472 passus
683 1409 763 1452 est
783 1439 795 1462 ,
827 1398 877 1449 in
910 1396 999 1448 illo
1031 1407 1083 1446 et
1123 1408 1218 1444 nos
1246 1390 1382 1457 passi
1425 1401 1645 1449 sumus;
1675 1383 1795 1453 quia
1824 1390 1878 1433 et

311 1472 414 1552 nos
443 1494 580 1563 quod
615 1492 868 1559 patimur,
897 1488 948 1540 in
982 1485 1132 1538 nobis
1161 1492 1211 1533 et
1239 1483 1348 1550 ipse
1369 1481 1584 1550 patitur.
1605 1472 1879 1542 Quomodo

314 1589 358 1641 si
395 1583 589 1653 aliquid
619 1581 844 1649 patiatur
866 1586 1049 1644 caput,
1083 1571 1333 1639 munquid
1366 1579 1534 1638 potest
1561 1567 1737 1619 dicere
1766 1577 1880 1616 ma-

320 1692 418 1730 nus
443 1675 559 1742 quia
589 1688 692 1724 non
737 1666 965 1736 patitur?
991 1673 1082 1716 aut
1121 1662 1165 1716 si
1210 1659 1406 1730 aliquid
1437 1658 1632 1727 patitur
1662 1666 1876 1713 manus,

322 1765 575 1835 nttmquid
612 1767 786 1833 potest
808 1767 967 1829 caput
996 1755 1172 1810 dicere
1197 1755 1317 1822 quia
1344 1766 1448 1804 non
1476 1745 1702 1818 patitur?
1727 1754 1817 1797 aut
1837 1743 1882 1798 si

325 1854 517 1927 aliquid
544 1855 738 1923 patitur
766 1866 880 1921 pes,
905 1847 1154 1916 numquid
1189 1853 1356 1913 potest
1383 1848 1540 1910 caput
1563 1840 1740 1892 dicere
1765 1836 1882 1906 quia

332 1967 433 2002 non
464 1941 925 2016 patitur?Quando
953 1937 1149 2006 aliquid
1175 1936 1371 2007 patitur
1402 1949 1559 1986 ltltltm
1593 1929 1884 1984 membrum

325 2053 584 2101 nostrum,
609 2035 781 2089 omnia
805 2031 1037 2086 membra
1062 2035 1300 2090 currunt,
1317 2034 1371 2076 ut
1391 2022 1705 2076 subveniattt
1724 2034 1889 2073 mem-

326 2131 572 2195 broquod
594 2127 806 2195 patitur.
831 2125 1024 2191 Siergo
1043 2121 1258 2172 illecum
1278 2130 1461 2181 passus
1480 2125 1583 2178 est,
1600 2129 1695 2166 nos
1724 2113 1774 2166 in
1800 2113 1890 2165 illo

319 2222 467 2291 passi
494 2233 696 2278 sumus,
717 2225 769 2269 et
796 2214 1002 2282 illejam
1026 2209 1260 2264 ascendit
1291 2208 1340 2260 in
1363 2205 1640 2266 cmlutn,et
1661 2203 1889 2257 sedetad

330 2290 602 2363 dexteram
636 2304 838 2363 Patris;
883 2298 1129 2370 quidquid
1163 2299 1351 2366 patitur
1388 2292 1619 2348 Ecclesia
1651 2291 1812 2359 ipsius
1841 2290 1890 2343 in

327 2397 759 2455 tribulationilms
777 2393 931 2460 hujus
947 2389 1146 2446 szecnli.
1167 2389 1216 2441 in
1237 2384 1628 2444 tentationibns,
1654 2383 1703 2434 in
1720 2395 1898 2435 neces-

323 2491 594 2550 sitatibus,
627 2491 678 2539 in
695 2484 948 2554 angustiis
969 2481 1116 2550 (quia
1133 2479 1208 2533 sic
1225 2479 1364 2530 illam
1381 2485 1591 2543 Oportet
1607 2473 1821 2536 erudiri,
1842 2483 1896 2526 ut

330 2585 453 2652 igne
477 2591 720 2648 tanquam
751 2591 934 2629 aurum
971 2575 1240 2641 purgetur)
1267 2610 1280 2626 .
1311 2570 1420 2638 ipse
1450 2567 1662 2636 patitur.
1692 2565 1896 2618 Proba-
1960 2581 1974 2596 ο

331 2689 454 2728 Inus
484 2671 602 2733 hoc,
634 2668 752 2738 quia
783 2681 880 2719 nos
911 2665 960 2716 in
991 2664 1078 2715 illo
1109 2660 1244 2726 passi
1277 2673 1491 2721 smnus,
1519 2657 1727 2710 dicente
1753 2658 1898 2722 Apo-

331 2764 506 2818 stolo:
535 2760 598 2815 Si
629 2769 790 2811 autem
822 2755 1002 2808 mortui
1027 2755 1141 2806 estis
1168 2767 1278 2804 cum
1313 2749 1544 2810 Christo;
1580 2747 1703 2816 quid
1735 2747 1900 2798 adhuc

329 2854 468 2908 velut
493 2853 702 2904 virentes
722 2849 783 2901 de
807 2848 898 2899 hoc
917 2844 1098 2896 mundo
1125 2842 1386 2895 decernitis
1420 2838 1526 2910 (Id.
1552 2855 1607 2902 ll,
1638 2835 1898 2909 ‘20)?ltcm

338 2945 471 3000 dicit
503 2962 515 2998 :
545 2942 674 3008 Quia
701 2951 836 2994 vetus
861 2938 1008 2991 homo
1035 2935 1366 2988 uostcrsimul
1393 2931 1666 2998 cruciﬁxus
1693 2939 1763 2983 est
1791 2945 1902 2981 cum

336 3039 456 3102 iilo,
479 3046 529 3088 ut
548 3043 870 3088 evacuaretur
895 3045 1074 3099 corpus
1101 3027 1289 3094 peccati
1309 3026 1482 3095 (Rom.
1506 3041 1578 3089 vr,
1600 3024 1678 3093 6).
1701 3024 1755 3078 Si
1781 3039 1909 3093 ergo

341 3130 395 3183 in
445 3128 534 3182 illo
579 3124 771 3180 mortui
818 3135 1034 3187 smnus,
1070 3121 1121 3173 in
1169 3119 1260 3172 illo
1303 3117 1459 3172 etiam
1501 3116 1904 3195 resurreximus.

348 3222 489 3274 Dixit
515 3220 655 3272 enim
683 3218 794 3285 ipse
821 3212 1104 3284 Apostolus
1131 3228 1142 3262 :
1171 3209 1231 3270 Si
1249 3219 1412 3262 autem
1441 3207 1775 3261 resurrexistis
1795 3222 1909 3258 cum

341 3313 565 3375 Christo,
585 3325 696 3376 qua:
722 3323 918 3360 sursum
937 3313 1049 3359 sunt
1069 3303 1246 3370 sapite,
1266 3315 1382 3370 qua:
1407 3315 1603 3352 sursum
1627 3309 1741 3352 sunt
1769 3313 1910 3367 qua:-

337 3405 470 3467 ritc,
498 3401 579 3454 ubi
608 3399 834 3453 Christus
855 3406 926 3450 est
956 3396 1005 3448 in
1034 3394 1235 3448 dextera
1261 3389 1355 3444 Dei
1383 3391 1558 3442 sedens
1587 3386 1802 3460 (Coloss.
1833 3404 1908 3450 HI,

343 3493 510 3561 t).-Si
543 3505 667 3557 ergo
696 3489 745 3540 in
769 3478 858 3541 illo
885 3485 1073 3539 mortui
1104 3494 1308 3546 smnus,
1338 3489 1389 3533 et
1420 3481 1468 3531 in
1500 3480 1590 3532 illo
1619 3480 1911 3532 resurrexio

341 3596 499 3643 uitis;
532 3589 584 3633 et
612 3581 721 3645 ipse
750 3577 798 3630 in
840 3575 991 3628 nobis
1019 3573 1271 3632 moritur,
1304 3580 1356 3623 et
1393 3570 1442 3622 in
1491 3569 1643 3620 nobis
1691 3568 1914 3633 resurgit

341 3677 359 3740 (
379 3673 497 3739 ipse
516 3671 530 3700 ¹
553 3676 632 3722 est
654 3667 792 3720 enim
819 3665 987 3716 unitas
1009 3663 1192 3730 capitis
1217 3670 1268 3714 et
1289 3658 1544 3726 corporis)
1567 3673 1580 3718 ;
1605 3672 1706 3709 non
1735 3657 1919 3708 imme-

339 3765 457 3818 rito
491 3775 586 3814 vox
618 3759 782 3826 ipsius
810 3757 967 3808 etiam
999 3762 1177 3806 nostra
1205 3762 1318 3816 est,
1342 3759 1394 3802 et
1419 3766 1518 3802 vox
1550 3760 1726 3801 nostra
1757 3749 1915 3822 etiam

332 3837 520 3924 ipsius
543 3855 644 3904 est.
678 3846 962 3900 Audiamus
1001 3857 1126 3910 ergo
1169 3840 1468 3912 Psaimum,
1501 3849 1554 3890 et
1584 3837 1634 3890 in
1667 3851 1730 3890 eo
1765 3833 1918 3890 Chri-

337 3955 494 3999 stum
527 3941 824 4006 loquentem
853 3933 1228 4000 intelligamus.

424 4033 478 4085 5.
509 4028 655 4102 [rem
677 4025 750 4098 1.]
779 4025 1005 4079 Titulmn
1030 4022 1187 4075 habet
1216 4021 1313 4074 iste
1336 4019 1584 4086 psalmus,
1613 4016 1917 4085 lpsiDavid,

338 4139 470 4178 cum
497 4129 620 4173 esset
648 4119 698 4171 in
727 4117 918 4169 deserto
946 4113 1202 4167 Idunuew.
1235 4112 1333 4166 l’er
1358 4110 1596 4163 ldunmae
1624 4123 1810 4161 nomen
1845 4108 1924 4160 in—

344 4213 611 4282 telligitur
635 4209 882 4264 saeculum
906 4206 1064 4260 istud.
1084 4204 1306 4259 ldumzra
1335 4205 1473 4256 enim
1497 4215 1626 4271 gens
1647 4210 1756 4254 erat
1781 4215 1922 4267 qua:-

336 4307 479 4360 dam
515 4300 799 4354 errantium
829 4297 1127 4360 hominum,
1160 4295 1243 4347 ubi
1274 4283 1414 4346 idola
1444 4292 1773 4345 colebantur.
1805 4289 1920 4344 Non

344 4398 405 4449 in
440 4393 579 4447 bono
603 4390 809 4458 ponitur
835 4388 1062 4442 ldumcca
1093 4387 1210 4440 ista.
1234 4385 1286 4439 Si
1313 4400 1415 4438 non
1443 4385 1492 4437 in
1526 4384 1662 4436 bono
1693 4382 1922 4449 ponitur,

341 4481 756 4551 intelligendum
786 4489 864 4533 est
891 4480 1040 4537 istam
1065 4478 1244 4539 vitam,
1278 4477 1361 4530 ubi
1395 4475 1620 4544 patimur
1649 4483 1821 4527 tantos
1853 4475 1926 4526 la-

343 4580 519 4632 bores
546 4566 705 4629 et'ubi
732 4573 895 4626 tantis
923 4569 1320 4625 necessitatibus
1345 4567 1537 4621 subditi
1563 4579 1776 4626 sumus,
1803 4564 1927 4626 ldu-

333 4683 511 4722 .m.-e:e
539 4665 747 4718 nomine
776 4662 1076 4732 signiﬁcari.
1098 4660 1264 4715 Ethie
1293 4667 1373 4714 est
1392 4659 1660 4712 desertum
1690 4657 1774 4708 ubi
1795 4656 1928 4708 mul-

343 4771 475 4812 tum
507 4757 711 4816 sititor,
733 4763 786 4809 et
813 4753 1038 4806 audituri
1067 4753 1192 4807 estis
1223 4765 1404 4804 vocem
1432 4748 1590 4802 modo
1620 4748 1845 4801 sitientis
1877 4747 1926 4800 in

340 4849 595 4902 deserto.
609 4845 661 4899 Si
675 4856 846 4898 autem
874 4847 1247 4912 Cognoscamus
1262 4856 1357 4895 nos
1374 4841 1632 4901 sitientes,
1645 4852 1930 4906 cognosce-

339 4951 482 4993 mus
512 4951 606 4989 nos
634 4947 685 4988 et
706 4935 964 4988 bibentes.
989 4933 1118 4999 Quia
1143 4932 1228 5000 qui
1255 4932 1365 4984 sitit
1399 4930 1449 4982 in
1493 4929 1592 4982 isto
1631 4929 1853 4991 smeulo,
1877 4928 1928 4981 in

342 5031 546 5084 futuro
561 5027 752 5080 smeulo
769 5025 1060 5087 satiabitur,
1076 5023 1281 5076 dicente
1301 5021 1546 5075 Domino:
1567 5018 1708 5072 Beati
1723 5020 1805 5088 qui
1821 5036 1934 5072 esu-

336 5122 499 5173 riant
529 5127 572 5168 et
599 5117 770 5168 sitiunt
791 5115 1059 5183 justitiam,
1088 5113 1202 5181 quia
1226 5112 1321 5181 ipsi
1348 5109 1704 5164 saturabuutur
1722 5108 1928 5178 (Matth.

336 5225 402 5270 τ,
442 5207 526 5273 6).
548 5205 685 5274 Ergo
711 5205 760 5256 in
801 5203 899 5256 hoc
926 5203 1117 5256 sarculo
1159 5216 1262 5256 non
1304 5199 1558 5254 debemus
1577 5198 1723 5266 quasi
1755 5213 1932 5250 amare

336 5297 622 5365 saginam.
647 5293 741 5346 llic
762 5291 1044 5344 sitiendum
1067 5297 1176 5354 est;
1209 5288 1334 5344 alibi
1363 5287 1739 5356 saginabitnur.
1776 5285 1932 5339 Modo

337 5395 540 5440 autem
569 5393 743 5435 utnon
764 5380 1070 5434 deﬁciamus
1089 5379 1139 5433 in
1159 5379 1260 5434 isto
1277 5377 1508 5448 deserto,
1534 5377 1764 5445 aSpergit
1785 5377 1935 5429 nobis

338 5488 542 5531 rorem
565 5471 741 5525 ’verbi
770 5473 886 5534 sui,
917 5481 971 5525 et
997 5485 1102 5526 non
1121 5483 1220 5526 nos
1238 5467 1449 5524 dimittit
1483 5483 1696 5537 prorsus
1723 5482 1932 5522 arescco

418 5586 435 5613 ι
481 5583 660 5629 Ctttian.
689 5587 788 5640 515.,
811 5579 930 5640 ipsa.

412 5646 439 5676 ι
491 5650 601 5691 tres
626 5651 747 5704 atas,
771 5657 853 5693 uos
873 5655 997 5692 rore.

1377 271 1764 332 I'IN'ARRATIO
1795 267 1856 321 iN
1897 265 2210 320 PSSIMU.“
2254 264 2409 318 LXII.

3429 260 3530 311 750

1970 409 2045 456 re,
2063 404 2119 446 ut
2141 410 2242 446 n'tn
2268 395 2336 445 sit.
2353 392 2416 443 de
2433 389 2884 458 Itobisl‘cpclitio",
2904 389 2996 444 sed
3027 398 3075 441 ut
3100 389 3172 441 sic
3190 389 3446 451 sitiamus,
3476 400 3530 442 ut

1969 485 2226 537 bibamus.
2264 483 2330 538 Ut
2347 493 2520 535 autem
2545 482 2803 538 bibamus.
2842 479 3193 548 aliquagratia
3213 480 3323 547 ejus
3349 496 3527 547 asper-

1967 577 2166 646 gimnr;
2194 563 2366 630 tamen
2393 576 2616 628 silimus.
2641 577 2698 628 lit
2716 576 2838 643 quid
2862 575 2984 627 dicit
3006 575 3176 627 anima
3201 585 3372 626 nostra
3403 575 3534 625 1)υυῖ

2040 669 2092 721 4.
2114 665 2356 738 [versi]
2380 666 2529 730 Deus,
2555 666 2684 720 Deus
2707 684 2860 728 meus,
2878 669 2942 716 ad
2957 675 3001 718 te
3016 665 3076 716 de
3094 666 3374 732 lucevigilo.
3397 666 3529 730 Quid

1971 771 2053 812 est
2084 757 2332 826 vigilare?
2365 756 2550 825 Utique
2589 772 2690 808 non
2721 755 2970 808 dormire.
2999 753 3131 820 Quid
3169 765 3248 806 cst
3273 753 3536 807 dormire?

1973 849 2068 902 Est
2109 863 2326 902 somnus
2370 849 2592 911 anima),
2639 856 2718 899 cst
2748 859 2963 897 somnus
2989 844 3246 909 corporis.
3285 843 3536 896 Somnum

1973 940 2211 1006 corporis
2239 952 2423 991 omnes
2448 938 2702 990 debemus
2729 936 2950 996 habere;
2981 934 3099 1002 quia
3142 935 3184 986 si
3213 949 3314 986 non
3343 934 3536 986 habea-

1975 1021 2300 1085 tur'somnus
2328 1032 2584 1098 corporis,
2613 1031 2789 1084 deﬁcit
2811 1032 2988 1090 homo,
3020 1028 3194 1082 deﬁcit
3222 1029 3390 1097 ipsum
3421 1045 3541 1082 cor-

1977 1137 2093 1191 pus.
2119 1120 2234 1175 Non
2270 1122 2408 1176 enim
2443 1130 2610 1189 potest
2657 1121 2741 1172 diu
2772 1121 3034 1172 sustinere
3073 1134 3264 1186 Cttl'pllS
3303 1130 3538 1173 nostrum

1979 1211 2160 1280 fragile
2185 1212 2411 1263 animam
2446 1211 2744 1280 vigilantem
2776 1219 2827 1262 et
2855 1210 3104 1262 intentam
3136 1210 3184 1261 in
3207 1201 3500 1262 actionibus
3526 1229 3537 1262 :

1979 1307 2020 1359 si
2053 1307 2138 1358 diu
2164 1306 2314 1375 ﬁxerit
2343 1307 2538 1358 intenta
2575 1305 2747 1356 anima
2781 1303 2830 1355 in
2858 1301 3156 1355 actionibus
3177 1342 3190 1362 ,
3221 1316 3409 1370 corpus
3436 1301 3543 1355 fra-

1981 1397 2084 1464 gile
2123 1403 2177 1448 et
2203 1405 2468 1448 terrenum
2502 1408 2604 1446 non
2635 1393 2776 1445 illam
2805 1392 2980 1460 capit,
3015 1407 3119 1446 non
3155 1391 3294 1444 illam
3322 1392 3546 1446 sustinet

1982 1496 2239 1556 perpetuo
2264 1497 2527 1555 agentem;
2552 1494 2604 1540 et
2624 1485 2818 1549 deﬁcit,
2850 1494 2904 1538 et
2933 1483 3247 1538 succumbit.
3271 1483 3391 1537 Ideo
3411 1484 3546 1538 Deus

1983 1579 2203 1633 donavit
2223 1593 2464 1632 somnum
2481 1579 2709 1646 corpori,
2728 1591 2835 1644 quo
2853 1586 3167 1645 reparantur
3184 1577 3417 1632 membra
3439 1592 3548 1631 cor-

1987 1670 2130 1738 poris
2151 1711 2165 1734 ,
2198 1679 2255 1722 ut
2289 1669 2490 1738 possint
2516 1668 2811 1737 vigilantem
2840 1668 3065 1720 animam
3095 1668 3375 1722 sustinere.
3417 1668 3548 1724 Illud

1987 1767 2162 1812 autem
2192 1773 2377 1812 cavere
2417 1758 2708 1822 debemus,
2749 1773 2813 1810 ne
2854 1756 2965 1825 ipsa
2994 1757 3168 1810 anima
3207 1767 3384 1812 nostra
3423 1759 3548 1813 dor-

1992 1851 2147 1914 miat;
2183 1850 2349 1903 malus
2371 1851 2510 1902 enim
2543 1859 2623 1902 est
2649 1863 2866 1903 somnus
2894 1849 3102 1903 animte.
3127 1850 3304 1904 Bonus
3334 1865 3550 1905 somnus

1989 1943 2261 2008 Corporis,
2299 1956 2404 2009 quo
2434 1950 2705 2008 reparatur
2741 1939 2989 1993 valetudo
3027 1941 3285 2009 corporis.
3325 1942 3552 1995 Somnus

1992 2043 2168 2084 autem
2197 2032 2385 2083 anima:
2414 2040 2494 2084 est
2522 2029 2759 2086 oblivisci
2803 2030 2963 2083 Deum
3003 2045 3174 2082 somn.
3200 2031 3554 2099 Qumcmnque

1994 2125 2168 2176 anima
2198 2123 2356 2175 oblita
2387 2122 2542 2175 fuerit
2583 2121 2743 2173 Deum
2783 2135 2968 2187 sumu,
3013 2122 3231 2179 dormit.
3271 2122 3392 2176 ldeo
3429 2123 3557 2177 dicit

1998 2213 2282 2283 Apostolus
2305 2211 2613 2282 (ptibnsdam
2645 2211 2821 2266 oblitis
2843 2213 3005 2268 Deum
3033 2228 3205 2273 suum,
3229 2223 3283 2268 et
3309 2222 3556 2282 tanquam

1998 2306 2048 2358 in
2092 2320 2279 2358 somno
2315 2305 2592 2374 agentibus
2632 2305 2976 2358 deliramenta
3017 2305 3235 2358 cultura:
3276 2303 3555 2360 idolorum.

2001 2399 2089 2453 Sic
2119 2407 2242 2452 sunt
2278 2398 2419 2450 enim
2445 2397 2530 2464 qui
2559 2396 2740 2450 colunt
2769 2395 2907 2448 idola
2929 2437 2942 2456 ,
2965 2394 3230 2464 quomodo
3256 2395 3344 2463 qui
3378 2395 3564 2447 vident

2005 2492 2055 2544 in
2081 2490 2280 2543 somnis
2305 2503 2434 2542 vana
2461 2506 2474 2542 :
2505 2488 2548 2542 si
2575 2496 2748 2540 autem
2771 2486 3178 2555 evigiletanima
3209 2486 3459 2554 ipsorum.
3486 2486 3565 2537 in—

2005 2581 2193 2650 telligit
2216 2597 2244 2633 a
2281 2595 2385 2648 quo
2417 2579 2548 2632 facta
2578 2588 2659 2632 est
2681 2620 2694 2642 ,
2740 2588 2792 2631 et
2820 2592 2921 2630 non
2949 2577 3075 2630 colit
3113 2574 3251 2644 quod
3282 2576 3391 2644 ipsa
3421 2574 3559 2629 fecit.

2011 2673 2142 2724 Dicit
2171 2685 2298 2740 ergo
2325 2668 2635 2738 quibusdam
2674 2668 2956 2735 Apostolus
2997 2684 3010 2718 :
3043 2665 3207 2735 Surge
3231 2666 3316 2734 qui
3344 2665 3530 2718 dormis
3549 2708 3563 2725 .

2005 2771 2050 2814 ct
2075 2777 2285 2829 exsurge
2310 2778 2340 2811 a
2367 2760 2607 2824 mortuis;
2633 2769 2676 2811 et
2701 2757 3002 2811 itluminabit
3027 2755 3324 2810 te’C/n‘istus
3351 2753 3566 2829 (Epltes.

2007 2868 2064 2917 ν,
2087 2853 2193 2920 li).
2212 2849 2471 2920 Numquid
2490 2865 2710 2915 corpore
2722 2849 3067 2902 dormientem
3084 2848 3571 2916 excitabatAposto-

2010 2947 2123 3000 lus?
2157 2946 2261 3001 Sed
2304 2944 2566 2998 excitabat
2591 2944 2816 2996 animum
2856 2941 3238 3005 dormientem,
3267 2940 3474 3010 quando
3502 2939 3568 2993 ad
3596 2998 3601 3003 ,

2011 3038 2112 3093 hoc
2143 3053 2257 3091 eam
2289 3036 2551 3092 excitabat
2592 3044 2649 3087 nt
2688 3034 3069 3087 illuminaretur
3104 3049 3132 3086 a
3164 3016 3402 3089 Christo.
3434 3033 3572 3102 Ergo

2011 3130 2297 3185 secundmn
2330 3129 2470 3196 ipsas
2497 3127 2701 3195 vigilias
2728 3125 2855 3179 dicit
2884 3127 2981 3179 iste
3005 3144 3018 3180 :
3054 3125 3206 3190 Deus,
3240 3125 3376 3178 Deus
3403 3141 3568 3187 meus,

1929 3273 1932 3278 .
2012 3223 2077 3275 ad
2107 3232 2152 3274 te
2180 3219 2241 3272 de
2269 3219 2378 3273 luce
2404 3218 2572 3289 vigilo.
2590 3217 2704 3270 Non
2733 3217 2871 3271 enim
2899 3217 3143 3286 vigilares
3169 3215 3219 3268 in
3247 3224 3316 3280 te,
3349 3216 3444 3269 nisi
3471 3215 3575 3268 ori-

2015 3322 2158 3366 retur
2189 3310 2274 3363 lux
2307 3319 2388 3363 tua
2412 3351 2424 3371 ,
2455 3324 2571 3378 qua:
2603 3317 2653 3362 te
2692 3307 2757 3361 de
2783 3322 2972 3362 somno
3007 3307 3280 3360 excitaret.
3315 3306 3577 3360 illuminat.

2014 3405 2155 3457 enim
2188 3403 2390 3454 animas
2414 3401 2677 3464 Christus,
2723 3411 2773 3454 et
2801 3399 2924 3453 facit
2949 3415 3037 3454 eas
3059 3400 3313 3467 vigilare:
3341 3400 3380 3452 si
3401 3409 3572 3452 autem

2018 3494 2190 3546 lumen
2221 3506 2371 3544 suum
2403 3491 2662 3550 detrahat,
2692 3489 3050 3543 obdormiunt.
3078 3488 3197 3542 Ideo
3226 3489 3367 3543 enim
3391 3490 3463 3542 illi
3491 3491 3573 3542 di—

2017 3583 2153 3634 citur
2181 3581 2229 3632 in
2260 3581 2362 3632 alio
2393 3581 2590 3647 psalmo
2615 3595 2627 3631 :
2651 3576 2892 3629 litamina
2914 3578 3080 3630 oculos
3103 3594 3253 3637 meos,
3279 3595 3338 3630 ue
3361 3595 3576 3646 unquam

2019 3673 2326 3726 obdormiam
2351 3673 2400 3723 iu
2429 3680 2584 3723 morte
2611 3667 2778 3740 (Psal.
2812 3684 2902 3728 xu,
2931 3670 3008 3737 4).
3036 3670 3136 3720 Aut
3161 3669 3201 3722 si
3224 3669 3288 3721 ab
3319 3669 3406 3721 illo
3428 3684 3577 3723 aver-

2021 3779 2094 3816 sa:
2118 3761 2480 3820 obdormiuut,
2510 3771 2741 3828 praesens
2766 3767 2847 3811 est
2873 3759 2972 3811 illis
2999 3758 3174 3811 lumen
3197 3798 3210 3822 ,
3236 3769 3288 3811 et
3316 3752 3417 3812 no'n
3453 3776 3576 3827 pos-

2022 3862 2145 3921 sunt
2173 3851 2368 3910 videre,
2398 3850 2515 3917 quia
2545 3848 2832 3902 dormiunt.
2867 3847 3138 3914 Quomodo
3165 3857 3216 3901 et
3244 3863 3466 3918 corpore
3492 3852 3582 3919 qui

2023 3941 2218 3995 dormit
2249 3942 2383 3992 inter
2404 3940 2539 3992 diem
2564 3955 2577 4001 ;
2605 3939 2713 4007 jam
2742 3947 2886 3990 ortus
2915 3947 2996 3991 est
3022 3939 3120 3996 sol.
3147 3939 3251 4007 jam
3277 3939 3390 3994 dies
3421 3941 3578 4006 calet,
3633 3959 3646 3975 ι

2025 4044 2075 4087 et
2106 4033 2193 4087 ille
2221 4042 2464 4100 tampiam
2495 4032 2544 4083 in
2569 4038 2720 4083 nocte
2745 4039 2845 4091 est,
2863 4030 2981 4097 quia
3006 4044 3107 4083 non
3137 4029 3310 4099 vigilat
3337 4039 3392 4083 ut
3412 4030 3584 4086 videat

2023 4125 2130 4193 jam
2162 4132 2334 4176 ortmn
2362 4122 2539 4175 diem:
2572 4121 2648 4174 sic
2679 4119 2987 4188 quilntsdatn
3013 4119 3119 4187 jam
3151 4129 3407 4188 prtesente
3433 4121 3585 4173 Chri-

2026 4225 2128 4278 sto,
2159 4214 2264 4283 jam
2293 4211 2569 4280 praulicata
2598 4209 2838 4272 veritate,
2871 4209 3006 4263 inest
3027 4209 3196 4262 adhuc
3224 4224 3441 4263 somnus
3468 4211 3586 4262 ani-

2030 4321 2151 4360 mm.
2175 4305 2283 4359 lllis
2304 4318 2430 4372 ergo
2453 4317 2566 4363 vos,
2585 4301 2628 4353 si
2655 4300 2897 4368 vigiletis,
2920 4299 3104 4352 dicetis
3126 4299 3390 4364 quotidie:
3418 4298 3588 4369 Surge

2028 4397 2111 4466 qui
2140 4395 2344 4458 dormis,
2369 4404 2413 4446 et
2441 4407 2652 4461 exsurge
2672 4407 2703 4442 a
2725 4389 2964 4454 mortuis;
2984 4400 3029 4442 et
3053 4387 3349 4441 illuminabit
3377 4396 3423 4440 te
3443 4387 3591 4440 C/tri-

2002 4538 2010 4539 η
2029 4499 2154 4540 stus.
2179 4486 2291 4539 Vita
2315 4485 2453 4539 enim
2483 4495 2674 4544 veSIra,
2694 4492 2745 4534 et
2767 4496 2942 4535 mores
2966 4480 3122 4534 vestri
3147 4478 3362 4546 vigilare
3389 4477 3587 4532 debent

2032 4578 2080 4631 in
2107 4577 2339 4640 Christo,
2371 4584 2428 4626 ut
2451 4574 2676 4627 sentiant
2696 4572 2813 4638 alii,
2837 4571 3026 4639 Pagani
3067 4568 3408 4633 dormientes,
3437 4577 3490 4622 et
3524 4567 3590 4622 ad

2033 4668 2260 4721 Sonitum
2292 4665 2584 4732 vigiliarum
2615 4672 2905 4716 vestrarum
2937 4659 3252 4718 excitentur.
3284 4667 3338 4712 et
3365 4658 3463 4728 ipsi
3491 4673 3585 4711 ex-

2033 4759 2230 4812 cutiant
2259 4771 2522 4818 svunmnn,
2546 4763 2599 4806 et
2626 4752 2872 4819 incipiant
2901 4753 2949 4801 in
2972 4748 3181 4802 Christo
3211 4749 3473 4803 vobiscum
3500 4749 3582 4802 di-

2033 4864 2152 4903 cere
2175 4865 2186 4901 :
2218 4847 2372 4910 Deus,
2401 4846 2532 4898 Deus
2555 4862 2711 4905 uicus,
2739 4847 2804 4894 ad
2830 4854 2876 4893 ιι»
2903 4842 2964 4893 de
2988 4841 3094 4893 luce
3120 4842 3287 4910 t'igilo.

2105 4940 2156 4992 5.
2199 4938 2365 4989 Sitivit
2392 4937 2476 4988 tibi
2503 4935 2669 4987 anima
2695 4949 2821 4986 inea.
2851 4932 2985 4985 Ecce
3014 4932 3135 4984 illud
3172 4932 3435 4986 desertum
3468 4933 3587 4986 Idn-

2037 5046 2203 5083 maete.
2235 5029 2416 5080 Videte
2439 5024 2704 5095 quomodo
2731 5024 2813 5074 hie
2841 5024 2947 5075 sitit
2976 5039 2989 5070 :
3025 5023 3114 5075 sed
3145 5022 3316 5076 videte
3352 5023 3475 5091 quid
3509 5023 3594 5077 hic

2038 5121 2231 5173 bonum
2258 5129 2357 5178 est,
2388 5117 2555 5170 Sitivit
2583 5115 2687 5168 tibi.
2710 5113 2839 5167 Sunt
2868 5115 3003 5165 «nim
3031 5113 3118 5182 qui
3139 5114 3336 5178 sitiunt,
3373 5114 3463 5167 sed
3492 5129 3594 5165 non

2041 5210 2170 5263 Deo.
2193 5208 2378 5262 Omnis
2411 5207 2496 5275 qui
2529 5205 2625 5258 sibi
2655 5206 2764 5256 vult
2795 5204 2990 5271 aliquid
3019 5205 3252 5271 priestari
3277 5244 3292 5268 ,
3324 5205 3373 5256 in
3409 5203 3596 5256 ardore

2039 5310 2121 5353 cst
2149 5298 2392 5352 desiderii
2433 5315 2444 5349 :
2479 5297 2646 5363 ipsum
2677 5293 2992 5346 desiderium
3036 5294 3148 5345 sitis
3183 5303 3264 5345 est
3297 5294 3501 5346 animze.
3535 5292 3596 5345 lit

2039 5390 2210 5443 videte
2222 5397 2413 5457 quanta
2429 5386 2684 5439 desideria
2700 5384 2802 5436 sint
2817 5386 2866 5436 in
2885 5376 3129 5437 cordibus
3147 5383 3414 5434 hominum
3437 5381 3594 5434 :alius

2046 5480 2308 5535 desiderat
2336 5493 2540 5539 aurum,
2572 5475 2703 5528 alius
2723 5475 2986 5528 desiderat
3013 5483 3312 5543 argentum,
3346 5472 3475 5524 alius
3496 5471 3591 5524 than

2106 5641 2121 5669 ί
2161 5639 2330 5698 ttegius
2356 5643 2452 5693 its,
2482 5642 2524 5681 ut
2550 5647 2671 5682 nunc
2698 5634 2750 5682 sit
2769 5632 2900 5681 nobis
2920 5631 3153 5692 inmutatio.
