4022 6200
449 283 539 339 τε,
644 338 647 339 ν
1661 279 1714 334 S.
1757 276 2118 335 ADGUSTINI
2156 280 2460 340 EPISCOP!

447 403 644 456 siderat
669 378 1052 471 possessiones,
1077 395 1213 449 alius
1237 393 1593 454 hmreditatcs,
1619 395 1753 447 alius
1779 402 2008 461 amplam

447 493 741 563 pecuniam,
761 490 894 543 alius
920 488 1078 557 multa
1102 502 1313 559 pecora,
1337 487 1474 543 alius
1497 485 1712 540 domum
1743 500 2005 553 magnam,

443 585 578 637 alius
607 594 846 643 uxorem,
878 578 1013 633 alius
1043 578 1293 641 honores,
1322 577 1457 630 alius
1487 576 1645 631 filios.
1681 575 1879 655 Videtis
1907 574 2006 629 de-

443 675 632 729 sideria
679 671 775 726 ista
801 712 816 734 ,
857 670 1124 742 quomodo
1164 678 1289 724 sunt.
1327 670 1378 723 in
1418 668 1669 723 cordibus
1707 668 1879 722 homir
1906 683 2005 726 .m.

442 766 645 821 Ardent
687 778 874 819 omnes
919 763 1160 817 homines
1203 760 1496 825 desiderio;
1528 768 1581 815 et
1626 761 1711 815 vix
1746 760 2009 815 invenitur

439 858 529 927 qui
563 856 704 910 dicat
729 872 742 909 :
775 854 944 909 Sitivtt
965 854 1051 908 tibi
1077 855 1245 907 anima
1274 869 1406 908 mea.
1442 852 1636 907 Sitiunt
1660 853 1801 907 enim
1831 852 2006 906 homi-

440 963 537 1003 nes
567 948 798 1011 saeculo;
823 956 875 1000 et
900 961 1002 1000 non
1030 962 1087 998 se
1111 944 1408 1015 intelligunt
1432 946 1487 998 in
1510 944 1725 999 deserto
1744 960 1868 1000 esse
1891 943 2007 997 ldu-

440 1057 620 1106 maete,
652 1039 738 1096 ubi
768 1038 926 1094 debet
952 1039 1100 1094 sitire
1128 1038 1300 1092 anima
1332 1038 1562 1106 ipsorum
1602 1038 1727 1091 Deo.
1765 1037 2008 1092 Dicamus

440 1145 567 1201 ergo
591 1145 710 1191 nos,
740 1128 908 1185 Sitivit
929 1128 1017 1182 tibi
1036 1128 1204 1181 anima
1224 1145 1336 1181 mea
1353 1145 1372 1193 ;
1391 1142 1580 1182 omnes
1604 1128 1858 1192 dicamus,
1882 1127 2002 1198 quia

440 1225 493 1278 in
531 1223 812 1278 concordia
839 1223 1037 1292 Christi
1063 1237 1249 1276 nautes
1286 1238 1386 1276 una
1431 1223 1605 1275 anima
1632 1237 1813 1275 sumus
1842 1237 1855 1273 :
1890 1222 2000 1290 ipsa

438 1316 614 1371 anima
646 1315 789 1369 sitiat
813 1315 864 1368 in
893 1314 1140 1369 ldumaia.

508 1406 561 1461 6.
592 1406 756 1461 Sitivit
784 1405 905 1469 tibi,
938 1405 1133 1474 inquit,
1169 1404 1336 1456 anima
1377 1420 1485 1457 mea
1512 1420 1531 1458 :
1565 1420 1713 1471 quam
1758 1404 1998 1474 multipli-

437 1498 559 1550 citer
602 1494 690 1548 tibi
730 1504 777 1549 et
814 1511 931 1548 caro
964 1511 1093 1549 mea.
1131 1495 1324 1547 Parum
1366 1504 1448 1548 est
1480 1498 1600 1563 quia
1639 1494 1803 1548 sitivit
1829 1495 2003 1547 anima

437 1603 577 1650 mea,
608 1588 772 1642 sitivit
798 1597 849 1642 et
878 1603 1001 1641 caro
1032 1603 1169 1641 mea.
1214 1586 1380 1640 Porro
1408 1587 1451 1641 si
1497 1587 1675 1641 anima
1714 1587 1826 1641 sitit
1856 1587 1963 1641 Deo
1984 1627 1999 1652 ,

438 1677 705 1749 quomodo
734 1686 787 1732 et
814 1692 939 1731 caro
967 1678 1077 1730 sitit
1108 1678 1254 1732 Deo?
1281 1676 1503 1744 Quando
1530 1679 1670 1733 enim
1700 1693 1828 1767 caro
1851 1677 2000 1740 sitit.

436 1785 624 1840 aquam
660 1770 803 1834 sitit;
846 1768 1056 1837 quando
1087 1769 1260 1823 anima
1314 1769 1443 1833 sitit,
1489 1768 1685 1824 fontem
1730 1770 2001 1841 sapientia:

435 1861 564 1913 sitit.
627 1859 700 1914 De
742 1859 858 1928 ipso
907 1857 1050 1912 fonte
1092 1859 1494 1913 inebriabuntur
1543 1858 1735 1912 anima:
1784 1868 1998 1923 nostrae,

434 1950 569 2005 sicut
602 1950 730 2004 dicit
766 1950 899 2004 alius
940 1951 1213 2018 psalmus:
1245 1948 1638 2003 Iuebriabuntur
1679 1951 1741 2003 ab
1776 1950 2004 2005 ubertate

435 2040 611 2094 domus
631 2050 747 2101 tum,
783 2048 829 2093 et
861 2049 1077 2094 torrente
1114 2039 1407 2093 deliciarum
1436 2052 1649 2103 tuarum
1692 2040 1886 2111 potabis
1918 2059 2002 2096 eos

435 2131 764 2202 (Prat.xxxv
785 2174 800 2200 ,
828 2132 907 2200 9).
953 2132 1187 2187 Sitienda
1217 2140 1299 2187 est
1322 2148 1449 2204 ergo
1471 2135 1748 2204 sapientia,
1775 2135 1999 2192 sitienda
2046 2154 2049 2161 '

434 2220 516 2277 est
541 2222 764 2291 iustitia.
818 2222 930 2277 Non
954 2238 1015 2276 ca
1041 2223 1371 2288 satiabimur,
1411 2240 1515 2279 non
1546 2240 1608 2279 ea
1635 2226 1994 2296 implebimur,

433 2313 535 2366 nisi
562 2328 681 2367 cum
713 2310 872 2371 fuerit
899 2312 1042 2366 finita
1072 2313 1173 2367 vita
1204 2313 1323 2381 ista,
1355 2324 1409 2369 et
1435 2312 1737 2371 venerimus
1773 2316 1839 2371 ad
1870 2317 1997 2372 illud

432 2405 573 2470 quod
600 2404 839 2473 promisit
862 2404 1023 2473 Deus=
1057 2405 1305 2461 Promisit
1329 2409 1469 2461 enim
1487 2408 1623 2462 Deus
1646 2409 1999 2480 arqualitatem

431 2495 759 2565 Angelorum
787 2494 933 2566 (Luc.
967 2511 1059 2563 xx,
1087 2495 1177 2568 36)
1207 2514 1219 2548 :
1246 2506 1300 2551 et
1347 2497 1506 2552 modo
1544 2500 1729 2569 Augeli
1772 2515 1877 2554 non
1923 2500 1995 2554 si-

432 2591 572 2646 tiunt
596 2590 861 2660 quomodo
889 2605 1008 2653 nos,
1035 2606 1141 2644 non
1167 2589 1402 2645 esuriant
1433 2590 1702 2660 quomodo
1731 2606 1862 2656 nos;
1904 2594 1995 2647 sed

430 2680 631 2737 habent
650 2682 884 2751 saginam
914 2680 1180 2744 veritatis,
1223 2680 1356 2735 lucis
1387 2721 1401 2746 ,
1441 2682 1756 2757 immortalis
1787 2685 1998 2753 sapien-

436 2774 546 2828 πίω.
580 2773 701 2828 Ideo
729 2772 865 2828 beati
896 2780 1018 2827 sunt
1042 2789 1057 2839 ;
1084 2781 1136 2827 et
1159 2772 1227 2826 de
1250 2780 1392 2826 tanta
1420 2772 1767 2840 beatitudine,
1798 2774 1918 2845 quia
1946 2776 1996 2830 in

433 2863 523 2918 illa
550 2871 675 2918 sunt
693 2863 904 2918 civitate
925 2862 1239 2937 JeruSalemr
1258 2861 1482 2927 cmlesli,
1528 2862 1668 2918 unde
1709 2880 1806 2919 nos
1840 2866 1998 2922 modo

430 2956 853 3026 pcregrinamur,
880 2953 1157 3008 attendunt
1185 2954 1280 3009 nes
1308 2954 1630 3023 peregrinos,
1661 2963 1713 3009 et
1740 2956 1998 3023 miseran-

430 3056 517 3098 tur
543 3060 656 3109 nos,
688 3055 741 3100 et
762 3045 912 3115 jussu
942 3044 1147 3098 Domini
1179 3044 1497 3099 auxiliantur
1522 3045 1697 3112 nobis,
1752 3057 1809 3101 ut
1835 3047 1899 3101 ad
1929 3048 1995 3102 il-

430 3137 534 3190 lam
557 3136 776 3205 patriam
813 3149 1146 3189 communem
1178 3134 1458 3203 aliquando
1497 3134 1796 3201 redeamus,
1843 3147 1893 3191 ct
1925 3138 1995 3192 ibi

339 3230 344 3235 ’
429 3243 549 3282 cum
579 3227 682 3282 illis
721 3224 867 3280 fonte
886 3224 1152 3279 dominico
1176 3226 1413 3281 veritatis
1442 3235 1494 3281 et
1543 3229 1852 3289 arternitatis
1894 3229 1989 3283 ali-

431 3317 639 3388 quando
666 3326 981 3371 saturemur.
1015 3314 1166 3368 Modo
1201 3330 1327 3385 ergo
1357 3316 1501 3370 sitiat
1536 3317 1711 3371 anima
1764 3328 1941 3372 nostra
1975 3337 1990 3374 :

430 3409 571 3465 unde
594 3419 648 3463 et
676 3423 801 3464 caro
832 3416 1008 3462 nostra
1036 3408 1165 3474 sitit,
1211 3417 1265 3464 et
1290 3409 1391 3464 hoc
1419 3410 1812 3480 multipliciter?
1850 3412 1991 3466 Mut-

429 3503 664 3571 tipticiter
682 3500 788 3565 tibi,
821 3500 1007 3570 inquit,
1027 3509 1072 3553 et
1093 3516 1209 3553 caro
1236 3518 1363 3554 mea.
1393 3502 1525 3569 Quia
1552 3511 1604 3556 et
1627 3504 1773 3557 carni
1800 3513 1994 3559 nostrae

428 3594 750 3664 promittitur
772 3593 1111 3648 resurrectio.
1141 3592 1417 3660 Quomodo
1437 3593 1626 3669 anima:
1650 3603 1846 3648 uestrae
1873 3610 1994 3665 pro-

429 3683 651 3738 mittitur
695 3682 984 3748 beatitudo,
1035 3682 1113 3736 sic
1154 3692 1210 3737 et
1246 3681 1391 3736 canui
1432 3691 1627 3738 nostra:
1669 3685 1994 3752 promittitur

425 3774 764 3830 resurrectio.
799 3773 1135 3830 llesurrectio
1169 3776 1341 3830 carnis
1377 3775 1496 3830 talis
1536 3777 1688 3832 nobis
1726 3778 1990 3848 promitti—

428 3880 512 3922 tur
535 3884 547 3920 :
575 3866 771 3933 audite,
796 3874 848 3921 et
866 3866 1072 3933 discite,
1096 3876 1149 3920 et
1173 3877 1346 3921 tenete
1366 3881 1485 3936 qua:
1504 3868 1574 3922 sit
1593 3882 1716 3938 spes
1737 3868 1992 3926 Christia-

428 3971 638 4023 norum,
666 3971 829 4027 quare
854 3971 1033 4011 sumus
1054 3956 1348 4011 christiani.
1374 3956 1489 4012 Non
1513 3959 1653 4013 enim
1680 3958 1746 4013 ad
1772 3960 1871 4015 hoc
1899 3977 1990 4015 su-

425 4060 550 4106 mus
574 4046 864 4113 christiani,
894 4057 952 4101 ut
986 4056 1248 4104 terrenam
1302 4047 1455 4103 nobis
1498 4048 1798 4105 felicitatem
1841 4061 1991 4121 peta-

428 4153 568 4204 mus,
594 4146 749 4208 quam
782 4138 1089 4208 plerumque
1126 4139 1321 4195 habent
1359 4149 1413 4195 et
1456 4140 1687 4196 latrones
1729 4152 1783 4197 et
1825 4144 1991 4199 scele-

427 4228 549 4283 rati.
579 4226 660 4282 Ad
687 4227 839 4281 aliam
866 4226 1167 4282 felicitatem
1194 4243 1289 4283 nos
1310 4242 1494 4283 sumus
1513 4229 1805 4295 christiani,
1835 4247 1989 4302 quam

428 4329 551 4377 tunc
577 4320 918 4392 accipiemus,
936 4335 1055 4374 cum
1073 4321 1176 4374 vita
1204 4321 1299 4374 ista
1324 4321 1479 4391 hujus
1500 4324 1679 4378 saeculi
1696 4332 1801 4378 tota
1817 4335 1989 4380 trans-

425 4414 566 4470 ierit.
600 4414 740 4484 Ergo
771 4411 1090 4484 promittitur
1132 4412 1281 4467 nobis
1323 4422 1376 4468 et
1408 4414 1582 4469 carnis
1628 4417 1987 4483 resurrectio;

426 4515 480 4562 et
508 4507 625 4562 talis
652 4505 968 4562 resurrectio
988 4503 1165 4559 carnis
1204 4503 1355 4559 nobis
1383 4507 1725 4575 promittitur,
1767 4517 1825 4563 ut
1865 4524 1990 4564 caro

427 4596 637 4665 quidem
668 4598 764 4652 ista
789 4611 946 4667 quam
975 4594 1131 4651 modo
1155 4603 1451 4667 portamus,
1482 4607 1724 4669 resurgat
1761 4600 1815 4654 in
1862 4599 1988 4656 fine.

427 4686 535 4743 Nec
570 4689 877 4745 incredibile
922 4688 1072 4743 vobis
1117 4687 1374 4743 videatur.
1421 4688 1475 4744 Si
1519 4690 1660 4744 enim
1700 4692 1839 4747 Deus
1865 4693 1990 4748 fecit

428 4793 527 4835 nos
552 4780 639 4848 qui
683 4796 785 4834 non
825 4795 1061 4842 eramus,
1113 4795 1359 4851 magnum
1399 4779 1473 4834 illi
1515 4790 1599 4836 est
1628 4797 1875 4852 reparare
1902 4773 1989 4855 qui

337 4905 340 4908 ~
428 4872 680 4927 eramus?
724 4871 863 4943 Ergo
900 4874 1000 4928 hoc
1034 4874 1182 4929 vobis
1216 4873 1526 4929 incredibile
1575 4889 1679 4929 non
1730 4877 1989 4945 videatur,

431 4962 552 5034 quia
577 4963 725 5032 quasi
754 4975 1055 5032 putrescere
1083 4974 1318 5020 mortuos
1346 4965 1555 5033 videtis,
1584 4974 1637 5021 et
1668 4968 1743 5023 ire
1772 4970 1822 5022 in
1849 4970 1995 5025 eine-

428 5067 521 5110 res
544 5060 601 5108 et
630 5053 680 5106 iu
724 5056 1011 5122 pulverem.
1045 5056 1149 5109 Aut
1185 5056 1231 5110 si
1277 5056 1588 5111 incendatur
1623 5056 1811 5129 aliquis
1853 5075 1995 5114 mor-
2043 5116 2049 5130 ,

432 5154 573 5210 tuus,
605 5155 697 5198 aut
724 5144 767 5198 si
796 5158 956 5199 canes
981 5145 1235 5200 dilanient
1283 5162 1427 5214 eum,
1466 5148 1661 5219 putatis
1705 5151 1826 5220 quia
1872 5151 1996 5207 inde

434 5252 542 5291 non
567 5236 668 5291 erit
690 5235 1121 5290 resurrecturus?
1160 5236 1347 5291 Omnia
1380 5252 1498 5306 qua:
1533 5238 1906 5309 discerpuntur
1943 5250 1996 5295 et

431 5330 486 5384 in
516 5329 719 5384 favillas
748 5323 1000 5395 quasdam
1030 5333 1354 5395 putrescunt,
1386 5328 1583 5396 integra
1615 5330 1722 5385 Deo
1750 5342 1892 5387 sunt.
1942 5332 1993 5386 In

433 5421 521 5478 illa
556 5420 698 5475 enim
747 5419 1010 5474 elementa
1050 5415 1228 5471 mundi
1263 5427 1408 5482 eunt,
1447 5418 1587 5475 unde
1626 5423 1798 5489 primo
1841 5437 1995 5477 vene.

436 5521 582 5577 runt,
627 5506 838 5580 quando
881 5505 1001 5561 facti
1048 5521 1230 5560 sumus
1262 5523 1275 5559 :
1307 5520 1410 5560 non
1457 5507 1542 5560 illa
1587 5509 1853 5574 videmus;
1898 5511 1992 5566 sed

437 5602 628 5656 tamen
664 5601 800 5656 Deus
844 5598 983 5653 unde
1029 5597 1129 5653 scit
1176 5595 1430 5667 producet
1461 5596 1567 5659 illa,
1607 5600 1727 5667 quia
1756 5610 1810 5654 et
1838 5610 1996 5665 ante-

442 5705 597 5760 quatn
625 5707 880 5759 essemus,
909 5689 1047 5747 unde
1063 5688 1260 5744 sciebat
1287 5702 1382 5742 nos
1411 5688 1656 5758 produxit
1702 5690 1839 5745 Talis
1866 5707 1994 5763 ergo

2742 349 2752 359 ,
3589 290 3698 347 752

2122 397 2440 449 resurrectio
2464 397 2639 451 carnis
2662 397 2816 453 nobis
2842 399 3185 468 promittitur,
3220 409 3278 454 ut
3301 404 3541 471 quamvis
3568 406 3621 472 ip
3651 425 3681 457 a

2116 482 2185 536 sit
2209 498 2334 539 caro
2358 502 2512 555 quam
2544 488 2701 542 modo
2728 500 3017 559 portamus,
3043 507 3160 562 quae
3189 505 3548 549 resurrectura
3573 507 3686 563 est,

2116 581 2290 628 tamen
2320 591 2423 629 non
2451 577 2638 633 habeat
2680 583 3071 652 corruptionem
3102 598 3260 653 quam
3305 585 3465 641 modo
3502 585 3686 641 habet.

2113 662 2267 718 Modo
2294 666 2435 720 enim
2463 682 2526 720 ex
2547 671 2887 739 corruptione
2915 671 3232 743 fragilitatis,
3263 674 3308 729 si
3332 690 3436 730 non
3458 677 3689 733 mandu-

2113 771 2318 823 cemus,
2360 757 2638 814 deficimus
2660 771 2711 816 et
2738 764 3036 830 esurimus;
3071 765 3116 820 si
3145 781 3252 821 non
3291 768 3557 837 bibamus,
3592 771 3689 826 de—

2114 848 2321 929 ficimus
2350 861 2403 905 et
2431 852 2676 918 sitimus;
2728 855 2772 909 si
2818 855 2910 911 diu
2957 858 3258 928 vigilemus,
3311 860 3588 917 deficimus
3633 873 3689 917 ct

2091 939 2405 996 edormimus
2430 960 2443 997 :
2473 944 2516 996 si
2551 944 2645 998 diu
2684 945 3027 1014 dormiamus,
3056 949 3369 1017 deficimus;
3406 952 3528 1007 ideo
3555 953 3690 1024 vigi-

2115 1030 2282 1085 lamus
2316 1050 2331 1085 :
2362 1033 2407 1086 si
2454 1033 2545 1087 diu
2592 1036 2974 1093 manducemus
3021 1048 3075 1094 et
3113 1040 3389 1106 bibamus;
3440 1044 3690 1113 quamvis

2113 1133 2328 1190 propter
2353 1122 2699 1179 refectionem
2738 1127 3113 1183 manducemus
3142 1140 3196 1184 et
3237 1132 3511 1197 bibamus,
3568 1134 3686 1202 ipsa

2109 1212 2359 1287 diuturna
2384 1214 2600 1269 refectio
2620 1216 2845 1272 defectio
2868 1230 2947 1273 est
2981 1221 3066 1275 :si
3090 1221 3180 1275 diu
3218 1232 3443 1291 stemus,
3489 1223 3688 1296 fatiga-

2111 1319 2264 1359 mur:
2298 1305 2415 1361 ideo
2438 1307 2687 1365 sedemus
2718 1327 2730 1364 :
2761 1321 2814 1366 et
2839 1312 2882 1366 si
2909 1312 3001 1367 diu
3043 1314 3341 1381 sedeamus,
3371 1326 3427 1372 et
3451 1318 3522 1372 ibi
3556 1319 3685 1372 fati-

2109 1410 2297 1465 gamur
2320 1436 2334 1462 ,
2356 1406 2412 1452 et
2437 1398 2558 1454 ideo
2586 1403 2870 1471 surgimus.
2922 1404 3118 1461 Deinde
3153 1407 3327 1463 videte
3355 1410 3476 1478 quia
3504 1411 3687 1467 nullus

2108 1498 2191 1543 est
2212 1490 2400 1545 caInis
2427 1502 2622 1546 nostra;
2644 1503 2811 1548 status
2839 1513 2852 1549 :
2878 1497 3127 1565 quoniam
3156 1499 3373 1554 infantia
3411 1502 3586 1557 avolat
3628 1504 3683 1558 in

2109 1580 2428 1648 pueritiam;
2469 1590 2526 1637 et
2560 1584 2755 1652 qumris
2782 1585 3075 1653 infantiam,
3107 1599 3288 1650 canon
3320 1600 3403 1645 est
3424 1592 3684 1659 infantia,

2105 1670 2231 1740 quia
2263 1673 2370 1739 jam
2402 1689 2500 1743 pro
2526 1672 2746 1729 infantia
2791 1677 3013 1746 pueritia
3064 1691 3146 1733 est
3173 1695 3187 1731 :
3216 1680 3404 1734 iterum
3455 1690 3510 1737 et
3559 1683 3681 1752 ipsa

2107 1760 2299 1830 migrat
2325 1762 2377 1817 in
2406 1763 2852 1828 adolescentiam;
2904 1768 3099 1837 quaeris
3129 1771 3439 1838 pueritiam,
3489 1781 3678 1827 etnon

2108 1853 2313 1909 invenis
2342 1871 2357 1907 :
2385 1854 2698 1911 adolescens
2733 1860 2790 1911 lit
2831 1857 3078 1928 juvenis;
3128 1862 3325 1930 qumris
3363 1862 3679 1919 adolescen-

2114 1950 2216 1997 tem
2237 1984 2252 2009 ,
2280 1952 2336 1999 et
2354 1959 2459 1999 non
2480 1954 2563 2001 cst
2585 1963 2598 1999 :
2621 1947 2831 2017 juvenis
2858 1948 2915 2003 ﬁt
2949 1965 3109 2004 senex
3135 1966 3151 2016 ;
3183 1952 3377 2021 quaeris
3400 1954 3675 2022 juvenem,

2105 2044 2285 2088 etnon
2316 2035 2521 2092 invenis
2552 2048 2646 2092 :et
2670 2053 2835 2094 senex
2869 2041 3130 2107 moritur;
3167 2044 3361 2113 quatris
3387 2059 3592 2111 senem,
3620 2058 3677 2102 et

2105 2140 2212 2180 non
2243 2127 2468 2182 invenis.
2516 2128 2632 2183 Non
2659 2139 2766 2184 stat
2789 2146 2917 2201 ergo
2944 2141 3075 2187 artas
3105 2143 3281 2188 nostra
3313 2151 3329 2190 :
3357 2135 3552 2206 ubique
3591 2136 3675 2191 fa-

2106 2219 2289 2288 tigatio
2310 2228 2409 2285 est,
2457 2220 2650 2291 ubique
2689 2222 2969 2288 lassitudo,
3008 2225 3202 2295 ubique
3240 2228 3547 2297 corruptio;
3572 2230 3674 2282 At-

2103 2310 2384 2365 tendcntcs
2409 2312 2623 2381 qualem
2653 2312 2809 2367 nobis
2838 2328 2988 2382 spem
3013 2316 3424 2371 resurrectionis
3452 2319 3675 2387 promit-

2104 2411 2179 2456 tat
2207 2403 2363 2468 Deus,
2386 2404 2443 2458 in
2465 2404 2578 2458 istis
2605 2404 2854 2459 omnibus
2883 2406 3260 2477 multiplicibus
3283 2408 3677 2468 defectionibus

2102 2494 2299 2546 nostris
2337 2493 2544 2549 sitimus
2589 2494 2730 2549 illam
2783 2495 3266 2567 incorruptionem;
3313 2509 3368 2554 et
3417 2503 3496 2556 sic
3545 2518 3674 2557 caro

2100 2590 2282 2637 nostra
2325 2583 2686 2654 multipliciter
2719 2584 2831 2640 sitit
2851 2586 2977 2641 Deo.
3001 2586 3056 2642 In
3084 2586 3182 2643 ista
3212 2588 3462 2655 ldumtea,
3494 2592 3548 2646 in
3569 2578 3675 2647 isto

2101 2673 2333 2741 deserto,
2361 2691 2518 2746 quam
2543 2677 2903 2747 multipliciter
2921 2678 3142 2745 laborat,
3176 2690 3281 2734 tam
3309 2683 3675 2751 multipliciter

2102 2766 2214 2819 sitit
2241 2781 2257 2830 ;
2292 2782 2446 2835 quam
2479 2766 2840 2837 multipliciter
2869 2769 3132 2840 fatigatur,
3165 2782 3270 2826 tam
3311 2774 3674 2844 multipliciter

2101 2857 2213 2910 sitit
2239 2857 2379 2920 illam
2405 2856 2776 2926 infatigabilem
2806 2860 3276 2930 incorruptionem.

2172 2947 2226 3001 7.
2256 2946 2422 3020 (vers.
2452 2946 2532 3021 5.]
2581 2947 2912 3018 Quanquam,
2956 2950 3144 3006 fratres
3190 2952 3315 3017 mei,
3357 2953 3479 3009 boni
3526 2955 3671 3010 ebrio

2100 3038 2256 3092 stiani
2289 3051 2343 3092 et
2371 3038 2538 3093 fidelis
2560 3041 2718 3094 etiam
2755 3040 2807 3094 in
2852 3040 2953 3096 hoc
2984 3043 3180 3097 sacculo
3207 3059 3332 3099 caro
3362 3045 3469 3101 Deo
3514 3048 3623 3102 sitit
3650 3066 3667 3102 :

2099 3130 2223 3207 quia
2243 3130 2286 3183 si
2316 3146 2448 3199 opus
2472 3140 2556 3185 est
2588 3130 2736 3185 carni
2763 3148 2917 3201 pane,
2970 3133 3015 3187 si
3037 3149 3171 3203 Opus
3193 3146 3273 3189 est
3294 3133 3515 3206 aqua,'si
3533 3153 3669 3208 Opus

2095 3229 2183 3272 est
2206 3220 2347 3285 vino,
2393 3221 2437 3274 sl
2480 3239 2611 3291 opus
2638 3231 2721 3277 est
2763 3232 3000 3288 numnio,
3044 3225 3092 3279 si
3133 3240 3266 3294 opus
3304 3237 3387 3281 est
3419 3227 3670 3298 jumento

2097 3310 2243 3364 carni
2283 3311 2427 3382 huic,
2459 3327 2486 3365 a
2512 3313 2619 3367 Deo
2649 3320 2826 3383 petere
2850 3314 3029 3382 debet,
3079 3333 3183 3371 non
3219 3333 3248 3371 a
3281 3318 3577 3387 daemoniis,
3610 3333 3669 3378 et

2098 3393 2273 3457 idolis,
2317 3404 2368 3448 et
2397 3412 2427 3449 a
2453 3398 2632 3451 nescio
2654 3400 2841 3467 quibus
2873 3403 3216 3476 potestatibus
3266 3400 3423 3472 hujus
3458 3408 3663 3461 surculi.

2095 3483 2230 3539 Sunt
2278 3486 2418 3540 enim
2455 3486 2578 3556 qui,
2631 3490 2840 3558 quando
2894 3489 3085 3546 famem
3125 3493 3395 3562 patiuntur
3452 3495 3506 3550 in
3561 3497 3668 3554 isto

2099 3577 2296 3631 saeculo
2324 3616 2340 3642 ,
2419 3577 2687 3634 dimittunt
2733 3580 2928 3647 Deum,
2971 3594 3023 3638 et
3060 3596 3247 3655 rogant
3303 3586 3663 3656 Mercurium,

2095 3677 2187 3723 aut
2212 3679 2403 3739 rogant
2428 3670 2612 3726 Jovem
2641 3681 2696 3726 ut
2728 3673 2820 3728 det
2856 3674 2979 3739 illis,
3009 3685 3099 3730 aut
3123 3693 3280 3747 quam
3324 3679 3509 3734 dicunt
3544 3681 3669 3737 Cm-

2097 3759 2345 3824 lestem‘,
2373 3770 2466 3816 aut
2490 3762 2662 3832 aliqua
2696 3762 2960 3819 da'mouia
2994 3766 3187 3821 similia
3212 3785 3226 3821 :
3251 3784 3357 3823 non
3396 3770 3509 3825 Deo
3548 3772 3668 3826 sitit

2095 3866 2219 3907 Caro
2241 3854 2494 3922 ipsorum.
2523 3853 2813 3921 Quiautem
2845 3857 2953 3910 Deo
2973 3858 3180 3926 sitiunt,
3206 3859 3433 3929 undique
3466 3861 3665 3917 debent

2095 3942 2264 4009 sitire,
2296 3952 2349 3997 et
2369 3945 2544 3998 anima
2569 3984 2584 4010 ,
2630 3954 2684 4000 et
2708 3961 2868 4001 carne
2900 3950 3060 4017 :quia
3098 3958 3153 4004 et
3183 3952 3371 4006 anima:
3407 3953 3545 4007 Deus
3571 3954 3667 4009 dat

2096 4048 2284 4100 panem
2325 4048 2498 4101 suum,
2528 4036 2578 4090 id
2605 4038 2919 4092 estverbum
2939 4039 3203 4106 veritatis;
3238 4052 3290 4096 et
3331 4044 3476 4098 carni
3522 4045 3669 4100 Deus

2096 4124 2187 4179 dat
2216 4141 2334 4195 qua:
2360 4128 2654 4182 necessaria
2684 4139 2827 4194 sunt,
2873 4132 2994 4201 quia
3019 4133 3157 4187 Deus
3188 4133 3310 4188 fecit
3339 4144 3390 4189 et
3427 4138 3663 4193 animam

2093 4228 2148 4272 et
2173 4233 2406 4274 carnem.
2451 4218 2676 4288 Propter
2717 4237 2930 4277 carnem
2982 4232 3122 4278 tuam
3155 4240 3312 4296 rogas
3349 4226 3611 4282 daemonia
3650 4249 3666 4284 :

2095 4311 2345 4381 numquid
2385 4312 2614 4366 animam
2668 4312 2805 4368 Deus
2847 4314 2992 4383 fecit,
3036 4325 3090 4372 et
3128 4332 3343 4373 carnem
3371 4328 3515 4374 tuam
3551 4320 3666 4375 da:-

2096 4403 2269 4457 monia
2293 4401 2565 4458 fecerunt?
2605 4403 2706 4473 Qui
2734 4405 2858 4462 fecit
2882 4409 3135 4474 animam,
3167 4410 3280 4478 ipse
3304 4410 3425 4466 fecit
3468 4421 3523 4467 et
3543 4426 3666 4467 car-

2095 4507 2214 4545 nem
2257 4511 2270 4546 :
2309 4492 2395 4563 qui
2439 4494 2561 4548 fecit
2603 4495 2784 4551 ambas
2826 4490 2934 4562 res,
2980 4499 3092 4568 ipse
3130 4501 3296 4569 pascit
3331 4503 3515 4558 ambas
3548 4518 3662 4558 res.

2096 4582 2391 4654 Utrumque
2417 4596 2654 4640 nostrum
2686 4587 2794 4642 Deo
2814 4588 2974 4656 sitiat,
3001 4601 3052 4645 et
3073 4606 3134 4645 ex
3163 4591 3343 4648 labore
3380 4594 3664 4665 multiplici

2096 4675 2407 4744 simpliciter
2433 4678 2674 4733 satietur.

2164 4768 2218 4823 8.
2248 4766 2345 4824 Ubi
2384 4778 2559 4824 autem
2582 4771 2694 4825 sitit
2733 4771 2906 4827 anima
2954 4785 3157 4841 nostra,
3205 4785 3257 4831 et
3298 4761 3667 4848 multipliciter

2094 4875 2219 4914 caro
2247 4871 2446 4927 nostra,
2470 4878 2572 4917 non
2602 4858 2932 4935 cuicumque,
2959 4866 3051 4922 sed
3076 4868 3191 4933 tibi,
3209 4869 3468 4939 Domine.
3494 4872 3548 4928 id
3578 4883 3665 4928 est

2097 4952 2209 5007 Deo
2226 4962 2426 5019 nostro;
2451 4954 2536 5008 ubi
2558 4956 2708 5010 sitit?
2746 4954 2810 5009 In
2841 4967 2973 5011 terra
3007 4958 3200 5013 deserta
3220 5000 3242 5031 ,
3276 4970 3323 5013 et
3356 4962 3466 5016 sine
3488 4978 3590 5030 tua,
3613 4975 3666 5017 et

2093 5043 2357 5113 sineaqua.
2381 5042 2642 5100 Saeculum
2662 5046 2799 5100 istud
2819 5045 3064 5114 diximus;
3084 5049 3192 5119 ipsa
3208 5050 3666 5119 estldumtea,boc

2097 5144 2179 5189 est
2208 5135 2473 5191 desertum
2505 5136 2767 5205 ldunucaz,
2790 5139 2928 5194 unde
2945 5140 3149 5195 titulum
3172 5141 3409 5197 Psalmus
3428 5144 3662 5214 accepit.

2098 5224 2164 5280 In
2194 5237 2324 5280 terra
2345 5228 2556 5282 deserta.
2584 5229 2772 5284 Parum
2797 5240 2900 5296 est,
2925 5233 3149 5300 deserta,
3178 5234 3266 5289 ubi
3287 5236 3465 5293 nullus
3484 5235 3666 5292 homi-

2099 5332 2223 5371 num
2253 5319 2488 5385 habitat;
2516 5320 2749 5391 insuper,
2791 5333 2837 5375 et
2871 5325 2978 5377 sine
3001 5326 3102 5391 via,
3140 5337 3193 5380 ct
3213 5328 3320 5382 sine
3346 5345 3498 5399 aqua.
3552 5331 3665 5387 Uti—

2163 5456 2179 5487 ί
2215 5453 2449 5523 Edd.,__aut
2470 5467 2610 5523 quem
2626 5454 2791 5507 dicunt
2818 5456 3049 5508 cwtestem
3069 5467 3226 5523 pana.
3251 5460 3424 5520 Abest,
3451 5469 3614 5523 Pana,
3635 5478 3666 5514 θ

2099 5521 2204 5567 “'5‘-
2226 5518 2450 5593 θὲιυξυιξε
2464 5518 2560 5593 “"9
2580 5518 2757 5593 “stem:
2781 5525 2863 5591 ιξω
2884 5531 3029 5593 alter!
3044 5519 3207 5570 dicunt
3222 5518 3663 5593 ςεφνεηεςρωιεη

2100 5590 2235 5646 vero,
2259 5578 2501 5646 certauerit
2523 5589 2540 5646 ς
2562 5590 2671 5646 quae
2688 5578 2918 5646 nimirum
2942 5580 3279 5646 Afrispaganis
3298 5578 3515 5646 Destitit
3537 5597 3663 5646 pne.

2099 5640 2239 5715 est"?
2258 5638 2652 5715 mussitabis;
2674 5640 2736 5715 se
2757 5638 3198 5715 ςυλτεξιειηὲηέε
3213 5638 3577 5715 Emme“,
3591 5659 3663 5699 αι

2103 5700 2163 5748 25
2188 5710 2238 5751 et
2258 5699 2349 5761 24;
2373 5708 2424 5751 et
2446 5704 2733 5763 Augustinus
2755 5698 2803 5751 in
2827 5698 2906 5752 lib.
2932 5700 2963 5752 2
2980 5702 3042 5754 de
3062 5704 3193 5755 civit.
3213 5705 3317 5769 Dei,
3341 5698 3384 5756 ὃ.
3408 5698 3455 5758 ις
