4022 6200
321 368 423 430 753

316 527 436 564 nam
466 510 551 565 vel
582 510 720 565 viam
744 510 961 567 haberet
991 512 1159 581 ipsum
1187 511 1482 567 desertum!
1534 514 1733 569 utinam
1763 515 1888 570 illuc

316 602 474 656 homo
505 603 801 669 incurrens,
832 603 913 656 vel
944 613 1122 659 nosset
1142 618 1241 672 qua
1269 602 1391 657 inde
1418 604 1614 659 exiret!
1661 606 1773 661 Non
1807 607 1885 659 vi-

311 695 403 749 det
430 695 697 765 hominem
732 696 796 749 ad
821 695 1086 760 solatium,
1132 711 1235 750 non
1257 695 1398 751 videt
1421 697 1559 751 viam
1587 714 1687 768 qua
1706 710 1886 754 careat

310 786 549 841 deserto.
580 786 719 856 Ergo
735 786 805 840 ibi
826 785 1053 840 divertit.
1074 786 1283 842 Utinam
1305 797 1448 841 esset
1467 788 1547 842 vel
1565 804 1721 858 aqua,
1747 789 1885 843 unde

306 877 641 944 reﬁceretur,
674 878 760 946 qui
786 877 906 932 inde
937 894 1041 932 non
1072 888 1243 947 potest
1271 879 1452 933 exire!
1485 880 1675 935 Malum
1697 880 1881 936 deser-

306 978 442 1036 tum,
473 970 726 1025 horribile
754 981 809 1025 et
839 971 1126 1026 timendum
1150 973 1163 1025 !
1197 983 1250 1028 et
1272 982 1444 1027 tamen
1473 974 1610 1029 Deus
1636 974 1884 1028 misertus

306 1073 392 1118 est
416 1064 605 1129 nostri,
635 1072 688 1118 et
716 1062 841 1118 fecit
878 1065 1029 1120 nobis
1060 1067 1195 1119 viam
1217 1066 1269 1119 in
1297 1065 1529 1132 deserto,
1560 1066 1735 1135 ipsum
1780 1066 1882 1120 Do-

305 1154 505 1206 minum
537 1164 776 1207 nostrum
810 1153 993 1208 'Jesum
1038 1154 1302 1210 Christum
1355 1156 1530 1229 (Joan.
1556 1173 1663 1223 xw,
1692 1158 1788 1226 6);
1827 1167 1881 1214 et

312 1244 436 1300 fecit
460 1244 614 1297 nobis
641 1244 1059 1299 consolationem
1087 1246 1138 1299 in
1163 1246 1395 1313 deserto,
1426 1247 1685 1303 mittendo
1701 1249 1765 1303 ad
1784 1263 1879 1303 nos

304 1335 683 1405 praedicatores
712 1335 860 1390 verbi
891 1337 970 1389 sui
998 1353 1013 1402 ;
1045 1345 1093 1389 et
1124 1336 1271 1391 dedit
1298 1339 1451 1394 nobis
1480 1355 1668 1409 aquam
1698 1339 1749 1394 in
1786 1340 1876 1394 de-

300 1438 467 1492 serto,
508 1428 734 1498 implcns
760 1428 957 1497 Spiritu
1007 1442 1192 1483 sancto
1221 1430 1593 1499 praedicatores
1636 1446 1780 1497 suos,
1822 1440 1879 1485 ut

302 1520 451 1574 ﬁeret
476 1521 528 1574 in
576 1520 653 1574 eis
696 1520 810 1575 fons
855 1536 1009 1589 aquae
1050 1521 1290 1575 salientis
1321 1523 1372 1575 in
1418 1523 1575 1576 vitam
1621 1531 1873 1577 aeternam

300 1611 413 1681 (Id.
443 1628 514 1679 tv,
545 1611 657 1683 M).
701 1612 767 1666 Et
810 1627 934 1667 ecce
964 1613 1217 1667 habemus
1245 1615 1330 1669 hic
1371 1616 1579 1680 omnia;
1630 1616 1723 1669 sed
1766 1631 1869 1669 non

301 1712 424 1758 sunt
464 1702 534 1757 de
577 1702 812 1757 deserto.
865 1704 1005 1773 Ergo
1059 1690 1435 1772 proprietatem
1483 1705 1678 1760 deserti
1728 1708 1874 1776 prius

298 1793 685 1849 commendavit
708 1793 967 1859 Psalmus,
1012 1803 1069 1847 ut
1096 1804 1151 1849 et
1173 1804 1225 1848 tu
1247 1810 1369 1849 cum
1395 1797 1636 1852 audisses
1686 1798 1737 1850 in
1769 1813 1874 1867 quo

300 1890 440 1942 malo
465 1901 628 1952 esses,
673 1886 717 1941 si
765 1902 896 1956 quas
925 1886 1011 1941 hic
1034 1886 1228 1942 [rabere
1256 1903 1440 1957 posses
1460 1888 1869 1956 consolationes,

299 1979 381 2033 vel
414 1981 697 2041 sociorum,
748 1980 829 2032 vel
860 1980 977 2045 vim,
1009 1980 1091 2033 vel
1118 1996 1292 2049 aqum,
1335 1996 1442 2035 non
1484 1982 1744 2041 tribueres
1773 1981 1869 2037 de-

296 2084 463 2137 serto,
498 2072 587 2125 sed
615 2072 685 2124 illi
718 2073 804 2140 qui
837 2080 887 2124 te
919 2072 1135 2126 visitare
1160 2072 1405 2141 dignatus
1429 2082 1509 2126 est
1548 2072 1599 2126 in
1629 2072 1864 2128 deserto.

363 2162 418 2217 9.
460 2162 546 2215 Sic
574 2162 625 2213 in
651 2171 821 2214 sancto
842 2164 1053 2231 apparui
1080 2162 1186 2227 tibi,
1230 2172 1281 2215 ut
1325 2162 1540 2215 viderem
1589 2166 1863 2233 potentiam

294 2263 455 2318 tuam,
503 2263 550 2306 et
576 2251 788 2320 gloriam
824 2262 979 2303 tuoin.
1028 2252 1206 2305 Primo
1238 2253 1404 2307 sitivit
1446 2254 1619 2306 anima
1649 2269 1787 2315 mea,
1817 2262 1869 2307 et

290 2359 418 2398 caro
441 2359 556 2399 mea
589 2343 948 2412 multipliciter
979 2344 1065 2397 tibi
1097 2345 1147 2397 in
1168 2344 1400 2409 deserto,
1431 2355 1482 2398 et
1515 2347 1565 2398 in
1596 2356 1733 2399 terra
1756 2347 1869 2400 sine

290 2438 393 2499 via,
425 2443 479 2489 et
505 2436 618 2489 sine
647 2450 813 2504 aqua;
860 2444 912 2489 et
934 2434 1077 2505 sicin
1102 2447 1274 2488 sancto
1300 2436 1513 2505 apparui
1544 2436 1649 2499 tibi,
1697 2445 1751 2488 ut
1795 2437 1870 2489 vi-

290 2527 459 2578 derent
485 2526 754 2595 potentiam
782 2534 938 2589 tuam,
974 2534 1017 2577 et
1040 2525 1253 2595 gloriam
1280 2537 1436 2577 tuam.
1481 2525 1587 2579 Nisi
1611 2528 1727 2595 quis
1760 2528 1867 2596 pri-

290 2632 380 2668 mo
409 2615 553 2679 sitiat
595 2614 646 2668 in
678 2615 778 2668 isto
806 2614 1037 2679 deserto,
1085 2614 1136 2668 id
1162 2626 1243 2669 est
1289 2616 1428 2669 malo
1472 2617 1521 2669 in
1567 2632 1672 2686 quo
1710 2627 1789 2670 est
1824 2619 1862 2683 ¹,

288 2722 559 2776 nunquam
592 2705 830 2775 pervenit
856 2705 921 2760 ad
950 2706 1145 2760 bonum
1170 2706 1310 2775 quod
1336 2716 1418 2760 est
1448 2708 1607 2761 Deus.
1638 2708 1866 2777 Apparui

292 2808 472 2851 autem
498 2798 605 2861 tibi,
641 2798 829 2867 inquit,
857 2798 908 2850 in
955 2808 1149 2850 sancto.
1198 2796 1314 2850 Jam
1340 2798 1391 2850 in
1423 2808 1604 2850 sancto
1630 2808 1711 2851 est
1753 2815 1865 2852 ma-

290 2904 396 2958 gna
425 2888 740 2941 consolatio.
773 2888 1004 2957 Apparui
1030 2887 1135 2949 tibi,
1155 2886 1280 2957 quid
1297 2888 1414 2941 est?
1438 2887 1504 2943 Ut
1522 2887 1729 2942 videres
1747 2905 1858 2941 me:

285 2990 343 3036 et
372 2980 488 3035 ideo
515 2980 689 3034 vidisti
729 2996 813 3034 me
841 2989 897 3033 ut
922 2979 1157 3034 viderem
1191 2989 1261 3035 te.
1307 2980 1534 3049 Apparui
1565 2980 1670 3045 tibi,
1705 2992 1757 3033 ut
1787 2981 1864 3033 vi;-

284 3074 478 3130 derem.
514 3073 629 3128 Non
660 3073 824 3129 dixit.
846 3074 1078 3143 Apparui
1103 3073 1217 3137 tibi,
1252 3084 1308 3127 ut
1335 3072 1713 3137 videres;sed,
1758 3071 1864 3142 Ap-

286 3167 439 3237 parui
468 3166 573 3231 tibi,
601 3174 654 3219 ut
672 3165 891 3219 viderem
913 3166 1186 3236 potentiam
1208 3177 1365 3231 tuam,
1395 3177 1439 3218 et
1467 3167 1681 3236 gloriam
1701 3176 1857 3219 tuam.

285 3258 439 3315 Unde
467 3268 520 3313 ct
542 3258 829 3329 Apostolus
862 3275 874 3309 :
909 3256 1070 3311 Nunc
1099 3268 1284 3320 autem,
1314 3259 1504 3327 inquit,
1556 3274 1860 3329 cognoscen-

281 3362 357 3405 tes
388 3350 583 3416 Deum,
622 3350 721 3404 imo
744 3350 928 3421 cogniti
952 3366 981 3403 a
1008 3348 1274 3421 Deo(Gal.
1307 3365 1385 3414 tv,
1408 3348 1490 3420 9).
1524 3349 1673 3403 Prius
1715 3349 1857 3403 enim

282 3441 604 3511 apparuistis
635 3442 765 3507 Deo,
798 3449 853 3493 ut
875 3441 1041 3510 possit
1092 3441 1244 3495 vobis
1283 3456 1539 3510 apparere
1587 3441 1741 3494 Deus.
1791 3439 1858 3495 Ut

279 3534 502 3588 viderem
527 3534 798 3603 potentiam
824 3544 982 3599 tuam,
1015 3542 1061 3587 et
1088 3534 1299 3604 gloriam
1347 3542 1503 3585 tuam.
1558 3532 1759 3586 Revera
1804 3533 1855 3586 in

280 3616 387 3677 isto
406 3623 641 3686 deserto,
673 3623 723 3676 id
757 3631 839 3677 est
870 3623 919 3677 in
951 3624 1047 3676 ista
1074 3634 1277 3686 eremo,
1308 3622 1351 3675 si
1375 3631 1618 3691 tanquam
1648 3621 1713 3675 ab
1741 3635 1860 3675 ere-

279 3730 375 3768 tuo
393 3714 571 3781 exigat
592 3712 751 3765 homo
771 3712 908 3780 quod
928 3712 1027 3765 sibi
1054 3712 1207 3765 saluti
1234 3720 1335 3775 est,
1362 3726 1629 3780 nunquam
1660 3710 1858 3763 videbit

277 3804 575 3874 potentiam
610 3803 839 3867 Domini,
867 3811 919 3857 et
943 3802 1165 3872 gloriam
1198 3786 1412 3855 Domini
1440 3819 1454 3866 ;
1478 3800 1568 3855 sed
1617 3816 1857 3855 remane-

275 3900 363 3953 bit
388 3897 474 3950 siti
509 3897 825 3959 moriturus;
876 3911 974 3949 nec
1002 3899 1139 3948 vtam
1169 3894 1422 3959 inveniet,
1466 3910 1564 3947 nec
1611 3895 1855 3947 consola-

274 3992 543 4053 tionem’,
577 4005 674 4043 nec
698 4004 886 4057 aquam
918 4004 1011 4057 per
1038 4003 1194 4057 quam
1226 3987 1381 4040 duret
1413 3987 1462 4039 in
1492 4002 1693 4040 eremo.
1722 3986 1855 4041 Cum

273 4091 458 4137 autem
488 4081 718 4136 erexerit
750 4094 805 4134 se
825 4080 889 4134 ad
920 4081 1104 4143 Deum,
1142 4088 1199 4133 ut
1224 4079 1363 4132 dicat
1402 4080 1473 4133 illi
1504 4096 1566 4133 ex
1610 4080 1856 4134 medullis

274 4174 551 4235 omnibus,
608 4172 774 4227 Sitivit
803 4173 889 4225 tibi
930 4173 1101 4225 anima
1147 4188 1465 4239 mea:qunm
1517 4173 1859 4243 multipliciter

277 4266 367 4317 tibi
392 4275 437 4317 et
462 4280 580 4317 caro
597 4280 746 4335 mea;
771 4278 835 4317 ne
867 4262 1000 4317 forte
1022 4263 1103 4315 vel
1136 4265 1433 4318 necessaria
1462 4265 1718 4318 carnisab
1739 4266 1856 4320 aliis

275 4364 428 4425 petat
456 4365 508 4409 et
551 4369 707 4407 nona
737 4354 865 4418 Deo,
915 4346 1003 4407 aut
1049 4369 1152 4406 non
1193 4354 1460 4409 desideret
1501 4354 1642 4411 illam
1673 4369 1853 4409 resur-

274 4449 568 4500 rectionem
599 4444 775 4498 carnis
818 4460 975 4513 quam
1024 4444 1176 4499 nobis
1202 4446 1477 4514 promittit
1518 4447 1655 4501 Dens
1690 4465 1701 4498 :
1731 4462 1850 4501 cum

272 4550 405 4605 ergo
430 4550 487 4589 se
517 4535 767 4599 erexerit,
808 4534 1027 4589 habebit
1055 4550 1156 4588 non
1191 4550 1378 4604 parvas
1403 4536 1812 4590 conSolationes.

349 4628 435 4681 lt).
465 4626 622 4691 Ecce,
650 4626 859 4692 fratres,
896 4628 1163 4697 quomodo
1206 4644 1331 4681 caro
1379 4638 1561 4682 nostra
1599 4630 1850 4698 quamdiu

280 4718 527 4772 mortalis
553 4727 654 4783 est,
707 4718 957 4787 quamdiu
989 4718 1186 4788 fragilis
1216 4727 1316 4782 est,
1359 4730 1481 4773 ante
1503 4720 1642 4773 illam
1672 4736 1851 4776 resur-

273 4809 571 4863 rectionem
597 4808 757 4863 habet
784 4809 970 4863 solatia
1003 4809 1098 4862 ista
1129 4809 1319 4878 quibus
1348 4810 1593 4875 vivimus,
1639 4828 1847 4878 panem,

273 4915 489 4970 aquam,
522 4899 742 4965 fructus,
770 4901 970 4967 vinum,
999 4900 1173 4953 oleum
1215 4899 1349 4971 (ista
1376 4901 1550 4954 omnia
1579 4902 1764 4955 Solatia
1798 4912 1851 4956 et

274 4992 509 5047 subsidia
539 4992 581 5046 si
623 5008 717 5046 nos
749 4990 1015 5055 deserant,
1072 4992 1249 5060 utique
1282 4991 1474 5045 durare
1521 5008 1623 5045 non
1665 5010 1850 5062 possu-

274 5083 435 5154 mus)
467 5085 706 5155 quamvis
728 5084 959 5140 nondnm
985 5084 1243 5153 receperit
1264 5098 1389 5138 cato
1422 5086 1530 5141 ista.
1566 5088 1844 5141 sanitatem

204 5180 207 5183 ’
273 5179 422 5232 illam
450 5178 758 5245 perfectam,
801 5176 887 5229 ubi
912 5176 1103 5229 nullam
1137 5176 1366 5245 patietur
1387 5178 1704 5245 angustiam,
1734 5181 1848 5233 nul-

270 5270 377 5323 lam
419 5268 758 5338 indigentiam
791 5286 804 5321 :
838 5270 914 5323 sic
943 5278 995 5322 et
1017 5269 1190 5321 anima
1219 5277 1396 5322 nostra
1423 5284 1540 5322 cum
1568 5270 1651 5324 hic
1672 5281 1752 5325 est
1794 5273 1843 5327 in

270 5362 582 5426 ista‘carne,
614 5360 750 5414 inter
776 5360 1091 5415 tentationcs
1120 5372 1173 5415 et
1203 5362 1431 5430 pericula
1458 5364 1635 5417 smculi
1669 5364 1841 5433 huius,

268 5453 447 5509 adhuc
466 5463 549 5508 est
570 5453 812 5517 inlirma;
842 5453 999 5506 habet
1024 5454 1180 5507 etiam
1210 5453 1321 5522 ipsa
1348 5454 1534 5509 solatia
1558 5457 1724 5521 verbi,
1757 5473 1844 5511 so-

268 5546 395 5601 latia
446 5545 723 5611 orationis,
774 5546 959 5599 solatia
1011 5545 1419 5614 disputationis:
1450 5548 1530 5602 sic
1576 5560 1699 5604 sunt
1742 5551 1841 5605 ista

333 5702 367 5773 ι-
388 5700 609 5773 Plerique
632 5709 758 5761 Mss,
778 5698 829 5752 in
852 5699 941 5751 isto
963 5700 1087 5751 malo
1107 5701 1155 5752 in
1178 5714 1269 5765 quo
1290 5708 1359 5754 est
1387 5715 1404 5753 :
1423 5717 1515 5754 nec
1528 5703 1730 5771 habent,
1753 5708 1839 5760 de-

270 5768 412 5821 serto,
430 5763 481 5813 id
494 5763 580 5813 est.

333 5825 357 5855 ³
390 5824 573 5888 Aliquot
593 5833 719 5887 Μαι,
740 5824 1095 5876 consolatorem.

1398 378 1790 438 ENAllRATlO
1822 383 1885 438 ΙΝ
1926 383 2245 444 PSALMUM
2288 391 2442 446 LXII.

3462 412 3569 467 75!

1994 519 2184 574 animae
2210 533 2423 589 nostrae,
2451 527 2716 595 quomodo
2749 530 2835 583 illa
2867 533 3043 587 carnis
3068 546 3281 591 nostrae.
3309 540 3439 594 Cum
3468 556 3564 596 au-

1996 618 2099 664 tem
2129 616 2475 671 resurrexerit
2498 633 2623 673 caro
2665 633 2863 688 nostra,
2899 634 2957 677 ut
2989 624 3096 693 jam
3128 628 3244 681 istis
3286 646 3386 683 non
3421 633 3575 687 indi-

1991 717 2229 770 geamus,
2287 705 2499 761 habebit
2544 710 2716 765 locum
2746 720 3027 783 quemdam
3074 728 3124 771 et
3150 728 3345 783 statum
3385 722 3562 777 incor-

1992 794 2250 862 ruptionis
2279 812 2388 850 suae
2418 815 2433 853 :
2460 800 2538 854 sic
2584 810 2637 855 et
2673 804 2848 857 anima
2902 816 3079 860 nostra
3126 807 3337 863 habebit
3385 811 3561 867 cibum

1990 884 2356 954 suum,ipsum
2388 886 2616 944 Verbum
2650 892 2764 958 Dei,
2785 908 2881 963 per
2906 896 3045 964 quod
3070 896 3205 953 facta
3234 908 3356 954 sunt
3383 903 3562 958 omnia

1994 972 2170 1045 (Joan.
2201 993 2239 1043 t,
2262 979 2339 1046 5).
2361 979 2559 1036 Tamen
2581 986 2776 1052 gratias
2799 986 2925 1050 Deo,
2957 989 3045 1057 qui
3068 989 3224 1044 modo
3249 993 3299 1045 in
3321 992 3419 1046 hac
3439 1008 3562 1048 ere-

1990 1081 2077 1119 mo
2104 1081 2206 1120 non
2234 1078 2331 1123 nos
2358 1070 2587 1137 deserit;
2623 1074 2733 1129 sive
2767 1076 2943 1131 dando
2971 1079 3122 1133 nobis
3145 1082 3283 1150 quod
3312 1099 3560 1139 necessa-

1988 1156 2124 1210 rium
2147 1167 2226 1211 est
2247 1159 2414 1227 carni,
2442 1162 2553 1217 sive
2579 1162 2757 1218 dando
2799 1166 2950 1221 nobis
2980 1170 3117 1238 quod
3150 1171 3341 1227 animae
3376 1190 3560 1230 neces-

1988 1249 2183 1301 sarium
2214 1260 2407 1304 estzet
2449 1255 2659 1322 quando
2708 1272 2804 1310 nos
2850 1258 3110 1329 aliquibus
3156 1266 3561 1321 necessitatibus

1985 1339 2180 1405 erudit,
2205 1343 2313 1395 vult
2344 1352 2397 1396 ut
2427 1346 2654 1414 amplius
2677 1347 2825 1401 illum
2858 1349 3172 1420 diligamus;
3205 1371 3271 1408 ne
3302 1354 3436 1411 forte
3465 1373 3558 1425 per

1986 1432 2220 1498 saginam
2249 1449 2669 1503 corrumpamur,
2720 1448 2774 1492 et
2818 1440 3190 1496 obliviscantur
3234 1460 3374 1499 cum.
3423 1446 3559 1502 Sub-

1987 1521 2146 1575 trahit
2175 1523 2328 1577 nobis
2353 1526 2633 1595 aliquando
2663 1545 2779 1600 qua:
2808 1534 3101 1586 necessaria
3125 1545 3268 1601 sunt,
3302 1548 3355 1590 et
3383 1521 3560 1593 atterit

1985 1627 2113 1678 nos;
2146 1624 2200 1667 ut
2224 1615 2453 1671 sciamus
2476 1621 2593 1687 quia
2626 1621 2785 1675 Pater
2815 1633 2869 1677 et
2909 1625 3163 1681 Dominus
3194 1638 3297 1695 est,
3344 1646 3448 1685 non
3471 1646 3560 1686 so-

1982 1702 2089 1756 lum
2120 1704 2411 1771 blandiens,
2438 1710 2530 1764 sed
2559 1720 2613 1766 et
2642 1711 2934 1782 flagellatis.
2984 1717 3250 1785 Prteparat
3275 1720 3423 1775 enim
3457 1738 3557 1778 nos

1986 1796 2195 1851 cuidam
2230 1797 2523 1855 haereditati
2554 1803 2935 1873 incorruptibili
2974 1817 3026 1861 et
3061 1826 3283 1880 magnae.
3314 1810 3369 1867 Si
3395 1828 3555 1867 unam

1980 1901 2225 1957 cuppam,
2252 1900 2342 1944 aut
2362 1909 2518 1946 unam
2547 1895 2733 1949 cellam
2768 1906 2930 1961 tuam,
2971 1909 3062 1952 aut
3082 1901 3124 1954 si
3155 1902 3278 1970 quid
3305 1903 3469 1958 habes
3499 1905 3549 1957 in

1979 1976 2137 2033 domo
2160 1992 2248 2034 tua
2276 2022 2290 2047 ,
2337 1984 2537 2053 cogitas
2562 1984 2833 2041 dimittere
2871 1989 2977 2042 lilio
3005 2000 3114 2058 tuo,
3156 2003 3210 2045 et
3257 2009 3329 2048 ne
3372 1995 3558 2063 perdat

1980 2068 2129 2133 illud,
2172 2072 2353 2125 erudis
2397 2089 2538 2141 eum,
2588 2087 2639 2129 et
2685 2075 2905 2147 ﬂagellis
2948 2096 3069 2135 eum
3116 2082 3181 2135 ad
3220 2083 3554 2153 disciplinam

1978 2164 2220 2233 corrigis,
2266 2180 2333 2220 ne
2365 2166 2551 2235 perdat
2578 2168 2709 2221 nihil
2732 2185 2900 2235 tuum,
2933 2172 3071 2240 quod
3103 2182 3157 2228 et
3188 2175 3300 2243 ipse
3343 2175 3429 2230 hic
3474 2177 3556 2230 di-

1979 2254 2235 2309 missurus
2263 2264 2363 2317 est,
2388 2257 2525 2312 sicut
2544 2267 2597 2312 et
2628 2269 2722 2325 tu;
2754 2273 2856 2314 non
2881 2263 2956 2315 vis
2976 2272 3033 2316 ut
3057 2278 3153 2319 nos
3170 2265 3375 2320 erudiat
3398 2266 3556 2322 Pater

1977 2353 2156 2398 noster
2187 2347 2237 2398 in
2272 2345 2493 2417 ﬂagellis
2518 2351 2675 2404 etiam
2718 2353 3093 2407 necessitatum
3133 2366 3223 2409 aut
3258 2357 3555 2413 tribulatio-
3622 2372 3633 2379 ‘

1977 2453 2123 2501 num,
2155 2440 2241 2508 qui
2265 2441 2417 2495 nobis
2448 2442 2604 2496 talem
2646 2444 3007 2515 [nereditatem
3047 2446 3265 2503 daturus
3295 2461 3397 2515 est,
3428 2465 3547 2519 qua:

1975 2528 2201 2583 transire
2228 2546 2329 2583 non
2361 2532 2570 2599 possit?
2598 2532 2973 2590 lla‘reditatem
3002 2539 3143 2591 enim
3190 2540 3341 2593 nobis
3401 2540 3551 2595 dabit

1973 2617 2203 2686 seipsum
2236 2620 2393 2689 Deus,
2426 2632 2481 2675 ut
2503 2623 2671 2692 ipsum
2701 2625 3087 2693 possideamus,
3121 2639 3174 2683 et
3197 2630 3263 2684 ab
3287 2631 3400 2700 ipso
3424 2646 3550 2700 pos-

1972 2707 2240 2762 sideamur
2270 2710 2321 2763 in
2350 2721 2627 2765 arternum.

2045 2799 2129 2852 ll.
2162 2800 2300 2869 Ergo
2339 2802 2393 2853 in
2428 2813 2611 2856 saneto
2639 2818 2989 2872 appareamus
3028 2806 3169 2868 Deo,
3205 2818 3259 2861 ut
3300 2821 3552 2880 appareat

1971 2888 2159 2954 nobis;
2192 2905 2537 2960 appareamus
2569 2893 2640 2947 illi
2672 2895 2723 2947 in
2757 2905 2940 2950 sancto
2969 2897 3265 2965 desiderio,
3298 2911 3357 2955 ut
3384 2918 3548 2972 appa-

1971 2988 2083 3033 reat
2114 2979 2263 3033 nobis
2295 2980 2351 3036 in
2383 2984 2615 3050 potentia
2646 2995 2699 3039 et
2734 2986 2899 3054 gloria
2930 2984 3176 3045 FiliiDei.
3204 2989 3376 3045 Multis
3405 2994 3546 3046 enim

1968 3083 2073 3122 non
2096 3071 2369 3139 apparuit;
2396 3072 2501 3127 sint
2530 3073 2582 3127 in
2610 3084 2814 3142 sancto,
2838 3084 2896 3130 ut
2918 3088 3168 3146 appareat
3188 3089 3242 3133 et
3266 3081 3388 3135 illis.
3413 3082 3547 3137 Nam

1968 3160 2117 3213 multi
2149 3170 2332 3230 putant
2356 3162 2500 3216 illum
2529 3166 2891 3220 tantummodo
2916 3166 3184 3222 hominem
3214 3169 3399 3236 fuisse,
3425 3173 3546 3241 quia

1967 3252 2283 3319 praedicatur
2311 3264 2468 3308 natus
2506 3270 2569 3309 ex
2611 3254 2851 3321 homine,
2883 3260 3162 3314 crucifixus
3191 3270 3243 3315 et
3271 3270 3508 3317 mortuus
3527 3305 3542 3330 ,

1967 3343 2265 3397 ambulasse
2296 3344 2346 3397 in
2381 3354 2540 3412 terra,
2574 3346 2915 3401 manducasse
2942 3359 2994 3402 et
3025 3349 3243 3413 bibisse,
3274 3361 3327 3407 et
3355 3360 3544 3407 uetera

1966 3435 2157 3503 egisse,
2183 3450 2298 3505 quae
2329 3447 2451 3489 sunt
2479 3435 2739 3495 humana;
2767 3448 2821 3491 et
2847 3449 3031 3507 putant
3062 3440 3207 3492 illum
3235 3442 3390 3496 talem
3420 3442 3543 3497 fuis-

1964 3538 2042 3588 se,
2068 3526 2249 3595 quales
2280 3534 2402 3579 sunt
2426 3527 2602 3580 cteteri
2634 3526 2895 3581 homines.
2927 3530 3160 3582 Audistis
3183 3539 3357 3585 autem
3383 3534 3543 3586 modo

1964 3631 2083 3669 cum
2126 3616 2468 3685 Evangelium
2515 3616 2809 3685 legeretur,
2848 3619 3114 3685 quomodo
3153 3622 3542 3677 commendavit

1964 3706 2290 3771 maiestatem
2345 3721 2494 3759 suam
2527 3723 2540 3758 :
2573 3704 2682 3775 Ego
2720 3715 2764 3758 et
2796 3705 2952 3759 Pater
2988 3724 3145 3760 unum
3180 3725 3351 3763 sumus
3412 3709 3534 3781 (Id.

1968 3814 1995 3849 χ
2018 3838 2031 3863 ,
2065 3797 2187 3866 50).
2220 3798 2359 3851 Ecce
2395 3806 2589 3867 quanta
2630 3796 2913 3865 majestas,
2953 3806 3005 3853 et
3041 3808 3232 3867 quanta
3266 3802 3540 3871 arqualitas

1964 3887 2134 3941 Patris
2163 3886 2436 3941 descendit
2472 3886 2538 3941 ad
2572 3902 2783 3941 carnem
2817 3897 3031 3958 propter
3061 3890 3415 3946 inﬁrmitatem
3442 3909 3538 3948 no-

1962 3981 2154 4034 stram!
2185 3979 2321 4034 Ecce
2349 3989 2599 4050 quantum
2626 3980 2801 4035 dilecti
2830 3996 3031 4048 sumus,
3059 3993 3337 4053 antequam
3372 3985 3535 4039 Deum

1962 4074 2331 4139 diligeremns!
2363 4076 2417 4129 Si
2444 4086 2722 4146 antequam
2753 4076 2916 4130 Deum
2944 4076 3303 4146 diligeremus,
3332 4087 3534 4133 tantum

1962 4165 2028 4218 ab
2060 4166 2146 4218 illo
2175 4166 2348 4221 dilecti
2389 4182 2603 4233 sumus,
2636 4178 2693 4221 ut
2724 4167 2979 4236 aequalem
3019 4167 3117 4221 sibi
3158 4166 3347 4222 Filium
3379 4184 3535 4223 suum

1962 4257 2227 4313 hominem
2260 4260 2454 4316 laceret
2485 4270 2698 4330 propter
2727 4277 2856 4325 nos;
2887 4259 3013 4330 quid
3040 4261 3190 4315 nobis
3218 4272 3394 4316 servat
3424 4262 3531 4331 jam

1961 4350 2295 4419 diligentibus
2322 4350 2414 4405 se?
2442 4353 2576 4421 Ergo
2607 4352 2755 4405 multi
2784 4352 2963 4406 nescio
2987 4352 3111 4422 quid
3141 4354 3414 4407 minimum
3441 4368 3537 4422 pu-

1962 4450 2071 4495 tant
2096 4442 2401 4511 apparuisse
2428 4443 2480 4496 in
2513 4454 2647 4499 terra
2680 4443 2871 4497 Filium
2902 4444 3026 4507 Dei;
3055 4444 3174 4513 quia
3201 4458 3305 4497 non
3330 4453 3454 4498 sunt
3479 4445 3533 4499 in

1958 4544 2175 4601 sancto,
2224 4550 2326 4589 non
2375 4536 2452 4589 eis
2496 4546 2715 4604 apparet
2764 4534 2993 4605 potentia
3038 4533 3241 4603 ipsius,
3280 4544 3333 4588 ct
3369 4534 3533 4605 gloria

1959 4625 2123 4693 ipsius
2147 4644 2160 4679 :
2189 4624 2237 4678 id
2264 4635 2364 4692 est,
2387 4626 2506 4695 quia
2530 4626 2762 4681 nondum
2788 4624 3168 4680 sanctificatum
3200 4625 3391 4680 habent
3415 4640 3530 4693 cor,

1958 4718 2097 4772 unde
2127 4719 2420 4787 intelligant
2446 4719 2786 4774 eminentiam
2818 4719 3023 4771 virtutis
3056 4718 3196 4771 illius
3216 4759 3229 4783 ,
3256 4725 3312 4772 et
3337 4719 3530 4787 gratias

1956 4820 2113 4879 agant
2156 4811 2263 4865 Deo
2302 4809 2423 4880 quia
2470 4820 2685 4880 propter
2724 4810 2866 4877 ipsos
2901 4818 3074 4862 tantus
3112 4824 3216 4877 quo
3250 4811 3425 4875 venit,
3460 4811 3527 4866 ad

1955 4918 2111 4971 quam
2144 4902 2500 4965 nativitatem,
2531 4903 2595 4954 ad
2624 4917 2780 4970 quam
2814 4900 3142 4969 passionem;
3178 4915 3279 4955 non
3307 4911 3529 4971 possunt

1956 4995 2132 5050 videre
2157 4995 2377 5066 gloriam
2406 4996 2572 5064 ipsius
2601 5005 2653 5048 et
2679 4995 2963 5064 potentiam
2992 4995 3171 5063 ipsius.

2028 5088 2111 5140 1'2.
2159 5087 2307 5159 [vers.
2349 5085 2428 5159 4.]
2460 5086 2710 5153 Quoniam
2749 5087 2923 5139 maior
2956 5095 3035 5140 est
3068 5087 3405 5142 misericordia
3439 5101 3529 5142 tua

1952 5197 2100 5249 super
2122 5182 2264 5232 vitas.
2288 5179 2461 5233 Multae
2490 5188 2610 5233 sunt
2635 5180 2753 5233 vita:
2780 5177 3055 5245 humanae;
3084 5179 3175 5233 sed
3202 5180 3342 5235 Deus
3364 5196 3524 5235 unam

1954 5273 2111 5325 vitam
2142 5272 2435 5340 promittit;
2466 5281 2519 5325 et
2545 5287 2649 5325 non
2676 5271 2815 5325 illam
2844 5270 2931 5325 dat
2958 5271 3109 5325 nobis
3136 5271 3281 5340 quasi
3307 5280 3525 5339 propter

1952 5362 2138 5415 merita
2165 5372 2366 5426 nostra,
2393 5362 2484 5416 sed
2515 5370 2731 5431 prepter
2754 5360 3166 5415 misericordiam
3192 5375 3360 5414 suam.
3384 5356 3539 5427 Quid

1951 5451 2090 5506 enim
2122 5452 2245 5506 boni
2271 5452 2495 5521 egimus,
2523 5460 2582 5505 ut
2604 5452 2727 5505 illud
2755 5450 3111 5507 mereremur?
3130 5460 3219 5504 aut
3240 5465 3356 5520 qua:
3381 5449 3523 5505 bona

1950 5540 2083 5595 facta
2105 5551 2281 5596 nostra
2304 5544 2709 5611 priecesscrunt,
2729 5551 2783 5594 ut
2807 5542 2942 5596 Deus
2962 5541 3112 5595 ttobis
3132 5539 3349 5609 gratiam
3368 5552 3518 5593 suam
3548 5564 3557 5571 -

1947 5632 2131 5688 daret?
2169 5632 2427 5701 Numquid
2471 5633 2668 5687 invenit
2703 5632 2931 5701 justitias
2959 5644 3089 5700 quas
3124 5636 3434 5692 coronaret,
3464 5638 3521 5714 et

1948 5744 2050 5783 non
2079 5727 2263 5782 delicta
2293 5744 2411 5797 qua:
2440 5727 2700 5781 donaret?
2730 5726 2916 5794 Utique
2946 5722 3133 5776 delicta
3161 5737 3276 5790 qum
3302 5721 3519 5777 donavit

1949 5819 1993 5875 si
2024 5821 2207 5891 punire
2239 5820 2433 5888 vellet,
2467 5835 2571 5875 non
2605 5827 2744 5875 esset
2784 5817 3049 5885 injuslum.
3080 5812 3213 5879 Quid
3240 5815 3379 5869 enim
3412 5825 3533 5872 tam
