4022 6200
487 370 592 428 ’155

477 481 710 554 justum,
739 494 894 550 quam
922 487 976 534 ut
1009 477 1250 550 puniatur
1287 474 1566 546 peccator?
1591 469 1722 526 Cum
1755 471 1950 541 justum
1981 469 2050 523 sit

483 583 539 628 ut
591 571 834 642 puniatur
887 577 1168 638 peccator,
1217 565 1468 635 pertinuit
1516 562 1582 618 ad
1632 560 2048 615 misericordiam

482 662 647 732 ipsius
673 675 776 713 non
809 658 995 728 punire
1032 667 1390 726 peccatorem,
1419 653 1512 708 sed
1548 653 1870 722 jnstilieane,
1901 661 1954 706 et
1981 649 2049 704 de

483 760 758 820 peccatore
801 748 972 804 facere
1011 748 1242 816 justum,
1274 755 1328 801 et
1365 745 1432 799 de
1471 743 1631 813 impio
1673 742 1844 796 facere
1883 742 2044 810 pium.

477 839 616 911 Ergo
641 840 980 894 misericordia
1005 839 1168 907 ipsius
1191 837 1366 890 melior
1383 852 1533 906 super
1555 835 1696 886 vitas.
1719 834 1858 900 Quas
1881 829 2046 885 vitas?

477 933 618 1000 Quas
657 931 756 985 sibi
797 929 1039 984 burnines
1070 929 1360 998 elegerunt.
1395 925 1544 980 Alius
1571 924 1728 994 elegit
1757 923 1854 978 sibi
1886 921 2044 975 vitain

477 1021 810 1092 negotiandi,
840 1021 974 1075 alius
1010 1020 1167 1074 vitam
1204 1018 1520 1083 rusticandi,
1548 1017 1678 1069 alius
1711 1016 1866 1077 vitam
1897 1011 2045 1068 fene-

480 1115 650 1179 randi,
679 1113 815 1167 alius
843 1114 1000 1166 vitam
1034 1110 1326 1174 militandi;
1357 1110 1493 1162 alius
1527 1108 1690 1172 illam,
1721 1106 1854 1160 alius
1881 1105 2042 1159 illam.

481 1207 712 1262 Diversa:
741 1215 864 1259 sunt
891 1207 1030 1270 vitat,
1063 1205 1153 1258 sed
1183 1203 1355 1256 melior
1381 1211 1451 1254 est
1477 1197 1816 1253 misericordia
1843 1207 1928 1250 tua
1955 1213 2042 1250 su-

477 1315 568 1366 per
591 1299 714 1351 vitas
743 1307 968 1351 nostras.
995 1294 1182 1349 Melius
1205 1302 1287 1348 est
1311 1289 1451 1362 quod
1476 1289 1570 1344 das
1589 1287 1861 1352 correctis,
1887 1302 2042 1356 quam

474 1390 615 1460 quod
643 1389 843 1459 eligunt
870 1387 1124 1458 perversi.
1161 1385 1325 1441 Unam
1358 1383 1514 1437 vitam
1545 1381 1730 1446 donas,
1758 1375 1874 1450 quin
1905 1395 2043 1448 pra:-

475 1490 700 1551 ponatnr
722 1479 969 1533 omnibus
997 1478 1190 1532 nostris
1208 1517 1223 1540 ,
1255 1487 1612 1544 quascumque
1640 1473 1690 1526 in
1719 1469 1913 1524 mundo
1941 1468 2042 1524 cli-

473 1585 597 1640 gere
626 1570 972 1640 potuerimus.
1003 1569 1253 1636 Quoniam
1287 1566 1460 1619 melior
1488 1573 1560 1618 est
1591 1559 1929 1615 misericordia
1956 1570 2044 1612 tua

472 1677 624 1732 super
653 1662 812 1727 vitas,
841 1660 972 1714 labia
1008 1675 1117 1713 mea
1151 1655 1426 1711 laudabunt
1455 1663 1519 1708 te.
1546 1653 1659 1708 Non
1691 1661 1744 1706 te
1771 1651 2044 1704 laudarent

473 1740 610 1807 iabia
633 1767 770 1816 mea,
802 1751 897 1805 nisi
925 1764 1010 1805 me
1035 1747 1356 1819 prmccderct
1381 1741 1740 1798 misericordia
1763 1751 1869 1796 tua.
1895 1741 2041 1794 Dono

474 1853 564 1900 tuo
595 1853 646 1899 te
673 1843 862 1910 laudo,
893 1857 986 1911 per
1014 1838 1426 1894 miscricordiam
1459 1847 1598 1889 tuam
1631 1845 1682 1889 te
1719 1833 1894 1888 laudo.
1927 1832 2038 1886 Non

471 1935 610 1990 enim
649 1948 746 2005 ego
789 1947 997 2002 possem
1041 1930 1256 1984 laudare
1297 1929 1458 1981 Deum
1482 1969 1496 1989 ,
1531 1925 1626 1978 nisi
1667 1923 1793 1977 milii
1821 1923 2038 1978 donaret

469 2026 684 2082 laudare
709 2041 765 2081 se
794 2039 968 2094 posse.
1001 2021 1250 2090 Quoniam
1279 2019 1453 2072 melior
1482 2027 1555 2071 est
1591 2015 1926 2068 titisericordia
1954 2023 2040 2067 tua

469 2137 619 2190 super
644 2119 787 2182 vitas,
815 2117 946 2171 labia
975 2131 1084 2168 mea
1110 2111 1384 2166 laudabunt
1409 2120 1473 2163 te.

541 2212 627 2266 i3.
659 2209 806 2283 [vers.
840 2205 917 2280 5.]
949 2205 1037 2262 Sic
1065 2203 1351 2258 benedicam
1375 2210 1422 2254 te
1445 2202 1498 2253 in
1524 2199 1622 2252 vita
1648 2213 1776 2262 mea,
1803 2202 1848 2248 et
1873 2195 1923 2248 in
1947 2212 2039 2248 na-

470 2305 603 2358 minc
636 2313 719 2356 tuo
757 2300 924 2354 levabo
961 2313 1139 2352 manus
1168 2311 1321 2348 ineas.
1356 2291 1444 2348 Sic
1471 2289 1757 2346 benedicum
1785 2297 1832 2342 te
1855 2288 1908 2342 in
1937 2287 2039 2340 vita

469 2413 580 2450 utea
607 2412 625 2450 :
647 2395 754 2464 jam
783 2394 833 2446 in
862 2392 968 2445 vita
996 2404 1110 2443 mea
1135 2401 1290 2458 quam
1319 2383 1443 2438 mibi
1471 2381 1710 2445 donaSti;
1740 2395 1842 2432 non
1873 2379 1923 2431 in
1953 2377 2037 2432 illa
2091 2439 2106 2446 ,

469 2503 626 2558 quam
653 2502 752 2556 ego
781 2485 913 2555 elegi
943 2481 1231 2538 secundum
1263 2476 1512 2531 mundum
1538 2490 1655 2528 cum
1685 2473 1924 2534 caeteris,
1955 2470 2038 2524 in~

471 2591 552 2633 ter
589 2577 782 2631 multas
813 2576 970 2638 vitas,
1005 2572 1100 2627 sed
1127 2586 1283 2641 quam
1313 2566 1500 2622 dedisti
1534 2565 1660 2618 ntilti
1702 2579 1794 2632 per
1828 2561 2036 2616 miseri-

469 2667 700 2722 cordiam
743 2674 882 2718 tuam
903 2703 918 2725 ,
951 2671 1008 2718 ut
1041 2669 1094 2716 te
1131 2657 1422 2714 laudarem.
1463 2655 1550 2711 Sic
1584 2653 1870 2709 ltettedicatn
1903 2661 1949 2704 te
1985 2651 2036 2704 in

468 2761 566 2814 vita
595 2775 722 2812 mea.
753 2748 892 2826 Quid
917 2763 1016 2819 est,
1047 2755 1116 2808 sic
1133 2753 1166 2806 ?-
1186 2751 1251 2808 Ut
1279 2748 1652 2804 misericordia:
1681 2756 1782 2800 tua:
1811 2745 2034 2798 tribuam

468 2852 628 2906 vitam
659 2864 828 2906 meant
855 2848 908 2902 in
933 2862 1036 2918 qua
1058 2856 1108 2900 te
1135 2845 1321 2908 laudo;
1348 2857 1451 2896 non
1484 2838 1686 2895 meritis
1715 2838 1865 2892 meis.
1890 2833 1960 2890 Et
1984 2836 2036 2890 in

467 2943 668 2997 nomine
709 2951 792 2994 tuo
832 2940 1002 2994 levabo
1035 2954 1215 2991 manus
1252 2937 1406 2988 nicas.
1439 2933 1576 2987 Leva
1607 2932 1748 3000 crgo‘
1771 2943 1955 2983 manus
1984 2927 2035 2984 in

467 3033 724 3106 oratione.
750 3029 969 3085 Levavit
993 3043 1086 3098 pro
1113 3027 1265 3082 nobis
1291 3024 1542 3078 Dominus
1567 3031 1746 3076 noster
1771 3034 1957 3073 manus
1983 3021 2034 3072 in

467 3137 660 3184 cruce,
688 3130 742 3177 et
777 3129 1007 3174 extensa:
1046 3128 1170 3172 sunt
1209 3129 1394 3169 manus
1428 3115 1542 3184 ejus
1581 3127 1675 3182 pro
1710 3110 1884 3164 nobis.
1913 3109 2036 3163 Ideo

468 3220 697 3264 extenso
725 3217 844 3263 sunt
875 3221 1061 3260 manus
1089 3205 1203 3274 ejus
1231 3206 1284 3258 in
1312 3218 1498 3268 cruce,
1530 3211 1587 3254 ut
1621 3213 1808 3254 manus
1841 3208 2036 3251 nostra:

467 3301 817 3358 extendantur
843 3297 896 3352 in
928 3299 1064 3364 bona
1091 3309 1286 3366 opera;
1315 3293 1432 3363 quia
1466 3307 1596 3346 crux
1635 3290 1798 3363 ipsius
1829 3288 2034 3342 miseri-

467 3394 702 3450 cordiam
744 3390 896 3446 nobis
933 3388 1173 3458 praebuit.
1205 3385 1342 3440 Ecce
1383 3383 1572 3438 levavit
1613 3381 1698 3434 ille
1735 3395 1951 3441 manus,
1982 3387 2036 3430 et

467 3487 655 3542 obtulit
681 3498 776 3556 pro
795 3481 946 3537 nobis
970 3477 1283 3556 sacriﬁcium
1307 3475 1414 3528 Deo
1434 3473 1684 3540 seipsnm,
1709 3479 1762 3524 et
1787 3482 1880 3538 per
1907 3467 2032 3521 illud

464 3554 778 3633 sacriﬁcium
812 3554 988 3628 deleta
1021 3579 1146 3625 sunt
1179 3567 1352 3621 omnia
1387 3573 1598 3634 peccata
1635 3570 1832 3616 nostra.
1867 3557 2032 3613 Leve-

467 3684 584 3724 mus
607 3675 661 3723 et
683 3680 778 3720 nos
804 3677 994 3720 manus
1020 3669 1226 3716 nostras
1251 3658 1316 3712 ad
1351 3658 1512 3710 Deum
1543 3654 1592 3707 in
1627 3667 1818 3722 prece;
1849 3660 1902 3704 et
1931 3665 2032 3704 nou

465 3759 853 3816 eontnndentur
878 3767 1064 3810 manus
1091 3760 1284 3806 nostrae
1311 3749 1495 3802 levata:
1521 3745 1585 3798 ad
1615 3744 1796 3808 Deum,
1821 3742 1862 3794 si
1885 3757 2034 3795 exer-

467 3859 686 3907 ceantur
725 3849 774 3902 in
810 3843 966 3902 bonis
990 3841 1258 3914 operibus.
1286 3838 1422 3907 Quid
1451 3836 1589 3890 enim
1625 3833 1748 3887 facit
1774 3831 1862 3902 qni
1897 3831 2037 3884 levat

469 3941 697 3998 manus?
725 3939 874 3996 Unde
902 3943 1221 4008 prteceptum
1250 3942 1330 3986 est
1357 3941 1412 3983 ut
1438 3927 1622 3983 levatis
1648 3924 1886 3978 manibus
1913 3939 2034 3978 ore-

469 4049 588 4088 mus
615 4031 679 4086 ad
705 4029 911 4086 Deum?
935 4025 1220 4098 Apostolus
1245 4023 1385 4075 enim
1413 4018 1542 4073 dicit
1571 4036 1584 4070 :
1613 4014 1852 4069 [levantes
1885 4029 2036 4083 puras

467 4125 672 4186 manus,
703 4120 810 4174 sine
835 4119 912 4172 ira
939 4127 983 4172 et
1013 4113 1368 4186 disceptatione
1397 4109 1439 4182 (l
1467 4108 1594 4162 Tim.
1625 4122 1680 4169 tt,
1713 4105 1788 4177 8).
1819 4103 1888 4160 Ut
1915 4118 2036 4158 eum

473 4216 616 4270 levas
643 4225 830 4264 manus
858 4207 924 4262 ad
952 4207 1119 4262 Deum
1140 4248 1156 4271 ,
1188 4203 1398 4258 veniant
1425 4199 1513 4252 tibi
1540 4199 1591 4252 in
1620 4205 1852 4251 mentem
1877 4208 2036 4262 opera

473 4318 580 4362 tua.
608 4304 738 4371 Quia
765 4302 902 4357 enim
933 4313 1119 4352 manus
1149 4296 1262 4350 ista:
1289 4295 1526 4349 levantur
1548 4299 1604 4344 ut
1628 4289 1876 4357 impetres
1898 4283 2038 4354 quod

473 4401 580 4465 vis,
614 4399 755 4468 ipsas
783 4409 972 4448 manta:
997 4389 1194 4458 cogitas
1222 4388 1272 4439 in
1304 4385 1454 4440 bonis
1483 4380 1729 4452 operibus
1753 4390 1999 4432 exercere
2019 4415 2036 4443 ,

473 4505 541 4547 ne
577 4466 895 4546 erubescant
922 4480 1084 4538 levari
1121 4478 1188 4534 ad
1229 4478 1414 4532 Deum.
1446 4472 1512 4526 In
1537 4471 1734 4526 nomine
1761 4479 1843 4522 tuo
1871 4466 2039 4522 levabo

475 4597 653 4635 manus
678 4594 832 4633 meas.
866 4575 982 4630 Istae
1011 4585 1195 4644 preces
1222 4579 1414 4622 nostra:
1441 4573 1562 4620 sunt
1589 4565 1639 4618 in
1667 4562 1766 4618 hac
1795 4561 2036 4625 ldumaea,

478 4669 528 4724 in
559 4671 658 4725 hoc
681 4669 892 4725 deserto
912 4707 925 4728 ,
955 4655 1008 4719 id
1049 4671 1186 4718 terra
1225 4659 1340 4715 sine
1377 4671 1508 4724 aqua
1529 4693 1544 4721 ,
1575 4663 1628 4710 et
1660 4654 1774 4708 sine
1810 4653 1888 4706 via
1911 4695 1924 4714 ,
1953 4649 2042 4704 ubi

480 4761 630 4814 nobis
653 4759 892 4814 Christus
921 4765 1004 4812 est
1028 4755 1109 4808 via
1141 4751 1316 4823 (Joan.
1348 4763 1454 4808 .vtv,
1487 4745 1578 4812 6);
1611 4743 1703 4800 sed
1735 4759 1837 4797 non
1870 4743 1950 4796 via
1974 4740 2044 4796 de

481 4854 581 4908 hac
609 4862 766 4907 terra.
795 4850 860 4904 In
889 4850 1088 4904 nomine
1118 4857 1203 4900 tuo
1233 4841 1402 4898 levabo
1429 4855 1603 4892 manus
1628 4853 1780 4891 meas.

551 4942 640 4998 M.
680 4939 826 5012 [vers.
859 4936 937 5012 0.]
967 4939 1034 4993 Et
1070 4937 1192 5006 quid
1233 4934 1435 4991 dicam,
1472 4943 1592 4983 cum
1636 4926 1820 4980 levabo
1860 4938 2044 4978 manus

483 5047 630 5089 meas
656 5031 708 5084 itt
735 5029 946 5084 nomine
972 5029 1099 5082 tuo?
1119 5025 1241 5096 quid
1275 5020 1482 5088 petant?
1511 5018 1618 5082 ltiti,
1648 5017 1851 5076 fratres,
1881 5030 2046 5084 quan-

483 5125 553 5179 do
580 5121 764 5177 levatis
796 5134 1012 5184 manus,
1038 5117 1256 5186 quaerite
1283 5112 1408 5185 quid
1451 5109 1668 5180 petatis;
1701 5107 1767 5161 ab
1789 5105 2046 5174 Omnipo-
2092 5155 2098 5162 ,

485 5224 630 5271 lente
652 5211 794 5268 enim
823 5209 1018 5278 petitis.
1050 5205 1256 5276 Aliquid
1286 5218 1530 5273 magnum
1567 5199 1758 5270 petite;
1789 5212 1890 5252 non
1915 5211 2047 5265 qua-

485 5311 556 5366 lia
599 5313 781 5376 petnut
822 5301 910 5370 qui
960 5299 1186 5352 nondum
1235 5295 1590 5350 crediderunt.
1641 5280 2048 5357 Videtis'qnalia

487 5374 689 5454 dentur.
717 5405 770 5448 et
807 5390 999 5461 impiis.
1035 5387 1296 5441 Petiturus
1321 5399 1379 5438 es
1406 5397 1436 5462 ιι
1466 5383 1572 5436 Deo
1609 5389 1696 5434 tuo
1741 5374 2049 5448 pecuniam?

487 5488 752 5560 Numquid
779 5501 882 5541 non
903 5483 1063 5537 donat
1085 5493 1199 5533 eam
1225 5488 1278 5532 et
1302 5475 1570 5530 sceleratis
1593 5473 1681 5541 qui
1703 5472 1754 5524 in
1781 5472 1922 5526 illum
1945 5484 2050 5524 non

488 5559 748 5639 credam?
773 5575 907 5648 Quid
935 5588 1061 5644 ergo
1087 5583 1331 5639 magnum
1359 5565 1616 5636 petiturus
1642 5577 1701 5618 cs
1727 5559 1868 5630 quod
1893 5560 2053 5614 donat

458 5683 468 5692 “
493 5685 547 5732 et
575 5672 760 5728 malis?
789 5667 892 5726 Sed
934 5681 1038 5722 non
1069 5661 1162 5718 tibi
1189 5657 1492 5730 displiceat,
1525 5653 1645 5722 quia
1671 5665 1790 5720 quae
1815 5649 1976 5702 donat
2000 5659 2054 5702 et

493 5765 644 5819 ululis
669 5774 772 5820 tant
799 5759 982 5817 frivola
1011 5763 1153 5819 sunt,
1183 5760 1240 5807 ut
1262 5759 1314 5806 et
1343 5745 1492 5804 malis
1517 5741 1700 5800 donari
1727 5739 1883 5812 digna
1907 5739 2047 5796 sint:

1714 360 1769 414 S.
1810 355 2174 412 AUGUSTIM
2213 353 2510 414 EPISCOPI

2157 485 2224 524 ne
2254 469 2342 524 tibi
2373 473 2520 540 quasi
2550 487 2733 542 magna
2765 468 3038 528 videaniur
3064 487 3182 543 qum
3211 483 3431 543 possunt
3455 471 3641 526 donari
3667 482 3722 526 et

2151 561 2322 615 malis.
2345 561 2435 616 Dei
2461 562 2670 632 quidem
2690 573 2811 616 sunt
2833 573 2886 618 et
2911 565 3084 616 omnia
3105 563 3242 619 dona
3265 573 3504 628 terrena;
3527 564 3616 618 sed
3641 565 3719 617 vi.

2151 649 2270 707 dete
2293 653 2412 720 quia
2437 668 2552 721 qua:
2578 648 2732 706 donat
2761 663 2811 707 et
2835 655 2986 709 malis
3012 667 3117 708 non
3145 668 3240 723 pro
3265 667 3454 723 magno
3479 652 3720 706 habenda

2149 751 2290 795 sunt.
2307 741 2400 796 Est
2415 741 2554 796 aliud
2571 742 2706 812 quod
2725 743 2874 802 nobis
2887 755 3080 799 servat.
3093 743 3396 814 Cogitemus
3409 753 3580 797 autem
3599 760 3718 811 qnze

2150 831 2310 886 donat
2336 843 2390 886 et
2419 832 2603 896 malis,
2633 843 2685 888 ct
2723 834 2844 888 bine
2878 835 3226 907 intelligamus
3255 835 3378 904 quid
3407 845 3583 889 servet
3613 836 3711 889 ba-

2150 921 2250 976 nis.
2277 921 2404 987 Qum
2427 921 2586 976 donat
2609 923 2759 977 malis
2783 924 2954 978 videte
2977 941 2990 978 :
3012 924 3172 979 donat
3199 925 3300 980 illis
3325 925 3495 980 lucem
3524 926 3715 988 istam;

2150 1011 2322 1067 videte
2349 1012 2467 1082 quia
2503 1013 2682 1068 vident
2720 1015 2863 1068 illam
2904 1015 3026 1068 boni
3051 1022 3106 1070 et
3135 1015 3255 1069 mali
3285 1031 3300 1069 :
3337 1015 3566 1084 pluviam
3596 1031 3718 1086 qua:

2148 1101 2418 1158 descendit
2444 1120 2602 1172 super
2631 1115 2860 1172 terram;
2886 1115 2940 1161 et
2965 1106 3085 1161 hinc
3108 1119 3300 1176 quanta
3327 1106 3462 1160 bona
3488 1122 3718 1161 nascun-

2149 1199 2266 1251 tur!
2301 1195 2364 1250 Et
2389 1198 2538 1251 malis
2562 1198 2684 1252 inde
2709 1210 3003 1268 pra-statur,
3031 1210 3085 1254 et
3110 1199 3280 1264 bonis,
3304 1197 3513 1253 dicente
3541 1198 3718 1252 Emito

2145 1288 2282 1356 gelio
2313 1306 2326 1342 :
2357 1288 2457 1356 Qui
2475 1291 2630 1344 solem
2651 1306 2796 1343 suum
2819 1291 2939 1344 oriri
2963 1291 3082 1361 facit
3104 1307 3254 1360 super
3277 1289 3430 1343 bonos
3449 1299 3496 1342 et
3516 1289 3718 1351 malos;

2145 1390 2193 1432 et
2232 1380 2357 1447 pluit
2391 1396 2542 1451 super
2564 1381 2722 1446 iustos
2755 1392 2800 1434 et
2830 1383 3042 1451 injustas
3069 1380 3090 1451 (
3106 1379 3292 1433 Matth.
3323 1395 3374 1443 ν,
3402 1380 3470 1434 43
3493 1379 3530 1448 ).
3569 1380 3717 1432 liena

2145 1484 2271 1538 ergo
2301 1469 2397 1522 ista
2427 1485 2544 1539 qtne
2574 1480 2876 1536 nascuntur,
2905 1471 2984 1524 vel
3013 1471 3078 1524 de
3114 1471 3284 1540 pluvia
3306 1511 3322 1534 ,
3350 1470 3432 1522 vel
3465 1468 3532 1523 de
3560 1469 3710 1529 sole,

2143 1575 2172 1609 a
2204 1557 2426 1611 Domino
2453 1560 2661 1628 quidem
2706 1571 2886 1614 nostro
2926 1569 3106 1629 petere
3138 1559 3424 1625 debemus,
3455 1573 3574 1613 cum
3603 1557 3715 1612 sint
3748 1537 3765 1545 λ

2146 1649 2470 1712 necessaria;
2498 1649 2590 1704 sed
2621 1665 2724 1702 non
2755 1649 2848 1704 ista
2879 1651 3008 1715 sola,
3041 1649 3159 1720 quia
3192 1649 3286 1704 ista
3318 1649 3508 1702 dantur
3529 1657 3582 1702 et
3611 1649 3712 1702 bo-

2145 1738 2226 1789 nis
2250 1747 2299 1792 ct
2332 1738 2504 1792 malis.
2536 1738 2670 1806 Quid
2700 1754 2824 1808 ergo
2856 1740 3110 1794 debemus
3147 1732 3360 1809 petere,
3391 1735 3605 1806 quando
3632 1739 3710 1792 lc-

2143 1842 2326 1882 vatnus
2353 1832 2574 1882 manus?
2602 1828 2732 1896 Quia
2760 1829 3023 1897 quomodo
3051 1831 3221 1899 putuit
3249 1827 3379 1882 dixit
3406 1828 3532 1882 illud
3562 1828 3714 1887 Psal-

2143 1931 2280 1971 mus.
2307 1917 2440 1985 Quid
2467 1929 2546 1973 est
2571 1919 2708 1985 quod
2735 1919 2878 1984 dixi,
2909 1919 3169 1989 quomodo
3201 1919 3406 1987 potuit?
3431 1917 3710 1985 Quomodo

2143 2013 2305 2078 potuit
2349 2027 2410 2064 os
2455 2011 2738 2064 lnttnanttm
2776 2013 2989 2065 auribus
3031 2011 3294 2064 humanis.
3329 2011 3457 2078 Quia
3494 2027 3587 2078 per
3613 2028 3708 2064 ora

2143 2104 2367 2154 ltumana
2396 2102 2490 2154 ista
2521 2103 2656 2156 dicta
2684 2114 2804 2155 sunt
2825 2145 2836 2164 ,
2866 2113 2917 2156 ct
2946 2119 3036 2170 per
3057 2102 3309 2170 quasdam
3337 2103 3710 2156 similitudines

2139 2191 2276 2246 dicta
2315 2202 2438 2246 sunt
2459 2233 2473 2250 .
2499 2195 2761 2262 quomodo
2790 2209 2978 2262 capere
3011 2204 3220 2260 possent
3252 2206 3440 2247 omnes
3477 2194 3670 2246 intirnti
3691 2235 3704 2254 ,

2139 2298 2324 2338 omnes
2358 2283 2578 2352 parvuli.
2608 2284 2741 2352 Quid
2774 2284 2942 2338 dixit?
2971 2283 3092 2354 quid
3125 2283 3344 2354 petivit?
3371 2283 3436 2336 In
3471 2284 3704 2351 neruine,

2140 2373 2325 2442 inquit,
2349 2384 2432 2426 tuo
2457 2375 2628 2428 levabo
2655 2391 2832 2448 titanas
2857 2391 3010 2428 meas.
3033 2374 3172 2442 Quid
3197 2375 3544 2444 accepturus!
3567 2374 3710 2429 Tun-

2137 2481 2286 2534 quam
2323 2465 2472 2534 adipe
2495 2473 2544 2519 et
2581 2465 2878 2535 pinguedine
2904 2467 3156 2534 repleatur
3180 2466 3350 2518 anima
3376 2481 3504 2518 mea.
3542 2465 3706 2520 Puta-

2107 2545 2111 2550 ’
2141 2557 2206 2611 tis
2241 2557 2468 2626 aliquant
2504 2557 2873 2628 pinguedinem
2909 2557 3081 2612 carnis
3115 2557 3446 2612 desiderasse
3471 2557 3707 2612 animam

2139 2647 2313 2712 istam,
2343 2647 2530 2702 fratres
2559 2648 2700 2704 mei?
2726 2647 2840 2702 Non
2868 2649 3009 2703 enim
3036 2647 3136 2703 hoc
3164 2662 3261 2718 pro
3283 2654 3471 2718 magna
3496 2648 3708 2702 deside-

2136 2740 2290 2802 ravit,
2323 2751 2376 2794 ut
2405 2741 2621 2810 pingues
2647 2740 2857 2804 arietes,
2891 2749 2946 2794 ut
2975 2741 3192 2810 pingues
3212 2741 3360 2810 porci
3397 2740 3472 2794 illi
3501 2751 3703 2795 macta-

2137 2844 2348 2896 rcntur;
2373 2841 2462 2884 aut
2480 2832 2682 2886 veniret
2703 2831 2768 2885 ad
2788 2831 3016 2901 aliquam
3039 2831 3304 2900 popinam,
3330 2829 3416 2885 ubi
3443 2830 3703 2885 inveniret

2135 2919 2352 2976 obstntia
2387 2920 2592 2992 pinguia
2611 2962 2627 2984 ,
2661 2919 2799 2975 unde
2829 2929 3171 2974 saturaretur.
3201 2919 3256 2974 Si
3286 2919 3385 2973 hoc
3413 2918 3704 2974 credideri-

2137 3026 2287 3072 mus,
2317 3009 2456 3079 digni
2496 3025 2677 3065 sumus
2698 3009 2714 3041 ί
2742 3009 2832 3078 qui
2874 3010 2971 3064 ista
3006 3008 3300 3063 audiamus.
3328 3009 3469 3077 Ergo
3501 3007 3700 3078 aliquid

2136 3100 2406 3170 spirituale
2443 3099 2694 3156 debemus
2730 3099 3040 3168 intelligere.
3073 3098 3238 3152 Habet
3263 3097 3544 3166 quamdam
3577 3097 3701 3166 pin-

2133 3190 2410 3260 guedinem
2433 3192 2605 3244 anima
2629 3199 2824 3244 nostra.
2848 3189 2940 3243 Est
2957 3189 3193 3258 quadam
3220 3192 3467 3243 saturitas
3492 3189 3706 3258 pinguis

2135 3282 2424 3349 sapientiae.
2463 3281 2728 3350 Sapientia
2770 3281 2909 3334 enim
2953 3279 3051 3334 ista
3095 3281 3284 3333 anima:
3321 3293 3442 3349 qua:
3478 3289 3700 3344 carent,

2137 3381 2498 3438 marcescunt;
2525 3381 2578 3427 et
2605 3371 2819 3424 omnino
2853 3371 2923 3424 ita
2959 3371 3122 3424 exiles
3148 3369 3312 3434 ﬁunt,
3344 3378 3405 3423 ut
3437 3371 3489 3422 in
3521 3371 3702 3422 omni—

2138 3463 2232 3516 bus
2265 3463 2412 3516 bonis
2437 3461 2684 3532 operibus
2705 3463 2810 3518 cito
2835 3461 3094 3515 deficiant.
3122 3460 3295 3528 Quare
3319 3461 3426 3514 cito
3451 3460 3703 3515 deficiunt

2137 3554 2187 3608 in
2216 3553 2460 3608 omnibus
2486 3553 2634 3606 bonis
2661 3550 2948 3622 operibus?
2971 3551 3100 3620 Quia
3131 3566 3232 3606 non
3263 3550 3460 3605 habent
3485 3552 3706 3620 pingue-

2135 3644 2309 3698 dinem
2341 3644 2628 3698 saturimtis
2662 3656 2808 3705 sum.
2830 3642 2964 3696 Audi
3003 3641 3312 3715 Apostolunt
3341 3641 3602 3695 dicentem
3628 3641 3706 3696 de

2139 3737 2311 3807 pingui
2351 3738 2521 3789 anima
2543 3777 2558 3801 ,
2597 3733 2984 3805 prtncipientem
3010 3743 3066 3786 ut
3089 3733 3307 3802 quisque
3341 3732 3475 3788 bene
3503 3747 3704 3800 opere-

2137 3837 2238 3882 tur.
2270 3826 2402 3894 Quid
2439 3826 2546 3880 ait?
2580 3825 2808 3881 Hilarem
2845 3826 3067 3878 datorem
3103 3823 3264 3894 diligit
3301 3822 3436 3876 Deus
3469 3823 3545 3891 (ll
3580 3824 3702 3877 Car.

2135 3935 2212 3984 ix,
2244 3921 2319 3992 7).
2348 3919 2559 3989 Pinguis
2585 3919 2756 3972 anima
2796 3916 2932 3972 unde
2960 3923 3102 3971 esset
3132 3915 3334 3985 pinguis
3353 3955 3366 3978 ,
3400 3915 3499 3968 nisi
3531 3932 3560 3968 a
3590 3916 3704 3970 Du-

2136 4015 2280 4068 ntino
2309 4009 2670 4065 saturaretur?
2692 4009 2758 4064 Et
2779 4020 2950 4080 tamen
2976 4007 3357 4078 quantumlibet
3383 4007 3467 4060 ltie
3491 4008 3557 4060 sit
3585 4000 3706 4076 pi‘n-

2137 4103 2284 4172 guis,
2317 4102 2440 4171 qnid
2465 4102 2566 4154 erit
2593 4101 2645 4154 in
2671 4099 2760 4153 illo
2790 4097 2962 4152 futuro
3000 4097 3226 4159 smeulo,
3255 4112 3358 4164 quo
3398 4111 3496 4149 nos
3525 4107 3708 4164 pascet

2141 4193 2311 4248 Deus?
2331 4191 2540 4246 Interim
2563 4191 2613 4244 in
2637 4191 2732 4243 hac
2753 4188 3189 4258 peregrinatione,
3212 4185 3335 4255 qttid
3357 4187 3557 4241 erimus
3579 4197 3706 4240 tunc

2139 4300 2236 4339 nec
2267 4283 2368 4338 dici
2407 4292 2594 4352 potest.
2632 4282 2696 4334 Et
2729 4280 2948 4334 futuisse
2987 4274 3148 4348 ipsam
3191 4278 3516 4331 saturitatem
3546 4288 3705 4346 opta-

2139 4392 2258 4434 mus
2285 4377 2386 4440 bie,
2416 4374 2624 4444 quando
2651 4374 2883 4426 levamus
2908 4387 3096 4425 manus
3121 4378 3344 4435 nostras,
3372 4369 3460 4421 ubi
3487 4371 3707 4438 pingue-

2140 4469 2262 4524 dine
2287 4467 2363 4522 sic
2387 4465 2758 4528 saturabimur,
2788 4472 2842 4516 ut
2867 4463 3080 4516 omnino
3103 4459 3276 4514 ontnis
3301 4457 3584 4527 indigentia
3613 4475 3708 4510 no-

2141 4570 2247 4616 stra
2275 4562 2512 4634 intereat,
2540 4565 2594 4612 et
2617 4555 2742 4608 nihil
2763 4551 3154 4608 desideremus:
3177 4551 3295 4618 quia
3322 4557 3486 4602 totum
3513 4560 3710 4615 pmsto

2143 4652 2294 4708 nobis
2319 4652 2420 4706 erit
2443 4647 2691 4719 quidquid
2719 4645 2804 4700 hic
2826 4645 3206 4705 desideramus,
3232 4639 3480 4710 quidquid
3505 4639 3592 4694 ltie
3613 4653 3704 4707 prc

2145 4761 2333 4816 magno
2361 4757 2616 4798 amamus.
2636 4738 2757 4806 ‘Jat‘n
2785 4748 2959 4808 patres
2989 4737 3150 4789 nostri
3174 4735 3364 4788 mortui
3390 4743 3544 4796 sunt;
3571 4732 3710 4786 Deus

2145 4848 2316 4892 autem
2333 4835 2467 4888 vivit
2488 4850 2500 4885 :
2527 4849 2628 4886 non
2653 4830 2736 4885 bic
2758 4829 3021 4900 potuimus
3039 4841 3248 4894 semper
3273 4823 3468 4878 habere
3494 4830 3707 4891 patres;

2148 4931 2215 4984 ibi
2259 4935 2434 4980 autem
2474 4937 2682 4992 semper
2719 4919 3023 4974 habebimus
3061 4916 3233 4968 vivum
3269 4928 3427 4967 unum
3461 4911 3709 4977 Patrem,

2147 5019 2400 5075 habentes
2425 5015 2644 5086 patriam
2671 5021 2902 5066 nostram
2927 5027 2941 5064 :
2963 5020 3305 5078 quacumque
3333 5013 3540 5058 terrena
3564 5013 3652 5057 est
3665 5008 3711 5066 ³,

2148 5126 2358 5182 semper
2386 5109 2456 5164 ibi
2485 5122 2602 5164 esse
2628 5121 2732 5160 non
2767 5117 3077 5174 possumus;
3105 5110 3158 5155 et
3192 5111 3408 5154 necesse
3431 5103 3515 5151 est
3543 5103 3599 5148 ut
3623 5094 3712 5148 alii

2149 5213 2451 5268 nascantur,
2479 5211 2531 5256 et
2559 5199 2626 5254 ad
2652 5198 2752 5252 hoc
2777 5203 3058 5249 nascantur
3083 5193 3170 5246 lilii
3197 5191 3389 5246 civium
3419 5188 3631 5242 illorum
3659 5195 3717 5240 at

2150 5293 2428 5352 excludant
2466 5290 2586 5345 inde
2625 5296 2866 5358 parentes
2892 5297 3035 5339 suos.
3067 5282 3147 5336 Ad
3184 5281 3284 5334 hoc
3309 5277 3451 5332 enim
3481 5275 3717 5330 nascitur

2153 5402 2304 5458 puer,
2333 5393 2391 5440 ut
2415 5383 2554 5438 dicat
2577 5378 2762 5449 majori
2793 5394 2806 5429 :
2833 5374 2965 5444 Quid
2987 5373 3094 5428 .Itic
3121 5369 3268 5441 agis?
3292 5367 3523 5423 Necesse
3552 5373 3637 5419 est
3662 5373 3718 5420 ut

2153 5455 2242 5550 qui
2270 5473 2573 5536 succedunt,
2601 5481 2656 5526 et
2678 5468 2767 5540 qui
2795 5474 3096 5527 nascuntur,
3122 5459 3403 5518 excludant
3426 5472 3520 5512 eos
3544 5455 3637 5526 qui
3661 5470 3720 5511 se

2155 5548 2556 5641 praecesserunt.
2583 5562 2655 5617 lbi
2681 5573 2866 5616 omnes
2890 5558 3083 5627 pariter
3105 5553 3374 5617 vivemus;
3399 5564 3505 5604 non
3527 5549 3597 5604 ibi
3616 5548 3722 5606 erit

2221 5684 2238 5715 ι
2273 5681 2460 5742 Aliquot
2479 5683 2606 5734 “55.,
2624 5669 2809 5742 indigni
2825 5683 3009 5742 Sumus:
3051 5735 3066 5742 _
3198 5733 3212 5742 Δ
3229 5737 3384 5742 ΜΨ-
3408 5651 3491 5742 μζ

2222 5746 2242 5776 ι
2273 5728 2344 5794 sic
2489 5745 2544 5789 At
2563 5728 2656 5797 εικ,
2680 5728 2882 5786 ιεὶνεηαν
2903 5737 3026 5782 sunt.
3051 5733 3384 5790 mv.,_tcrreaa
3403 5728 3530 5774 εωκ.
