4022 6200
267 306 374 363 75³1

266 432 546 475 successor
565 415 686 486 quia
712 414 885 470 nullus
910 413 1177 470 decessor.
1201 413 1379 480 Qualis
1405 412 1488 466 illa
1515 411 1715 482 patria?
1741 409 1842 464 Sed

265 508 590 564 divitias-hic
613 505 792 561 amas?
822 505 936 576 Ipse
965 505 1102 559 Deus
1131 505 1220 559 tibi
1246 504 1348 557 erit
1372 503 1565 556 divitia:
1594 511 1714 556 tua}.
1740 499 1846 555 Sed

264 619 416 659 amas
448 602 646 656 fontem
676 600 912 654 bonum!
940 598 1074 666 Quid
1108 597 1404 668 praeclarius
1434 596 1522 649 illa
1553 593 1846 663 sapientia?

265 689 686 760 quidlucidius?
714 689 976 758 Quidquid
1009 688 1093 741 hic
1125 695 1294 756 potest
1323 685 1485 739 amari
1507 727 1521 748 ,
1553 701 1646 752 pro
1671 683 1846 737 omni-

265 783 369 836 bus
401 785 492 837 tibi
521 783 624 836 crit
651 781 740 850 qui
773 779 898 834 fecit
937 779 1131 833 omnia.
1179 770 1437 846 Tanquam
1475 775 1625 843 adipe
1651 784 1697 826 et
1729 773 1845 843 pin-

262 875 481 946 guedine
506 874 758 943 repleatur
781 872 949 925 animo
971 887 1114 935 mea;
1141 879 1183 923 et
1211 869 1341 921 labia
1365 867 1711 920 exsultationis
1737 865 1845 916 lau-

263 967 459 1019 dutmut
497 981 677 1017 nomen
720 973 877 1016 tuum.
925 963 979 1016 In
1026 961 1121 1014 hac
1162 975 1375 1020 eremo,
1413 959 1463 1011 in
1505 957 1716 1010 nomine
1757 963 1846 1008 tuo

264 1057 455 1111 levabo
492 1071 680 1108 manus
719 1068 865 1107 meas
897 1071 911 1108 :
943 1053 1208 1120 impleatur
1248 1051 1416 1102 anima
1460 1064 1567 1121 mea
1609 1058 1847 1114 tanquam

261 1149 418 1219 adipe
441 1157 486 1200 et
511 1146 841 1217 pinguedine;
863 1155 908 1198 et
930 1143 1064 1197 labia
1090 1142 1434 1195 exsultationis
1457 1138 1731 1192 laudabunt
1758 1154 1850 1190 no-

264 1258 379 1292 men
403 1251 560 1292 tuum.
596 1238 748 1292 Modo
776 1238 915 1292 enim
943 1236 1130 1298 oratio,
1163 1235 1411 1303 quamdiu
1444 1233 1590 1295 sitis;
1619 1247 1738 1286 cum
1770 1231 1847 1283 si—

264 1333 332 1383 lis
364 1331 652 1390 transierit,
687 1329 869 1383 transit
901 1327 1089 1390 oratio,
1115 1337 1167 1379 ct
1197 1325 1431 1379 succedit
1465 1323 1690 1377 laudatio
1723 1341 1737 1376 :
1770 1321 1838 1375 Et

263 1425 400 1476 lubiu
427 1422 768 1475 exsultationis
793 1419 1067 1471 lotulalmnt
1098 1434 1275 1470 nomen
1306 1427 1465 1469 tuum.

337 1516 425 1569 l5.
455 1512 600 1586 [vers
631 1513 680 1573 7,
713 1511 790 1583 8.]
827 1511 886 1564 Si
925 1519 1236 1563 memoratus-
1262 1525 1372 1561 sum
1414 1507 1486 1560 tui
1523 1522 1672 1575 super
1711 1514 1845 1559 stra-

265 1619 374 1660 tum
412 1621 609 1668 nteant,
648 1606 701 1657 in
737 1603 969 1656 diluentis
997 1601 1272 1654 meditabar
1295 1601 1309 1630 ί
1334 1599 1386 1650 in
1415 1607 1498 1660 te;
1533 1598 1651 1666 quia
1684 1597 1847 1665 [actus

263 1716 318 1752 es
347 1697 549 1766 adjutor
579 1711 735 1748 meus.
769 1693 1000 1748 Stratum
1042 1707 1192 1746 suum
1235 1689 1462 1758 quictent
1508 1702 1656 1740 suam
1695 1686 1842 1740 dicit.

264 1785 488 1853 Quando
525 1783 712 1853 aliquis
750 1783 957 1851 quietus
986 1790 1100 1844 est,
1137 1793 1341 1833 memor
1371 1779 1439 1832 sit
1477 1777 1602 1841 Dei;
1636 1774 1846 1844 quando

266 1878 456 1945 aliquis
492 1876 700 1945 quietus
741 1883 854 1938 est,
900 1890 1001 1927 non
1049 1887 1142 1942 per
1181 1873 1410 1942 quietem
1447 1869 1765 1923 diSSolvatur
1791 1876 1846 1922 et

265 1967 606 2019 obliviscatur
635 1966 834 2028 Deum;
866 1965 910 2018 si
942 1979 1145 2017 memor
1175 1973 1253 2016 est
1284 1963 1371 2016 Dei
1399 1961 1608 2031 quando
1636 1960 1846 2030 quietus

264 2066 384 2120 est,
418 2056 468 2109 in
504 2056 794 2110 actionibus
834 2056 943 2109 suis
983 2056 1033 2108 in
1083 2055 1242 2108 Deum
1287 2053 1588 2106 meditatur.
1631 2051 1843 2106 Dilucu-

266 2149 373 2202 lum
411 2148 551 2203 enim
588 2149 719 2203 dixit
753 2149 1020 2213 actiones,
1053 2147 1171 2216 quia
1209 2148 1384 2201 omnis
1424 2146 1581 2200 homo
1613 2145 1846 2200 diluculo

265 2240 453 2310 incipit
492 2239 686 2309 aliquid
728 2253 901 2310 agere.
934 2239 1068 2306 Quid
1103 2253 1231 2308 ergo
1258 2237 1426 2292 dixit?
1456 2236 1516 2290 Si
1554 2252 1741 2290 memor
1769 2235 1847 2304 fui

264 2332 338 2382 tui
375 2331 430 2383 in
471 2340 626 2382 strato
671 2345 810 2394 meo,
846 2339 897 2382 et
934 2330 986 2382 in
1025 2327 1261 2381 diluculis
1299 2325 1573 2379 meditabar
1607 2325 1658 2379 in
1693 2335 1757 2377 te.
1790 2325 1842 2379 Si

263 2438 393 2492 ergo
423 2438 527 2476 non
568 2421 639 2475 fui
679 2436 882 2476 tuemur
920 2422 972 2473 in
1014 2431 1179 2474 strato
1223 2435 1380 2484 meo,
1425 2427 1477 2472 et
1519 2418 1567 2470 in
1611 2415 1845 2470 diluculo

265 2530 368 2566 nan
405 2513 697 2566 meditabar
727 2512 777 2564 in
810 2522 878 2564 te.
907 2509 1005 2577 Qui
1035 2509 1243 2579 quando
1272 2509 1470 2562 otiosus
1498 2517 1579 2561 est
1617 2522 1717 2560 non
1755 2521 1844 2557 co-

262 2605 396 2671 gitat
426 2603 612 2668 Deum,
641 2602 690 2654 iu
717 2601 1012 2654 actionibus
1038 2600 1148 2652 suis
1173 2592 1406 2666 cogitare
1434 2605 1606 2666 potest
1633 2597 1794 2649 Deum
1820 2595 1843 2647 ?

268 2695 363 2761 Qui
389 2703 564 2748 autem
593 2709 796 2746 memor
816 2692 931 2761 ejus
951 2700 1030 2743 est
1055 2689 1266 2758 quando
1286 2689 1496 2758 quietus
1521 2697 1620 2751 est,
1651 2687 1699 2739 in
1729 2688 1844 2755 ipso

268 2785 556 2839 meditatur
581 2799 701 2837 cmn
730 2783 856 2853 agit,
889 2798 955 2836 ne
983 2782 1033 2833 in
1064 2782 1270 2834 actione
1299 2779 1530 2834 deﬁciat.
1570 2778 1692 2832 ldco
1717 2777 1841 2858 quid

268 2876 496 2944 adjecit?
523 2875 589 2928 Et
613 2876 664 2928 iu
686 2875 926 2928 diluentis
952 2873 1231 2926 meditabar
1256 2873 1307 2926 in
1339 2881 1415 2936 te;
1452 2873 1570 2943 quia
1599 2874 1763 2943 [actus
1792 2887 1843 2924 es

267 2969 472 3037 adjutor
496 2983 652 3021 meus.
686 2967 895 3020 Etenim
941 2965 1041 3018 nisi
1073 2965 1210 3018 Deus
1238 2963 1452 3032 adjuvet
1499 2963 1634 3016 bona
1679 2975 1842 3030 opera

271 3067 474 3122 nostra,
504 3058 706 3132 impleri
739 3071 766 3108 a
799 3055 952 3111 nobis
978 3070 1080 3108 non
1114 3063 1353 3124 possunt.
1388 3055 1454 3108 Et
1483 3051 1638 3123 digna
1674 3052 1838 3106 debe-

272 3166 387 3205 mus
419 3151 661 3220 operari;
687 3149 736 3204 id
765 3159 843 3203 est
871 3158 1115 3218 tanquam
1143 3150 1193 3200 in
1227 3149 1363 3212 luce,
1395 3145 1608 3216 quando
1627 3143 1843 3199 Christo

269 3242 668 3297 demonstraute
701 3255 1004 3310 operamur.
1027 3239 1354 3308 Quicumque
1392 3246 1643 3307 operatur
1669 3235 1802 3290 mala
1822 3275 1839 3300 ,

269 3331 318 3386 in
347 3342 502 3387 nocte
523 3339 792 3402 operatur,
821 3345 924 3386 non
957 3331 1006 3383 in
1035 3329 1284 3392 diluculo,
1315 3327 1568 3396 Apostolo
1593 3326 1837 3380 dicente:

271 3427 368 3491 Qui
391 3426 719 3489 inebriantur,
743 3433 885 3478 nocte
905 3422 1248 3486 inebriantur;
1273 3431 1318 3475 et
1338 3421 1422 3490 qui
1449 3420 1723 3483 dormiunt,
1747 3435 1842 3471 no-

214 3573 220 3577 .
266 3531 341 3574 tte
369 3519 622 3573 dormiunt
645 3533 664 3571 :
689 3535 778 3570 nos
806 3518 892 3586 qui
916 3517 1015 3569 diei
1041 3532 1238 3579 sumus,
1275 3514 1426 3568 sobrii
1452 3513 1621 3566 simus.
1655 3511 1843 3566 llorta-

269 3622 352 3665 tur
404 3626 501 3664 nos
553 3619 610 3662 ut
663 3607 950 3662 Secundum
1000 3607 1140 3660 diem
1190 3604 1520 3658 ambulemus
1575 3602 1838 3656 honeste:

268 3704 412 3757 Sient
443 3701 618 3764 indie,
653 3700 848 3767 inquit,
883 3699 1082 3750 honeste
1124 3695 1432 3748 ambulemus
1476 3693 1666 3761 (Rom.
1710 3705 1799 3744 xm
1823 3731 1839 3755 ,

267 3796 382 3863 15).
421 3793 480 3845 Et
512 3791 738 3843 iterum:
779 3787 912 3850 Vos,
957 3786 1157 3854 inquit,
1200 3785 1293 3853 ﬁlii
1334 3784 1460 3837 lucis
1495 3783 1640 3843 estis,
1669 3790 1714 3833 et
1749 3781 1842 3847 ﬁlii

268 3885 402 3943 diei;
434 3898 530 3932 non
561 3895 731 3932 sumus
769 3877 925 3930 noctis
954 3891 1109 3943 neque
1152 3874 1462 3927 tenebrarum
1483 3873 1542 3942 ~(l
1571 3869 1752 3925 Thess.
1785 3886 1839 3934 v,

270 3979 302 4031 5
336 3978 423 4045 8).
452 3973 552 4040 Qui
583 3981 706 4026 sunt
737 3971 825 4024 lilii
857 3971 1058 4032 noctis,
1105 3977 1156 4022 ct
1206 3967 1292 4019 lilii
1342 3962 1716 4019 tenebrarum?
1741 3962 1841 4029 Qui

269 4070 446 4125 omnia
475 4067 607 4120 mala
643 4071 948 4135 cperantnr.
980 4061 1152 4132 Usque
1182 4060 1314 4114 adeo
1345 4059 1434 4112 lilii
1477 4058 1643 4111 noctis
1683 4065 1838 4120 sunt,

271 4173 327 4217 ut
354 4163 574 4217 timeant
593 4159 754 4212 videri
777 4172 894 4227 quae
923 4165 1206 4224 operantur
1230 4171 1242 4207 :
1267 4163 1319 4207 et
1345 4168 1459 4222 qua:
1485 4151 1688 4219 publice
1710 4166 1843 4221 ope-

271 4265 456 4307 rantur
483 4252 640 4317 mala,
670 4249 788 4304 ideo
813 4249 1022 4319 publice
1046 4256 1352 4316 operantur,
1386 4245 1503 4314 quia
1552 4244 1703 4297 multi
1751 4243 1839 4297 illa

273 4353 596 4415 operantur;
624 4358 740 4411 qua:
769 4341 918 4411 pauci
950 4349 1258 4409 Operantur,
1284 4337 1334 4391 in
1371 4335 1684 4390 allSCOlldllO
1712 4351 1840 4405 ope-

275 4451 479 4490 rantnr.
508 4427 802 4506 Qui'autem
834 4433 956 4486 talia
987 4431 1191 4500 publice
1237 4439 1542 4498 operantur,
1576 4436 1698 4480 sunt
1724 4426 1843 4496 qui-

276 4532 392 4583 dem
422 4530 472 4582 in
501 4531 616 4582 luce
646 4527 772 4580 solis
794 4566 807 4584 .
840 4525 932 4580 sed
961 4526 1010 4579 in
1045 4523 1277 4578 tenebris
1302 4521 1501 4575 cordis.
1528 4518 1691 4574 Nemo
1717 4533 1844 4588 ergo

275 4626 325 4677 in
351 4623 582 4677 diluculo
608 4631 876 4690 operatur,
901 4619 1000 4673 nisi
1023 4613 1110 4688 qui
1138 4619 1189 4670 iu
1216 4615 1427 4670 Christo
1451 4622 1716 4681 operatur.
1739 4609 1844 4665 Sed

273 4717 360 4786 qui
390 4715 591 4770 otiosus
617 4728 822 4768 memor
850 4720 932 4767 est
957 4709 1148 4764 Christi
1175 4750 1189 4771 ,
1235 4709 1285 4760 in
1327 4706 1441 4775 ipso
1469 4704 1750 4758 meditatur
1792 4703 1843 4756 in

275 4805 520 4859 oumibns
545 4801 843 4857 actionibus
885 4801 1026 4863 suis;
1072 4806 1127 4852 et
1167 4806 1248 4852 est
1278 4797 1350 4849 illi
1376 4795 1586 4862 adjutor
1627 4794 1676 4846 in
1706 4792 1846 4846 bono

277 4911 455 4966 opere,
486 4910 552 4950 ne
575 4910 667 4964 per
690 4892 1046 4947 inﬁrmitatem
1076 4904 1222 4942 suam
1249 4887 1479 4941 deficiat.
1505 4885 1566 4940 Si
1592 4902 1842 4937 memora-

279 5000 352 5040 tus
377 5004 490 5042 sum
515 4986 588 5039 tui
609 5001 759 5056 super
783 4991 990 5037 stratum
1015 4997 1198 5043 meum,
1227 4980 1277 5031 in
1307 4978 1546 5030 diluculis
1569 4977 1845 5029 meditabar

278 5079 327 5131 in
357 5091 436 5143 te;
463 5079 580 5146 quia
611 5078 774 5146 factus
801 5092 851 5130 es
877 5074 1082 5143 adjutor
1109 5088 1266 5124 meus.

347 5171 435 5224 16.
478 5169 542 5223 Et
583 5169 636 5220 in
677 5169 950 5220 velamento
989 5179 1264 5234 pennarum
1304 5169 1507 5214 tuorum
1553 5161 1830 5214 exsultabo.

280 5257 547 5316 llilaresco
580 5261 629 5313 in
662 5258 815 5312 bonis
853 5258 1123 5327 operibus,
1151 5255 1270 5324 quia
1298 5267 1458 5322 super
1487 5268 1569 5305 mc
1596 5263 1676 5305 est
1703 5253 1845 5305 vela-

282 5366 397 5406 mcu
443 5365 733 5422 pennarum
779 5358 1003 5401 tuarum.
1057 5346 1109 5401 Si
1164 5361 1248 5400 mc
1290 5360 1393 5397 non
1445 5354 1686 5413 protegas
1726 5345 1843 5413 quia

281 5444 450 5511 pullus
493 5457 630 5507 sum,
668 5441 859 5496 milvus
899 5455 982 5494 mc
1027 5437 1211 5506 rapiet.
1255 5437 1387 5490 Dicit
1429 5437 1570 5490 enim
1617 5437 1842 5505 quodam

285 5533 396 5590 loco
439 5537 550 5606 ipse
589 5534 841 5589 Dominus
892 5539 1071 5584 noster
1109 5529 1173 5584 ad
1208 5529 1519 5592 Jerusalem,
1560 5527 1843 5598 quamdam

285 5623 539 5681 civitatem
568 5625 730 5691 illam,
764 5622 847 5675 ubi
870 5620 1151 5674 cruciﬁxus
1173 5629 1255 5676 est
1280 5638 1293 5674 :
1319 5618 1623 5686 Jerusalem,
1653 5618 1839 5689 inquit,

347 5738 364 5770 ι
395 5737 577 5802 Aliquot
601 5747 724 5798 Mss,
744 5732 1024 5788 meditabor.

1328 296 1722 354 ENARRATIO
1759 294 1823 350 IN
1864 293 2185 352 PSALMUM
2223 295 2379 355 [ΧΗ.

3423 306 3520 363 758

1952 409 2257 474 Jerusalem,
2299 409 2488 476 quoties
2540 409 2676 463 colui
2719 391 2853 478 filios
2888 419 2995 464 tuos
3033 427 3352 483 congregare,
3404 426 3541 471 tam.

1952 514 2100 566 quant
2119 498 2309 568 gallina
2331 497 2496 568 pullos
2525 515 2662 560 suos,
2685 510 2731 553 et
2757 501 2960 553 noluisti
2984 499 3192 570 (Matth.
3217 518 3368 571 xxnt,
3393 507 3517 576 37)!

1953 587 2158 641 Parvuli
2191 601 2372 640 sumus
2401 605 2411 639 :
2442 603 2569 656 ergo
2597 578 2839 659 protegat
2883 605 2978 642 nos
3011 592 3144 646 Deus
3173 594 3271 647 sub
3302 595 3518 648 umbra-

1951 679 2070 732 culo
2099 679 2297 732 alarum
2339 693 2579 733 suarum.
2619 680 2755 748 Quid
2782 698 2900 736 cum
2935 683 3164 750 majores
3200 684 3323 739 facti
3357 685 3522 742 fueri-

1951 771 2102 823 mus?
2124 770 2324 823 Botmm
2347 781 2428 825 est
2456 772 2608 826 nobis
2634 782 2688 826 ut
2710 782 2764 827 et
2793 781 2914 828 tunc
2944 785 3183 845 protegat
3207 792 3324 845 nos,
3349 789 3404 833 ut
3423 780 3547 835 sub.

1953 860 2042 914 illo
2070 863 2268 929 majore
2300 877 2510 931 semper
2539 878 2636 918 nos
2659 865 2783 933 pulli
2811 866 2995 920 simus.
3025 868 3246 938 Semper
3271 871 3410 924 enim
3431 872 3522 925 ille

1953 952 2122 1021 major
2145 962 2249 1016 est,
2276 963 2762 1024 quantumcumque
2790 957 3130 1011 creveriums.
3165 958 3328 1015 Nemo
3355 961 3520 1026 dicat,

1952 1043 2197 1112 Protegat
2226 1060 2334 1109 me,
2365 1060 2482 1097 cum
2508 1043 2756 1113 parvulus
2782 1063 2895 1100 sum
2930 1065 2942 1098 :
2975 1049 3124 1118 quasi
3150 1051 3435 1120 aliquando
3455 1053 3522 1108 ad

1953 1142 2148 1194 tantam
2183 1135 2592 1204 magnitudinem
2621 1139 2788 1205 possit
2809 1139 3105 1206 pervenire,
3135 1157 3251 1209 qua:
3278 1143 3374 1196 sibi
3403 1143 3520 1197 suf-

1953 1227 2110 1280 liciat.
2142 1227 2267 1281 Sine
2298 1229 2624 1295 protectione
2655 1228 2746 1282 Dei
2796 1229 2926 1282 nihil
2954 1245 3033 1284 es.
3077 1230 3296 1302 Semper
3332 1233 3399 1288 ab
3429 1235 3521 1288 illo

1951 1321 2150 1390 protegi
2183 1321 2400 1374 velimus
2435 1337 2447 1373 :
2481 1331 2604 1376 tunc
2629 1337 2840 1391 semper
2867 1322 2918 1375 in
2950 1323 3036 1375 illo
3074 1326 3247 1393 magni
3276 1341 3394 1382 esse
3423 1342 3520 1394 po-

1951 1411 2190 1476 terimus,
2214 1412 2256 1464 si
2287 1427 2498 1481 semper
2523 1413 2620 1466 sub
2650 1413 2738 1467 illo
2766 1413 2965 1481 parvuli
2993 1415 3177 1468 simus.
3213 1415 3274 1468 Et
3301 1418 3350 1470 in
3382 1419 3520 1470 vela-

1950 1511 2113 1554 mento
2140 1519 2415 1572 pennarum
2445 1513 2644 1555 tuarum
2670 1504 2947 1556 exsultaba.

2021 1595 2105 1647 l7.
2146 1592 2294 1665 [vers
2340 1591 2416 1666 9.]
2456 1593 2781 1665 Agglutinata
2817 1604 2888 1648 est
2932 1594 3100 1647 anima
3139 1611 3246 1648 mea
3288 1605 3399 1664 post
3438 1607 3505 1651 te.

1918 1683 2698 1753 Videtedesiderantem,videte
2739 1685 3025 1752 sitientem,
3059 1684 3232 1740 videte
3258 1687 3522 1756 quomodo

1949 1776 2114 1830 lueret
2152 1776 2278 1830 Deo.
2307 1775 2562 1830 Nascatur
2604 1777 2658 1830 in
2699 1775 2848 1830 vobis
2893 1778 2990 1830 iste
3037 1776 3277 1831 allectus.
3321 1777 3375 1831 Si
3410 1778 3523 1848 jam

1946 1865 2228 1934 germinat,
2257 1867 2607 1936 compluatur,
2656 1876 2710 1921 et
2746 1877 2949 1921 crescat
2979 1885 2991 1919 :
3026 1867 3299 1936 perveniat
3325 1871 3390 1923 ad
3421 1872 3523 1924 tale

1948 1956 2110 2010 robur
2134 1967 2192 2010 ut
2217 1965 2270 2011 et
2297 1973 2393 2011 vos
2423 1957 2608 2011 dicatis
2641 1973 2706 2013 ex
2740 1968 2848 2012 toto
2873 1959 3052 2023 corde,
3096 1959 3419 2031 Aggtutinata
3453 1972 3525 2016 est

1907 2039 1918 2064 '
1947 2050 2116 2101 anima
2142 2065 2250 2102 mea
2280 2061 2389 2119 post
2420 2051 2484 2103 te.
2517 2050 2613 2105 Ubi
2639 2060 2721 2105 est
2745 2051 2918 2124 ipsum
2949 2051 3164 2120 gluten?
3195 2052 3366 2122 Ipsum
3403 2056 3522 2124 glu-

1951 2151 2035 2195 ten
2068 2143 2297 2196 Charitas
2322 2152 2422 2198 est.
2450 2123 2776 2198 Charitateni
2804 2143 2957 2207 habe,
2989 2161 3092 2214 quo
3122 2146 3317 2212 glutine
3344 2123 3524 2218 agglu-

1950 2241 2144 2288 tinetur
2165 2237 2337 2289 anitna
2365 2245 2449 2288 tua
2482 2246 2601 2304 post
2625 2231 2809 2290 Deum'.
2837 2235 2949 2290 Non
2977 2251 3097 2290 cum
3125 2236 3254 2303 Deo,
3283 2237 3374 2291 sed
3403 2247 3524 2308 post

1952 2327 2150 2390 Deum;
2192 2336 2251 2381 ut
2280 2327 2367 2381 ille
2398 2328 2681 2396 pra-cedat,
2714 2339 2768 2381 tu
2813 2329 3072 2398 sequaris.
3120 2329 3219 2395 Qui
3248 2331 3388 2384 enim
3426 2347 3522 2386 vo-

1950 2417 2102 2472 luerit
2131 2418 2292 2471 Deum
2341 2417 2678 2477 antecedere.
2726 2420 2949 2474 consilio
2979 2434 3074 2472 suo
3106 2421 3215 2473 vult
3239 2423 3437 2486 vivere,
3469 2432 3524 2476 et

1950 2527 2052 2564 non
2084 2511 2194 2564 vult
2222 2511 2368 2579 sequi
2391 2521 2653 2580 praecepta
2681 2511 2792 2566 Dei.
2825 2512 3106 2580 Propterea
3137 2521 3191 2566 et
3219 2513 3406 2567 Petrus
3433 2529 3521 2568 re-

1948 2605 2132 2673 pulsus
2158 2613 2257 2666 est,
2290 2603 2500 2672 quando
2523 2603 2686 2658 voluit
2709 2604 2989 2658 consilium
3014 2603 3142 2659 dare
3167 2605 3378 2660 Christo
3405 2621 3523 2674 pas-

1948 2710 2074 2749 suro
2101 2694 2394 2765 pronobis.
2429 2689 2613 2748 Adhuc
2654 2695 2793 2748 enim
2823 2693 3065 2748 infirmus
3089 2704 3203 2748 erat
3231 2695 3438 2759 Petrus,
3469 2705 3523 2750 et

1949 2795 2143 2856 quanta
2196 2786 2396 2838 utilitas
2446 2793 2590 2840 esset
2638 2785 2848 2853 generis
2900 2785 3112 2840 humani
3158 2786 3208 2840 in
3264 2787 3523 2856 sanguine

1947 2875 2144 2930 Christi
2162 2891 2266 2929 non
2287 2884 2501 2929 noverat
2528 2894 2540 2927 :
2568 2875 2823 2929 Dominus
2849 2885 3021 2929 autem
3046 2878 3132 2946 qui
3161 2887 3376 2932 venerat
3403 2877 3524 2932 red-

1947 2968 2113 3022 imere
2154 2983 2292 3032 nos,
2347 2975 2406 3021 et.
2445 2967 2571 3020 dare
2614 2955 2840 3035 pretium
2881 2981 2974 3036 pro
3018 2967 3169 3021 nobis
3213 2969 3520 3039 sanguinem

1948 3074 2123 3126 suum,
2154 3059 2316 3129 coepit
2336 3058 2621 3128 przcdicare
2645 3059 2946 3129 passionem
2975 3073 3143 3113 suam.
3170 3060 3390 3128 Expavit
3416 3061 3520 3116 Pe-

1949 3161 2061 3208 trus
2100 3152 2247 3222 quasi
2290 3151 2603 3205 moriturum
2644 3151 2964 3217 Dominum,
2991 3166 3150 3222 quem
3184 3153 3394 3206 volebat
3436 3154 3522 3209 hic

1945 3259 2156 3315 semper
2188 3245 2365 3300 vivere
2403 3246 2670 3315 quomodo
2698 3245 2845 3301 illum
2872 3245 3103 3310 videbat,
3136 3246 3255 3316 quia
3291 3246 3522 3302 carnali-

1943 3337 2044 3392 bus
2069 3338 2238 3394 oculis
2266 3339 2496 3404 deditus,
2528 3339 2726 3394 carnali
2751 3339 2939 3394 all'cctu
2966 3340 3104 3394 circa
3139 3340 3416 3394 Dominum
3441 3351 3520 3395 te-

1946 3432 2202 3496 nebatur;
2226 3435 2288 3486 et
2310 3432 2385 3486 ait
2419 3432 2495 3485 illi
2518 3449 2529 3484 :
2553 3431 2692 3485 Absit
2721 3448 2753 3484 a
2778 3441 2844 3497 te,
2868 3431 3122 3496 Domine;
3148 3431 3393 3500 propitius
3420 3439 3522 3485 esto

1945 3525 2054 3578 tibi.
2082 3523 2151 3576 Et
2193 3523 2490 3577 Dominus:
2529 3521 2655 3575 Redi
2695 3531 2805 3592 post
2848 3538 2945 3586 me,
2973 3530 3211 3584 satanas;
3253 3537 3354 3574 non
3391 3522 3522 3574 enim

1945 3618 2082 3684 sapis
2099 3631 2212 3685 qua:
2237 3616 2331 3669 Dei
2355 3625 2490 3679 sunt,
2515 3616 2602 3669 sed
2620 3631 2732 3685 qua:
2751 3624 2865 3668 sunt
2890 3615 3146 3668 hominum
3169 3613 3380 3686 (Matth.
3408 3630 3518 3679 xvr,

1945 3705 2035 3770 Ἡ,
2066 3704 2178 3775 25).
2213 3705 2406 3772 Quare,
2446 3721 2560 3775 qua:
2579 3714 2695 3758 sunt
2718 3703 3021 3773 hominum?
3048 3703 3182 3774 Quia
3206 3703 3524 3760 antecedere
3607 3709 3610 3714 ’

1949 3811 2032 3848 tne
2060 3795 2157 3859 vis,
2185 3795 2293 3848 redi
2319 3802 2428 3865 post
2453 3811 2549 3859 me,
2575 3803 2629 3847 ut
2657 3793 2895 3862 sequaris
2926 3807 3011 3847 nte
3043 3810 3056 3846 :
3087 3801 3142 3846 ιιι
3162 3793 3270 3861 jam
3297 3807 3522 3862 sequens

1946 3884 2216 3938 Christum
2243 3884 2465 3950 diceret,
2507 3884 2834 3956 Agglutinata
2874 3892 2945 3943 est
2973 3884 3142 3937 anima
3171 3900 3279 3936 mea
3306 3894 3418 3954 post
3456 3893 3530 3940 te.-

1949 3974 2133 4028 Murito
2161 3975 2430 4030 annectit:
2464 3974 2549 4028 Me
2593 3975 2808 4044 suscepit
2833 3975 3036 4028 dextera
3061 3985 3168 4031 tua.
3197 3974 3524 4046 Agglutinata

1949 4077 2022 4120 est
2046 4075 2156 4136 post
2187 4077 2232 4120 te
2274 4066 2443 4119 anima
2481 4081 2626 4128 mea;
2655 4081 2732 4118 me
2766 4066 2978 4135 suscepit
3009 4065 3211 4119 dextera
3243 4077 3352 4118 tua.
3385 4065 3525 4119 Dixit

1950 4159 2049 4212 hoc
2078 4159 2316 4214 Christus
2357 4160 2407 4212 iu
2458 4158 2609 4212 nobis
2640 4175 2652 4210 :
2684 4157 2734 4212 id
2777 4168 2877 4220 est,
2911 4158 2962 4211 in
2994 4156 3204 4212 homine
3242 4172 3400 4228 quem
3428 4173 3522 4228 ge-

1949 4253 2121 4307 stabat
2145 4268 2238 4321 pro
2268 4250 2440 4315 nobis,
2462 4265 2617 4319 quem
2647 4249 2900 4304 ollerebat
2927 4265 3022 4318 pro
3049 4249 3220 4312 nobis,
3244 4248 3378 4302 dixit
3399 4249 3522 4304 hoc.

1951 4346 2086 4400 Dicit
2114 4345 2213 4397 hoc
2236 4353 2289 4399 et
2315 4343 2551 4397 Ecclesia
2597 4343 2647 4396 in
2688 4341 2919 4408 Christo,
2948 4341 3075 4395 dicit
3105 4342 3156 4394 in
3185 4340 3356 4409 capite
3389 4354 3518 4406 suo;

1950 4438 2072 4506 quia
2097 4444 2150 4488 et
2194 4437 2303 4503 ipsa
2336 4450 2485 4502 passa
2527 4442 2610 4488 est
2652 4432 2737 4486 hic
2769 4431 3165 4500 persecutiones
3194 4443 3426 4500 magnas,
3469 4439 3524 4485 et

1949 4528 2256 4598 singillatim
2287 4525 2443 4580 etiam
2486 4526 2642 4579 modo
2679 4525 2892 4594 patitur.
2921 4523 3050 4590 Quis
3084 4523 3223 4576 enim
3255 4521 3524 4589 pertinens

1949 4620 2013 4675 ad
2049 4620 2342 4682 Christum,
2398 4633 2504 4672 non
2553 4618 2710 4671 variis
2753 4600 3132 4670 tentationibus
3179 4613 3423 4680 agitatur,
3469 4620 3522 4665 et

1950 4711 2185 4781 quotidie
2209 4710 2316 4779 agit
2335 4725 2452 4763 cum
2484 4709 2576 4762 illo
2609 4707 2850 4762 diabolus
2879 4713 2934 4759 et
2959 4704 3129 4773 angeli
3156 4704 3291 4771 ejus,
3317 4712 3373 4757 ut
3397 4718 3521 4772 per-

1949 4813 2185 4858 vertatur
2231 4802 2461 4874 qualibet
2509 4800 2814 4870 cupiditate,
2873 4797 3103 4866 qualibet
3164 4797 3520 4865 suggeStioue,

1951 4906 2040 4952 aut
2065 4897 2414 4967 promissione
2443 4893 2592 4957 lucri,
2613 4892 2693 4945 vel
2719 4901 2923 4944 terrore
2952 4888 3151 4953 damni,
3180 4888 3261 4942 vel
3289 4888 3520 4957 promis-

1950 4989 2100 5043 sione
2126 4989 2266 5051 vita),
2299 4986 2381 5037 vel
2427 4995 2631 5036 terrore
2675 4981 2883 5044 mortis,
2929 4989 3019 5034 aut
3045 4979 3265 5048 alicujus
3291 4979 3522 5049 potentis

1952 5078 2260 5139 inimicitiis,
2291 5084 2383 5129 aut
2425 5074 2647 5143 alicujus
2684 5073 2913 5142 potentis
2957 5071 3236 5126 amicitiis?
3263 5070 3520 5125 Omnibus

1952 5171 2122 5224 modis
2148 5170 2306 5221 instat
2333 5165 2595 5227 diabolus,
2627 5163 3067 5233 quemadmodum
3099 5162 3346 5231 dejiciat;
3388 5161 3522 5214 etin

1950 5259 2409 5331 persccutionibus
2428 5256 2672 5320 vivimus,
2693 5264 2745 5308 et
2763 5254 3017 5308 habemus
3033 5263 3317 5322 perpetuos
3339 5249 3519 5303 inimi-

1949 5368 2061 5416 cos,
2090 5352 2355 5405 diabolum
2395 5359 2447 5403 et
2492 5348 2707 5418 angelos
2753 5346 2909 5414 ejus:
2938 5345 3030 5401 sed
3077 5360 3180 5398 non
3219 5343 3518 5396 timeamus.

1949 5444 2036 5499 Sic
2063 5452 2183 5497 sunt
2211 5441 2453 5496 diabolus
2482 5448 2535 5494 et
2562 5438 2733 5508 angeli
2758 5439 2890 5505 ejus,
2923 5437 3068 5506 quasi
3114 5434 3258 5489 milvi
3288 5450 3300 5485 :
3329 5431 3428 5486 sub
3451 5429 3520 5485 il-

1952 5536 2051 5588 lius
2075 5535 2281 5604 gallina:
2307 5533 2403 5587 alis
2422 5545 2627 5595 sumus,
2658 5539 2710 5584 et
2735 5544 2838 5583 non
2867 5542 2960 5581 nos
2983 5535 3153 5596 potest
3180 5523 3519 5592 contingere;

1947 5629 2136 5698 gallina
2163 5628 2303 5682 enim
2330 5641 2448 5694 quae
2477 5639 2572 5679 nos
2610 5623 2856 5693 protegit,
2902 5617 3051 5672 tortis
3075 5626 3174 5670 est.
3203 5614 3412 5670 lnlirma
3435 5627 3521 5672 est

1953 5731 2166 5791 propter
2193 5735 2320 5781 nos;
2355 5718 2447 5772 scd
2487 5717 2634 5770 lortis
2662 5724 2742 5769 est
2770 5716 2822 5766 in
2857 5725 2913 5764 se
2942 5709 3192 5762 Dominus
3219 5713 3405 5762 noster
3435 5706 3530 5762 10--
