4022 6200
565 316 669 377 759
698 344 701 347 π

563 450 654 491 sus
677 426 936 501 Christus,
984 435 1097 506 ipsa
1137 435 1397 506 sapientia
1437 436 1552 493 Dei.
1585 435 1727 508 Ergo
1755 435 1884 492 dicit
1931 435 2034 492 hoc
2076 447 2131 492 et

562 525 797 585 Ecclesia
822 544 835 580 :
864 526 1190 598 Agglutinata
1212 538 1284 583 est
1313 529 1482 582 anima
1517 534 1643 581 mea‘
1664 538 1775 599 post
1803 536 1883 592 te;
1910 544 1988 583 me
2014 545 2132 583 sus—

500 640 511 652 -
563 619 692 690 cepit
716 617 920 671 dextera
938 626 1044 670 tua.
2085 676 2089 679 ι

536 730 543 736 ν
632 709 718 764 18.
760 706 908 781 [vers.
942 707 1055 780 10.]
1094 706 1204 779 Ipsi
1240 725 1355 762 vero
1380 709 1433 762 in
1473 725 1657 762 vanum
1680 709 1983 780 quwsierunt
2020 708 2131 763 ani-

559 818 694 855 mam
726 817 906 854 meam.
935 799 1070 867 Quid
1111 800 1238 854 mihi
1279 799 1517 854 iecerunt
1556 801 1645 869 qui
1673 799 1993 870 quaesierunt
2019 800 2131 853 ani—

558 908 700 947 mam
747 908 918 947 meam
970 892 1233 963 perdere?
1286 892 1495 947 Utinam
1550 876 1850 961 quaererent
1900 892 2128 946 animam

557 999 754 1050 meam,
795 993 855 1038 ut
892 983 1171 1038 crederent
1219 984 1464 1038 mecum!
1505 981 1609 1037 Sed
1650 982 1971 1051 quaesierunt
2011 981 2129 1036 ani-

557 1090 698 1129 mam
726 1088 895 1128 meam
918 1082 973 1127 ut
999 1073 1278 1143 perderent
1305 1088 1411 1127 me.
1434 1071 1570 1139 Quid
1598 1070 1822 1126 facturi?
1849 1071 1960 1126 Non
1987 1072 2128 1127 enim

557 1167 761 1237 rapturi
786 1174 938 1221 erant
964 1167 1165 1236 gluten,
1196 1180 1300 1233 quo
1321 1163 1541 1218 adhaesit
1561 1164 1735 1218 anima
1765 1178 1878 1218 mea
1911 1172 2028 1234 post
2055 1174 2125 1219 te.

567 1260 691 1327 Quis
710 1261 840 1313 enim
867 1276 958 1313 nos
987 1257 1239 1327 separabit
1264 1273 1296 1310 α
1323 1256 1567 1309 charttate
1591 1254 1823 1309 Christi?
1848 1254 2124 1321 tribulatio,

561 1366 629 1404 an
669 1351 922 1422 angustia,
952 1366 1016 1401 an
1052 1348 1346 1416 persecutia,
1387 1363 1454 1399 an
1483 1346 1655 1410 fames,
1701 1361 1768 1398 an
1806 1345 2030 1410 auditas,
2061 1362 2127 1398 an

556 1442 758 1511 gladius
781 1440 954 1512 (Rom.
979 1455 1068 1500 vn,
1100 1438 1227 1507 35)?
1255 1436 1473 1491 Dextera
1499 1446 1583 1489 tua
1606 1446 1822 1505 suscepit
1858 1452 1953 1490 me.
1988 1436 2126 1506 Ergo

555 1543 770 1603 propter
795 1532 920 1586 illud
946 1532 1123 1602 gluten
1154 1540 1207 1585 et
1245 1538 1457 1599 propter
1484 1529 1901 1598 potentissimam
1938 1527 2127 1583 dexte-

555 1638 669 1678 ram
708 1634 870 1687 tuam,
895 1623 945 1675 in
974 1638 1152 1675 vanum
1173 1621 1474 1690 quwsierunt
1501 1620 1722 1673 animam
1746 1635 1926 1672 meam.
1955 1619 2125 1687 Quot-

557 1725 688 1785 quot
716 1714 979 1785 perseeuti
999 1724 1140 1777 sunt,
1174 1713 1253 1767 vel
1285 1712 1527 1782 persequi
1562 1712 1778 1782 cupiunt
1806 1711 2123 1779 Ecclesiam,

555 1814 731 1875 potest
760 1805 825 1859 de
848 1804 931 1858 his
962 1804 1062 1858 hoc
1102 1803 1321 1872 intelligi
1357 1821 1371 1858 :
1401 1802 1630 1856 maxime
1657 1802 1757 1856 hoc
1783 1809 1956 1856 tamen
1984 1802 2125 1856 acci-

555 1895 762 1964 piamus
804 1893 871 1949 de
906 1892 1123 1957 Iudaeis,
1165 1893 1251 1963 qui
1291 1890 1618 1962 quaesierunt
1661 1891 1890 1945 animam
1927 1889 2125 1945 Christi

556 1985 799 2055 perdere,
832 1994 886 2039 et
910 1985 963 2039 in
1008 1985 1123 2054 ipso
1152 1983 1325 2052 capite
1352 1991 1532 2037 nostro
1558 1981 1699 2051 quod
1725 1982 2122 2047 crueiﬁxerunt,

558 2086 613 2132 et
636 2078 687 2130 in
715 2075 986 2145 discipulis
1005 2074 1120 2144 ejus
1145 2087 1279 2143 quos
1305 2078 1483 2143 poStea
1518 2062 1777 2141 persecuti
1804 2080 1944 2126 sunt.
1973 2073 2120 2138 Quaeo

556 2168 744 2219 sierunt
779 2166 999 2218 animam
1041 2180 1221 2216 meam.
1265 2161 1553 2217 lntroibunt
1588 2163 1640 2215 in
1675 2163 1917 2235 inferiora
1958 2173 2122 2217 terra.

555 2258 777 2314 Terram
798 2257 1020 2327 perdere
1041 2256 1343 2322 noluerunt,
1369 2255 1805 2325 utcruciﬁgerent
1824 2255 2087 2310 Christum
2108 2272 2121 2308 :

556 2352 609 2406 in
640 2349 885 2406 inferiora
916 2361 1073 2404 terrm
1109 2348 1301 2403 ierunt.
1330 2345 1459 2413 Quae
1506 2355 1627 2400 sunt
1655 2346 1897 2415 inferiora
1937 2348 2126 2401 terror?

555 2442 805 2499 Terrenze
832 2440 1164 2512 cupiditates.
1209 2439 1395 2495 Melius
1422 2447 1503 2493 est
1536 2452 1698 2493 carne
1738 2437 2011 2492 ambulare
2036 2453 2127 2492 su-

553 2551 652 2602 per
680 2545 897 2598 terram,
926 2547 1082 2603 quam
1126 2531 1415 2602 cupiditate
1444 2529 1521 2585 ire
1560 2529 1659 2585 sub
1697 2541 1911 2584 terram.
1940 2528 2125 2586 Omnis

554 2628 694 2681 enim
743 2625 833 2694 qui
879 2632 1060 2678 contra
1096 2623 1319 2677 salutem
1363 2636 1512 2676 suam
1560 2620 1704 2690 cupit
1745 2630 1975 2686 terrena,
2026 2620 2125 2675 sub

554 2728 696 2773 terra
726 2726 840 2772 eSt:
870 2715 991 2787 quia
1021 2725 1215 2771 terram
1262 2713 1362 2768 sibi
1401 2711 1708 2783 prteposuit,
1745 2722 1939 2766 terram
1965 2726 2125 2782 super

553 2828 611 2865 se
639 2810 836 2882 posuit,
859 2818 911 2864 et
939 2823 997 2863 se
1023 2807 1203 2863 subter
1228 2804 1370 2861 fecit.
1401 2805 1475 2860 llli
1502 2820 1629 2876 ergo
1651 2805 1901 2860 timentes
1926 2813 2121 2860 terram

557 2903 797 2970 perdere,
827 2901 947 2972 quid
972 2900 1218 2955 dixerunt
1240 2899 1308 2954 de
1335 2899 1556 2953 Domino
1580 2897 1709 2953 Jesn
1739 2898 1971 2965 Christo,
1997 2912 2118 2952 cum

554 2997 795 3051 viderent
825 2994 1014 3048 multas
1046 2993 1225 3047 turbas
1255 2993 1332 3047 ire
1370 3000 1489 3061 post
1515 2991 1681 3056 illum,
1711 2991 1830 3060 quia
1858 2990 2121 3066 mirabilia

554 3084 818 3139 faciebat?
840 3083 902 3138 Si
927 3083 1071 3136 illum
1099 3080 1431 3135 dimiserimus
1461 3082 1641 3148 vivum,
1664 3082 1860 3136 venient
1878 3079 2117 3147 Romani,

555 3185 601 3228 et
629 3176 801 3228 toltent
827 3174 969 3227 nobis
994 3182 1040 3225 et
1070 3172 1257 3237 locum,
1285 3180 1329 3226 et
1353 3181 1547 3243 gentem
1572 3171 1748 3239 (Joan.
1774 3187 1852 3238 χι,
1884 3171 2000 3243 48).
2039 3171 2121 3249 Ti-

554 3273 801 3320 muerunt
826 3261 1051 3333 perdere
1082 3271 1296 3328 terram,
1339 3271 1393 3315 et
1430 3262 1603 3317 ierunt
1631 3261 1731 3316 sub
1758 3271 1954 3316 terram
1989 3280 2002 3316 :
2032 3277 2122 3317 ac-

552 3355 680 3409 cidit
726 3355 804 3409 eis
845 3364 897 3409 et
937 3354 1073 3424 quod
1135 3354 1443 3408 timuerunt.
1496 3353 1626 3406 Nam
1679 3352 1799 3409 ideo
1841 3354 2121 3409 voluerunt

551 3446 813 3502 Christum
840 3445 1105 3512 occidere,
1128 3459 1196 3499 ne
1222 3454 1414 3500 terram
1446 3442 1754 3514 perderent;
1784 3454 1838 3499 et
1864 3445 1983 3501 ideo
2010 3454 2120 3501 ter-

548 3556 661 3595 ram
692 3538 1051 3608 perdiderunt,
1098 3538 1218 3608 quia
1256 3536 1522 3591 Christum
1564 3536 1889 3591 occiderunt.
1929 3537 2119 3594 Occiso

549 3631 689 3685 enim
719 3627 950 3695 Christo,
986 3628 1107 3697 quia
1136 3626 1339 3682 dixerat
1369 3625 1470 3680 illis
1511 3626 1624 3695 ipse
1653 3626 1930 3693 Dominus,
1961 3628 2118 3698 Aufe-

548 3733 684 3777 retur
720 3739 750 3775 τι
778 3721 911 3776 vobis
950 3736 1176 3791 regnum,
1228 3729 1271 3773 et
1301 3718 1528 3772 tradetur
1568 3720 1702 3788 genti
1741 3719 1943 3787 facienti
1958 3720 2116 3788 justi-

549 3814 669 3866 tiam
699 3812 910 3882 (Matth.
945 3827 1059 3875 xxr,
1089 3809 1204 3881 45),
1238 3817 1430 3864 secutae
1460 3817 1581 3863 sunt
1607 3808 1724 3863 illos
1747 3825 1949 3879 magna:
1972 3810 2115 3864 cala-

546 3907 757 3959 mitates
808 3904 1257 3973 persecutionum.
1310 3901 1565 3984 vicerunt
1609 3902 1727 3957 illos
1770 3904 2116 3974 imperatores

548 3996 794 4061 Romani,
819 4004 873 4050 et
910 4010 1060 4064 reges
1084 3994 1319 4064 gentium
1346 4010 1359 4045 :
1383 3993 1583 4049 exclusi
1620 4004 1740 4049 sunt
1769 3995 1835 4050 de
1864 3996 1978 4065 ipso
2001 3998 2115 4052 loco

545 4090 635 4144 ubi
665 4087 1355 4154 cruciﬁxeruntChrismm;
1386 4095 1440 4144 et
1464 4088 1623 4143 modo
1642 4089 1788 4144 locus
1817 4091 1903 4146 ille
1928 4092 2114 4161 plenus

548 4192 628 4237 est
659 4178 1020 4238 laudatoribus
1045 4178 1368 4242 christianis,
1406 4179 1609 4232 nullum
1637 4179 1877 4234 Judaeum
1920 4183 2109 4248 habet;

546 4272 718 4329 caruit
762 4269 988 4325 inimicis
1037 4269 1268 4334 Christi,
1320 4270 1566 4340 impletus
1617 4280 1698 4326 est
1751 4271 2113 4329 laudatoribus

546 4365 761 4421 Christi.
805 4364 941 4417 Ecce
992 4360 1335 4444 perdiderunt
1386 4377 1415 4414 a
1452 4362 1705 4417 Romanis
1741 4364 1935 4430 locum,
1988 4366 2110 4435 quia

545 4458 815 4513 Christum
836 4451 1161 4514 occiderunt,
1190 4450 1278 4520 qui
1308 4459 1581 4521 propterea
1604 4452 1912 4508 occiderunt
1939 4470 2005 4509 ne
2035 4455 2112 4509 lo-

544 4564 663 4601 cum
704 4563 732 4600 a
776 4543 1027 4601 Romanis
1071 4541 1371 4613 perderent.
1401 4540 1562 4612 Ergo,
1607 4543 1881 4598 introibant
1918 4544 1971 4598 in
2010 4545 2112 4600 ima

545 4649 709 4695 terra.

544 4790 547 4795 ,
617 4731 703 4786 19.
744 4730 891 4803 [vers.
927 4727 1038 4802 1L]
1078 4725 1363 4782 Tradentur
1403 4724 1457 4779 in
1493 4742 1671 4781 manus
1698 4725 1877 4798 gladii.
1906 4728 2109 4786 Revera

544 4816 624 4876 sic
651 4816 755 4874 illis
779 4821 1053 4876 visibiliter
1090 4818 1309 4889 contigit
1334 4833 1349 4882 ;
1399 4817 1681 4888 expugnati
1710 4828 1833 4872 sunt
1863 4819 2112 4875 irruenti-

546 4916 642 4968 bus
660 4911 920 4966 hostibus.
949 4910 1126 4965 Partes
1148 4910 1372 4980 vulpium
1394 4917 1553 4962 erunt.
1587 4907 1782 4978 Vulpes
1805 4909 1933 4963 dicit
1958 4925 2109 4980 reges

542 5004 744 5071 sznculi,
770 5003 862 5073 qui
888 5014 1011 5056 tunc
1034 5003 1245 5057 lucrum
1262 5000 1473 5071 quando
1500 4999 1761 5073 debellata
1781 5009 1873 5058 est
1900 4998 2105 5056 Judzea.

542 5097 850 5161 Auditehut
894 5094 1148 5148 noveritis
1186 5103 1240 5147 et
1285 5091 1589 5162 intelligatis
1633 5091 1753 5160 quia
1795 5091 1939 5160 ipsos
1982 5090 2111 5146 dicit

539 5192 743 5260 vulpes.
773 5184 1034 5242 Herodem
1089 5200 1265 5254 regem
1311 5186 1424 5253 ipse
1479 5183 1732 5238 Dominus
1757 5184 1971 5253 vulpem
2015 5197 2109 5252 ap-

541 5281 752 5355 pellavit
777 5297 790 5334 :
821 5276 915 5338 Ite,
944 5276 1129 5345 inquit,
1153 5284 1199 5329 et
1228 5276 1373 5329 dicite
1392 5276 1532 5345 vulpi
1553 5276 1627 5329 illi
1657 5274 1810 5343 (Luc.
1842 5291 1953 5338 xm,
1983 5274 2101 5344 52).

541 5371 746 5437 Videte;
794 5378 849 5426 et
886 5365 1160 5430 attendite,
1212 5363 1400 5418 fratres
1443 5366 1545 5418 mei
1573 5364 1879 5419 :Christum
1926 5380 2105 5435 regem

540 5466 734 5520 habere
776 5461 1078 5520 noluerunt,
1122 5465 1174 5509 et
1221 5464 1396 5523 partes
1432 5455 1669 5522 vulpium
1741 5454 1866 5509 facti
1921 5460 2102 5510 sunt‘.

536 5555 752 5625 Quantis
781 5550 923 5629 enim
942 5548 1142 5605 Pilatus
1168 5559 1385 5608 przeses.
1414 5545 1467 5598 in
1493 5544 1674 5601 .ludaea
1702 5545 1927 5613 legatus,
1959 5547 2103 5600 occi-

535 5649 612 5701 dit
630 5646 896 5702 Christum
920 5657 983 5696 ex
1000 5647 1214 5694 voctbus
1230 5634 1552 5702 Judmorum,
1573 5635 1704 5690 dixit
1724 5635 1851 5705 ipsis
1869 5635 2067 5699 iudicis
2087 5655 2099 5690 :

540 5768 546 5774 θ
600 5802 619 5832 ⁵
652 5808 744 5853 Hoc
765 5799 868 5853 loco
883 5810 1053 5849 omnes
1072 5803 1177 5848 Mss.
1222 5794 1371 5848 secuti
1390 5800 1516 5846 sunt.

1783 320 1840 379 5.
1881 321 2242 379 AUGUSTINI
2280 324 2576 382 EPISCOPI

2240 437 2428 508 Regem
2472 451 2685 495 vestrum
2725 445 3015 519 cruci/igni»
3036 447 3065 501 .’
3100 445 3228 514 Quia
3263 449 3517 528 dicebatur
3552 474 3633 515 rex
3655 462 3738 517 lu-

2232 529 2491 598 daeorum,
2520 542 2574 588 et
2611 550 2768 592 verus
2796 553 2888 593 rex
2914 539 3048 608 ipse.
3098 541 3162 594 Et
3187 541 3258 597 illi
3299 546 3591 615 repellentes
3610 551 3738 609 Chri-

2226 631 2393 689 stum,
2424 623 2667 680 dixerunt
2697 644 2710 679 :
2750 627 2860 683 Nos
2898 646 2998 684 non
3037 631 3273 687 habemus
3305 652 3461 706 regem
3484 640 3571 693 nisi
3596 642 3738 697 Cesa-

2231 728 2336 765 rem
2376 711 2553 782 (Joan.
2584 730 2703 780 κη.
2734 718 2842 777 15).
2890 718 3212 789 Rejeeerunt
3243 739 3460 793 agnum;
3502 727 3740 800 elegerunt

2233 800 2443 869 vulpem
2469 819 2485 868 ;
2513 805 2702 858 merito
2729 818 2903 874 partes
2932 809 3162 878 vulpium
3193 812 3309 865 facti
3335 824 3472 868 sunt.

2300 891 2391 946 20.
2433 891 2580 965 [νει-ε.
2631 894 2740 968 12]
2809 898 2919 952 Rea:
2971 915 3084 954 vero
3112 916 3132 954 :
3158 900 3276 956 ideo
3319 903 3392 957 ita
3431 906 3637 972 positum
3677 924 3744 967 est

2232 981 2353 1051 quia
2404 982 2477 1037 illi
2507 985 2715 1055 vulpem
2758 987 3053 1057 elegerunt,
3101 1005 3277 1061 regem
3317 1009 3445 1049 vero
3482 997 3744 1056 noluerunt.

2230 1070 2346 1125 Rea:
2366 1089 2482 1127 vero
2508 1089 2528 1128 :
2559 1074 2608 1129 id
2639 1085 2722 1130 est
2748 1091 2907 1132 verus
2927 1094 3047 1144 rex,
3070 1081 3152 1134 cui
3177 1081 3355 1138 titulus
3383 1084 3645 1155 inscriptus
3659 1102 3744 1154 est,

2230 1163 2441 1231 quando
2469 1180 2655 1233 passus
2683 1177 2788 1221 est.
2832 1167 2961 1222 Nam
3001 1169 3203 1226 Pilatus
3237 1173 3375 1229 hunc
3399 1177 3594 1232 titulum
3617 1195 3750 1250 super

2229 1260 2389 1320 caput
2412 1252 2526 1323 ejus
2548 1254 2855 1325 inscriptum
2891 1262 3082 1327 posuit,
3120 1260 3227 1316 Rex
3245 1261 3548 1335 Judteorum,
3572 1268 3751 1328 hebrus

2231 1341 2428 1413 lingua,
2457 1360 2650 1414 graeca,
2674 1357 2728 1402 et
2757 1347 2922 1404 latina
2949 1367 2962 1403 :
2994 1362 3046 1405 ut
3069 1367 3255 1408 omnes
3282 1356 3371 1425 qui
3403 1360 3666 1416 transirent
3688 1363 3752 1417 le-

2228 1445 2416 1503 gerent
2440 1438 2659 1507 gloriam
2693 1441 2853 1511 regis,
2876 1452 2930 1497 et
2956 1443 3297 1514 ignominiam
3326 1448 3548 1516 ipsorum
3568 1451 3751 1510 indago-

2228 1540 2366 1592 rum,
2394 1529 2483 1597 qui
2511 1529 2810 1599 rejicientes
2830 1549 3016 1589 verum
3059 1550 3261 1614 regem,
3290 1539 3555 1610 elegerunt
3575 1544 3753 1614 vulpem

2228 1616 2511 1672 Cmsarem.
2558 1618 2672 1676 Rea:
2716 1639 2830 1677 vero
2864 1626 3113 1680 [relabitur
3150 1628 3203 1681 in
3233 1612 3359 1683 beo.
3408 1632 3483 1686 Illi
3510 1632 3620 1689 facti
3653 1612 3753 1691 sunt

2228 1718 2407 1775 partes
2428 1709 2657 1779 vulpium
2688 1730 2700 1764 :
2734 1711 2844 1767 Rea:
2871 1730 2985 1769 vero
3011 1717 3258 1772 [relabitur
3278 1719 3331 1774 in
3360 1719 3480 1777 Deo.
3501 1723 3652 1791 Quem
3672 1726 3758 1782 sibi

2229 1801 2327 1855 visi
2377 1811 2501 1857 sunt
2541 1805 2690 1873 quasi
2738 1822 3026 1876 .superasse
3073 1824 3193 1864 eum
3235 1811 3611 1883 cruciﬁgerent,
3654 1827 3752 1872 tunc

2228 1890 2510 1946 cruciﬁxus
2550 1894 2681 1949 ludit
2709 1897 2934 1965 pretium
2976 1913 3080 1969 quo
3115 1901 3244 1954 emit
3289 1903 3470 1958 orbem
3511 1915 3753 1971 terrarum.

2228 1981 2342 2037 Rea:
2366 2002 2479 2039 vero
2502 1985 2757 2052 (relabitur
2785 1990 2837 2042 in
2866 1989 2970 2045 Deo
2993 2007 3012 2045 :
3042 1993 3334 2048 laudabitur
3358 1998 3516 2051 omnis
3537 1999 3613 2068 qui
3634 2000 3751 2069 jurnt

2200 2074 2279 2149 in
2316 2076 2446 2145 ipso.
2493 2076 2688 2143 Quare,
2719 2079 3013 2137 laudabitur
3056 2085 3218 2138 cumis
3266 2087 3354 2156 qui
3380 2088 3518 2159 jurat
3554 2089 3602 2142 in
3633 2090 3751 2159 ipsa!

2228 2166 2360 2232 Quia
2400 2168 2498 2222 sibi
2520 2169 2679 2238 elegit
2706 2170 2998 2239 Christum,
3030 2189 3136 2229 non
3160 2176 3409 2246 vulpem;
3438 2179 3552 2248 quia
3578 2179 3755 2249 quando

2206 2257 2301 2311 'itli
2324 2257 2487 2313 Judaei
2517 2260 2920 2330 iusultaverunt,
2954 2274 3081 2321 tunc
3105 2267 3257 2322 dedit
3284 2268 3374 2324 ille
3399 2270 3531 2325 unde
3558 2271 3749 2327 redime-

2227 2365 2426 2404 remur.
2454 2352 2536 2407 Ad
2565 2354 2763 2423 ipsum~
2783 2371 2911 2428 ergo
2940 2359 3274 2428 pertinemus
3303 2361 3395 2431 qui
3429 2378 3525 2418 nos
3548 2363 3748 2427 redemit,

2226 2439 2313 2509 qui
2347 2455 2442 2509 pro
2468 2442 2620 2498 nobis
2661 2445 2913 2501 mundum
2942 2447 3084 2513 vicit,
3121 2464 3229 2505 non
3259 2464 3461 2506 armato
3487 2452 3653 2516 milite,
3676 2452 3750 2507 sed

2226 2527 2377 2582 irrisa
2416 2544 2596 2585 cruce.
2642 2533 2755 2588 Rea:
2800 2551 2915 2589 vero
2961 2536 3214 2591 lwtabitur
3256 2539 3309 2593 in
3351 2539 3751 2595 Deo:laudabitur

2226 2621 2389 2674 omnis
2412 2623 2501 2691 qui
2514 2623 2661 2692 jurat
2685 2626 2736 2680 in
2757 2627 2890 2695 ipso.
2913 2627 3043 2694 Quis
3064 2628 3211 2698 jurat
3243 2631 3295 2685 in
3325 2631 3426 2687 eo?
3452 2632 3545 2701 Qui
3570 2633 3749 2703 pollice-

2226 2715 2312 2762 tur
2346 2710 2393 2764 ei
2432 2711 2591 2795 vitam
2631 2728 2803 2780 suam,
2848 2718 2938 2786 qui
2976 2727 3131 2772 vovet
3179 2719 3258 2773 illi
3291 2728 3344 2776 et
3385 2722 3567 2789 reddit,
3604 2722 3679 2791 qui
3705 2721 3753 2775 ﬁt

2225 2799 2584 2857 Christianus:
2619 2804 2719 2859 hoc
2755 2815 2836 2860 est
2874 2808 3012 2877 quod
3042 2808 3136 2870 ait,
3169 2810 3486 2867 Laudabitur
3517 2814 3659 2867 omnis
3679 2810 3751 2881 qui

2215 2891 2361 2961 jurat
2397 2893 2448 2947 in
2476 2895 2605 2965 ipso.
2636 2896 2887 2962 Quoniam
2923 2902 3206 2972 appilatum
3256 2915 3330 2960 est
3369 2923 3425 2961 os
3488 2906 3752 2977 loqumtiuut

2224 2982 2414 3053 iniqua.
2436 2983 2643 3052 Quanta
2670 2989 2844 3059 iniqua
2862 2990 3021 3046 locuti
3054 3003 3177 3049 sunt
3198 2994 3410 3051 Judazi?
3433 2997 3616 3064 Quanta
3641 2996 3751 3049 mala

2223 3074 2493 3145 dixerunt,
2527 3092 2631 3133 non
2670 3081 2841 3135 solum
2870 3082 3208 3156 Judaei,‘sed
3246 3096 3302 3141 et
3339 3082 3518 3142 omnes
3544 3088 3621 3157 qui
3648 3100 3749 3156 pro-

2225 3175 2343 3235 pter
2368 3167 2503 3222 idola
2533 3168 2863 3226 Christianos
2890 3177 3155 3243 persecuti
3176 3178 3345 3233 sunt?
3370 3178 3579 3246 Quando
3597 3177 3751 3233 saevieo

2223 3253 2353 3311 bant
2400 3258 2451 3312 in
2503 3259 2856 3329 Christianos,
2905 3266 3158 3334 putabant
3201 3269 3349 3338 quod
3390 3277 3593 3340 possent
3626 3268 3750 3322 linire

2222 3340 2582 3405 Christianos:
2602 3369 2723 3408 cum
2748 3356 3000 3424 putabant
3022 3358 3162 3427 quod
3191 3370 3415 3429 possent
3440 3362 3599 3424 ﬁnire,
3621 3358 3745 3414 Chri-

2222 3440 2378 3493 stiani
2407 3453 2706 3509 creverunt,
2740 3455 2795 3501 et
2823 3432 2920 3515 ipsi
2956 3445 3089 3501 ﬁniti
3130 3460 3284 3506 sunt.
3312 3451 3594 3523 Oppilatum
3615 3461 3677 3505 est
3704 3466 3753 3503 os

2222 3530 2529 3599 loquentium
2567 3535 2761 3606 iniqua.
2808 3536 2978 3593 Nemo
3020 3539 3181 3595 audet
3219 3542 3383 3596 modo
3413 3543 3604 3612 publice
3634 3539 3748 3610 loqui

2220 3630 2405 3679 contra
2460 3623 2768 3684 Christum:
2820 3629 2929 3698 jam
2986 3646 3172 3687 omnes
3234 3635 3422 3688 timent
3478 3633 3748 3689 Christum:

2223 3712 2776 3787 Quoniam'oppilatum
2802 3730 2875 3772 est
2900 3736 2957 3774 os
2987 3719 3297 3791 loquentium
3351 3724 3536 3794 iniqua.
3565 3720 3749 3791 Quando

2221 3807 2273 3861 in
2316 3808 2620 3864 inﬁrmitate
2672 3813 2852 3880 Agnus
2901 3823 3035 3872 erat.
3090 3814 3252 3870 etiam
3302 3818 3485 3887 vulpes
3526 3814 3751 3871 audebant

2219 3909 2400 3953 contra
2424 3902 2649 3971 Agnum.
2684 3902 2820 3956 Vicit
2848 3903 2957 3958 Leo
2984 3904 3049 3958 de
3080 3904 3223 3959 tribu
3251 3906 3385 3961 Juda
3424 3908 3594 3979 (Apoc.
3618 3922 3663 3969 v,
3687 3905 3753 3968 5),

2218 4000 2273 4044 et
2313 3991 2570 4046 siluerunt
2609 3992 2836 4063 vulpes:
2869 3994 3117 4060 Quoniam
3159 4000 3447 4067 oppilatum
3481 4006 3549 4052 est
3574 4012 3648 4050 eos
3686 3996 3747 4047 lo-

2216 4082 2470 4156 quentium
2499 4082 2689 4152 iniqua.

2646 4294 2729 4356 IN
2775 4290 2861 4356 PS
2871 4292 3152 4354 ALMUM
3180 4294 3390 4356 LXIII

2612 4399 2630 4413 θ
2805 4440 2940 4499 ENA
2951 4438 3226 4495 “RATIO.

2733 4588 2906 4630 SBRIO
2929 4590 2996 4659 μ)
3022 4584 3253 4630 νιειιειι.

2287 4686 2339 4741 1.
2385 4685 2653 4741 Passionis
2702 4696 3004 4741 sanctorum
3072 4695 3373 4757 martyrum
3434 4680 3571 4736 diem
3626 4675 3759 4732 hodie

2216 4774 2407 4831 festum
2434 4777 2708 4843 habentes,
2736 4777 2789 4830 in
2815 4790 2998 4831 eorum
3026 4777 3404 4833 recordatione
3427 4771 3753 4847 gaudeamust

2215 4868 2509 4923 recolentes
2536 4868 2659 4937 quid
2691 4867 3042 4937 patiebantur,
3072 4876 3125 4923 et
3164 4867 3527 4938 intelligentes
3552 4861 3665 4935 quid
3687 4861 3755 4915 ἰη-

2213 4959 2513 5014 tuebantur.
2543 4958 2818 5028 Nunquam
2846 4959 2985 5013 enim
3031 4967 3207 5013 tantas
3234 4960 3599 5016 tribulationes
3623 4963 3756 5008 carne

2214 5050 2501 5105 tolerarent
2517 5092 2531 5116 ,
2569 5050 2668 5103 nisi
2687 5064 2929 5120 magnam
2954 5049 3188 5121 quietem
3214 5061 3399 5106 mente
3427 5049 3752 5118 conciperent-

2214 5141 2365 5196 Hunc
2390 5142 2564 5210 itaque
2590 5140 2848 5210 psalmum
2867 5155 2961 5210 pro
2985 5141 3095 5210 ipsa
3125 5141 3469 5196 solemnitate
3491 5147 3752 5195 curramus-

2217 5234 2477 5290 Hestcrno
2505 5232 2646 5288 enim
2685 5233 2770 5286 die
2820 5234 2981 5287 multa
3026 5234 3230 5289 audivit
3272 5232 3516 5289 Charitas
3573 5238 3750 5288 vestra.

2211 5339 2313 5380 nec
2361 5322 2518 5378 hodie
2568 5331 2742 5377 tamen
2791 5322 2914 5378 huic
2964 5324 3231 5379 festivitati
3277 5340 3472 5395 negare
3517 5320 3753 5393 potuimus

2212 5427 2446 5473 nostram
2471 5419 2800 5473 servitutem.
2831 5417 3009 5488 Itaque
3035 5419 3282 5489 quoniam
3316 5419 3543 5472 maxime
3567 5406 3747 5470 Domini

2212 5511 2390 5582 passio
2427 5510 2828 5566 commendatur
2858 5512 2908 5565 in
2941 5511 3039 5565 hoc
3070 5512 3272 5581 psalmo
3294 5552 3310 5571 .
3356 5525 3454 5564 nec
3497 5506 3752 5577 potuerunt

2212 5617 2330 5657 esse
2356 5600 2519 5655 fortes
2546 5609 2826 5672 martyres,
2856 5602 2955 5656 nisi
2983 5603 3311 5656 intuerentur
3326 5615 3444 5654 eum
3467 5598 3552 5668 qui
3576 5594 3749 5665 primus

2211 5708 2399 5762 passus
2440 5700 2550 5755 est;
2597 5706 2696 5746 nec
2726 5690 2860 5745 talia
2885 5692 3206 5747 sustinerent
3229 5692 3287 5745 in
3312 5690 3582 5759 passione,
3605 5681 3757 5753 qua“!

2214 5785 2322 5851 ille,
2354 5782 2454 5839 nisi
2481 5783 2602 5838 talia
2631 5792 2904 5854 sperarent
2933 5784 2991 5839 in
3015 5782 3420 5842 resurrectione
3440 5825 3453 5849 ,
3478 5779 3637 5854 qualia
3666 5776 3757 5845 ipsc
