4022 6200
297 399 385 453 761

297 511 361 566 de
406 527 466 566 se
503 511 877 568 demonstravit
930 528 944 564 :
998 510 1144 564 novit
1185 517 1357 564 autem
1383 509 1644 564 Sanctitas
1674 508 1860 563 Vestra

298 613 452 670 caput
497 615 732 657 nostrum
770 617 886 656 esse
930 600 1206 654 Dominum
1243 608 1478 654 nostrum
1503 600 1682 654 Jesum
1710 599 1863 653 Chri-

295 705 432 748 stum
458 734 473 758 ,
516 708 803 761 omnesque
845 691 916 745 illi
962 692 1286 744 cohaerentes
1317 690 1552 743 membra
1583 704 1700 743 esse
1725 690 1864 742 illius

298 786 514 855 capitis;
545 784 760 854 ejusque
786 798 963 837 vocem
989 782 1096 852 jam
1127 782 1330 836 habetis
1352 781 1705 846 notissimam,
1731 795 1855 850 qu0«
1935 801 1944 810 α

296 879 436 932 uiam
464 891 566 929 nou
590 893 654 930 ex
680 877 792 930 solo
821 875 1007 942 capite,
1037 873 1128 928 sed
1160 873 1319 928 etiam
1347 888 1413 927 ex
1438 888 1661 940 corpore
1687 872 1858 940 loqui-

296 979 413 1032 tur;
440 983 702 1037 vocesquc
720 966 834 1036 ejus
851 983 952 1019 non
976 975 1174 1019 tantum
1193 965 1362 1034 ipsum
1382 963 1657 1017 Dominum
1680 963 1857 1018 Jesum

292 1058 581 1122 Christum,
613 1059 699 1127 qui
727 1056 833 1126 jam
860 1055 1095 1111 ascendit
1124 1056 1173 1108 in
1200 1056 1390 1110 caelum
1413 1095 1426 1121 ,
1459 1055 1542 1109 vel
1567 1055 1862 1124 signiﬁcant

293 1148 376 1202 vel
404 1147 714 1218 prmdieaut,
739 1147 830 1201 sed
849 1146 1006 1201 etiam
1032 1147 1146 1214 ejus
1167 1147 1398 1200 membra
1417 1154 1571 1213 caput
1592 1146 1860 1221 proprium

293 1245 579 1295 secutura‘:
610 1253 955 1307 agnoscamus
996 1238 1079 1290 hic
1123 1253 1225 1290 non
1266 1237 1434 1290 solum
1469 1237 1607 1290 illius
1637 1249 1817 1288 vocem
1844 1276 1858 1300 ,

292 1329 385 1384 sed
418 1338 472 1384 et
511 1339 765 1382 nostram.
802 1329 866 1382 Et
907 1343 1062 1382 nemo
1095 1328 1232 1381 dicat
1259 1327 1397 1398 quod
1425 1327 1581 1381 hodie
1611 1328 1661 1380 in
1695 1327 1860 1380 tribu-

292 1419 490 1474 latione
517 1420 816 1488 passionum
849 1435 951 1472 non
978 1433 1178 1472 sumus.
1205 1418 1425 1487 Semper
1447 1420 1615 1471 ‘euim
1644 1416 1863 1470 audistis

292 1511 413 1575 hoc,
444 1511 565 1580 quia
595 1509 699 1564 illis
728 1509 1050 1577 temporibus
1093 1508 1325 1563 Ecclesia
1372 1509 1518 1578 quasi
1565 1506 1859 1561 tota-simul

292 1604 681 1675 impellebatur,
711 1619 846 1657 nunc
866 1613 1040 1657 autem
1069 1618 1161 1672 per
1185 1603 1419 1672 singulos
1450 1610 1697 1656 tentatur.
1727 1599 1885 1653 Alli--

291 1687 445 1765 'gatus
467 1705 546 1749 est
575 1694 786 1764 quidem
817 1694 1074 1759 diabolus,
1105 1709 1168 1747 ne
1199 1691 1356 1747 faciat
1383 1701 1636 1762 quantum
1669 1699 1857 1758 potest,

295 1804 364 1842 ne
393 1787 547 1842 faciat
573 1795 822 1857 quantum
860 1787 1001 1851 vult;
1044 1795 1217 1839 tamen
1259 1795 1457 1838 tantum
1490 1793 1693 1838 tentare
1727 1783 1858 1836 sini-

298 1890 404 1944 tur,
419 1891 668 1950 quantum
683 1879 895 1949 expedit
915 1878 1324 1948 proﬁcientibus.
1346 1878 1459 1932 Non
1480 1878 1628 1931 nobis
1651 1894 1709 1932 ex
1720 1877 1859 1946 pedit

296 1985 414 2025 esse
449 1974 563 2025 sine
597 1969 970 2025 tentationibus
1003 1987 1016 2023 :
1047 1984 1144 2023 nec
1173 1982 1417 2039 rogemus
1457 1968 1620 2021 Deum
1663 1977 1720 2020 ut
1756 1981 1859 2021 non

296 2072 576 2127 teutemur,
605 2063 696 2117 sed
725 2071 782 2116 ut
809 2077 911 2116 non
933 2061 1241 2114 indocamur
1269 2059 1320 2112 iu
1349 2058 1711 2114 teutationem.

361 2154 414 2205 2.
449 2150 596 2225 [vers.
624 2151 703 2225 2.]
733 2153 974 2206 Dicamus
1000 2166 1126 2220 ergo
1151 2158 1203 2204 et
1231 2165 1324 2202 nos
1355 2168 1369 2202 :
1403 2147 1604 2202 Exaudi
1629 2187 1643 2212 ,
1674 2147 1813 2202 Deus
1838 2191 1854 2214 ,

291 2242 566 2296 orationem
592 2235 772 2306 meam,
805 2241 926 2294 dum
945 2241 1153 2294 tribulor
1173 2242 1192 2270 ²
1225 2256 1237 2291 :
1267 2255 1298 2291 α
1324 2240 1501 2292 timore
1527 2239 1720 2292 inimici
1745 2254 1861 2290 erue

288 2335 512 2387 animam
551 2350 731 2386 meam.
771 2332 1064 2387 Szevierunt
1095 2331 1288 2384 inimici
1331 2330 1382 2382 in
1414 2341 1702 2399 martyres;
1735 2327 1859 2396 quid

289 2428 474 2480 orabat
503 2426 599 2480 ista
628 2441 729 2480 vox
755 2425 993 2495 corporis
1020 2423 1246 2478 Christi?
1271 2423 1382 2477 Hoc
1402 2422 1604 2488 orabat,
1630 2429 1687 2475 ut
1707 2436 1852 2475 erue-

288 2529 473 2574 reutur
498 2520 566 2574 ab
593 2519 843 2582 inimicis,
895 2526 949 2572 et
985 2533 1088 2570 non
1117 2531 1208 2569 eos
1237 2524 1450 2585 possent
1482 2513 1724 2568 occidere
1755 2513 1856 2566 ini-

286 2611 434 2664 mici.
475 2611 610 2678 Ergo
637 2609 866 2664 exauditi
898 2623 1000 2662 non
1031 2619 1191 2669 sunt,
1231 2607 1351 2677 quia
1400 2605 1559 2660 occisi
1604 2615 1759 2671 sunt;
1807 2614 1860 2660 et

285 2702 518 2755 deseruit
551 2701 688 2755 Deus
711 2699 966 2754 contritos
992 2699 1154 2754 corde
1181 2712 1362 2752 servos
1391 2713 1534 2764 suos,
1561 2706 1618 2767 et
1642 2713 1859 2766 speran-

285 2801 368 2846 tes
403 2791 455 2846 in
497 2808 555 2847 se
591 2792 865 2862 despexit?
891 2792 1060 2845 Absit.
1094 2790 1218 2855 Quis
1243 2791 1374 2843 enim
1403 2790 1644 2842 invocavit
1682 2787 1860 2842 Domi-

283 2901 427 2950 num,
451 2895 495 2937 et
519 2884 781 2937 derelictus
808 2883 916 2936 est?
939 2884 1050 2951 quis
1079 2884 1295 2950 speravit
1322 2883 1373 2934 in
1397 2897 1530 2948 eum,
1563 2889 1607 2934 et
1636 2881 1856 2934 desertus

281 2983 356 3027 est
381 2972 442 3025 ab
468 2989 525 3026 eo
558 2971 743 3042 (Eccli.
776 2988 834 3038 ιι,
869 2972 951 3035 ll,
987 2971 1077 3040 l9.)
1098 2973 1121 3024 ’ξ
1151 2970 1583 3025 Exaudiebautur
1609 2986 1735 3040 ergo
1756 3009 1773 3036 ,
1803 2981 1856 3024 et

281 3063 695 3127 occidebantur;
726 3074 780 3118 et
805 3071 979 3117 tamen
1021 3063 1088 3116 ab
1127 3062 1354 3117 inimicis
1381 3062 1721 3117 eruebautur.
1754 3062 1856 3116 Alii

283 3156 533 3209 timentes
557 3155 978 3221 consentiebant,
1007 3164 1059 3209 et
1085 3155 1356 3219 vivebant;
1388 3163 1442 3209 et
1467 3164 1640 3208 tamen
1663 3153 1761 3222 ipsi
1788 3154 1857 3209 ab

279 3248 510 3301 inimicis
548 3248 984 3301 absorbebantur.
1021 3245 1192 3302 Occisi
1226 3248 1568 3312 eruebantur,
1612 3248 1855 3302 viventes

276 3340 716 3394 absorbebantur.
749 3339 877 3394 Inde
920 3349 1003 3394 cst
1052 3349 1106 3395 et
1153 3339 1242 3393 illa
1285 3355 1384 3392 vox
1432 3329 1799 3408 gratulationis
1837 3357 1852 3394 :

281 3430 518 3484 Forsitan
544 3432 674 3485 vivos
694 3431 1054 3485 absorbuissent
1084 3447 1173 3486 nos
1203 3430 1368 3500 (Psal.
1388 3439 1567 3491 cxxtn;
1597 3432 1670 3501 5).
1705 3430 1852 3484 Mulli

273 3522 536 3591 absorpti,
567 3531 621 3577 et
646 3523 748 3576 vivi
780 3523 1042 3591 absorpti;
1075 3523 1223 3576 multi
1250 3523 1440 3576 mortui
1471 3522 1724 3592 absorpti.
1751 3522 1849 3589 Qui

273 3622 596 3682 putaverunt
626 3613 834 3666 inanem
866 3628 983 3666 esse
1022 3612 1179 3666 Iidem
1215 3612 1554 3666 christianam
1587 3653 1601 3677 ,
1659 3611 1849 3664 mortui

270 3704 514 3771 absorpti
537 3703 793 3770 sunt:qui
816 3711 988 3755 autem
1019 3702 1246 3756 scientes
1265 3703 1537 3768 veritatem
1566 3716 1686 3755 esse
1716 3716 1853 3768 pra)-

269 3792 1182 3862 dieatiouemEvangelii,Christum
1208 3806 1328 3845 eSse
1358 3791 1542 3843 Filium
1561 3791 1649 3844 Dei
1672 3791 1849 3843 scien-

272 3899 378 3950 tes,
405 3883 580 3938 ethoc
604 3883 902 3945 credentes,
921 3882 1096 3936 ethoc
1121 3883 1260 3935 intus
1290 3890 1547 3943 tenentes,
1576 3892 1850 3935 cesserunt

269 3987 458 4030 tamen
479 3975 768 4038 doloribus,
785 3985 836 4027 et
855 3973 1008 4027 idolis
1031 3973 1480 4037 sacriﬁcaverunt,
1497 3973 1596 4026 vivi
1615 3971 1845 4040 absorpti

270 4079 421 4122 sunt.
445 4066 523 4121 llli
549 4066 783 4134 absorpti
819 4047 962 4130 sunt,
1001 4065 1122 4134 quia
1151 4063 1376 4126 mortui;
1404 4063 1477 4116 illi
1505 4072 1679 4116 autem
1725 4064 1845 4132 quia

269 4159 532 4228 absorpti,
548 4157 765 4210 mortui.
788 4155 900 4210 Non
919 4156 1059 4210 enim
1081 4153 1312 4222 absorpti
1339 4153 1515 4208 vivere
1544 4162 1844 4222 potuerunt.

268 4249 517 4320 quamvis
543 4247 645 4301 vivi
673 4246 1104 4300 absorberentur.
1133 4245 1270 4313 Ergo
1303 4243 1402 4297 hoc
1431 4254 1546 4298 orat
1574 4260 1672 4297 vox
1700 4259 1844 4298 mar-

269 4355 474 4415 tyrum,
503 4341 545 4393 Α
575 4341 750 4393 timore
774 4338 961 4392 inimici
991 4353 1105 4390 erue
1140 4337 1358 4388 animant
1397 4352 1556 4388 meam
1593 4352 1610 4388 :
1655 4351 1760 4389 non
1789 4345 1846 4390 ut

267 4451 359 4488 me
390 4449 495 4488 non
533 4432 740 4486 occidat
776 4429 1039 4492 inimicus,
1072 4427 1166 4483 sed
1198 4438 1254 4480 ut
1304 4441 1406 4480 non
1458 4427 1668 4494 timeam
1699 4430 1842 4482 occi-

265 4526 486 4581 dentem
515 4524 803 4577 inimicum.
839 4521 946 4590 Hoc
970 4521 1156 4575 oratiu
1177 4519 1604 4587 Psalmoimpleri
1632 4532 1837 4582 Servus,

264 4618 412 4689 quod
443 4616 600 4671 modo
621 4615 836 4685 jubebat
868 4615 916 4667 in
940 4613 1227 4682 Evangelio
1246 4609 1664 4676 Dominus.Quid
1686 4610 1842 4665 modo

260 4713 486 4783 iubebat
505 4709 788 4764 Dominus?
807 4706 978 4761 Nolite
995 4707 1164 4759 timere
1179 4722 1260 4759 eos
1279 4705 1362 4776 qui
1381 4720 1564 4773 corpus
1583 4703 1834 4766 oc'cidunt,

261 4808 491 4860 animum
519 4813 682 4858 autem
721 4817 819 4854 non
861 4808 1064 4868 possunt
1101 4795 1361 4859 occidere;
1401 4795 1489 4848 sed
1516 4812 1630 4849 eum
1675 4795 1840 4863 potius

262 4901 436 4952 timete
460 4896 546 4966 qui
575 4896 718 4948 habet
749 4898 1056 4963 potestatem,
1085 4897 1130 4940 et
1156 4889 1395 4948 animam,
1438 4895 1482 4943 et
1520 4902 1704 4953 corpus
1744 4902 1832 4938 oc-

259 4991 433 5044 cidere
472 4988 526 5041 in
561 4986 786 5057 gehenna
814 4982 943 5052 ignis
969 4979 1179 5048 (Matth.
1212 4995 1244 5032 χ
1263 5019 1278 5044 ,
1307 4979 1422 5046 ἳὸ).
1457 4979 1521 5031 Ει
1547 4979 1788 5046 repetivit
1818 4995 1832 5032 :

260 5080 347 5135 Ita
388 5079 501 5132 dico
536 5077 705 5139 vobis;
732 5089 843 5127 eum
875 5072 1040 5124 timete
1070 5069 1216 5142 (Luc.
1255 5086 1343 5132 xtl,
1374 5070 1448 5138 5).
1480 5069 1577 5134 Qui
1603 5069 1833 5138 suntqui

258 5187 458 5242 Corpus
487 5167 764 5224 occidunt?
793 5163 1014 5218 Inimici.
1047 5161 1180 5230 Quid
1203 5161 1414 5230 jnbebat
1446 5161 1732 5214 Dominus?
1759 5162 1834 5216 Ne

259 5270 596 5321 timcrentur.
633 5259 824 5314 Oretur
852 5272 979 5326 ergo
1027 5265 1082 5309 ut
1132 5263 1341 5324 pnestet
1396 5253 1537 5322 quod
1576 5254 1744 5321 jubet.
1789 5255 1833 5306 Α

257 5362 440 5412 timore
467 5353 656 5408 inimici
684 5367 799 5406 erue
823 5349 1042 5403 animam
1069 5363 1246 5399 meam.
1280 5346 1418 5399 Erue
1452 5360 1536 5398 me
1574 5360 1602 5397 a
1645 5344 1831 5400 timore

259 5451 483 5513 inimici,
536 5456 591 5502 et
630 5443 795 5498 sulnle
839 5440 1012 5496 timori
1057 5446 1167 5492 tuo.
1207 5437 1319 5491 Non
1351 5438 1560 5492 timeam
1590 5453 1711 5491 eum
1737 5439 1824 5507 qui

256 5557 458 5612 Corpus
487 5537 711 5600 occidit;
740 5533 833 5590 sed
871 5534 1083 5587 timeam
1115 5546 1234 5585 eum
1264 5529 1351 5599 qui
1393 5529 1551 5584 habet
1595 5538 1824 5599 potesta-

324 5724 336 5753 ι
376 5719 450 5767 sic
468 5724 568 5765 uss.
593 5721 642 5764 At
661 5713 793 5772 ΗΜ,
815 5722 979 5774 supra.
1212 5773 1242 5774 η
1383 5765 1393 5774 .
1505 5771 1513 5774 .
1549 5763 1560 5774 .

322 5785 340 5812 ³
379 5763 640 5836 ιῇῖᾶέξὲιιπι
659 5763 906 5836 deprecor.
929 5779 984 5822 At
1016 5780 1188 5820 omnes
1209 5773 1335 5829 Mss,
1359 5765 1475 5816 dum
1497 5763 1693 5817 tribulor
1724 5776 1743 5816 :
1775 5773 1824 5815 et

254 5841 324 5894 sic
351 5842 546 5902 legebat
568 5837 785 5888 Hilarius.

1377 395 1767 456 ENARRATIO
1806 395 1870 450 IN
1910 395 2230 459 PSALMUM
2267 402 2444 459 LXIII.

3432 415 3534 474 76!

1974 523 2076 570 tem
2106 527 2152 570 et
2183 532 2376 586 corpus
2428 527 2483 574 et
2511 519 2737 575 animam
2765 522 3005 578 occidere
3031 525 3084 579 in
3111 525 3347 594 gehenna
3378 528 3533 597 ignis.

1969 607 2079 661 Non
2109 611 2249 662 enim
2278 626 2308 664 a
2340 611 2528 667 timore
2553 613 2674 667 volo
2703 629 2822 670 esse
2852 617 3132 680 immunis;
3165 618 3258 672 sed
3286 635 3314 672 a
3347 621 3536 676 timore

1967 696 2163 750 inimici
2195 699 2345 762 liber,
2376 701 2475 754 sub
2507 703 2692 756 timore
2722 705 2926 759 Domini
2955 721 3160 761 servus.

2036 787 2089 840 5.
2120 784 2268 857 [vers.
2298 788 2375 862 5.]
2400 790 2670 846 Protexisti
2705 811 2782 848 me
2800 812 2830 847 a
2859 807 3100 849 conventu
3122 797 3532 866 malignantinm,

1966 891 1998 927 a
2027 877 2342 931 multitudine
2369 883 2678 948 operantium
2705 885 3029 954 iniquitatem.
3047 885 3161 940 Jam
3186 888 3356 956 ipsum
3379 900 3536 958 caput

1967 979 2206 1023 nostrum
2238 970 2553 1028 intueamur.
2584 975 2728 1028 Multi
2759 989 3017 1046 martyres
3051 980 3169 1034 talia
3198 981 3335 1049 passi
3364 992 3487 1035 sunt
3518 999 3532 1035 :

1966 1060 2058 1114 sed
2099 1061 2228 1115 nihil
2269 1063 2343 1116 sic
2377 1064 2551 1118 elucet
2587 1068 2850 1134 quomodo
2890 1080 3047 1139 caput
3097 1082 3421 1142 martyrum:
3464 1073 3534 1127 ibi

1966 1151 2156 1206 melius
2177 1153 2441 1208 intuemur
2461 1156 2597 1224 quod
2631 1158 2700 1209 illi
2735 1161 2936 1232 experti
2978 1171 3118 1215 sunt.
3150 1163 3423 1218 Protectus
3453 1175 3536 1219 est

1967 1256 1995 1293 a
2034 1243 2370 1300 multitudine
2419 1247 2850 1315 malignantium,
2910 1261 3216 1322 protegente
3272 1270 3332 1309 se
3381 1256 3533 1324 Deo,

1966 1342 2274 1402 protegente
2312 1351 2525 1389 carnem
2572 1353 2718 1392 suam
2751 1342 2864 1408 ipso
2893 1341 3028 1396 Filio
3056 1354 3109 1398 et
3137 1343 3351 1400 homine
3377 1352 3533 1414 quem

1964 1425 2181 1493 gerebat
2211 1444 2223 1478 :
2253 1427 2372 1495 quia
2417 1427 2577 1481 Filius
2612 1429 2835 1483 hominis
2873 1440 2983 1494 est,
3013 1442 3067 1485 et
3097 1433 3260 1487 Filius
3286 1435 3377 1490 Dei
3405 1447 3486 1489 est
3515 1451 3532 1501 ;

1967 1513 2132 1568 Filius
2154 1515 2245 1569 Dei
2273 1511 2486 1584 propter
2510 1517 2728 1572 formam
2757 1521 2864 1576 Dei.
2888 1522 3050 1577 Filius
3069 1523 3296 1579 hominis
3324 1535 3536 1594 pr0pter

1965 1603 2186 1659 formam
2215 1607 2352 1660 servi
2385 1607 2636 1679 (Philipp.
2671 1627 2726 1671 ιι,
2746 1612 2839 1664 (iet
2852 1614 2904 1683 7)
2931 1632 2944 1667 :
2975 1613 3172 1669 habens
3203 1616 3253 1668 in
3277 1626 3534 1684 potestate

1966 1711 2164 1766 ponere
2187 1697 2415 1750 animam
2442 1715 2610 1762 suam,
2645 1710 2698 1754 et
2725 1705 2958 1773 recipere
2983 1720 3098 1758 eam
3129 1705 3304 1775 (Joan.
3333 1723 3388 1770 Χ,
3423 1707 3530 1774 l8).

1963 1786 2105 1854 Quid
2125 1787 2171 1841 ci
2202 1797 2488 1855 potuerunt
2512 1788 2685 1844 facere
2713 1791 2906 1846 inimici
2927 1792 2950 1845 ’ἔ
2974 1793 3291 1848 Deciderunt
3318 1811 3530 1864 eorpus;

1964 1879 2190 1932 animam
2233 1896 2335 1934 non
2371 1884 2697 1938 occiderunt.
2729 1885 3004 1941 lnteudite.
3036 1888 3226 1942 Parum
3256 1905 3384 1960 ergo
3416 1898 3532 1943 erat

1965 1967 2189 2024 Domino
2215 1971 2411 2026 hortari
2443 1985 2701 2046 martyres
2728 1977 2913 2042 verbo,
2947 1979 3044 2032 nisi
3089 1978 3319 2034 ﬁrmaret
3346 1995 3534 2034 exem-

1963 2059 2068 2126 plo.
2101 2059 2278 2114 Nostis
2302 2064 2389 2131 qui
2417 2075 2708 2119 conventus
2736 2077 2850 2120 erat
2875 2070 3271 2138 malignantinm
3316 2070 3531 2124 JUtIiBO-

1962 2169 2099 2218 rum,
2132 2164 2185 2208 et
2207 2168 2325 2221 quae
2356 2158 2634 2211 multitudo
2665 2154 2797 2213 erat
2818 2161 3150 2228 operantium
3181 2162 3530 2231 iniquitatem.

1963 2242 2129 2308 Quam
2160 2245 2523 2314 iniquitatem?
2543 2248 2653 2316 Qua
2678 2251 2957 2304 voluerunt
2985 2251 3227 2306 occidere
3254 2254 3530 2307 Demiuum

1962 2333 2142 2400 Iesum
2189 2336 2476 2392 Christum.
2512 2337 2677 2392 Tanta
2725 2356 2877 2408 opera
2916 2343 3063 2406 bona,
3106 2342 3291 2409 inquit,
3339 2344 3532 2396 ostendi
3621 2359 3626 2362 ·

1961 2425 2138 2480 vobis:
2170 2437 2370 2497 praptcr
2407 2430 2539 2497 quod
2582 2431 2759 2483 harant
2786 2448 2863 2484 me
2909 2433 3054 2485 vultis
3099 2433 3320 2504 ocgidere
3343 2431 3530 2504 (Ibid,

1963 2515 2090 2588 32)?
2127 2517 2352 2572 Pertulit
2387 2535 2569 2574 omnes
2600 2520 2838 2576 inﬁrmos
2875 2539 3082 2590 eorum,
3115 2495 3317 2578 curavit
3345 2540 3530 2579 «virtues

1962 2608 2238 2675 languidos
2266 2625 2450 2664 eorum
2470 2654 2484 2676 ,
2513 2613 2818 2680 prtedieavit
2855 2629 3073 2683 regnum
3111 2616 3396 2681 caelorum,
3427 2632 3530 2669 non

1963 2700 2126 2753 tacuit
2153 2701 2276 2754 vitia
2306 2693 2510 2765 eorum,
2539 2713 2595 2756 ιιι
2621 2703 2732 2772 ipsa
2765 2705 2936 2772 potius
2953 2705 3527 2773 cisdisplicercnt,non

1961 2792 2196 2847 medicus
2222 2809 2251 2847 a
2281 2810 2386 2864 quo
2406 2795 2725 2850 sanabautur
2753 2813 2766 2849 :
2800 2797 2880 2850 his
2900 2797 3145 2851 munibus
3163 2792 3522 2853 curationibus

1959 2884 2074 2953 ejus
2102 2887 2312 2966 ingrati,
2344 2897 2588 2958 tanquam
2637 2889 2797 2944 multa
2847 2889 2978 2944 febri
3025 2889 3337 2960 phrenetici,
3382 2892 3526 2946 insa-
3594 2919 3600 2928 ι

1961 2979 2166 3034 nicntes
2195 2980 2246 3034 in
2275 2980 2537 3035 medicum
2565 2981 2654 3050 qui
2683 2989 2901 3036 venerat
2937 2997 3125 3036 curare
3167 2997 3281 3048 eos,
3310 2982 3528 3051 excogi-
3569 2973 3572 2976 ’

1961 3077 2202 3124 taverunt
2229 3070 2509 3124 consilium
2560 3071 2811 3140 perdendi
2861 3087 3016 3137 eum;
3050 3079 3298 3142 tanquam
3333 3073 3402 3127 ibi
3436 3089 3527 3127 vo.

1959 3159 2128 3214 lentes
2157 3160 2383 3229 probare
2408 3171 2580 3218 utrum
2609 3178 2732 3218 vere
2761 3163 2921 3216 homo
2946 3165 3014 3216 sit
3039 3164 3128 3233 qui
3165 3162 3298 3217 mori
3321 3156 3526 3234 possit,

1957 3267 2023 3305 an
2059 3252 2252 3322 aliquid
2292 3268 2452 3322 super
2485 3253 2727 3310 homines
2754 3255 2855 3320 sit,
2887 3264 2942 3309 et
2983 3255 3118 3310 mori
3156 3271 3214 3310 se
3259 3269 3385 3310 none
3413 3272 3527 3325 per-

1963 3340 2153 3394 tnitta‘t.
2210 3342 2437 3397 Verbum
2490 3343 2721 3413 ipsorum
2767 3347 3099 3414 agnoscimus
3156 3347 3210 3401 in
3258 3346 3526 3415 Sapientia

1956 3429 2256 3488 Salomonis
2281 3451 2294 3486 :
2329 3434 2494 3488 Morte
2517 3436 2828 3504 turpissinm.
2859 3437 3121 3506 inquiunt,
3145 3439 3527 3493 condemnemus

1955 3541 2086 3578 eum.
2118 3523 2492 3594 lnterrogemus
2524 3542 2674 3588 eum;
2702 3527 2796 3578 erit
2821 3527 2950 3579 enim
2977 3538 3226 3596 respectus
3251 3530 3302 3582 in
3327 3546 3521 3582 sermo-

1954 3614 2097 3666 nibus
2127 3613 2265 3668 illius
2288 3631 2306 3667 :
2329 3617 2372 3668 si
2395 3616 2526 3667 enim
2568 3633 2680 3670 vere
2725 3616 2891 3668 Filius
2930 3616 3025 3670 Dei
3066 3628 3172 3682 est,
3214 3619 3382 3672 liberet
3408 3637 3520 3674 eum

1955 3702 2106 3773 (Sap.
2141 3719 2198 3766 ιι,
2225 3703 2430 3773 18-20).
2462 3705 2746 3758 Videamus
2771 3721 2899 3774 ergo
2925 3707 3045 3774 quid
3074 3706 3264 3761 factum
3297 3710 3384 3762 sit.

2024 3793 2076 3845 4.
2111 3792 2256 3863 [vers.
2303 3796 2354 3858 4,
2405 3794 2482 3866 5.]
2530 3796 2661 3860 Quia
2700 3808 3002 3850 exaruerunt
3032 3810 3268 3866 tanquam
3293 3802 3519 3870 gladium

1953 3884 2149 3954 linguas
2172 3901 2308 3937 suas.
2345 3884 2467 3937 Filii
2491 3885 2779 3950 hominum,
2819 3887 2984 3940 dentes
3011 3905 3177 3941 eorum
3207 3907 3346 3944 arma
3373 3902 3417 3946 et
3440 3911 3522 3947 sa-

1951 3975 2086 4044 gith
2109 4015 2124 4040 ,
2163 3983 2210 4028 et
2240 3973 2412 4045 lingua
2443 3992 2612 4030 eorum
2641 3978 2840 4046 gladius
2867 3990 3041 4033 acutus
3068 3980 3234 4050 (Psal.
3267 3999 3348 4037 LVI
3373 4025 3387 4048 ,
3424 3985 3517 4056 5),

1950 4067 2090 4136 quod
2129 4066 2255 4122 dicit
2292 4076 2345 4121 ct
2385 4068 2517 4122 alius
2562 4069 2832 4138 psalmus:
2866 4071 2940 4124 sic
2969 4081 3019 4124 et
3048 4071 3130 4124 hic
3151 4112 3166 4137 ,
3200 4072 3520 4129 Exacuerunt

1951 4168 2185 4224 tanquam
2215 4159 2440 4228 gladium
2459 4159 2661 4230 linguas
2681 4177 2816 4214 suas.
2841 4161 2953 4215 Non
2975 4161 3151 4216 dicant
3169 4162 3336 4219 Judari
3361 4183 3374 4218 :
3400 4165 3514 4220 Non

1949 4249 2238 4302 occidimus
2265 4247 2553 4303 Christum.
2582 4248 2790 4304 Etenim
2811 4262 3084 4320 propterea
3112 4269 3229 4307 eum
3257 4253 3516 4331 dederunt

1945 4340 2109 4410 judici
2135 4341 2320 4408 Pilato,
2363 4351 2421 4395 ut
2460 4343 2607 4410 quasi
2651 4343 2751 4411 ipsi
2789 4359 2818 4395 a
2867 4353 3036 4399 morte
3063 4345 3176 4414 ejus
3209 4346 3518 4402 viderentur

1949 4434 2232 4488 immunes.
2255 4434 2384 4488 Nam
2405 4449 2525 4487 eum
2557 4434 2774 4488 dixisset
2802 4436 2880 4490 eis
2904 4436 3122 4501 Pilatus,
3157 4437 3253 4490 Vos
3279 4455 3390 4491 eum
3426 4455 3514 4492 oc-

1947 4523 2112 4586 cidite,
2157 4523 2545 4593 responderunt
2575 4542 2588 4578 :
2620 4523 2781 4579 Nobis
2813 4543 2910 4579 non
2942 4527 3053 4580 licet
3081 4527 3304 4582 occidere
3346 4545 3515 4598 quem-

1945 4629 2094 4683 quam
2125 4612 2302 4682 (Joan.
2333 4630 2484 4681 xvnt,
2514 4615 2626 4684 5i).
2670 4614 3000 4685 Iniquitatem
3051 4615 3297 4671 facinoris
3339 4619 3419 4672 sui
3461 4619 3511 4673 in

1942 4707 2172 4775 judicent
2195 4708 2462 4762 hominem
2500 4707 2781 4762 refundere
2821 4708 3106 4761 volebant:
3140 4708 3231 4762 sed
3262 4711 3511 4779 numquid

1949 4800 2110 4853 Deum
2147 4799 2380 4868 judieem
2411 4799 2864 4867 fallebant?Quod
2914 4799 3036 4852 fecit
3079 4799 3294 4865 Pilatus,
3342 4803 3389 4854 in
3444 4817 3510 4856 eo

1944 4891 2060 4960 ipso
2088 4891 2227 4961 quod
2258 4891 2414 4957 fecit,
2461 4890 2784 4960 aliquantum
2831 4890 3098 4960 particeps
3138 4890 3270 4956 fuit;
3316 4892 3408 4945 sed
3456 4893 3508 4946 in

1941 4985 2335 5053 comparatione
2371 4983 2579 5040 illorum
2611 4981 2776 5036 multo
2800 4981 2910 5050 ipse
2949 4981 3293 5036 innocentior.
3321 4983 3508 5039 ln‘stitit
3567 5017 3574 5022 -

1941 5076 2090 5130 enim.
2109 5084 2361 5146 quantum
2389 5075 2576 5142 potuit,
2609 5082 2665 5126 ut
2706 5073 2848 5125 illum
2875 5088 2936 5126 ex
2970 5087 3149 5126 corum
3175 5058 3416 5129 manibus
3445 5076 3508 5128 li«

1904 5223 1908 5228 ,
1940 5167 2173 5240 berarct.
2202 5164 2333 5218 Nam
2376 5173 2651 5234 preptcrca
2681 5161 2996 5231 flagellatum
3026 5163 3283 5229 produxib
3301 5165 3364 5217 ad
3391 5181 3502 5220 eos.

1939 5257 2052 5312 Non
2086 5255 2448 5325 persequendo
2477 5255 2752 5308 Dominum
2783 5254 3076 5321 ﬁageliavit,
3100 5253 3193 5308 sed
3215 5270 3395 5308 eorum
3421 5254 3498 5307 fu-

1937 5349 2043 5404 rori
2071 5348 2374 5403 satisfacere
2401 5345 2602 5411 volens,
2634 5355 2687 5397 ut
2711 5345 2789 5399 vel
2823 5345 2898 5398 sic
2921 5344 3026 5412 jam
3058 5346 3427 5409 mitescet-ent,
3450 5358 3495 5400 et

1937 5443 2239 5498 desinerent
2267 5441 2408 5506 velle
2430 5438 2701 5500 occidere,
2746 5454 2862 5491 cum
2912 5438 3223 5506 ﬁagellatum
3265 5436 3495 5494 viderent

1936 5534 2047 5604 (Id.
2078 5549 2185 5598 χιχ,
2215 5532 2333 5598 1-5)
2366 5502 2526 5583 :l‘ccit
2550 5538 2602 5582 et
2625 5528 2748 5581 hoc.
2780 5530 2847 5580 At
2877 5527 2959 5580 ubi
2981 5502 3492 5595 perseveraverunt,

1937 5624 2100 5679 nostis
2145 5623 2290 5677 illum
2326 5620 2515 5673 lavisse
2543 5633 2750 5684 manus,
2783 5616 3059 5670 ct‘dixisse
3089 5613 3225 5682 quod
3253 5613 3362 5681 ipse
3391 5630 3495 5670 non

1932 5718 2160 5780 fecisset,
2181 5712 2432 5768 mundum
2463 5726 2521 5766 se
2546 5726 2664 5766 esse
2685 5727 2714 5764 a
2744 5719 2912 5764 morte
2939 5707 3078 5762 illius
3103 5705 3492 5775 (Matth.xxvu,

1929 5809 2022 5881 ει)
2057 5829 2067 5863 :
2103 5808 2223 5864 fecit
2253 5817 2447 5862 tamen.
2477 5804 2580 5861 Sed
2618 5805 2660 5859 si
2698 5818 2820 5858 rcus
2844 5801 2962 5870 quia
2995 5798 3116 5852 fecit
3142 5797 3218 5855 vel
3254 5795 3491 5868 iuratus;
