4022 6200
505 335 623 401 763,

508 451 580 505 illi
614 451 921 505 innocentes
944 445 1031 518 qui
1062 451 1351 516 coegerunt
1377 451 1432 497 ut
1463 441 1694 497 taceret?
1719 439 1873 495 Nullo
1898 438 2075 493 modo.

507 544 611 599 Sed
639 543 723 597 ille
745 541 871 595 dixit
902 541 951 592 in
977 554 1098 594 cum
1130 538 1468 602 sententiain,
1498 545 1547 590 et
1575 535 1732 602 jussit
1762 550 1882 589 eum
1910 534 2079 587 cruci-

510 634 616 702 ﬁgi.
640 641 693 686 et
720 630 865 699 quasi
899 631 1010 698 ipse
1040 629 1264 692 occidit;
1298 638 1350 682 et
1376 643 1489 689 vos,
1518 645 1551 681 ο
1576 626 1761 685 .ludzri,
1791 625 2076 679 occidistis.

426 726 433 733 ’
510 726 657 781 Unde
686 723 987 779 occidistis?
1023 722 1210 777 Gladio
1264 722 1452 789 linguae
1495 719 1751 773 :acuistis
1789 719 1927 773 enim
1975 717 2077 771 lin-

504 833 635 887 guas
683 826 904 872 vestras.
952 816 1016 870 Et
1047 815 1257 885 quando
1311 814 1668 884 percussistis.
1725 812 1823 867 nisi
1867 811 2078 879 quando

503 909 793 972 clamastis,
824 908 1089 977 Crucifzge,
1120 906 1361 976 cruciﬁge
1386 904 1531 976 (an.
1559 920 1739 966 xxxiii,
1771 902 1899 972 2|)?

572 1003 625 1057 5.
654 1002 934 1071 Propterea
962 1002 1100 1054 enim
1139 1014 1242 1067 non
1276 1010 1356 1053 est
1386 996 1926 1068 praetermittendum,
1957 995 2075 1064 quia

501 1098 648 1152 venit
682 1098 731 1151 iu
775 1106 1037 1159 mentem,
1079 1110 1145 1149 ne
1183 1096 1319 1147 forte
1344 1094 1572 1161 aliquem
1607 1090 1876 1159 perturbet
1923 1088 2076 1143 lectio

501 1188 797 1242 divinorum
839 1187 1117 1241 Librorum
1156 1203 1169 1238 :
1201 1187 1411 1255 quidam
1443 1183 1763 1253 evangelista
1791 1182 1918 1235 dicit
1945 1181 2073 1235 bora

498 1288 648 1334 sexta
666 1279 974 1334 cruciﬁxum
998 1278 1278 1332 Dominum
1298 1276 1473 1343 (Joan.
1503 1292 1609 1337 XIX,
1653 1275 1757 1345 li),
1785 1286 1840 1328 et
1862 1273 2073 1343 quidam

503 1371 630 1426 bora
663 1371 821 1425 tertia'
843 1368 1029 1441 (Marc.
1054 1385 1142 1435 xv,
1168 1368 1261 1441 23$)
1292 1387 1304 1422 :
1337 1369 1433 1424 nisi
1467 1368 1838 1438 intelligamus,
1870 1374 2071 1434 pertur-

500 1465 707 1519 bamur.
736 1465 801 1519 Et
831 1465 938 1534 jam
988 1463 1274 1532 incipiente
1312 1474 1460 1518 sexta
1489 1464 1617 1517 hora
1646 1462 1837 1516 dicitur
1877 1461 2076 1515 Pilatus

500 1557 702 1611 sedisse
731 1571 829 1627 pro
871 1556 1151 1622 tribunali;
1204 1566 1257 1610 et
1306 1572 1489 1610 revera
1529 1555 1738 1625 quando
1768 1557 1968 1609 levatus
1992 1563 2075 1609 est

504 1648 756 1703 Dominus
783 1650 833 1703 in
863 1650 1022 1716 ligno.
1057 1649 1185 1703 liora
1213 1660 1359 1703 sexta
1390 1658 1523 1703 erat.
1553 1648 1659 1703 Sed
1686 1649 1818 1703 alius
1842 1664 2069 1717 evange-

499 1740 615 1793 lista
647 1740 857 1794 intuens
882 1740 1112 1792 animum
1158 1738 1498 1804 Judmorum,
1545 1740 1664 1809 quia
1720 1738 1968 1793 volebant
2013 1751 2075 1793 se

502 1829 764 1884 immunes
782 1830 948 1885 videri
975 1845 1004 1883 a
1035 1826 1205 1885 morte
1228 1829 1454 1885 Domini.
1488 1829 1753 1884 narrando
1774 1844 1866 1883 eos
1886 1838 2066 1884 osten—

498 1919 577 1973 dit
618 1936 756 1983 reos,
798 1920 981 1982 dicens
1031 1920 1307 1975 Dominum
1357 1922 1483 1974 liora
1539 1920 1687 1976 tertia
1735 1920 2066 1975 cruciﬁxum.

496 2009 911 2066 (Ionsiderantes
939 2021 1115 2067 autem
1157 2028 1367 2066 omnem
1403 2013 1850 2067 circumstantiam
1881 2013 2068 2069 lectio-

497 2102 600 2164 nis,
623 2114 816 2172 quanta
841 2104 923 2172 agi
954 2107 1238 2173 potuerint,
1266 2119 1383 2157 cum
1407 2105 1543 2174 apud
1567 2104 1790 2159 Pilatum
1814 2105 2069 2163 Dominus

497 2205 855 2260 accusaretur,
879 2205 935 2249 ut
960 2196 1388 2266 cruciﬁgeretur;
1423 2198 1722 2254 invenimus
1750 2199 1932 2252 horam
1965 2210 2069 2254 ter-

496 2284 621 2337 tiam
647 2299 765 2340 esse
789 2286 1042 2355 potuisse,
1066 2286 1275 2357 quando
1296 2287 1371 2341 illi
1397 2287 1781 2352 clamavcrttnt,
1801 2287 2066 2360 Crucitige,

494 2376 751 2446 cruci/iga.
796 2377 936 2451 Ergo
975 2378 1154 2453 verius
1200 2378 1273 2432 illi
1330 2388 1451 2433 tunc
1495 2380 1821 2441 occiderunt,
1854 2381 2067 2448 quando

492 2465 875 2521 clamaverunt.
905 2466 1246 2537 Apparitores
1265 2470 1541 2538 potestatis
1566 2468 1693 2522 liora
1721 2481 1868 2524 sexta
1896 2471 2068 2524 cruci-

494 2557 755 2622 lixerunt;
789 2560 1221 2627 prtevaricatorcs
1260 2559 1414 2630 Legis
1444 2559 1572 2614 liora
1615 2561 1763 2615 tertia
1803 2561 2067 2617 clamave-

491 2661 615 2705 runt
654 2669 668 2707 :
698 2652 837 2721 quod
870 2652 943 2709 illi
972 2652 1214 2707 manibus
1245 2652 1572 2717 borasexta,
1615 2653 1715 2707 boc
1759 2653 1831 2707 illi
1891 2654 2065 2724 lingua

494 2743 623 2798 liora
652 2745 824 2798 tertia.
864 2744 958 2799 Rei
999 2747 1166 2815 magis
1196 2745 1278 2799 isti
1303 2747 1391 2816 qui
1419 2745 1699 2800 clamando
1725 2746 2015 2801 saeviebant
2044 2787 2059 2810 ,

490 2849 647 2902 quam
682 2834 752 2888 illi
793 2836 881 2904 qui
911 2836 1328 2906 obtemperando
1374 2837 1832 2891 administrabant.
1882 2839 2062 2907 ipsum

490 2934 573 2978 est
618 2934 784 2979 totum
828 2942 1047 2981 acumen
1116 2926 1449 2993 Judmorum;
1508 2929 1608 2984 hoc
1654 2937 1735 2982 est
1783 2929 1920 2997 quod
1970 2943 2064 2998 pro

488 3030 684 3084 magno
709 3017 1032 3085 qmesierunt
1058 3035 1073 3071 :
1104 3017 1449 3086 Oceidamus,
1482 3029 1535 3073 et
1579 3034 1681 3073 non
1722 3020 2061 3087 occidamns;

489 3105 571 3159 sic
597 3105 921 3168 occidanius,
954 3116 1010 3160 ut
1033 3122 1134 3160 non
1166 3108 1263 3176 ipsi
1291 3108 1548 3163 occidisse
1570 3109 1888 3179 iudicemur.
1926 3110 2065 3167 Exa-

489 3205 698 3250 euerunt
725 3205 959 3267 tanquam
983 3197 1204 3268 gladium
1232 3200 1430 3267 linguas
1450 3216 1591 3254 suas.
1832 3210 1833 3213 “

561 3289 614 3344 (³.
668 3287 996 3344 Intenderunt
1024 3307 1226 3354 areum,
1274 3307 1377 3345 rem
1420 3308 1665 3346 amaram.
1717 3294 1909 3349 Arcum
1936 3294 2063 3351 dicit

490 3381 730 3437 insidias.
774 3381 873 3451 Qui
926 3384 1065 3439 enim
1112 3383 1287 3454 gladio
1326 3386 1567 3440 cominus
1612 3397 1827 3457 pugnat,
1879 3400 2063 3459 aperte

488 3484 688 3544 pugnat
739 3492 752 3529 :
796 3474 887 3546 qui
928 3477 1169 3546 sagittam
1220 3476 1399 3541 mittit,
1438 3476 1568 3533 fallit
1599 3488 1657 3532 ut
1686 3478 1867 3535 ‘l‘eriat.
1909 3482 2062 3538 Prius

488 3564 630 3617 enim
670 3565 857 3635 sagitta
909 3566 1169 3635 percutit,
1200 3581 1357 3637 quam
1403 3567 1585 3621 venire
1611 3568 1674 3621 ad
1704 3570 1891 3624 vulnus
1918 3586 2059 3640 prae-

488 3655 745 3710 videatur.
776 3640 880 3711 sed
905 3672 1062 3725 quem
1096 3657 1320 3711 laterent
1351 3656 1554 3715 insidia!
1584 3644 1777 3713 cordis,
1799 3646 2011 3715 littmaui
2036 3663 2060 3715 ?

487 3745 740 3815 nmuquid
781 3754 835 3801 et
873 3747 1151 3801 Dominum
1192 3757 1430 3804 nostrum
1457 3748 1636 3803 Jesum
1660 3749 1948 3816 Christum,
1975 3755 2061 3821 qui

486 3852 587 3888 non
616 3853 742 3904 opus
766 3837 977 3891 habebat
1002 3849 1055 3892 ut
1082 3840 1125 3892 ei
1148 3840 1480 3893 testimonium
1509 3841 1768 3911 quisquam
1786 3842 2060 3913 perhiberet

486 3926 552 3978 de
594 3927 832 3981 homine?
872 3925 993 3997 Ipse
1038 3929 1168 3982 enim
1214 3930 1398 3984 sciebat
1435 3930 1557 4000 quid
1584 3942 1708 3985 esset
1732 3933 1785 3986 in
1813 3933 2012 3988 homine
2038 3977 2055 4001 ,

487 4018 624 4071 sicut
651 4020 970 4089 evangelista
1000 4030 1221 4077 testatur
1243 4020 1422 4092 (Joan.
1449 4022 1635 4095 11,25).
1656 4024 1852 4081 Tamen
1877 4026 2060 4081 audia-

488 4124 608 4164 mus
630 4124 745 4172 eos,
772 4122 824 4164 et
853 4112 1148 4167 intueamur
1187 4128 1280 4168 eos
1326 4116 1475 4183 quasi
1525 4117 1793 4171 nesciente
1836 4118 2058 4174 Domino

488 4200 662 4255 facere
688 4200 827 4270 quod
861 4202 1165 4256 moliuntur.
1201 4203 1533 4259 Intenderunt
1562 4224 1757 4268 arczun,
1786 4227 1890 4263 rem
1917 4226 2059 4264 ama-

483 4309 616 4358 ram,
669 4280 723 4346 ut
747 4294 1039 4364 sagittarent
1077 4294 1129 4348 in
1165 4296 1454 4352 abscondito
1479 4300 1875 4354 inmmenlutum.
1903 4302 2056 4369 Quod

485 4386 651 4450 dixit,
697 4384 1027 4440 Inlenderunt
1072 4400 1282 4452 arcum;
1338 4388 1440 4445 hoc
1486 4400 1586 4452 est,
1630 4392 1683 4445 in
1717 4391 2056 4461 abscondito;

484 4480 631 4548 quasi
673 4478 916 4534 fallentes
959 4478 1182 4533 insidiis.
1212 4478 1390 4536 Nostis
1419 4482 1561 4537 enim
1591 4484 1789 4553 quibus
1825 4485 1960 4540 dolis
2000 4485 2055 4541 id

484 4574 719 4640 egerint;
768 4572 1211 4643 quemadmodum
1254 4572 1565 4642 discipulum
1600 4576 1648 4630 ei
1700 4576 2051 4635 cohaerentem

487 4666 706 4731 pecunia
734 4665 1089 4736 corruperint,
1124 4673 1179 4718 ut
1207 4665 1303 4719 sibi
1343 4665 1638 4722 traderetur
1667 4667 1875 4738 (Matth.
1905 4687 2050 4739 xxvr,

486 4756 572 4819 Μ,
602 4756 685 4826 15)
710 4756 1007 4827 ;quomodo
1033 4757 1189 4812 falsos
1211 4766 1371 4813 testes
1397 4761 1832 4826 procuraverint;
1863 4762 2052 4831 quibus

483 4845 685 4901 insidiis
714 4856 767 4902 et
789 4849 925 4903 dolis
954 4849 1176 4919 egi-rint,
1227 4858 1279 4902 ut
1326 4850 1618 4920 sagittarent
1658 4852 1713 4906 in
1740 4852 2052 4919 \abscondito

481 4938 879 4993 immaculatum.
925 4939 1110 5011 Magna
1157 4941 1437 5011 iniquitas!
1482 4941 1620 4998 Ecce
1647 4941 1713 4997 de
1742 4943 2052 5003 abscondito

480 5028 623 5082 venit
649 5028 834 5096 sagitta
865 5044 982 5098 qua:
1013 5031 1400 5087 immaculatum
1432 5031 1572 5095 ferit,
1604 5033 1691 5103 qui
1719 5049 1819 5089 nec
1846 5042 2049 5109 tantum

480 5112 712 5173 habebat
749 5121 988 5185 maculae,
1043 5133 1295 5191 quantum
1340 5132 1516 5192 potest
1544 5122 1719 5196 'puugi
1763 5141 1794 5181 a
1838 5128 2047 5197 sagitta.

478 5203 867 5280 Agnus'quippe
884 5208 1261 5271 immaculatus.
1283 5221 1421 5268 totus
1442 5215 2051 5287 immaculatus,scmper

476 5301 876 5363 immaculatus;
908 5316 1015 5354 non
1044 5303 1126 5357 cui
1166 5304 1384 5358 maculae
1426 5307 1613 5362 ablat-1:
1653 5310 1780 5376 sint,
1820 5311 1914 5365 sed
1960 5315 2048 5383 qui

479 5394 712 5449 maculas
747 5390 919 5447 nullas
942 5395 1280 5448 contraxerit.
1310 5394 1438 5449 Nam
1470 5397 1593 5471 fecit
1621 5401 1815 5453 multos
1858 5401 2048 5458 imma-

476 5485 680 5540 culatos
715 5482 968 5540 donando'
988 5493 1234 5554 peccata;
1263 5483 1377 5554 ipse
1417 5488 1781 5543 tmniaculatus
1808 5505 1915 5544 non
1952 5492 2047 5547 ha-

477 5575 652 5632 bendo
677 5585 910 5649 peccata.
941 5573 1010 5632 Ut
1051 5562 1285 5647 sagittent
1325 5574 1379 5628 in
1420 5574 1708 5631 abscondito
1749 5580 2047 5637 immacula-

474 5676 603 5725 tum.

545 5758 600 5815 7.
629 5758 795 5835 [νινε.
825 5760 923 5836 6.]
960 5762 1183 5835 Repente
1209 5759 1514 5834 saginabtmt
1539 5778 1673 5834 eum,
1704 5771 1751 5819 et
1773 5781 1871 5821 non
1898 5766 2042 5825 time-

1742 320 1797 380 S.
1839 323 1973 379 AUC
1983 320 2198 378 USTINI
2232 320 2529 381 EPISCOPI

3656 339 3749 398 766

2189 440 2327 493 bunt.
2358 438 2402 494 Ο
2425 455 2519 494 cor
2540 441 2752 511 durum,
2782 442 3025 503 occidere
3052 446 3186 503 velle
3213 447 3481 505 hominem
3508 454 3595 523 qui
3622 471 3752 510 utor-

2188 542 2303 587 tuos
2324 534 2639 590 suscitabat!
2672 536 2907 607 Repente,
2933 538 2984 594 id
3013 551 3096 597 est
3123 541 3393 607 insidiose,
3416 540 3563 611 quasi
3592 547 3746 615 inopi-

2188 633 2326 689 nate,
2359 626 2506 694 quasi
2536 642 2637 680 non
2674 629 2929 696 "praivise.
2970 630 3179 693 Similis
3198 633 3338 687 enim
3371 634 3621 690 nescienti
3646 650 3752 693 erat

2186 716 2321 770 inter
2349 717 2492 785 ipsos
2520 720 2772 775 Dominus
2799 722 3101 793 ignorantes
3127 724 3253 795 quid
3281 728 3527 791 nesciret,
3557 738 3607 783 ct
3634 731 3749 799 quid

2184 808 2370 873 sciret;
2414 809 2517 864 imo
2560 811 2858 879 ignorantes
2899 830 3016 867 cum
3062 814 3189 869 nihil
3233 818 3476 881 nescire,
3503 829 3556 873 et
3582 822 3751 874 omnia

2184 900 2338 970 scire,
2374 911 2426 955 et
2453 901 2517 957 ad
2548 901 2647 955 boc
2678 905 2882 958 venisse
2908 915 2966 959 ut
2995 906 3069 959 illi
3098 905 3331 962 facerent
3355 908 3495 985 quod
3520 925 3579 965 se
3609 920 3752 980 pote.

2184 1002 2319 1046 state
2346 991 2517 1048 facere
2541 995 2949 1050 arbitrabantur.
2977 997 3197 1068 Repente
3219 999 3522 1069 sagittabunt
3546 1019 3682 1068 eum,
3712 1012 3754 1059 et

2181 1100 2281 1137 non
2301 1085 2555 1138 (iurabant.

2251 1174 2304 1229 8.
2338 1174 2737 1244 Ob/irmat'erunt
2761 1180 2854 1232 sibi
2876 1197 3149 1236 sernwnem
3176 1183 3471 1254 malignum.
3503 1183 3755 1254 Obﬁrma-

2180 1278 2354 1345 tierunt
2384 1284 2402 1323 :
2432 1268 2563 1324 facta
2603 1281 2726 1325 sunt
2765 1280 2906 1327 tanta
2956 1274 3240 1334 miracula:
3274 1292 3378 1329 non
3425 1288 3548 1329 sunt
3587 1279 3751 1345 moti,

2174 1342 2527 1428 perstiterunt
2566 1363 2617 1415 in
2657 1364 2878 1418 consilio
2924 1366 3187 1421 sermonis
3232 1367 3468 1436 maligni.
3508 1365 3754 1425 Traditus

2178 1464 2258 1507 est
2288 1454 2376 1509 ille
2411 1455 2573 1524 judici
2605 1474 2618 1511 :
2649 1458 2869 1527 trepidat
2896 1459 3055 1528 judex
3078 1502 3091 1524 ,
3124 1470 3175 1514 et
3204 1476 3308 1515 non
3353 1461 3623 1531 trepidant
3667 1464 3750 1535 qui

2171 1543 2334 1614 judici
2362 1546 2722 1614 tradiderunt;
2752 1551 3110 1607 contremiscit
3136 1561 3388 1621 potestas,
3416 1564 3467 1608 et
3498 1568 3604 1608 nou
3631 1571 3754 1611 con-

2179 1638 2433 1692 tremiscit
2462 1639 2793 1707 immanitas;
2825 1642 2934 1696 vult
2975 1642 3063 1698 ille
3109 1642 3288 1697 labare
3337 1660 3559 1712 manus,
3593 1655 3651 1699 et
3684 1646 3752 1701 illi

2176 1727 2452 1798 inquinant
2479 1731 2700 1800 linguas.
2746 1732 2848 1787 Sed
2879 1748 3042 1803 quare
3089 1734 3222 1789 hoc?
3273 1730 3630 1799 Fit-moverunt
3666 1737 3752 1792 sibi

2174 1836 2448 1875 sermonem
2491 1822 2790 1892 malignum.
2834 1824 3039 1892 Quanta
3066 1826 3171 1895 egit
3198 1826 3433 1882 Pilatus?
3472 1839 3675 1899 quanta
3701 1840 3754 1884 ut

2174 1914 2610 1971 relrenareotnr?
2633 1932 2750 1984 qtae
2775 1916 2950 1972 dixit?
2974 1919 3099 1987 quid
3128 1919 3272 1990 egit?
3295 1919 3399 1975 Sed
3426 1921 3753 1990 ﬁrmaverunt

2173 2008 2268 2061 sibi
2280 2024 2553 2061 sermonem
2572 2009 2844 2080 malignum
2862 2009 3161 2081 :Cruciﬁge,
3177 2013 3451 2084 cruciﬁge!
3466 2013 3749 2085 Repetitio,

2172 2097 2502 2152 conﬁrmatio
2522 2111 2604 2155 est
2631 2102 2891 2155 scrmoais
2913 2101 3145 2170 maligni.
3173 2102 3456 2158 Videamus
3484 2106 3750 2175 quomodo

2173 2191 2494 2258 ﬁrmaverunt
2510 2190 2602 2244 sibi
2611 2207 2887 2246 sermonem
2907 2192 3393 2266 malignumﬁegem
3409 2205 3630 2251 vestrum
3645 2213 3751 2251 cru-

2169 2281 2418 2350 ciﬁgam?
2455 2280 2751 2336 Dixerunt:
2780 2281 2902 2336 Non
2946 2284 3183 2337 habemus
3229 2301 3395 2355 regem
3442 2286 3543 2339 nisi
3589 2288 3750 2341 solum

2171 2368 2416 2424 Cresarem
2460 2371 2481 2443 (
2498 2371 2653 2426 Joan.
2687 2388 2769 2427 xu
2792 2413 2808 2438 ,
2858 2371 2984 2443 15).
3032 2372 3433 2442 Obﬁrmaverunt
3473 2393 3753 2431 sermonem

2171 2463 2465 2533 malignum.
2491 2463 2756 2517 Oil‘ercbat
2780 2464 2870 2519 ille
2895 2480 3073 2535 regem
3098 2465 3286 2520 Filium
3316 2467 3441 2531 Dei;
3474 2468 3547 2521 illi
3563 2469 3636 2523 ad
3663 2469 3751 2522 bo-

2170 2554 2362 2607 mincm
2412 2554 2796 2609 recnrrebaut:
2842 2546 2999 2625 digni
3029 2556 3115 2625 qui
3163 2557 3307 2610 ilium
3354 2556 3661 2625 baberent,
3701 2569 3751 2614 et

2170 2644 2316 2698 illum
2349 2660 2453 2699 non
2482 2646 2773 2700 baberent.
2803 2647 2990 2701 Adhuc
3034 2646 3154 2702 aitdi
3200 2648 3466 2718 quomodo
3509 2651 3750 2718 ﬁrmare-

2168 2744 2281 2789 rnnt
2308 2753 2584 2790 sermonem
2624 2737 2919 2807 malignum.
2957 2737 3075 2792 Non
3112 2740 3306 2793 int-snio
3343 2741 3537 2809 aliqw’d
3578 2744 3635 2796 in
3660 2745 3763 2797 isto

2167 2826 2384 2891 hornine,
2412 2828 2486 2881 ait
2501 2827 2689 2895 judex,
2713 2846 2810 2898 quo
2834 2830 3015 2900 dignus
3038 2831 3101 2884 sit
3126 2842 3283 2885 morte
3301 2830 3452 2903 (an.
3476 2848 3636 2901 nui,
3664 2836 3747 2898 li,

2166 2916 2291 2989 22).
2322 2919 2382 2971 lit
2408 2919 2478 2971 illi
2506 2919 2592 2988 qui
2623 2921 2943 2990 [intraverunt
2968 2938 3242 2975 sermonem
3266 2924 3566 2994 utalt’guum.
3603 2926 3753 2980 dixe—

2168 3002 2292 3063 runt
2320 3026 2333 3062 :
2373 3008 2594 3080 Sanguis
2631 3012 2739 3081 ejus
2777 3028 2928 3079 super
2969 3028 3061 3066 nos
3082 3053 3097 3078 ,
3124 3022 3358 3083 et'snper
3385 3014 3520 3083 [ilius
3550 3027 3752 3069 nostros

2168 3098 2394 3168 (Matth.
2422 3115 2584 3162 xxv",
2615 3100 2750 3170 9.5)!
2786 3100 3139 3157 Firmaverunt
3163 3104 3256 3157 sibi
3289 3121 3568 3159 sermonem
3606 3108 3753 3161 mali-

2165 3209 2339 3263 gnum.
2370 3191 2718 3248 Firmanorum
2738 3212 3010 3249 sermonem
3041 3194 3337 3267 malignum,
3368 3214 3473 3253 non
3500 3199 3751 3266 Domino,

2165 3284 2257 3338 sed
2286 3284 2397 3338 sibi.
2426 3285 2701 3353 Quomodo
2726 3288 2866 3341 enim
2899 3302 3001 3341 non
3031 3287 3151 3348 sibi,
3182 3305 3303 3344 cum
3331 3290 3551 3345 dicunt:
3583 3293 3756 3364 Super

2164 3391 2257 3427 nos
2281 3417 2296 3440 ,
2324 3386 2369 3428 et
2397 3392 2548 3441 super
2591 3377 2723 3442 ﬁlios
2768 3379 2999 3433 nostros?
3025 3378 3175 3444 Quod
3207 3367 3333 3450 ergo
3361 3382 3752 3450 ﬁrmaverunt,

2165 3466 2261 3519 sibi
2294 3465 2636 3529 ﬁrmaverunt
2663 3484 2677 3521 :
2706 3469 2826 3538 quia
2870 3470 2979 3538 ipsa
3010 3485 3111 3524 vos
3158 3482 3240 3526 est
3281 3472 3441 3540 alibi,
3484 3471 3756 3528 Fuderunt

2163 3572 2279 3614 ante
2301 3562 2477 3633 faciem
2506 3578 2664 3615 meam
2694 3563 2887 3631 foveam
2905 3605 2921 3629 ,
2944 3574 2990 3617 et
3019 3565 3293 3619 inciderunt
3318 3566 3369 3619 in
3395 3583 3528 3623 eam.
3564 3554 3755 3623 Douii-

2166 3670 2291 3708 num
2322 3670 2463 3709 mors
2486 3670 2589 3710 non
2617 3655 2828 3717 occidit,
2853 3656 2947 3710 sed
2976 3656 3087 3725 ipse
3113 3667 3341 3713 mortem
3374 3673 3390 3712 :
3423 3659 3542 3714 illos
3567 3671 3753 3715 autem

2158 3740 2413 3816 iniquitas
2451 3748 2681 3814 occidit,
2714 3748 2833 3819 quia
2877 3749 3161 3818 noluerunt
3203 3750 3446 3807 occidere
3493 3754 3754 3824 iniquita-

2166 3848 2268 3892 tem
2277 3878 2291 3892 .

2231 3930 2285 3987 9.
2329 3930 2574 3997 Prorsus,
2604 3930 2814 3997 fratres,
2841 3943 3043 3988 certam
3069 3942 3182 4000 est;
3208 3941 3301 3989 aut
3324 3934 3525 3991 occidis
3554 3937 3759 4007 iniqui-

2161 4028 2322 4075 tatem
2348 4063 2362 4087 ,
2393 4031 2483 4075 aut
2511 4022 2770 4077 occideris
2807 4022 2874 4077 ab
2911 4022 3203 4093 iniquitate.
3232 4024 3349 4079 Noli
3380 4034 3561 4080 autem
3598 4044 3753 4098 quic—

2162 4127 2281 4166 rere
2308 4112 2551 4167 occidere
2595 4114 2917 4183 iniquitatem
2959 4123 3205 4186 tanquam
3248 4116 3443 4187 aliquid
3483 4128 3647 4173 extra
3677 4130 3749 4175 te.

2161 4203 2241 4258 Ad
2272 4204 2495 4273 teipsum
2536 4204 2741 4273 reSpice
2765 4245 2780 4269 ,
2808 4204 2929 4260 vide
2967 4205 3091 4276 quid
3124 4216 3296 4261 tecum
3327 4218 3526 4278 pugnet
3556 4210 3617 4265 in
3661 4220 3754 4275 te;

2158 4304 2215 4349 et
2236 4310 2366 4350 eave
2397 4311 2463 4350 ne
2479 4304 2750 4366 expugnet
2776 4303 2828 4351 te
2871 4297 3120 4366 iniquitas
3145 4306 3232 4354 tua
3256 4341 3273 4366 ,
3300 4299 3512 4356 inimica
3546 4310 3645 4358 tua
3669 4347 3685 4369 ,
3713 4304 3759 4359 si

2159 4386 2567 4451 interfectanon
2597 4388 2699 4443 erit
2748 4406 2765 4440 :
2809 4403 2878 4443 ex
2930 4396 2982 4444 te
3021 4390 3165 4445 enim
3212 4399 3327 4458 est,
3359 4401 3413 4446 et
3440 4394 3635 4449 anima
3669 4404 3760 4450 tua

2155 4476 2410 4533 adversus
2459 4486 2509 4532 te
2563 4478 2825 4547 rebellat,
2862 4495 2966 4536 non
3017 4481 3157 4535 aliud
3202 4482 3418 4553 aliquid.
3474 4485 3562 4541 Ex
3620 4503 3762 4558 qua-

2155 4568 2276 4623 dam
2309 4581 2454 4639 parte
2479 4570 2717 4627 colueres
2750 4572 2891 4637 Deo;
2925 4589 2989 4627 ex
3014 4574 3243 4643 quadam
3276 4587 3423 4645 parte
3448 4576 3759 4635 delectaris

2155 4662 2352 4716 steeulo
2378 4679 2391 4716 :
2419 4662 2545 4717 illud
2575 4678 2679 4733 quo
2704 4663 2984 4719 delectaris
3014 4666 3230 4731 seculo,
3257 4676 3455 4738 pugnat
3478 4668 3759 4727 adversus

2157 4765 2386 4809 utentem
2429 4770 2549 4823 quae
2593 4756 2827 4810 cohaeret
2875 4757 3002 4811 Deo.
3059 4758 3376 4827 Cohmreat,
3427 4762 3755 4831 calami-eat,

2158 4861 2262 4898 non
2292 4844 2537 4910 deﬁciat,
2584 4862 2685 4902 non
2727 4861 2785 4902 se
2826 4846 3076 4914 dimittat,
3126 4865 3370 4921 magnum
3414 4852 3756 4921 adiutorium

2158 4937 2337 4993 habet.
2365 4938 2539 4994 Vincit
2565 4939 2707 5005 quod
2736 4941 2788 4994 in
2831 4940 2916 4994 illa
2956 4942 3055 4997 sibi
3085 4942 3324 5010 rebellat,
3356 4943 3399 4998 si
3431 4957 3759 5014 perseverat

2156 5030 2206 5085 in
2238 5032 2534 5102 pugnando.
2565 5033 2659 5087 Est
2696 5042 2966 5102 peccatum
3017 5034 3067 5088 in
3095 5049 3318 5104 corpore
3346 5044 3436 5090 tuo
3456 5079 3471 5101 ,
3503 5037 3606 5093 sed
3642 5056 3757 5094 non

2152 5134 2355 5194 regnet.
2381 5122 2500 5178 Non
2520 5140 2637 5195 ergo
2651 5134 2838 5196 regnet,
2860 5126 3044 5195 inquit.
3071 5137 3321 5191 peccatum
3346 5128 3399 5181 in
3423 5137 3593 5183 vestro
3610 5148 3762 5185 mor-

2154 5214 2245 5267 tali
2266 5230 2493 5284 corpore,
2515 5215 2583 5268 ad
2610 5216 2976 5270 obaudiendum
3015 5218 3272 5272 desideriis
3304 5220 3411 5289 ejus
3440 5219 3627 5290 (Rom.
3663 5239 3717 5276 γι
3735 5266 3755 5291 ,

2155 5303 2274 5377 l2).
2306 5306 2359 5361 Si
2402 5322 2528 5361 vero
2557 5322 2660 5361 non
2686 5307 3020 5375 obaudieris;
3048 5311 3149 5365 etsi
3188 5312 3434 5381 estquod
3465 5313 3708 5368 suadeat
3736 5357 3757 5381 ,

2153 5396 2294 5468 quod
2320 5397 2546 5453 delectet
2573 5397 2638 5453 ad
2666 5399 2891 5464 malum;
2914 5415 3028 5455 non
3055 5400 3471 5472 obtemperando
3501 5404 3648 5461 facis
3694 5416 3763 5461 ut

2155 5506 2259 5544 non
2288 5499 2475 5560 regnet
2497 5490 2636 5560 quod
2657 5503 2755 5558 est,
2780 5493 2928 5548 etita
2958 5493 3049 5549 lict
3076 5503 3258 5564 postea
3286 5504 3342 5550 ut
3366 5511 3470 5551 non
3495 5496 3576 5552 sit
3597 5500 3763 5569 quod

2152 5591 2287 5638 erat.
2314 5582 2568 5649 Quando?
2592 5583 2722 5645 Cum
2754 5586 3121 5643 absorbebitur
3147 5604 3292 5645 mors
3322 5590 3375 5646 in
3412 5589 3716 5650 victoriam
3738 5637 3762 5662 ,

2150 5689 2269 5730 eum
2294 5675 2634 5745 corruptibile
2659 5677 2759 5733 hoc
2784 5677 3014 5734 induerit
3038 5678 3486 5751 incorruptionem
3512 5680 3538 5751 ί
3558 5683 3580 5738 l
3617 5684 3762 5744 Cor.

2152 5783 2254 5838 xv,
2281 5766 2384 5840 54)
2420 5783 2435 5826 :
2469 5769 2537 5825 ibi
2583 5785 2683 5825 non
2716 5772 2816 5828 erit
2856 5770 2999 5843 quod
3042 5772 3136 5831 tibi
3164 5770 3418 5847 repugnet
3440 5817 3455 5844 ,
3485 5791 3607 5831 non
3641 5780 3761 5837 erit
