4022 6200
295 373 398 430 765

292 491 430 560 quod
462 499 512 546 te
552 491 691 546 aliud
736 493 960 550 delectet
988 496 1088 551 nisi
1128 497 1286 553 Deus.
1320 495 1458 567 Ergo
1495 507 1548 553 et
1578 501 1661 554 isti
1691 500 1856 556 Judmi

295 583 590 637 invidt-runt
622 585 873 651 Domino;
906 588 1211 662 delectabat.
1233 603 1324 642 eos
1356 591 1696 659 principatus.
1728 595 1857 659 Qui—

291 677 411 725 dam
440 673 682 728 videbant
714 675 812 728 sibi
859 676 924 730 ab
952 692 1016 731 eo
1054 678 1248 732 auferri
1296 680 1638 750 principatum
1665 722 1681 746 ,
1712 693 1765 736 et
1793 700 1854 738 cx

289 766 641 820 delectatione
683 783 775 821 sua
818 769 1204 824 rebellaverunl'.
1244 772 1496 826 adversus
1535 767 1853 830 Dominum:

289 859 377 909 utti
407 859 448 911 si
477 859 820 912 rebellassent
844 860 1091 914 adversus
1132 862 1535 918 delectationem
1567 880 1712 918 suam
1744 883 1856 920 ma-

291 949 392 999 lant
418 990 433 1012 ,
479 949 640 1016 ipsam
691 949 1025 1003 invidentiam
1059 952 1368 1016 vincerent,
1397 969 1494 1007 nec
1520 955 1854 1009 vincerentur

288 1040 354 1090 ab
375 1053 458 1097 ea.
487 1048 700 1092 etesset
733 1041 834 1093 illis
862 1041 1115 1096 Dominus
1155 1045 1405 1110 salvator,
1439 1047 1524 1114 qtti
1557 1057 1771 1110 venerat
1799 1060 1854 1101 ut

287 1141 516 1184 Sanarct.
546 1131 693 1185 Nunc
734 1143 906 1186 autem
955 1133 1192 1188 faverunt
1232 1136 1399 1200 febri,
1434 1151 1853 1208 repugnavernnt

286 1221 494 1275 medico
547 1239 559 1274 :
615 1223 865 1292 quidquid
920 1227 1232 1293 suggerebat
1303 1225 1500 1294 febris,
1552 1229 1848 1292 faciebant;

285 1311 536 1381 quidquid
560 1313 776 1382 iubebat
818 1325 999 1367 contra
1033 1317 1264 1372 medicus
1288 1361 1303 1383 ,
1333 1321 1680 1390 negligebant.
1715 1322 1851 1392 Ergo

285 1402 358 1456 illi
392 1405 556 1473 magis
581 1405 738 1459 occisi
773 1416 912 1465 sunt.
942 1423 1044 1460 non
1075 1409 1324 1464 Dominus
1356 1427 1370 1463 :
1403 1428 1519 1464 nam
1551 1412 1601 1465 in
1631 1413 1850 1466 Domino

284 1511 429 1547 mors
448 1496 617 1548 occisa
647 1508 748 1560 est,
779 1498 827 1549 in
860 1499 960 1550 illis
987 1500 1229 1568 iniquitas
1256 1502 1414 1567 vixit;
1448 1503 1653 1559 vivente
1674 1514 1847 1559 autem

284 1584 337 1638 in
363 1600 420 1638 se
451 1585 720 1654 iniquitate
744 1629 758 1651 ,
796 1588 865 1639 illi
899 1591 1088 1643 mortui
1116 1601 1254 1643 sunt.

357 1675 440 1730 10.
483 1675 826 1730 Narraverunt
865 1689 917 1730 ut
945 1679 1294 1734 absconderem
1338 1685 1641 1753 muscipulas
1665 1701 1682 1747 ,°
1708 1686 1852 1739 dire-

283 1776 400 1818 runt
432 1769 597 1844 :‘Quis
634 1769 811 1823 videbit
853 1770 1194 1825 eas?Latere
1236 1773 1482 1844 putabant
1526 1790 1644 1828 cum
1691 1792 1845 1843 quem

284 1839 608 1924 occidebant,
637 1859 799 1913 latere
831 1861 1015 1916 Deum.
1045 1862 1178 1916 Ecce
1204 1842 1344 1929 puta,
1377 1863 1531 1916 homo
1551 1875 1664 1917 erat
1687 1865 1844 1920 Chri-

281 1957 417 2011 stus,
442 1949 576 2003 sicut
602 1951 777 2006 cmteri
803 1951 1076 2017 homines;
1111 1953 1369 2007 nesciebat
1403 1955 1522 2024 quid
1551 1957 1616 2009 de
1647 1959 1735 2011 illo
1757 1973 1844 2011 co-

279 2041 533 2107 gitaretur
560 2059 572 2094 :
603 2044 852 2113 numquid
880 2054 932 2096 et
963 2045 1097 2096 Deus
1129 2045 1326 2098 nescit?
1356 2047 1399 2100 Ο
1426 2062 1516 2098 cor
1539 2047 1840 2112 humanum,

278 2146 442 2197 quare
469 2134 556 2186 tibi
585 2133 784 2198 dixisti,
815 2134 943 2200 Quis
975 2135 1111 2187 videt
1141 2153 1259 2198 me,
1291 2152 1408 2190 cum
1444 2136 1529 2190 ille
1558 2138 1731 2206 videat
1754 2139 1842 2206 qtti

277 2229 331 2275 te
368 2221 524 2276 fecit?
555 2222 796 2276 Dixerunt
827 2241 843 2277 :
877 2225 999 2292 Quis
1043 2225 1222 2278 videbit
1266 2227 1394 2278 eas?
1425 2226 1641 2280 Videbat
1682 2229 1838 2294 Deus,

275 2311 487 2366 videbat
507 2312 848 2378 etChristus;
881 2317 998 2383 quia
1029 2326 1080 2368 ct
1105 2316 1342 2370 Christus
1371 2317 1526 2370 Deus.
1554 2317 1656 2372 Sed
1679 2335 1842 2388 quare

274 2403 550 2478 videbatur
575 2405 652 2458 eis
683 2421 783 2459 neu
817 2407 1035 2461 videre?
1074 2407 1209 2461 Audi
1235 2410 1523 2477 sequentia.

347 2496 431 2548 Η.
475 2495 635 2568 [νει-ε.
666 2498 713 2551 7.
741 2497 760 2570 ]
804 2497 1108 2552 Persei-ntali
1133 2510 1246 2553 sunt
1273 2501 1581 2570 iniquitatem
1605 2518 1623 2565 ;
1645 2502 1839 2572 defece-

270 2594 391 2638 runt
429 2596 702 2640 scrutantes
744 2591 1066 2642 scrutatione:
1095 2607 1113 2643 :
1148 2589 1196 2644 id
1241 2600 1322 2644 est
1365 2591 1552 2645 acerba
1598 2601 1651 2646 et
1687 2602 1836 2646 acuta

270 2659 508 2733 consilia.
539 2664 652 2734 Non
700 2683 935 2734 tradatur
967 2698 1056 2750 per
1095 2698 1189 2736 nos
1214 2725 1227 2742 ,
1253 2682 1344 2737 sed
1392 2700 1485 2752 per
1522 2683 1834 2753 discipulum

269 2785 423 2824 suum
463 2789 477 2825 :
510 2787 611 2824 non
643 2774 911 2827 occidatur
934 2789 963 2826 a
1009 2775 1159 2829 nobis
1181 2817 1194 2839 ,
1229 2775 1320 2829 sed
1359 2785 1388 2830 a‘
1412 2776 1589 2844 judice
1618 2796 1638 2844 ιε
1669 2787 1833 2832 totum

268 2881 367 2920 nos
399 2865 647 2921 faciamus
672 2908 686 2932 ,
721 2877 774 2920 et
814 2868 939 2921 nihil
985 2868 1171 2923 fecisse
1213 2869 1500 2923 videamur.
1549 2870 1611 2924 Et
1640 2871 1722 2925 tibi
1755 2882 1835 2926 est

265 2947 467 3010 clamor
491 2957 678 3026 lingua:
715 2976 726 3010 :
758 2955 1006 3027 Cruci/iga
1028 2999 1044 3023 ,
1075 2959 1348 3028 cruci/iga?
1379 2959 1464 3013 Sic
1507 2961 1633 3013 (ιιιιοί
1665 2961 1791 3014 estis
1813 3003 1828 3025 ,

266 3057 325 3100 ttt
348 3059 398 3101 ct
425 3049 565 3102 surdi
608 3050 741 3102 sitis.
777 3049 1028 3104 Simulata
1076 3052 1370 3104 innocentia
1420 3066 1520 3105 non
1551 3063 1632 3106 est
1676 3055 1829 3106 inno-

264 3142 433 3195 centia
464 3160 476 3196 :
505 3143 747 3198 simulata
774 3145 991 3213 mqttitas
1019 3161 1122 3198 non
1150 3155 1229 3199 cst
1255 3144 1490 3214 :rquitas,
1516 3147 1605 3201 sed
1637 3147 1824 3216 duplex

264 3233 538 3302 iniquitas;
567 3235 684 3304 quia
711 3244 766 3288 et
790 3235 1034 3305 iniquitas
1066 3244 1142 3289 est
1164 3277 1178 3301 ,
1216 3245 1266 3289 et
1291 3238 1572 3290 simulatio.
1602 3239 1672 3291 lbi
1702 3253 1826 3307 ergo

261 3323 347 3376 isti
370 3324 650 3395 defecerunt
687 3335 960 3380 scrutantes
1005 3328 1342 3380 scrutatioues.
1387 3328 1592 3394 Quanto
1623 3333 1825 3383 acutius

259 3414 359 3468 sibi
389 3415 682 3484 excogitare
707 3416 1021 3470 videbantur
1047 3459 1062 3481 ,
1092 3428 1237 3470 tanto
1265 3420 1427 3486 magis
1471 3419 1780 3474 deﬁciebant
1805 3439 1818 3484 ;

257 3505 377 3571 quia
408 3520 436 3558 a
468 3506 662 3564 lumine
691 3508 924 3560 veritatis
954 3518 1006 3560 et
1036 3509 1297 3576 tenuitatis
1327 3510 1374 3561 in
1409 3511 1661 3578 profunda
1694 3527 1822 3564 cou-

257 3594 494 3650 siliorum
526 3598 870 3667 malignorum
911 3598 1370 3667 detncrgebantur.
1419 3601 1580 3653 llaliet
1621 3602 1820 3667 jtt~Lilitt

255 3688 534 3752 quamdam
559 3687 728 3742 lucem
756 3705 933 3754 suam;
965 3690 1243 3757 perfundit,
1269 3701 1324 3744 et
1349 3692 1572 3744 illustrat
1593 3696 1818 3748 animant

255 3775 599 3829 inhaerentem
625 3777 719 3831 sibi
753 3795 768 3832 ξ
797 3780 970 3831 anima
999 3795 1123 3831 vero
1166 3791 1406 3834 avertens
1433 3781 1498 3833 se’
1519 3797 1545 3832 a
1583 3783 1697 3836 luce
1723 3786 1806 3849 ju-

251 3867 448 3931 stitize,
498 3876 692 3933 quanto
736 3869 900 3935 magis
940 3870 1126 3937 quatrit
1167 3867 1302 3936 quod
1350 3870 1579 3924 inveniat
1638 3885 1818 3926 contra

248 3958 527 4026 justitiam,
556 3966 698 4010 tanto
724 3959 840 4027 plus
863 3973 891 4012 a
918 3960 1032 4013 luce
1063 3961 1352 4027 repellitur,
1385 3973 1433 4015 ct
1467 3962 1517 4015 in
1546 3965 1817 4018 tenebrosa

250 4050 592 4119 demergitur.
625 4048 810 4102 Merito
856 4066 982 4120 ergo
1025 4062 1077 4104 et
1120 4051 1202 4104 isti
1255 4063 1642 4119 perscrutantes
1678 4055 1816 4123 quod

249 4151 432 4195 contra
476 4140 673 4209 justum
717 4141 1104 4202 moliebantur,
1136 4156 1164 4194 a
1210 4140 1410 4210 justitia
1456 4143 1812 4207 recedebant;

195 4219 202 4224 ’
249 4242 304 4286 et
327 4241 522 4300 quanto
546 4247 574 4285 a
591 4232 788 4300 justitia
812 4231 1148 4296 recedebant,
1171 4240 1315 4286 tanto
1340 4233 1457 4301 plus
1481 4233 1812 4296 deficiebant,

249 4329 542 4375 scrutantes
592 4322 956 4377 scrutationes.
1028 4322 1267 4392 Magnum
1319 4324 1596 4377 consilium
1655 4326 1807 4378 inno-

249 4414 436 4469 centite
469 4431 481 4463 :
510 4414 719 4483 quando
749 4415 916 4483 ipsum
963 4414 1148 4469 Judam
1202 4415 1439 4483 pmnituit
1486 4415 1623 4484 quod
1654 4417 1816 4470 tradi-

249 4505 415 4560 disset
442 4505 706 4560 Christum
734 4549 747 4572 ,
776 4518 826 4563 et
853 4508 1070 4576 proiecit
1101 4507 1201 4560 illis
1229 4508 1503 4576 pecuniam
1544 4523 1698 4582 quam
1725 4508 1817 4564 de-

249 4596 454 4658 derant,
484 4596 558 4649 illi
589 4598 864 4650 noluerunt
889 4612 1002 4649 eam
1033 4597 1241 4651 mittere
1263 4598 1312 4649 in
1339 4598 1772 4668 gawpliylacinm
1796 4639 1812 4662 ,

247 4694 301 4737 ct
327 4685 570 4739 dixerunt
611 4703 624 4738 :
662 4686 879 4740 Pecunia
906 4687 1162 4755 sanguinis
1202 4698 1306 4749 est;
1352 4687 1612 4740 naut'llam
1638 4688 1805 4740 mitta-

250 4793 360 4829 mus
403 4777 453 4829 in
497 4778 910 4849 gazophylacium
943 4779 1170 4847 (Matth.
1218 4793 1392 4841 xxvu,
1421 4777 1506 4845 6).
1555 4777 1688 4842 Quid
1734 4787 1815 4831 est

247 4869 703 4939 gnmp/zylacium?
731 4872 862 4922 Arca
907 4869 1035 4932 Dei,
1085 4869 1169 4923 tibi
1209 4871 1585 4939 colligebantur
1611 4885 1670 4921 ea
1697 4885 1815 4938 qua:

247 4960 312 5012 ad
343 4960 677 5028 indigentiam
718 4975 986 5014 servorum
1035 4959 1122 5013 [)ci
1157 4960 1515 5012 mittebantur.
1546 4959 1588 5012 Ο
1616 4959 1772 5012 homo
1795 5001 1810 5025 ,

245 5064 340 5103 cor
370 5060 516 5103 tuum
548 5051 616 5104 sit.
644 5050 816 5118 potius
859 5064 977 5102 arca
1028 5049 1153 5114 Dei,
1205 5049 1289 5101 tibi
1341 5047 1576 5101 habitent
1617 5049 1814 5102 divitia:

246 5140 362 5202 Dei,
393 5140 481 5194 ubi
509 5140 576 5193 sit
601 5155 848 5194 nummus
877 5138 987 5202 Dei,
1017 5153 1165 5192 utens
1195 5147 1277 5189 tua
1312 5138 1508 5190 habens
1534 5139 1810 5207 imaginem

244 5229 582 5298 imperatoris
615 5229 725 5282 tui!
760 5228 884 5282 Cum
913 5224 1038 5296 ergo
1081 5227 1192 5280 hare
1231 5227 1298 5280 ita
1344 5230 1447 5280 sint
1473 5267 1488 5292 ,
1517 5228 1685 5296 qualis
1727 5229 1808 5281 illa

245 5321 565 5376 innocentia:
606 5320 871 5373 simulatio
917 5319 1046 5382 fuit,
1093 5319 1361 5386 pecuniam
1411 5318 1678 5388 sanguinis
1706 5333 1810 5372 non

245 5413 458 5466 mittere
488 5413 538 5465 in
566 5427 764 5476 arcam,
794 5419 845 5463 et
873 5410 1039 5479 ipsutn
1065 5412 1367 5478 sanguinem
1396 5410 1601 5464 mittere
1620 5411 1671 5464 in
1693 5425 1812 5465 con-

245 5504 520 5558 scientiam
543 5504 568 5556 ἲ

321 5594 407 5649 12.
439 5593 543 5650 Sed
585 5591 707 5662 quid
757 5593 835 5646 eis
883 5593 1142 5663 contigit?
1193 5589 1489 5662 Defeceruut
1535 5603 1810 5650 scrutantes

246 5687 597 5740 scrutatioues.
631 5683 820 5740 Unde?
867 5683 1000 5748 Quia
1039 5683 1198 5748 dicit,
1234 5683 1354 5749 Quis
1398 5683 1575 5736 ridebit
1603 5685 1731 5738 eos?
1755 5683 1806 5738 id

250 5788 352 5843 est,
382 5776 501 5846 quia
529 5790 620 5833 eos
645 5790 800 5832 nemo
825 5773 1056 5830 videbat.
1089 5774 1200 5831 lloc
1235 5774 1476 5830 dicebant
1496 5815 1513 5844 ,
1543 5773 1643 5832 hoc
1666 5775 1802 5845 apud

1396 367 1785 440 ENAlmATlO
1825 386 1889 440 lN
1929 388 2246 449 PSALMUM
2286 395 2460 458 ant.

3430 433 3532 488 766

1970 518 2028 558 se
2067 509 2414 576 opinabantur
2451 517 2589 584 quod
2639 534 2798 577 nemo
2843 541 2934 581 eos
2973 531 3190 589 videret.
3244 539 3368 596 Vide
3408 548 3533 615 quid

1964 601 2225 668 contingat
2266 605 2454 658 animze
2483 611 2666 674 mala};
2721 618 2917 672 recedit
2958 636 2987 674 a
3034 623 3150 680 luce
3177 601 3450 697 veritatis:
3477 649 3531 694 ct

1962 688 2079 754 quia
2111 689 2217 756 ipsa
2250 709 2350 746 non
2379 696 2515 751 videt
2547 701 2728 766 Deum,
2761 719 2903 774 putat
2929 725 2985 763 se
3012 729 3114 768 neu
3147 717 3308 773 videri
3337 739 3363 774 a

1960 775 2047 830 Su.-
2075 789 2127 832 et
2157 782 2240 834 isti
2271 786 2564 841 recedendo
2605 793 2778 850 ierunt
2818 799 2867 852 in
2899 805 3173 870 tenebras,
3199 821 3264 863 .ut
3296 813 3395 881 ipsi
3427 834 3528 874 non

1919 911 1924 922 ..
1959 869 2197 923 viderent
2223 874 2417 942 Deum;
2447 881 2765 940 etdixerunt
2789 906 2802 946 :
2831 890 2958 956 Quis
2985 911 3080 950 nos
3107 869 3279 956 videt?
3311 869 3528 964 i’idehat

1957 969 2007 1056 et
2037 959 2121 1012 ille
2151 979 2302 1029 quem
2335 969 2745 1044 cruciﬁgehant;
2779 981 2849 1032 illi
2893 983 3185 1043 deliciendo
3206 1031 3222 1056 ,
3257 1011 3352 1048 uec
3381 999 3527 1055 illum

1959 1047 2170 1114 Filium,
2207 1071 2302 1107 nee
2331 1058 2535 1113 Patrem
2568 1065 2830 1122 videbant.
2861 1071 2914 1127 Si
2946 1088 3071 1146 ergo
3101 1091 3146 1133 et
3184 1047 3268 1137 ille
3296 1088 3523 1156 videbat,

1956 1155 2117 1210 quare
2138 1161 2192 1197 se
2214 1149 2510 1216 patiebatur
2534 1161 2697 1211 teucri
2725 1163 2789 1213 ab
2811 1164 2907 1230 eis,
2932 1170 3099 1224 occidi
3127 1174 3192 1227 ab
3218 1177 3291 1232 eis
3315 1184 3332 1229 ξ
3352 1149 3541 1247 Quare

1955 1233 1995 1283 si
2037 1235 2280 1298 videbat,
2313 1242 2478 1297 mittit.
2517 1249 2731 1301 consilia
2778 1267 2957 1309 eorum
3001 1237 3294 1328 pra-valere.
3331 1233 3394 1322 iii
3427 1276 3525 1327 se?

1953 1324 2156 1392 Quare!
2191 1333 2318 1394 Quia
2366 1334 2519 1390 homo
2557 1352 2670 1394 erat
2716 1357 2926 1414 prOpter
2971 1350 3267 1420 hominem,
3302 1372 3353 1415 et
3385 1365 3521 1420 Deus

1953 1416 2121 1472 latens
2164 1423 2211 1474 itt
2256 1423 2502 1489 homine,
2548 1423 2633 1499 qiti
2680 1447 2895 1490 venerat
2939 1444 3291 1503 nescientibus
3338 1469 3520 1508 exetn-~

1954 1509 2094 1576 plum
2127 1510 2446 1569 fortitudinis
2479 1519 2634 1581 dare:
2670 1525 2785 1579 ideo
2814 1528 2924 1597 ipse
2950 1533 3122 1588 st-icns
3161 1543 3333 1593 omnia
3363 1547 3521 1598 ﬁnali.

1953 1599 2129 1652 Dt‘iifli.

2023 1691 2106 1743 15.
2138 1689 2292 1761 [rem
2325 1694 2408 1766 8.]
2448 1699 2578 1764 Quid
2619 1705 2756 1756 enim
2793 1709 3292 1776 sequitttr?dcrerl.'t
3335 1703 3530 1787 Immo,

1951 1787 1997 1830 et
2021 1780 2034 1809 ¹
2059 1797 2143 1831 cor
2163 1783 2355 1846 altum;
2383 1797 2427 1837 et
2455 1790 2750 1845 multabitur
2779 1794 2933 1852 Deus.
2970 1801 3042 1854 illi
3071 1803 3315 1862 disertim
3347 1829 3358 1862 :
3388 1780 3516 1878 Quis

1952 1884 2046 1920 nos
2069 1871 2302 1925 videbit?
2333 1875 2914 1943 Defeceruntscrutantes
2930 1894 3270 1958 scrutationes,
3296 1871 3513 1956 consilia

1949 1962 2104 2014 mala.
2140 1967 2370 2020 Accessit
2401 1967 2558 2021 homo
2584 1971 2648 2025 ad
2696 1975 2804 2044 ipsa
2836 1982 3055 2035 consilia
3081 2026 3095 2048 ,
3129 2001 3308 2052 passus
3346 2002 3428 2045 est
3455 2009 3514 2049 se

1949 2055 2111 2107 teneri
2145 2065 2198 2109 ut
2225 2057 2402 2113 homo.
2431 2059 2542 2116 Non
2587 2065 2739 2118 enim-
2764 2075 3048 2139 teneretur,
3077 2077 3174 2130 nisi
3204 2077 3394 2147 homo;
3422 2093 3512 2138 aut

1946 2144 2238 2212 videretur,
2268 2151 2363 2202 nisi
2397 2153 2586 2218 homo;
2617 2163 2704 2210 aut
2732 2158 3043 2224 mederetur,
3071 2165 3166 2219 nisi
3200 2144 3388 2234 homo;
3420 2185 3512 2227 aut

1945 2237 2338 2304 Ct'ttciligert'lttr
2360 2252 2447 2294 aut
2478 2257 2771 2300 moreretur
2796 2251 2895 2304 nisi
2922 2251 3100 2307 homo.
3129 2257 3361 2313 Accessit
3384 2277 3511 2331 ergo

1945 2323 2102 2377 homo
2133 2326 2195 2379 ad
2228 2329 2337 2380 illas
2367 2348 2554 2385 omnes
2586 2337 2854 2402 passiones
2877 2382 2891 2404 ,
2921 2357 3039 2410 quin
3067 2344 3116 2397 in
3149 2346 3236 2400 illo
3263 2348 3389 2403 nihil
3415 2323 3507 2404 va-

1942 2412 2104 2467 lcrent
2129 2459 2144 2479 ,
2178 2419 2275 2471 nisi
2305 2432 2443 2474 esset
2474 2423 2649 2479 homo.
2682 2425 2784 2482 Sed
2815 2432 2857 2482 si
2888 2431 2978 2486 ille
3004 2451 3106 2488 non
3137 2449 3275 2492 esset
3307 2439 3466 2494 ltomo
3488 2483 3504 2506 ,

1942 2517 2044 2556 non
2078 2505 2387 2562 liberaretur
2417 2513 2594 2566 homo.
2626 2517 2858 2573 Accessit
2888 2520 3034 2577 homo
3058 2566 3071 2585 ,
3116 2537 3160 2578 et
3198 2545 3284 2581 cor
3309 2505 3502 2599 altum,

1940 2594 1992 2649 id
2021 2607 2102 2649 est
2137 2613 2230 2652 cor
2256 2613 2516 2656 secretum
2565 2622 2579 2661 :
2627 2607 2892 2673 ohjicicns
2923 2616 3236 2681 aspectibus
3264 2619 3502 2676 humanis

1939 2687 2238 2756 hominem,
2267 2709 2484 2748 servans
2509 2697 2646 2750 intus
2677 2699 2836 2754 Deum
2863 2718 2876 2764 ;
2905 2704 3080 2758 celans
3107 2680 3325 2762 formam
3372 2713 3459 2765 Dei
3484 2754 3498 2774 ,

1939 2778 2105 2846 inqua
2128 2785 2344 2851 a‘qualis
2365 2793 2447 2838 est
2470 2786 2631 2851 Patri,
2655 2799 2704 2842 et
2726 2789 2952 2844 olTercns
2976 2793 3193 2850 formam
3220 2801 3376 2864 servi,
3400 2818 3502 2869 qua

1935 2870 2108 2922 minor
2129 2883 2207 2924 est
2231 2872 2403 2928 Patre.
2435 2875 2550 2944 Ipse
2575 2879 2713 2932 enim
2741 2881 2870 2934 dixit
2895 2891 3173 2953 utrumque
3203 2906 3214 2938 :
3246 2889 3336 2942 sed
3359 2891 3499 2946 aliud

1934 2970 2016 3013 est
2039 2978 2100 3015 ex
2131 2962 2294 3017 forma
2323 2967 2430 3026 Dei,
2455 2969 2593 3022 aliud
2620 2986 2682 3024 ex
2716 2971 2878 3026 forma
2906 2975 3064 3027 ενι-κεί.
3097 2977 3230 3030 Dixit
3255 2995 3319 3032 ex
3338 2982 3499 3038 forma

1934 3051 2026 3105 Dei
2060 3071 2072 3105 :
2109 3051 2215 3123 Ego
2242 3067 2286 3107 et
2321 3055 2471 3109 Pater
2497 3075 2648 3112 unum
2682 3078 2852 3114 sanius
2883 3063 3070 3134 (Joatt.
3105 3082 3170 3130 Χ,
3205 3066 3326 3138 50).
3364 3071 3500 3124 Dixit

1930 3159 1993 3197 ev
2020 3146 2181 3225 forma
2214 3148 2368 3204 servi.
2406 3147 2648 3212 Quoniam
2677 3151 2824 3205 Pater
2856 3155 3018 3226 major
3042 3172 3119 3208 me
3145 3169 3214 3210 est
3245 3158 3351 3224 (Id.
3383 3177 3495 3227 xiv,

1928 3235 2048 3305 9.8).
2083 3235 2232 3290 Unde
2262 3253 2322 3292 ex
2354 3237 2517 3294 forma
2551 3242 2639 3296 Dei
2662 3284 2674 3305 ,
2709 3243 2817 3314 Ego
2843 3254 2888 3297 et
2926 3245 3076 3300 Pater
3103 3266 3258 3303 unum
3281 3268 3452 3306 sumus
3473 3255 3499 3306 .9

1927 3324 2054 3391 Quia
2087 3344 2198 3380 cum
2229 3333 2279 3382 in
2309 3333 2471 3408 {artua
2500 3331 2593 3385 Dei
2621 3344 2742 3386 esset
2783 3337 3076 3391 constitutus
3099 3380 3113 3403 ,
3143 3357 3240 3393 non
3267 3344 3496 3412 rapinam

1925 3420 2192 3473 arbitratus
2221 3432 2290 3474 est
2315 3440 2418 3475 esse
2444 3425 2647 3491 aqualis
2694 3425 2817 3480 Deo.
2850 3427 3000 3482 Unde
3028 3445 3092 3484 cx
3127 3431 3289 3486 forma
3320 3435 3492 3498 servi,

1929 3510 2173 3574 Quoniam
2207 3511 2356 3566 Pater
2379 3515 2540 3582 major
2563 3530 2640 3567 me
2667 3526 2736 3567 est
2759 3518 2783 3569 .9
2810 3519 2940 3583 Quia
2965 3521 3297 3587 semetipsum
3324 3525 3496 3576 exina-

1926 3601 2045 3652 nivit
2066 3642 2079 3662 ,
2107 3603 2319 3671 formam
2359 3609 2487 3655 st-‘t'vt'
2525 3606 2772 3670 accipiens
2807 3607 2823 3671 ί
2843 3605 3069 3677 Philipp.
3099 3625 3153 3673 tt,
3188 3611 3240 3674 6,
3277 3609 3358 3682 7).
3393 3614 3493 3667 Ac-

1924 3689 2080 3742 cessit
2121 3707 2245 3758 crgo
2287 3691 2572 3764 Ιιοηιοηθι
2622 3711 2715 3748 cor
2753 3697 2950 3760 altum;
2999 3708 3050 3752 ct
3105 3702 3366 3755 cxaltatus
3409 3713 3490 3757 est

1925 3779 2086 3833 Deus.
2140 3777 2405 3834 Oeriditur
2455 3781 2652 3846 homo,
2708 3794 2761 3838 et
2809 3788 3068 3840 cxaltatnr
3125 3790 3278 3842 Deus.
3339 3792 3486 3859 Quod

1923 3868 2061 3920 enim
2089 3868 2294 3923 occisus
2322 3881 2399 3922 est
2424 3910 2439 3933 ,
2471 3886 2535 3924 ex
2568 3873 2867 3928 lllﬁl‘lllilalc
2907 3875 3132 3948 lnnnaua
3175 3879 3268 3933 fuit.
3300 3896 3311 3934 ;
3343 3884 3485 3950 quod

1922 3961 2208 4012 resurrexit
2234 3969 2286 4013 et
2321 3963 2591 4026 ascendit,
2621 3980 2683 4017 ex
2739 3976 2996 4034 potestate
3045 3969 3216 4023 divina
3263 3970 3342 4041 (ll
3369 3971 3484 4028 Cor.

1920 4064 2010 4101 xm
2034 4090 2047 4112 ,
2081 4047 2169 4120 4).
2203 4051 2413 4103 Accedet
2438 4053 2584 4106 homo
2608 4095 2620 4115 ,
2649 4067 2696 4108 et
2724 4072 2809 4108 cor
2836 4057 2993 4110 altum
3013 4100 3027 4122 ,
3063 4075 3156 4114 cor
3180 4073 3440 4120 secretum
3467 4106 3482 4130 ,

1919 4157 2012 4195 cor
2030 4141 2291 4202 abditum;
2323 4159 2425 4198 non
2456 4146 2739 4200 ostendens
2767 4150 2888 4218 qttid
2932 4163 3144 4215 nosset,
3176 4171 3278 4209 non
3307 4167 3485 4213 osten-

1918 4233 2048 4288 dens
2074 4235 2197 4304 quid
2238 4247 2399 4291 esset.
2441 4237 2519 4291 Illi
2568 4249 2809 4307 putantes
2855 4242 2953 4298 hoc
2995 4255 3166 4322 toturn
3201 4265 3317 4302 esse
3342 4253 3482 4320 quod

1918 4324 2213 4388 videbatur,
2245 4328 2489 4382 occidunt
2518 4329 2786 4386 hominem
2837 4333 2887 4386 itt
2914 4336 3076 4389 corde
3105 4339 3229 4404 alto,
3259 4351 3306 4393 et
3338 4343 3484 4395 exal-

1919 4426 2057 4472 tatur
2083 4420 2220 4472 Deus
2247 4422 2296 4473 in
2326 4421 2485 4474 corde
2510 4422 2687 4475 divino
2717 4441 2731 4476 :
2765 4413 2993 4493 potentia
3021 4429 3159 4481 enim
3193 4430 3481 4499 maiestatis

1917 4523 2026 4563 sua:
2050 4509 2307 4562 exaltatus
2348 4519 2448 4568 est.
2484 4511 2548 4565 Et
2590 4527 2696 4582 quo
2735 4514 2827 4567 ivit
2866 4516 3158 4571 exaltatus?
3200 4517 3349 4574 Unde
3376 4538 3482 4576 non

1917 4601 2132 4654 recessit
2157 4599 2478 4666 humiliatus.

1989 4690 2073 4742 li.
2097 4690 2304 4743 Accedet
2331 4691 2495 4756 homo,
2520 4703 2564 4746 et
2589 4709 2676 4747 cor
2695 4694 2896 4760 altum;
2924 4705 2969 4749 et
2996 4696 3292 4751 exaltabitur
3320 4698 3472 4756 Deus.

1917 4776 2194 4848 Propterea
2217 4780 2323 4847 jam
2351 4781 2623 4844 attendite,
2658 4782 2846 4837 fratres
2877 4786 3000 4847 mei,
3052 4803 3145 4862 cor
3189 4789 3347 4842 altum
3373 4790 3473 4843 ho-

1919 4869 2092 4922 minis.
2115 4868 2276 4937 Cujus
2318 4871 2590 4926 hontinis?
2621 4871 2786 4926 Mater
2832 4875 2976 4936 Sion,
3033 4877 3158 4930 dicet
3198 4878 3388 4945 homo;
3426 4892 3470 4935 et

1917 4960 2062 5013 homo
2085 4965 2246 5028 factus
2278 4972 2350 5015 est
2396 4964 2446 5014 in
2473 4980 2550 5027 ea,
2573 4974 2618 5016 et
2645 4964 2750 5032 ipse
2771 4964 2997 5033 fundavit
3040 4983 3148 5021 eam
3193 4968 3474 5027 Altissimus

1918 5055 1936 5122 (
1965 5051 2106 5106 Psal.
2131 5069 2358 5118 Lxxxvt,
2387 5055 2420 5108 5
2458 5050 2498 5125 ).
2533 5054 2586 5106 ln
2611 5057 2718 5122 ipsa
2755 5056 2962 5110 civitate
2992 5056 3157 5111 faetus
3181 5069 3260 5113 est
3290 5059 3468 5127 homo,

1916 5160 2069 5213 quam
2119 5144 2258 5198 idem
2285 5145 2396 5216 ipse
2430 5144 2660 5197 fundavit
2701 5145 3021 5213 Altissimus,
3066 5150 3152 5216 qtti
3203 5150 3252 5202 itt
3290 5165 3350 5205 ea
3396 5152 3471 5205 fa-

1915 5243 2032 5287 ctus
2057 5243 2136 5288 est
2162 5235 2337 5288 homo.
2371 5225 2507 5304 Ergo
2533 5237 2751 5289 accessit
2771 5242 2936 5301 homo,
2967 5247 3014 5290 et
3055 5255 3138 5293 cor
3182 5241 3360 5293 altum.
3387 5241 3469 5293 ln-

1918 5334 2062 5378 lucre
2089 5325 2349 5377 hominem
2373 5325 2422 5378 in
2453 5325 2612 5380 corde
2660 5327 2766 5380 alto
2799 5328 2951 5381 :vide
2995 5340 3246 5400 quantum
3289 5340 3462 5400 potes,

1914 5415 1956 5468 si
1984 5423 2152 5484 potes,
2184 5425 2237 5469 et
2267 5416 2426 5470 Deum
2456 5417 2504 5470 in
2527 5417 2685 5472 corde
2733 5417 2858 5472 alto.
2907 5422 3141 5474 Accessit
3185 5421 3342 5474 homo
3374 5439 3388 5474 :
3418 5431 3469 5479 ct

1913 5505 2031 5574 quia
2060 5505 2197 5558 Deus
2221 5514 2350 5570 erat,
2382 5514 2435 5559 et
2460 5507 2576 5575 quia
2616 5522 2862 5575 passurus
2900 5519 3013 5563 erat
3045 5511 3244 5575 volens,
3272 5520 3322 5563 et
3348 5511 3468 5580 quia

1912 5593 2206 5662 exemplum
2226 5593 2538 5664 praebiturus
2559 5596 2796 5663 inﬁrmis,
2821 5608 2872 5651 et
2895 5598 3016 5667 quia
3039 5598 3166 5651 nihil
3198 5599 3246 5652 ei
3287 5597 3469 5656 facturi

1911 5723 1994 5835 eo;
2014 5722 2096 5835 :‘i‘c
2129 5723 2357 5834 plerique
2389 5732 2441 5778 et
2472 5727 2684 5789 potiores
2718 5734 2823 5778 uss.
2854 5715 2992 5790 juxta
3023 5733 3151 5778 cxx.
3175 5734 3229 5778 At
3249 5726 3383 5790 ω,
3404 5728 3470 5780 ad

2082 5798 2128 5835 ΠΙ
2163 5820 2176 5834 .
2385 5810 2392 5818 ·

2082 5798 2176 5835 um.
2385 5810 2392 5818 '
