4022 6200
463 482 726 575 erantqui
769 498 1075 562 saeviebant,
1129 503 1377 564 tanquam
1425 503 1645 561 passuro
1685 487 1828 552 “Deo,
1856 483 1947 539 sed
1978 482 2029 538 in

465 601 697 660 homine,
719 594 811 649 sed
840 595 889 647 in
927 605 1086 645 carne
1112 606 1126 655 ;
1150 586 1274 657 quid
1303 584 1539 655 sequitur
1564 581 1587 635 ‘l
1614 577 1827 650 Sagitta
1857 576 2031 645 infan-

467 695 590 747 tium
617 691 762 758 facta
780 694 893 739 sunt
924 683 1085 752 plaga
1113 695 1284 734 eorum
1323 675 1417 748 (a).
1440 673 1542 730 Ubi
1568 679 1649 727 est
1676 669 1760 724 illa
1791 666 2034 723 smvitia?

464 783 549 837 ubi
577 790 657 833 est
682 778 768 832 ille
784 773 1020 830 fremitus
1046 771 1234 834 leonis,
1265 766 1441 838 populi
1492 762 1746 832 rugientis
1768 770 1824 815 et
1848 759 2037 813 dicen-

464 874 549 933 tis,
580 868 845 936 Cruciﬁge,
871 861 1148 932 cruciﬁge?
1172 859 1259 913 ubi
1304 864 1429 913 sunt
1473 854 1674 908 insidia
1716 865 1895 905 arcum
1922 857 2036 903 ten-

463 963 698 1017 dentium
727 959 749 1011 ?
788 957 971 1011 Nonne
1010 953 1204 1023 sagitta
1228 948 1496 1019 infantium
1547 949 1695 1015 facta
1729 951 1845 996 sunt
1873 940 2039 1011 plaga

464 1050 680 1105 eorum?
705 1047 880 1102 Nostis
904 1039 1345 1114 quemadmodum
1375 1035 1476 1090 sibi
1521 1033 1720 1088 faciunt
1743 1029 1811 1085 de
1853 1027 2038 1083 canui-

469 1144 554 1196 liis
577 1140 793 1210 sagittas
823 1137 1066 1191 infantes.
1092 1130 1228 1198 Quid
1271 1127 1486 1193 feriunt,
1518 1133 1610 1179 aut
1636 1121 1772 1177 unde
1796 1120 1988 1175 feriunt
2013 1117 2039 1172 τ

468 1248 587 1303 qua:
636 1243 841 1293 manus,
891 1237 982 1279 aut
1021 1223 1160 1292 quod
1197 1219 1545 1287 telumiquze
1595 1229 1762 1277 arma,
1801 1220 1893 1265 aut
1922 1225 2039 1282 qua:

467 1323 702 1378 membra
721 1321 743 1373 ?
766 1320 979 1389 Sagitta
1001 1314 1269 1384 infantium
1296 1315 1442 1381 facta
1461 1317 1576 1362 sunt
1593 1307 1758 1377 plaga
1777 1320 1968 1359 eorum.

540 1413 669 1487 15.[
692 1429 820 1468 vers.
851 1411 903 1466 9.
928 1408 949 1483 ἶ
974 1408 1038 1462 Et
1079 1407 1349 1476 inﬁrmata
1389 1411 1503 1456 sunt
1546 1416 1698 1469 super
1735 1414 1819 1453 eos
1855 1397 2044 1466 lingua

468 1523 657 1562 eorum.
680 1507 883 1559 Acuant
909 1517 1048 1563 nunc
1067 1500 1270 1568 linguas
1324 1508 1448 1549 suas
1484 1501 1733 1560 tanquam
1786 1488 2038 1558 gladium,

470 1598 680 1650 ﬁrment
720 1593 816 1647 sibi
846 1605 1141 1647 sermonem
1192 1585 1502 1657 malignum.
1550 1580 1734 1635 Merito
1777 1577 1876 1635 sibi
1920 1592 2039 1633 eum

474 1687 818 1741 lirmaverunt
848 1699 862 1747 ;
895 1681 1015 1751 quia
1039 1680 1308 1748 infirmata
1347 1683 1462 1729 sunt
1507 1689 1657 1743 super
1718 1687 1800 1725 eos
1857 1670 2043 1741 lingua

469 1795 663 1831 eorum.
691 1773 952 1843 Numquid
1003 1778 1210 1841 poterat
1248 1782 1366 1822 esse
1412 1766 1515 1819 hoc
1542 1763 1747 1817 ﬁrmum
1792 1760 2043 1815 adversus

472 1869 681 1924 Deum?
705 1866 914 1920 Mentita
950 1874 1041 1929 est,
1072 1862 1257 1931 inquit,
1298 1857 1535 1928 iniquitas
1559 1854 1652 1909 sibi
1680 1855 1697 1925 (
1729 1852 1871 1907 Psal.
1895 1867 2041 1915 xxvr,

472 1960 540 2016 12
565 1960 626 2029 ),;
654 1956 933 2024 Inﬁrmata
955 1963 1072 2008 sunt
1115 1967 1266 2021 super
1293 1965 1375 2003 eos
1429 1947 1615 2017 lingua
1663 1960 1850 1998 eorum.
1907 1943 2045 1998 Ecce

474 2050 764 2106 resurrexit
790 2045 1040 2100 Dominus
1078 2043 1176 2112 qui
1204 2040 1414 2095 occisus
1442 2045 1574 2091 erat.
1600 2035 1918 2089 Transihant
1944 2048 2041 2086 an-

472 2149 526 2197 te
553 2153 787 2205 crucem,
825 2136 909 2190 vel
943 2134 1173 2197 stabant,
1226 2141 1279 2185 et
1334 2126 1673 2182 intuebantur
1702 2125 1870 2190 illum,
1907 2123 2044 2177 sicut

475 2240 622 2284 tanto
659 2237 783 2282 ante
847 2224 1076 2295 psalmus
1127 2218 1484 2291 praedixerat:
1526 2213 1789 2270 Fuderunt
1860 2229 2047 2266 manus

472 2336 607 2373 meas
634 2328 680 2373 et
709 2317 858 2385 pedes
883 2331 1015 2368 meos
1045 2329 1063 2377 ;
1111 2312 1542 2364 dinumeraverunt
1571 2305 1740 2360 omnia
1764 2319 1877 2357 ossa
1904 2319 2033 2356 mea.

478 2408 502 2462 1
508 2410 584 2479 psi
610 2424 722 2461 vero
742 2407 1175 2461 consideraverunt
1202 2386 1247 2455 et
1276 2407 1578 2469 aspexerant
1607 2412 1684 2449 me
1712 2395 1730 2463 (
1765 2391 1903 2448 Psal.
1928 2408 2042 2456 χιιι.

474 2502 561 2563 17,
617 2498 746 2568 ll8).
791 2497 938 2552 Tunc
984 2500 1145 2562 caput
1184 2490 1452 2561 agitabant
1500 2484 1849 2541 dicentes:Si
1881 2481 2049 2536 Filius

474 2592 570 2648 Dei
595 2600 685 2656 est,
708 2589 970 2643 descendat
991 2587 1052 2640 de
1078 2600 1245 2637 cruce.
1268 2581 1628 2636 Tentaverunt
1654 2572 2044 2646 quodammodo

475 2692 648 2737 utrum
670 2680 835 2734 Filius
863 2677 953 2731 Dei
980 2683 1139 2735 esset,
1172 2682 1225 2733 et
1241 2670 1390 2741 quasi
1424 2658 1738 2722 invenerunt
1761 2664 1898 2734 quod
1941 2677 2043 2717 non

477 2771 781 2841 esset,.quia
807 2766 1179 2824 insultantibus
1200 2764 1322 2829 illis,
1362 2761 1429 2816 de
1450 2773 1607 2816 cruce
1632 2773 1735 2813 non
1757 2756 2047 2813 descende-

477 2863 566 2917 bat
588 2840 1019 2915 :sidescenderct
1042 2856 1109 2909 de
1133 2868 1310 2916 cruce,
1341 2850 1507 2907 Filius
1542 2849 1636 2904 Dei
1665 2858 1806 2902 esset
1834 2840 2055 2917 (Matth.

478 2968 645 3013 xxvn,
667 2950 870 3019 40-45).
898 2947 1034 3013 Quid
1067 2945 1157 2999 tibi
1194 2943 1398 2996 videtur
1412 2940 1499 3010 qui
1528 2938 1594 2993 de
1643 2952 1800 2993 cruce
1828 2952 1932 2991 non
1955 2936 2049 2991 de-

478 3041 698 3104 scendit,
721 3053 774 3095 et
801 3039 867 3093 de
891 3036 1133 3105 sepulcro
1157 3030 1391 3088 surrexit
1415 3029 1439 3084 ?
1463 3027 1599 3097 Quid
1627 3042 1754 3099 ergo
1804 3025 2046 3095 profece-

478 3142 598 3188 runt
624 3132 647 3184 ?
675 3129 826 3198 Quod
871 3128 969 3184 etsi
1027 3126 1281 3181 Dominus
1337 3136 1441 3175 non
1480 3120 1876 3182 resurrexisset,
1924 3114 2052 3187 quid

481 3222 847 3294 profecissent,
896 3217 996 3273 nisi
1040 3214 1180 3285 quod
1222 3211 1557 3284 profecerunt
1600 3216 1655 3265 et
1686 3215 2052 3280 persecutores

482 3321 766 3381 martyrum
789 3310 813 3362 Ἰ
860 3307 988 3362 Nam
1010 3316 1063 3359 et
1083 3312 1339 3374 martyres
1357 3300 1588 3356 nondum
1601 3308 1966 3362 surrexerunt,
1993 3305 2048 3377 et

482 3411 655 3456 tamen
697 3401 768 3454 illi
812 3414 914 3453 non
983 3394 1357 3473 profecerunt:
1391 3391 1619 3473 nondum
1663 3389 2063 3470 resurgentium

479 3495 588 3565 jam
620 3492 850 3547 natalitia
880 3463 1228 3546 celebramus.
1260 3484 1358 3542 Ubi
1388 3463 1484 3545 esi
1511 3481 1652 3536 furor
1680 3477 2051 3535 savieulium?

485 3587 695 3656 Sagitta
716 3584 983 3652 infantium
1011 3582 1159 3651 facta
1183 3586 1298 3630 sunt
1329 3573 1494 3644 plaga
1535 3587 1725 3631 eorum,
1754 3579 1798 3623 et
1817 3569 2049 3636 infirma-

485 3685 549 3732 ta
575 3685 690 3730 sunt
727 3690 877 3743 super
903 3687 984 3724 eos
1011 3669 1198 3739 lingua
1222 3680 1413 3719 eorum.
1458 3661 1572 3728 Quo
1598 3659 1964 3730 perduxerunt
1989 3656 2051 3711 il-

484 3773 561 3827 las
583 3768 932 3825 scrutationes
950 3776 1094 3827 suas,
1125 3774 1256 3829 quas
1287 3762 1674 3826 perscrutantes
1720 3749 2051 3815 defecerunt,

484 3873 542 3917 ut
567 3862 722 3916 etiam
752 3866 957 3912 mortuo
980 3854 1264 3907 Dominoct
1281 3846 1505 3916 sepulto,
1526 3843 1773 3898 custodes
1787 3849 2049 3912 ponerent

486 3954 550 4007 ad
577 3952 871 4022 sepulcrum
897 3948 920 4001 ?
953 3928 1205 3999 Dixerunt
1252 3940 1394 3993 enim
1426 3936 1612 3999 Pilato,
1640 3932 1888 3988 Seductor
1920 3932 2049 3995 ille;

486 4045 589 4111 hoe
608 4041 967 4112 appellabatur
987 4035 1200 4091 nomine
1223 4028 1479 4086 Draniaas
1517 4027 1671 4082 Jesus
1694 4024 1955 4089 Christus,
1986 4023 2052 4077 ad

485 4134 726 4189 solatium
748 4142 1022 4186 servorum
1063 4137 1276 4180 suorum
1303 4115 1514 4190 quando
1537 4116 1782 4171 dicuntur
1807 4114 2052 4169 seducto-

486 4238 767 4293 res:ergo
799 4221 873 4274 illi
921 4219 1110 4281 Pilato,
1161 4214 1406 4269 Seductor
1444 4210 1546 4273 ille,
1602 4207 1868 4276 inquiunt,
1920 4205 2048 4258 dixit

485 4317 652 4371 adhuc
676 4315 839 4367 vivens
868 4325 885 4364 :
911 4308 1034 4363 Post
1063 4316 1161 4360 tres
1180 4304 1284 4357 dies
1312 4316 1586 4370 resurgam.
1613 4297 1746 4350 Jubc
1780 4297 1943 4366 itaque
1967 4311 2054 4348 cu-

484 4407 662 4464 stodiri
698 4402 979 4472 sepulcrum
1007 4412 1158 4466 usque
1181 4395 1234 4448 in
1277 4393 1408 4445 diem
1459 4390 1698 4451 tertium;
1740 4403 1801 4440 ne
1821 4390 1948 4456 forte
1967 4402 2053 4439 re-

489 4501 627 4553 niaut
649 4493 881 4564 discipuli
908 4492 1038 4561 ejus,
1060 4497 1104 4541 et
1129 4490 1358 4558 furentur
1403 4498 1533 4541 eum,
1562 4488 1607 4533 et
1654 4479 1823 4530 dicant
1873 4475 2003 4546 plebi
2035 4514 2050 4540 ,

490 4588 718 4645 Surrexit
743 4602 773 4637 a
789 4580 994 4637 mortuis
1018 4595 1036 4644 ;
1065 4586 1110 4631 et
1135 4574 1225 4629 erit
1247 4572 1536 4626 novissimus
1552 4585 1690 4622 error
1714 4567 1854 4638 pejor
1870 4567 2051 4636 priore.

490 4681 573 4732 Ait
600 4679 700 4732 illis
728 4674 926 4729 Pilatus
954 4688 971 4725 :
994 4666 1201 4723 Habetis
1238 4661 1552 4722 custodiam;
1580 4661 1665 4724 ite,
1697 4657 1935 4710 custodite
1949 4656 2052 4709 sie-

492 4778 545 4821 ut
586 4768 738 4819 scitis.
784 4765 872 4818 Illi
925 4770 1104 4815 autent
1138 4754 1375 4809 abeuntes
1418 4749 1698 4802 munierunt
1748 4745 2054 4815 sepulcrum,

492 4859 742 4927 signantes
781 4854 996 4924 lapidem
1016 4865 1129 4904 cum
1154 4842 1438 4927 custodibus
1468 4837 1649 4927 (Ibid,
1682 4836 1850 4927 ϐὅ-(ὶϐ
1887 4834 1927 4903 ).
1958 4834 2060 4888 Po-

491 4916 709 5003 stierunt
764 4916 1006 4991 custodes
1071 4929 1264 4986 milites
1310 4926 1374 4980 ad
1427 4921 1744 4994 sepulcrum.
1789 4916 2058 4974 Concessa

495 5041 633 5087 terra
664 5028 913 5083 Dominus
962 5025 1252 5081 resurrexit
1281 5038 1294 5075 :
1327 5016 1575 5073 miracula
1620 5013 1755 5068 laeta
1794 5023 1916 5067 sunt
1936 5011 2056 5067 talia

493 5125 631 5192 circa
657 5120 973 5189 sepulcrum,
1003 5125 1060 5171 ut
1077 5124 1131 5170 et
1150 5114 1248 5183 ipsi
1274 5112 1466 5167 milites
1491 5109 1592 5178 ,qui
1618 5104 1864 5162 custodes
1892 5103 2054 5158 adve-

497 5219 703 5277 nerant,
729 5216 888 5262 testes
918 5206 1120 5268 ﬁcrent,
1168 5204 1211 5258 si
1238 5202 1433 5257 vellent
1479 5212 1603 5253 vera
1653 5196 1931 5260 nuntiare;
1965 5193 2058 5249 sed

495 5304 712 5362 avaritia
741 5300 826 5354 illa
854 5314 970 5367 quae
998 5290 1600 5364 captivavitdiscipulum
1630 5288 1875 5342 comitem
1907 5284 2081 5340 Chri-s

497 5392 883 5465 sti,captivavit
903 5397 956 5443 et
997 5387 1212 5441 militem
1238 5383 1508 5438 custodem
1549 5380 1796 5450 sepulcri.
1844 5377 2054 5444 Damus,

499 5489 757 5558 inquiunt,
785 5482 919 5536 vobis
948 5476 1205 5550 pecuniam
1233 5491 1250 5538 ;
1279 5483 1325 5527 et
1347 5473 1494 5526 dicite
1514 5473 1631 5541 quia
1651 5470 1785 5523 vobis
1805 5468 2059 5521 dormien-

497 5585 625 5636 tibus
661 5583 892 5634 venerunt
929 5567 1157 5640 discipuli
1187 5567 1316 5637 ejus,
1360 5573 1407 5618 et
1448 5561 1753 5617 abstulerunt
1799 5558 2056 5631 cum(1d.

555 5734 762 5795 (a)tt:ec
785 5742 893 5795 [ars
932 5728 979 5791 ᾗ.
1004 5724 1034 5775 8
1077 5726 1303 5773 tractatur
1349 5727 1492 5778 supra
1533 5714 1583 5764 in
1612 5717 1746 5761 Enar.
1794 5715 1911 5761 rsat.
1964 5687 2056 5773 m,

499 5831 551 5867 ιι.
580 5818 657 5866 t3.
788 5814 794 5821 ’

1668 5904 1723 5923 ,d—

1681 372 1741 429 S.
1781 367 2146 427 AUGUSTINI
2183 367 2484 426 EPISCOPI

2366 253 2376 279 l

3605 357 3719 416 768

2139 498 2324 547 xxvut,
2358 481 2447 546 12,
2478 482 2545 543 15
2573 480 2612 550 ).
2650 479 2784 536 Vere
2823 478 3106 550 defecerunt
3132 484 3409 532 scrutantes
3444 475 3718 529 scrutatio-

2138 590 2243 628 αα.
2265 572 2400 641 Quid
2415 581 2512 637 est,
2546 572 2685 643 quod
2705 572 2903 636 dixisti,
2931 585 2966 626 o
2985 569 3161 625 infelix
3199 567 3431 625 astutia?
3457 566 3719 621 Tantum-

2139 678 2207 720 ne
2248 662 2451 718 deseris
2499 663 2669 718 lucem
2714 660 3210 730 consilii_pietatis,
3259 667 3314 713 et
3360 657 3413 711 in
3450 655 3722 728 profunda

2144 755 2388 808 versutia:
2420 756 2436 786 ί
2459 753 2800 824 demergeris,
2829 761 2887 807 ut
2921 750 3024 807 hoc
3047 750 3195 805 dicas
3227 766 3240 802 :
3271 748 3440 803 Dicite
3464 749 3586 818 quia
3613 763 3717 800 vo-

2141 845 2220 900 bis
2246 846 2627 901 dormientibus
2649 852 2909 900 venerunt
2934 842 3177 912 discipuli
3219 841 3354 910 ejus,
3383 849 3438 895 et
3477 839 3718 895 abstule—

2141 948 2264 992 runt
2285 938 2447 992 eum?
2476 938 2808 993 Dormientes
2858 944 3020 991 testes
3054 932 3275 990 adhibes
3307 950 3321 987 :
3361 926 3487 989 iere
3511 942 3565 987 tu
3598 932 3721 1002 ipse

2142 1027 2473 1094 obdormisti,
2497 1029 2585 1097 qui
2616 1026 2900 1083 scrutando
2924 1026 3043 1080 talia
3086 1023 3346 1080 deiecisti.
3393 1022 3450 1079 Si
3476 1021 3719 1078 dormie-

2145 1117 2288 1178 bant.
2308 1119 2433 1193 quid
2456 1118 2634 1174 videre
2653 1119 2978 1189 potuerunt?
3005 1118 3050 1172 si
3101 1118 3232 1173 nihil
3263 1117 3528 1183 viderunt,
3575 1132 3719 1184 quo-

2142 1209 2302 1264 modo
2327 1218 2495 1266 testes
2517 1212 2679 1265 sunt?
2703 1210 2809 1272 Sed
2858 1211 3143 1278 defecerunt
3190 1219 3464 1264 scrutantes
3511 1220 3718 1263 scruta—

2144 1302 2345 1356 tiones:
2383 1301 2690 1358 defecerunt
2739 1317 2769 1357 a
2811 1302 2930 1358 luce
2982 1302 3095 1369 Dei,
3144 1301 3450 1357 deiecerunt
3497 1301 3549 1355 in
3597 1301 3726 1370 ipso

2144 1391 2332 1447 et't'ectu
2350 1393 2693 1448 consiliorum
2712 1407 2927 1449 suorum
2958 1409 2972 1446 :
3004 1392 3214 1463 quando
3235 1391 3378 1462 quod
3403 1392 3717 1456 voluerunt,

2144 1480 2275 1535 nihil
2302 1482 2557 1550 perlicere
2595 1490 2896 1552 potuerunt,
2933 1483 3117 1551 utique
3153 1481 3459 1536 defecerunt
3490 1498 3505 1534 :
3535 1480 3720 1549 Quare

2145 1569 2248 1625 hoc
2272 1570 2297 1624 ‘l
2320 1571 2448 1639 Quia
2465 1572 2688 1627 accessit
2712 1570 2894 1636 homo,
2915 1581 2968 1627 et
2987 1586 3079 1626 cor
3106 1571 3268 1625 altum
3302 1587 3317 1635 ;
3367 1580 3422 1626 et
3449 1572 3727 1625 exaltatus

2144 1672 2226 1716 est
2246 1661 2404 1717 Deus.
2435 1661 2719 1731 Propterea
2755 1671 2936 1733 postea
2993 1677 3113 1716 eum
3161 1661 3479 1717 innotuisset
3520 1662 3720 1716 Christi

2144 1752 2489 1819 resurrectio,
2513 1761 2566 1808 et
2593 1754 2805 1808 veniens
2828 1753 3057 1824 Spiritus
3079 1764 3291 1809 sanctus
3312 1754 3557 1825 impleret
3584 1754 3724 1809 ﬁdu-

2145 1842 2223 1896 cia
2265 1842 2511 1898 timentes
2549 1844 2803 1913 quosdam
2857 1844 3162 1913 discipulos,
3207 1853 3263 1898 ut
3310 1830 3568 1899 audercrit
3604 1845 3718 1914 jam

2146 1944 2368 1993 mortem
2395 1951 2499 1988 non
2523 1935 2767 1989 timentes
2797 1934 3081 2004 praedicare
3113 1933 3254 2004 quod
3274 1932 3542 2000 siderant,
3565 1936 3724 1990 exal-

2148 2031 2257 2078 tato
2288 2024 2396 2078 Deo
2416 2025 2468 2078 in
2490 2023 2764 2093 majestate
2793 2040 2907 2084 sua.
2939 2026 3027 2094 qui
3051 2018 3265 2095 propter
3298 2036 3532 2080 nostram
3565 2027 3720 2081 inﬁr-

2142 2113 2379 2168 mitatem
2403 2114 2614 2168 humilis
2637 2113 2904 2183 judicatus
2930 2124 3010 2168 est
3033 2130 3050 2178 ;
3078 2123 3133 2168 et
3160 2114 3247 2167 ubi
3273 2124 3553 2184 cmperuut
3573 2117 3722 2169 tubas

2145 2203 2391 2258 cmlestes
2421 2217 2707 2273 personare
2742 2203 2975 2272 judicem
3011 2212 3313 2268 venturum,
3346 2219 3501 2272 quem
3552 2206 3725 2272 primo

2145 2292 2385 2347 viderant
2404 2292 2715 2362 iudicatum,
2739 2291 3029 2348 Conturbati
3052 2302 3166 2347 sunt
3180 2309 3349 2347 omnes
3371 2295 3457 2364 qui
3490 2293 3724 2349 videbant

2146 2399 2247 2436 eos.
2291 2383 2532 2437 Exaltato
2580 2384 2707 2449 Deo,
2734 2392 2790 2437 ut
2828 2382 2956 2445 dixi,
3008 2383 3292 2453 pradicato
3341 2381 3574 2449 Christo,
3623 2384 3724 2439 visi

2146 2484 2268 2527 sunt
2290 2472 2457 2527 Judaei
2487 2490 2515 2526 a
2541 2473 2857 2543 quihusdam
2885 2472 3101 2540 Judais,
3127 2472 3225 2527 visi
3265 2474 3390 2527 Sunt
3413 2461 3729 2529 deﬁcientes

2147 2563 2627 2619 iuserntationibus
2669 2567 2795 2619 suis.
2823 2564 3082 2620 Videbunt
3118 2566 3258 2618 enim
3291 2563 3365 2618 illi
3420 2565 3472 2618 in
3510 2565 3729 2618 nomine

2146 2653 2656 2714 cruciﬁxi,etoccisi
2701 2655 3085 2721 mauibussuis,
3121 2653 3232 2709 ﬁeri
3254 2663 3397 2708 tanta
3436 2655 3725 2709 miracula:

2147 2757 2481 2802 recesserunt
2506 2747 2666 2801 corde
2683 2748 2748 2800 ab
2770 2748 2849 2802 eis
2888 2747 2977 2817 qui
3005 2756 3408 2816 permanserunt
3438 2747 3492 2800 in
3529 2747 3726 2814 impie-

2150 2846 2293 2901 tate;
2320 2836 2587 2907 diSplicuit
2611 2837 2688 2892 eis
2715 2837 2924 2891 illorum
2970 2835 3161 2891 duritia
3192 2854 3207 2903 ;
3240 2836 3559 2906 quaesierunt
3587 2852 3727 2892 cetr-

2148 2927 2322 2983 silium
2356 2927 2543 2982 salutis
2583 2942 2715 2994 sua,
2744 2937 2799 2983 et
2825 2927 3074 2982 dixerunt
3122 2928 3390 2997 Apostolis
3419 2946 3433 2982 :
3472 2927 3612 2994 Quid
3638 2932 3724 2999 [a-

2148 3022 2334 3075 ciemus
2362 3019 2698 3075 ?Conturbati
2717 3034 2843 3090 ergo
2880 3029 2996 3074 sunt
3022 3035 3192 3073 omnes
3232 3020 3323 3089 qui
3363 3019 3596 3073 videbant
3638 3037 3731 3074 eos

2152 3112 2171 3185 (
2200 3111 2308 3166 Act.
2336 3107 2587 3183 ιι,1-¹57)
2617 3128 2631 3163 :
2664 3110 2715 3165 id
2744 3117 2860 3179 est,
2915 3109 3004 3180 qui
3048 3109 3412 3181 intelligebant
3461 3111 3599 3180 quod
3625 3110 3733 3165 lin~

2150 3217 2266 3272 sua
2292 3218 2472 3256 eorum
2501 3200 2780 3255 inﬁrmata:
2818 3210 2942 3255 sunt
2964 3259 2970 3268 ι
2991 3215 3150 3270 super
3175 3215 3289 3267 eos,
3329 3201 3418 3271 qui
3468 3201 3728 3270 intelligo—

2148 3296 2277 3351 bant
2321 3294 2441 3366 quia
2486 3295 2537 3348 in
2585 3294 2832 3350 omnibus
2873 3292 2984 3348 suis
3025 3292 3178 3348 malis
3222 3292 3737 3362 perscrutationihus

2150 3386 2487 3440 consiliorum
2564 3383 2758 3455 ubique
2823 3382 3158 3439 defecerunt.
3221 3382 3530 3439 Conturbati
3602 3392 3737 3438 sunt

2152 3478 2258 3532 isti.

2222 3568 2309 3625 16.
2339 3566 2358 3640 [
2383 3584 2507 3621 vers.
2532 3565 2652 3641 10.]
2677 3567 2740 3621 Et
2762 3569 2924 3620 timuit
2960 3567 3120 3621 omnis
3148 3569 3314 3621 homo.
3363 3565 3462 3634 Qui
3511 3583 3615 3623 non
3659 3568 3737 3622 ti-

2152 3669 2416 3725 muerunt,
2441 3675 2536 3714 nec
2568 3660 2808 3714 homines
2852 3660 3081 3713 luerunt.
3117 3658 3299 3713 Timuit
3345 3662 3506 3714 omnis
3531 3661 3677 3714 homo
3712 3678 3733 3716 :

2153 3753 2202 3807 id
2224 3762 2303 3807 est
2333 3754 2507 3806 omnis
2538 3760 2690 3805 utens
2726 3753 2929 3806 ratione
2956 3744 3385 3821 ad'intclligenda
3429 3768 3549 3821 qua:
3589 3751 3731 3806 facta

2153 3853 2321 3899 erant.
2356 3842 2504 3898 Unde
2537 3842 2606 3896 illi
2643 3842 2730 3911 qui
2788 3857 2893 3895 non
2948 3842 3255 3908 timuerunt,
3308 3856 3497 3911 pecora
3548 3842 3737 3913 potius

2152 3933 2453 3989 nominandi
2493 3941 2635 3996 sunt,
2676 3932 2858 3986 bestia:
2913 3933 3088 4001 potius
3131 3932 3389 3987 immanes
3428 3940 3485 3986 et
3526 3942 3731 3988 truces.

2152 4023 2262 4078 Leo
2306 4023 2515 4092 rapiens
2543 4031 2597 4076 et
2626 4022 2858 4092 rugiens,
2905 4021 2993 4076 ille
3030 4020 3213 4075 adhuc‘
3228 4021 3471 4092 populus.
3503 4022 3573 4075 At
3599 4037 3738 4078 vero

2153 4115 2324 4169 onmis
2340 4114 2497 4167 homo
2527 4112 2739 4169 timuit:
2787 4110 2837 4165 id
2884 4120 2995 4175 est,
3044 4111 3129 4180 qui
3165 4111 3383 4166 credere
3421 4110 3731 4173 voluerunt,

2153 4206 2241 4273 qui
2288 4202 2541 4272 judicium
2596 4207 2877 4254 venturum
2934 4208 3384 4254 contremuerunt.
3432 4198 3499 4252 Et
3556 4200 3735 4252 timuit

2155 4294 2313 4347 omnis
2341 4293 2487 4346 homo
2514 4308 2532 4346 :
2558 4299 2602 4345 et
2647 4291 3064 4345 annuntiaverunt
3093 4307 3245 4361 Opera
3273 4290 3384 4344 Dei.
3414 4290 3507 4346 llle
3532 4293 3621 4360 qui
3646 4292 3736 4345 di-

2154 4386 2326 4452 cebat,
2372 4385 2415 4438 Α
2455 4385 2629 4437 timore
2664 4383 2854 4436 inimici
2894 4399 3013 4436 erue
3051 4385 3272 4436 animam
3318 4399 3520 4451 meam,
3565 4386 3736 4437 timuit

2156 4478 2315 4531 omnis
2340 4466 2573 4529 Itomo.A
2624 4474 2809 4528 timore
2859 4473 3055 4527 inimici
3086 4474 3388 4535 eruebatur,
3411 4474 3507 4528 sed
3551 4474 3734 4530 timori

2160 4567 2250 4621 Dei
2277 4565 2617 4620 subdebatur.
2648 4562 2762 4617 Non
2813 4563 3029 4635 timebat
3056 4578 3169 4630 eos,
3199 4564 3287 4632 qui
3342 4578 3538 4633 corpus
3574 4564 3722 4617 occi-

2157 4657 2308 4719 dunt,
2335 4655 2427 4712 sed
2471 4670 2590 4710 eum
2634 4654 2722 4724 qui
2780 4640 3091 4724 potestatem
3145 4653 3318 4717 habet,
3347 4662 3401 4706 et
3451 4667 3648 4722 corpus
3671 4662 3736 4708 et

2156 4748 2384 4801 animam
2429 4746 2639 4800 mittere
2666 4745 2719 4798 iu
2760 4743 3092 4814 gehennam(
3124 4742 3382 4809 Matth.x,
3410 4742 3482 4798 28
3513 4746 3553 4812 ).
3582 4744 3732 4797 Prae-

2158 4838 2466 4893 dicaverunt
2493 4836 2766 4890 Dominum
2802 4852 2814 4888 :
2862 4851 2982 4889 nam
3008 4835 3177 4905 primo
3226 4834 3412 4889 Petrus
3455 4835 3735 4899 timuit,et

2159 4929 2425 4984 inimicum
2461 4924 2918 4990 timuit;nondum
2947 4932 3060 4978 erat
3086 4924 3258 4978 anima
3305 4924 3419 4992 ejus
3464 4932 3615 4978 eruta
3660 4924 3735 4977 ab

2159 5021 2392 5076 inimico.
2420 5019 2772 5087 Interrogatus
2801 5016 2867 5070 ab
2889 5017 3077 5071 ancilla
3111 5017 3251 5086 quod
3279 5017 3416 5070 inter
3438 5016 3734 5086 discipulos

2160 5112 2275 5181 ejus
2290 5119 2449 5174 esset,
2476 5110 2684 5178 negavit
2727 5107 3003 5160 Dominum
3033 5115 3114 5161 ter
3138 5106 3156 5176 (
3178 5104 3263 5159 Id.
3290 5121 3433 5170 xxvn,
3459 5105 3530 5161 69
3555 5106 3593 5175 ).
3619 5100 3732 5159 [te-

2161 5202 2389 5258 surrexit
2416 5199 2667 5254 Dominus
2687 5238 2702 5263 ,
2754 5197 2981 5251 ﬁrmavit
3016 5197 3316 5251 columnam
3349 5212 3362 5248 :
3389 5196 3498 5265 jam
3538 5196 3734 5250 Petrus

2162 5289 2547 5364 pradicatsine
2585 5290 2795 5354 timore,
2850 5296 2903 5341 et
2943 5302 3063 5341 cum
3111 5286 3300 5341 timore
3328 5287 3483 5350 ;sine
3536 5286 3734 5340 timore

2161 5398 2344 5440 eorum
2383 5382 2470 5452 qui
2499 5395 2692 5449 corpus
2711 5379 2985 5446 occidunt,
2997 5393 3115 5432 cum
3143 5378 3331 5433 timore
3375 5378 3490 5448 ejus
3519 5380 3607 5447 qui
3628 5376 3732 5430 ha-

2161 5475 2250 5530 bct
2265 5480 2576 5543 potestatem
2600 5478 2655 5525 et
2678 5483 2870 5539 corpus
2895 5478 2949 5522 et
2968 5468 3196 5522 animam
3217 5462 3493 5522 occidendi
3538 5468 3590 5521 in
3630 5482 3735 5537 ge-

2163 5563 2332 5619 henna
2361 5562 2515 5627 ignis.
2556 5558 2742 5614 Timuit
2788 5557 2948 5613 omnis
2993 5559 3256 5614 nominet
3299 5560 3739 5614 annuntiaeerunt

2163 5672 2315 5729 opera
2335 5648 2449 5708 Dei.
2472 5652 2707 5721 Namque
2733 5651 3103 5706 annuntiantes
3126 5652 3259 5707 istos
3292 5651 3575 5722 Apostolus
3604 5665 3743 5721 ope-

2231 5791 2247 5822 ι
2284 5795 2358 5838 Er.
2381 5794 2432 5838 et
2450 5784 2629 5848 aliquot
2652 5791 2775 5855 ω.
2797 5781 3020 5836 versutia.
