4022 6200
272 318 370 375 769

1359 290 1753 375 ENARRATIO
1790 318 1854 374 IN
1895 320 2214 378 rsawuu
2256 324 2434 381 ant.

3414 336 3515 392 770

270 452 321 488 ra
371 435 478 495 Dei,
522 433 877 489 exbibnerunt
924 435 1021 490 sibl
1067 435 1329 506 principes
1380 434 1732 496 sacerdotum,
1781 443 1835 489 et
1943 434 2132 501 panis:
2164 430 2594 505 agnoscunteum
2623 439 2641 512 (
2664 440 2787 495 Luc.
2813 444 3049 501 xstv.16
3084 443 3210 514 46),
3238 445 3507 510 .l:etautnr,

264 529 564 584 Comminati
594 537 717 583 sunt
752 526 988 583 dicentes
1025 544 1087 579 ne
1123 527 1174 579 iu
1205 526 1402 579 nomine
1430 525 1555 580 Jesu
1585 525 1830 592 pradica-

262 631 389 673 rent.
425 620 488 672 Et
516 621 591 673 illi
612 620 841 672 dixerunt
869 635 887 671 :
913 617 1071 671 Dicite
1096 618 1235 671 nobis
1276 617 1355 670 cui
1399 618 1558 686 magis
1583 618 1832 681 obtempco

262 728 373 764 rare
415 720 659 780 oporteat,
719 708 841 771 Deo,
892 725 957 760 an
1009 705 1286 760 hominibus
1316 705 1335 773 (
1360 706 1468 759 Act.
1494 722 1546 772 v,
1573 704 1740 759 27-99
1766 706 1783 773 )
1810 705 1832 757 ?

259 803 395 870 Quid
436 805 505 858 illi
551 794 835 857 dicereut?
874 800 1184 854 Hominibus
1242 798 1417 867 potius
1471 812 1626 866 Quam
1681 793 1825 849 Deo?

259 896 386 951 Sine
413 896 571 949 dubio
614 896 716 948 non
770 893 1170 960 responderent,
1223 890 1344 955 nisi,
1397 890 1503 942 Deo
1525 889 1718 957 potius.
1752 886 1828 940 Illi

257 998 433 1040 autem
457 986 691 1039 sciebant
719 1000 832 1051 qua:
858 984 1065 1052 juberet
1117 982 1275 1045 Deus,
1303 990 1355 1034 et
1401 986 1830 1047 contempserunt

257 1081 518 1134 minantes
559 1077 880 1131 sacerdotes.
912 1075 1039 1143 Quia
1094 1088 1220 1143 ergo
1263 1072 1422 1124 timuit
1464 1069 1626 1123 omnis
1657 1068 1825 1129 homo,

258 1152 369 1226 non
398 1169 583 1223 terruit
631 1167 788 1221 homo
822 1184 834 1221 :
866 1176 911 1220 et
965 1166 1383 1218 aununtiaverunt
1427 1177 1580 1228 opera
1632 1157 1743 1211 Dei.
1771 1156 1825 1211 Si

259 1263 407 1317 timet
435 1261 614 1325 homo,
664 1274 767 1311 non
821 1258 1015 1310 terreat
1060 1254 1404 1307 bonumequ
1453 1251 1590 1305 enim
1641 1249 1828 1303 timere

256 1353 414 1407 debet
436 1350 612 1413 homo,
644 1365 673 1403 a
701 1363 803 1418 quo
826 1348 991 1400 factus
1020 1355 1099 1399 est
1122 1344 1302 1397 homo.
1336 1341 1483 1408 Quod
1539 1356 1695 1408 supra
1734 1339 1827 1393 ho-

257 1446 425 1497 mines
450 1453 529 1495 est
550 1441 693 1501 time,
723 1448 773 1491 et
800 1437 1040 1490 homines
1061 1446 1110 1487 te
1150 1450 1252 1487 non
1287 1432 1575 1487 terrebunt.
1606 1431 1823 1485 Mortem

256 1536 628 1601 sempiternam
664 1533 806 1592 time,
836 1540 887 1585 et
935 1537 1244 1597 prmseutem
1306 1541 1409 1580 non
1462 1524 1690 1579 curabis.
1720 1522 1824 1577 Vo-

257 1628 507 1692 luptatem
554 1612 693 1676 illam
736 1621 1131 1688 incorruptam,
1184 1628 1236 1671 et
1288 1616 1517 1685 quietem
1562 1614 1677 1667 sine
1707 1612 1824 1668 labe

242 1718 683 1787 ,concupisce;ct
739 1714 1128 1782 promittentem
1167 1710 1301 1763 dona
1350 1708 1445 1761 ista
1493 1706 1819 1775 temporalia,

255 1822 305 1864 et
334 1818 495 1863 totum
548 1806 797 1860 mundum
853 1802 1136 1857 deridebis.
1188 1802 1314 1854 Ama
1364 1813 1509 1866 ergo,
1541 1807 1595 1851 et
1647 1797 1819 1849 time:

257 1914 373 1953 ama
401 1898 535 1969 quod
567 1895 822 1967 promittit
852 1894 1008 1957 Dens,
1034 1892 1159 1944 time
1191 1888 1328 1960 quod
1374 1888 1595 1941 minatur
1636 1886 1771 1939 Deus
1804 1899 1818 1946 ;

257 2006 353 2045 nec
368 1986 722 2056 corrumperis
748 2001 812 2038 ex
836 2000 900 2039 eo
933 1981 1071 2051 quod
1118 1980 1392 2049 promittit,
1410 1992 1511 2031 nec
1540 1974 1821 2031 terreberis

252 2097 312 2135 ex
344 2097 409 2136 eo
436 2079 574 2150 quod
620 2078 850 2131 minatur
899 2073 1077 2127 homo.
1110 2070 1174 2124 Et
1212 2069 1373 2122 timuit
1412 2068 1572 2121 omnis
1622 2065 1769 2118 homo
1801 2078 1816 2117 :

250 2183 294 2227 et
313 2172 729 2225 annuntiaverunt
751 2182 902 2234 Opera
930 2158 1044 2225 Dei,
1072 2171 1119 2215 et
1150 2162 1282 2229 facta
1303 2160 1413 2228 ejus
1440 2158 1816 2211 intellexerunt.

249 2263 382 2332 Quid
410 2271 511 2322 est.
545 2264 679 2331 facta
729 2260 837 2328 ejus
885 2255 1231 2309 intellexerunt
1263 2251 1287 2304 ?
1316 2251 1423 2304 lloc
1463 2258 1578 2303 erat
1612 2248 1756 2312 illud,
1787 2262 1820 2299 o

248 2357 473 2411 Domine
500 2353 622 2408 Jesu
666 2350 894 2412 Christe,
924 2346 1061 2417 quod
1097 2344 1324 2406 tacebas,
1357 2353 1408 2397 et
1451 2344 1586 2396 sicut
1608 2341 1721 2393 ovis
1753 2339 1815 2393 ad

246 2448 516 2502 victimam
541 2441 837 2501 ducebaris,
862 2449 910 2494 et
945 2454 1046 2492 non
1084 2435 1356 2503 aperiebas
1383 2447 1560 2486 coram
1587 2428 1817 2484 tonden-

246 2551 296 2596 te
315 2557 378 2595 os
402 2549 564 2600 tuum,
596 2544 649 2591 et
667 2550 765 2590 nos
791 2543 839 2588 te
857 2531 1164 2602 putabamus
1184 2542 1300 2582 esse
1324 2526 1375 2579 in
1394 2526 1540 2594 plaga
1566 2531 1619 2577 et
1637 2522 1818 2578 dolore

245 2634 497 2702 positum,
552 2638 606 2684 et
654 2628 906 2682 scientem
959 2626 1094 2678 ferre
1142 2617 1544 2675 infirmitatem?
1583 2616 1817 2670 lloccine

245 2734 362 2780 erat
380 2723 516 2794 quod
546 2719 905 2776 abscondebas
923 2716 1149 2784 speciem
1182 2723 1347 2777 tuam,
1375 2710 1617 2780 speciose
1644 2708 1815 2761 forma

244 2832 357 2885 pra:
406 2814 526 2879 ﬁliis
575 2808 881 2880 bominuml
906 2806 1047 2860 Psal.
1101 2820 1240 2869 κων,
1272 2804 1305 2857 5
1331 2803 1398 2869 )‘l
1430 2800 1659 2855 iloccine
1703 2805 1813 2852 erat

245 2904 398 2969 illud,
422 2904 559 2973 quod
590 2900 849 2957 videbaris
871 2916 973 2952 non
1020 2897 1214 2951 habere
1258 2893 1489 2963 speciem
1525 2904 1696 2959 neque
1717 2888 1812 2943 de-

244 3014 425 3053 corem
448 2997 466 3067 (
494 2996 616 3049 Isai.
650 3011 755 3056 un,
782 2993 881 3046 2—7
909 2989 1238 3061 )?P0rtahas
1268 2987 1320 3039 in
1348 2999 1502 3039 cruce
1552 2980 1815 3037 insultan-

244 3101 323 3144 tes
348 3098 403 3143 et
424 3089 655 3143 dicentes
687 3105 701 3140 :
752 3085 812 3140 Si
855 3083 900 3137 F
901 3083 1015 3137 ilius
1046 3080 1135 3133 Dei
1160 3089 1249 3145 est,
1297 3074 1559 3129 descendat
1586 3073 1647 3127 de
1673 3087 1818 3126 cruce

245 3180 474 3251 (Matt/2.
524 3194 685 3236 xxvn.
736 3174 864 3244 40).
919 3173 1045 3241 Quis
1108 3170 1245 3224 forte
1288 3168 1460 3222 sciens
1499 3172 1812 3234 potestatem

245 3282 386 3325 tuam
410 3284 593 3324 servus
621 3277 760 3331 tuus,
792 3275 841 3320 et
881 3265 1103 3319 dilectus
1151 3270 1289 3324 tuus,
1345 3274 1447 3313 non
1501 3254 1815 3312 exclamavit

244 3366 294 3416 in
322 3362 485 3417 corde
511 3375 626 3422 suo,
650 3370 699 3414 et
726 3359 854 3411 dixit
882 3376 893 3412 :
918 3356 960 3411 0
982 3356 1023 3411 si
1055 3353 1210 3409 modo
1256 3350 1626 3413 descenderet,
1652 3358 1704 3402 et
1724 3347 1809 3401 isti

243 3468 430 3507 omnes
467 3452 555 3520 qui
602 3450 852 3503 insultant
884 3442 1370 3502 confunderentur?
1399 3442 1501 3497 Sed
1552 3456 1656 3528 n‘on
1700 3447 1814 3494 erat

242 3548 319 3600 sic
348 3565 359 3598 :
392 3543 725 3598 moriendum
754 3549 865 3595 erat
914 3549 1128 3609 pmpter
1187 3537 1493 3597 morituros,
1542 3542 1595 3587 et
1646 3547 1815 3585 resur-

242 3638 470 3707 gendum
499 3645 711 3705 propter
761 3648 968 3700 semper
1017 3632 1266 3685 victuros.
1303 3628 1410 3679 Iloc
1444 3626 1513 3678 illi
1551 3624 1637 3692 qui
1669 3623 1813 3675 vole-

240 3730 370 3782 bant
394 3728 540 3781 illum
568 3726 634 3779 de
657 3739 815 3779 cruce
830 3720 1169 3780 descendere.
1196 3734 1297 3771 non
1328 3714 1688 3782 iulelligebant
1722 3730 1735 3775 ;
1759 3721 1813 3764 at

242 3822 327 3875 ubi
363 3816 671 3879 resurrexit,
702 3826 754 3868 et
783 3810 1102 3881 gloriﬁcatus
1128 3807 1366 3862 ascendit
1406 3807 1455 3857 in
1483 3804 1696 3866 cmlum,
1726 3802 1811 3854 ἰη-

242 3912 565 3966 tellcxerunt
591 3920 749 3974 opera
784 3900 1007 3956 Domini.
1040 3898 1468 3952 Amumtiavcraut
1513 3909 1665 3961 opera
1699 3890 1809 3955 Dei,

239 4014 283 4058 et
311 4006 450 4073 facta
473 4000 581 4071 ejus
604 3995 968 4050 intellexerunt.

314 4095 403 4148 17.
437 4090 599 4164 [vers.
628 4084 752 4157 IL]
780 4083 1050 4137 Lwtabitur
1081 4080 1253 4149 justus
1306 4077 1356 4129 in
1411 4074 1644 4164 Domino.
1694 4072 1808 4126 Jam

241 4202 349 4241 non
379 4162 462 4238 est
485 4180 649 4235 tristis
695 4178 885 4246 justus.
944 4173 1144 4227 Tristes
1183 4171 1320 4224 enim
1373 4177 1524 4221 erant
1570 4162 1809 4232 discipuli

240 4276 496 4332 cruciﬁxo
513 4273 735 4331 Domino
751 4286 763 4328 ;
785 4264 1099 4324 contristati,
1116 4271 1401 4315 mmrentes
1417 4259 1770 4312 disceSserunt
1796 4271 1810 4320 ;

242 4367 539 4440 perdidisse
583 4380 643 4420 se
683 4376 830 4432 spem
883 4362 1213 4427 putaverunt.
1273 4350 1575 4406 Resnrrexit
1614 4347 1811 4413 ;etiam

240 4475 506 4531 apparens
533 4452 942 4511 tristesinvenit.
966 4448 1157 4503 Tenuit
1186 4446 1366 4501 oculos
1399 4443 1618 4497 duorum
1651 4441 1702 4493 in
1730 4439 1813 4494 ria

241 4550 647 4613 ambulautium,
680 4562 748 4600 ne
771 4543 838 4597 ab
868 4544 946 4598 eis
987 4547 1379 4609 agnosceretur,
1412 4546 1464 4589 et
1501 4533 1696 4588 invenit
1722 4548 1814 4587 eos

242 4653 519 4713 gementes
545 4650 595 4694 et
625 4636 948 4707 suspirantes
971 4650 985 4695 ;
1007 4643 1059 4685 et
1090 4630 1255 4684 tenuit
1280 4643 1374 4681 eos
1398 4626 1565 4679 donec
1585 4639 1816 4692 expone-

245 4748 324 4792 ret
375 4736 693 4803 Scripturas,
747 4737 800 4782 et
841 4742 932 4796 per
977 4725 1116 4792 ipsas
1171 4721 1471 4786 Scripturas
1512 4716 1815 4769 ostenderet

243 4830 366 4900 quia
396 4830 464 4881 ita
520 4824 629 4878 fieri
674 4819 951 4890 oportebat
996 4816 1130 4869 sicut
1202 4814 1389 4865 factum
1426 4816 1526 4863 est.
1574 4806 1815 4860 Ostendit

242 4921 388 4975 enim
421 4918 472 4970 in
495 4912 800 4982 Scripturis,
832 4908 952 4976 quia
976 4914 1093 4975 post
1129 4903 1340 4957 tertium
1371 4900 1510 4954 dicm
1536 4912 1815 4966 resurgere

247 5008 529 5081 Oportebat
557 5003 857 5057 Dominum.
878 4998 945 5051 Et
971 4993 1234 5065 quomodo
1271 4992 1426 5045 tertio
1455 4989 1540 5043 die
1572 5002 1814 5056 resurge-

244 5080 347 5165 ret,
392 5098 522 5154 side
546 5109 701 5150 cruce
749 5087 1135 5145 descenderet?
1163 5084 1315 5138 Modo
1366 5098 1457 5134 vos
1499 5080 1585 5149 qui
1616 5082 1818 5135 tristes

246 5192 376 5246 estis
400 5191 454 5243 in
493 5188 594 5247 via,
628 5184 674 5238 si
704 5180 899 5237 Iudaeis
947 5175 1316 5230 iusultantibus
1364 5170 1608 5224 videretis
1636 5169 1815 5222 Domi-

246 5299 374 5337 num
418 5280 485 5334 de
534 5290 692 5330 cruce
735 5268 1108 5331 descendisse,
1154 5272 1402 5333 quantum
1455 5258 1816 5315 efferremiui?

236 5367 586 5429 ‘Ltetaremini
608 5364 745 5436 quod
771 5356 860 5418 ora
888 5360 1192 5415 Judacorum
1244 5356 1319 5409 sic
1363 5354 1678 5407 obturasset.
1713 5353 1818 5405 Ex-

247 5471 485 5533 spectate
501 5457 778 5515 consilium
806 5452 993 5507 medici
1020 5466 1032 5501 :
1062 5447 1199 5518 quod
1230 5460 1331 5497 non
1352 5443 1643 5506 descendit,
1676 5442 1813 5511 quod

250 5555 417 5610 occidi
447 5554 596 5615 vult,
640 5546 929 5601 antidotum
987 5540 1127 5595 terit.
1172 5539 1306 5593 Ecce
1346 5534 1455 5604 jam
1507 5534 1813 5598 resurrexit,

250 5661 375 5701 cccc
411 5645 516 5713 jam
569 5639 829 5709 loquitur:
866 5632 1099 5689 nondum
1156 5627 1455 5699 agnoscitur
1483 5665 1499 5690 ,
1547 5633 1606 5678 ut
1647 5623 1817 5679 lanius

251 5742 584 5805 agnoscatur.
629 5730 814 5785 Postea
843 5723 1045 5796 aperuit
1069 5720 1250 5776 oculos
1269 5733 1450 5775 eorum
1480 5717 1531 5771 in
1560 5714 1817 5772 fractione

1939 526 2250 579 exclamant.
2310 528 2580 583 laetabitur
2610 535 2780 601 justus
2838 534 2889 586 in
2938 534 3174 593 Domino.
3221 537 3500 592 Nuntiatur

1938 614 2143 668 cuidam
2166 616 2387 680 duriori,
2430 618 2583 674 Visus
2634 632 2715 676 est
2762 624 3033 691 Dominus,
3074 629 3360 686 resurrexit
3406 630 3512 682 Du-

1939 704 2114 756 minus
2148 723 2160 757 :
2193 707 2363 760 adhuc
2404 710 2487 762 ille
2516 711 2677 765 tristis
2697 724 2796 776 est,
2822 731 2925 767 non
2943 716 3128 770 credit.
3156 716 3271 770 Nisi
3308 720 3506 785 misero,

1938 795 2342 861 inquil,mamtm
2372 817 2550 865 meum,
2600 815 2645 855 et
2680 802 2881 871 tetigero
2926 806 3178 859 cicatrices
3228 809 3508 870 clavorum,

1935 899 2034 935 non
2054 886 2567 943 credam.Pra:betur
2610 904 2662 945 et
2708 908 2900 961 corpus
2961 896 3296 965 langcntlum,
3351 900 3510 953 mittit

1935 990 2167 1037 manum,
2197 988 2507 1041 contrectat.
2543 984 2820 1043 exclamat.
2853 985 3099 1039 Dominus
3127 1003 3265 1041 naeus
3306 998 3351 1041 et
3377 990 3510 1060 licus

1934 1068 2113 1121 meus!
2162 1068 2434 1123 Ltrtabitur
2456 1074 2626 1141 justus
2665 1077 2716 1128 in
2763 1076 2997 1132 Domino.
3042 1079 3122 1133 Illi
3171 1096 3296 1150 ergo
3346 1083 3505 1137 ltelati

1932 1159 2192 1226 sun-tjnsti
2220 1162 2269 1215 in
2299 1164 2540 1227 Domino,
2570 1167 2656 1235 qui
2685 1168 2948 1233 viderunt,
2977 1173 3278 1240 tetigerunt,
3307 1181 3365 1227 et
3386 1190 3504 1228 cre-

1931 1246 2217 1304 diderunt:
2246 1252 2367 1320 quid
2394 1254 2520 1320 justi
2552 1257 2638 1325 qui
2688 1258 2844 1310 modo
2872 1269 2994 1313 sunt
3025 1263 3066 1326 ³,
3115 1263 3231 1330 quia
3280 1280 3382 1317 non
3424 1266 3505 1317 vi-

1932 1338 2095 1404 dent,
2127 1343 2247 1411 quia
2284 1359 2392 1397 non
2456 1356 2689 1415 tangunt,
2724 1364 2827 1402 non
2862 1350 3109 1405 lzelantur
3152 1354 3203 1406 in
3234 1352 3505 1409 Domino?

1931 1429 1999 1482 Et
2021 1432 2107 1485 ubi
2136 1442 2215 1486 est
2246 1434 2328 1486 illa
2359 1450 2458 1489 vox
2488 1437 2690 1490 Domini
2734 1439 2797 1491 ad
2852 1440 3020 1508 ipsum
3052 1441 3341 1495 Thomam:
3373 1443 3506 1507 Quia

1928 1520 2095 1574 vidisti
2111 1539 2206 1586 me,
2234 1525 2493 1578 credidisti
2514 1542 2533 1580 :
2576 1527 2705 1580 beati
2731 1530 2816 1597 qui
2838 1547 2947 1585 non
2975 1532 3223 1598 viderunt,
3252 1542 3298 1585 et
3344 1535 3505 1586 credi-

1927 1611 2145 1681 derantl
2174 1614 2326 1669 Joau.
2357 1632 2452 1682 xx,
2497 1617 2583 1672 Ξὸο
2601 1619 2668 1673 29
2697 1619 2714 1687 )
2746 1620 2768 1672 ’ἓ
2801 1622 2936 1689 Ergo
2966 1636 3151 1681 oniues
3183 1621 3421 1677 laetemur
3450 1624 3502 1678 in

1930 1701 2150 1757 Domino
2178 1720 2192 1767 ;
2225 1720 2408 1760 omnes
2437 1708 2726 1763 secundum
2774 1710 2932 1769 [idem
2960 1711 3285 1780 unusjustus
3314 1714 3498 1779 simus,

1925 1809 2214 1864 omnesque
2236 1796 2285 1848 in
2318 1813 2422 1851 uno
2442 1814 2663 1867 corpore
2716 1817 2876 1853 unum
2926 1811 3083 1871 caput
3116 1802 3419 1867 habeamus,
3448 1812 3504 1858 et

1926 1886 2166 1942 laetemur
2194 1888 2244 1942 in
2272 1890 2516 1954 Domino,
2540 1907 2643 1947 non
2692 1894 2741 1946 in
2790 1894 2974 1958 nobis;
3007 1894 3125 1964 quia
3164 1894 3359 1947 bonum
3399 1910 3501 1949 no-

1923 1987 2089 2031 strum
2115 1995 2217 2033 non
2247 1996 2343 2034 nos
2383 1982 2555 2044 nobis.
2613 1984 2702 2037 sed
2750 1985 2835 2039 ille
2859 1986 2945 2054 qui
2976 1986 3098 2040 fecit
3127 2000 3243 2039 nos.
3281 1986 3394 2055 ipse
3420 1995 3502 2040 est

1923 2066 2116 2123 bonum
2152 2080 2386 2125 nostrum
2417 2073 2481 2125 ad
2514 2072 2855 2129 laetiﬁcandos
2878 2091 2995 2129 nos.
3030 2076 3092 2129 Et
3120 2090 3276 2129 nemo
3294 2076 3500 2130 lauetur

1924 2160 1975 2213 in
2005 2176 2083 2223 se,
2116 2177 2273 2216 nemo
2304 2175 2605 2232 przcsumat,
2644 2181 2798 2240 nemo
2840 2167 3085 2235 desperet
3130 2166 3197 2221 de
3229 2181 3307 2231 se,
3340 2182 3498 2221 nemo

1921 2251 1988 2306 de
2015 2268 2276 2324 quoquam
2310 2255 2539 2316 homine,
2562 2272 2715 2325 quem
2746 2257 2902 2311 debet
2920 2280 2927 2291 ~
2946 2257 3211 2312 adducere
3234 2266 3291 2312 ut
3317 2258 3493 2313 socius

1922 2343 1989 2397 sit
2016 2345 2125 2413 spei
2159 2344 2340 2413 ipsius,
2395 2362 2497 2399 non
2521 2346 2674 2400 dator
2691 2348 2825 2415 spei.

1994 2434 2078 2487 i8.
2115 2433 2384 2488 La’tabitur
2399 2436 2569 2505 justus
2599 2436 2649 2489 in
2672 2435 2887 2491 Domino
2906 2478 2920 2500 ,
2948 2447 2995 2491 et
3018 2438 3234 2507 sperabit
3259 2440 3311 2492 in
3336 2456 3445 2493 eum
3476 2455 3498 2503 ;

1920 2533 1967 2577 et
2011 2523 2352 2578 laudabuntur
2397 2542 2565 2579 omnes
2590 2528 2675 2593 qui
2712 2528 2833 2581 recti
2875 2538 2988 2580 sunt
3030 2528 3196 2581 corde.
3226 2528 3342 2582 Jam
3372 2530 3494 2598 quia

1922 2614 2175 2670 Dominus
2219 2618 2547 2681 resurrexit,
2572 2618 2681 2686 jam
2723 2617 2841 2687 quia
2886 2619 3126 2671 ascendit
3176 2619 3227 2672 in
3257 2620 3447 2673 caelum
3473 2658 3489 2683 ,

1916 2703 2026 2771 jam
2054 2705 2172 2774 quia
2200 2705 2432 2760 ostendit
2470 2721 2589 2762 esse
2619 2708 2774 2760 aliam
2803 2707 2961 2760 vitam
2981 2749 2993 2769 ,
3026 2707 3132 2775 jam
3165 2708 3286 2776 quia
3317 2708 3490 2761 mani-

1918 2796 2109 2850 festum
2137 2806 2215 2851 est
2245 2799 2461 2853 consilia
2504 2800 2618 2865 ejus
2653 2800 2843 2868 quibus
2878 2800 3028 2853 latuit
3050 2800 3209 2854 Corde
3232 2800 3340 2855 alto
3386 2816 3489 2854 non

1858 2896 1864 2911 '
1923 2887 2082 2943 fuisse
2114 2889 2310 2953 inania,
2337 2890 2456 2957 quia
2487 2889 2602 2943 idco
2627 2890 2840 2959 sanguis
2879 2890 2965 2944 ille
2998 2889 3142 2944 fusus
3164 2899 3323 2944 estut
3351 2898 3493 2944 esset

1920 2980 2145 3048 pretium
2186 2980 2574 3049 redemptorum
2597 2998 2611 3045 ;
2634 2981 2740 3049 jam
2772 2984 2891 3051 quia
2919 2983 3191 3036 manifesta
3224 2993 3347 3037 sunt
3372 2999 3490 3036 ont-

1920 3071 2004 3124 nia
2027 3112 2041 3133 ,
2070 3072 2188 3141 quia
2233 3072 2511 3141 pra-dicata
2538 3074 2557 3103 ¹
2584 3083 2704 3126 sant
2733 3073 2907 3126 omnia
2938 3116 2952 3141 ,
2983 3073 3101 3143 quia
3133 3074 3327 3127 credita
3369 3082 3492 3128 sunt

1918 3162 2114 3224 Otttnia,
2140 3163 2236 3216 sub
2263 3165 2404 3217 omni
2445 3164 2582 3218 caelo
2621 3164 2872 3217 [relabitur
2897 3166 3069 3235 justas
3096 3166 3145 3218 in
3166 3163 3412 3229 Domino,
3441 3176 3490 3219 et

1917 3253 2134 3320 sperabit
2162 3254 2213 3304 in
2253 3263 2469 3314 eum;et
2520 3254 2859 3306 laudabuntur
2897 3272 3066 3308 omnes
3107 3257 3192 3323 qui
3220 3257 3339 3309 recti
3374 3265 3490 3308 sunt

1917 3343 2083 3395 corde.
2118 3345 2212 3409 Qui
2242 3354 2363 3397 sunt
2390 3347 2518 3398 recti
2546 3345 2707 3399 corde
2730 3346 2752 3398 ?
2775 3346 2864 3399 Eia
2899 3347 3089 3401 fratres
3119 3350 3243 3410 mei,
3272 3364 3489 3418 semper

1917 3433 2139 3487 dicimus
2164 3476 2178 3499 ,
2210 3443 2261 3487 et
2290 3436 2481 3488 bonum
2519 3449 2600 3490 est
2630 3445 2685 3488 ut
2722 3438 2992 3491 noveritis.
3043 3438 3140 3501 Qui
3183 3450 3306 3491 sunt
3350 3438 3483 3492 recti

1916 3528 2113 3581 corde?
2140 3527 2237 3594 Qui
2268 3529 2444 3581 omnia
2475 3544 2818 3597 quascumque
2847 3530 2895 3581 in
2926 3529 3023 3581 hac
3051 3530 3151 3580 vita
3183 3530 3483 3596 patiuntur,

1917 3636 2020 3673 non
2045 3635 2104 3673 ea
2130 3619 2361 3673 tribuunt
2394 3620 2707 3687 iusipientim
2729 3661 2742 3683 ,
2775 3619 2865 3672 sed
2911 3620 3133 3673 consilio
3170 3621 3255 3672 Dei
3278 3620 3342 3671 ad
3367 3636 3483 3674 me-

1917 3710 2142 3763 dicinam
2187 3724 2335 3763 suam
2362 3727 2375 3772 ;
2406 3725 2503 3763 nec
2545 3720 2867 3776 prazsumunt
2912 3711 2979 3765 de
3018 3711 3221 3779 justitia
3261 3727 3349 3763 sua
3373 3752 3387 3774 ,
3428 3722 3486 3766 ut

1917 3809 2099 3867 putent
2127 3816 2183 3852 se
2216 3799 2405 3867 injuste
2449 3800 2550 3866 pati
2582 3800 2720 3867 quod
2769 3801 3037 3868 patiuntur
3058 3842 3070 3861 ,
3100 3809 3192 3853 aut
3223 3802 3338 3855 ideo
3365 3818 3483 3858 esse

1918 3890 2083 3943 Deum
2109 3890 2381 3956 injustum,
2409 3890 2527 3956 quia
2560 3906 2662 3941 Itun
2692 3890 2836 3956 plura
2872 3892 3063 3956 patitur
3094 3891 3179 3958 qui
3214 3890 3328 3959 plus
3359 3906 3480 3958 pec-

1915 3990 2019 4034 cat.
2055 3980 2258 4042 Videte,
2294 3981 2510 4043 fratres;
2543 3982 2653 4034 [nec
2681 3996 2819 4048 saepe
2842 3980 3087 4034 dicimus.
3118 3980 3329 4049 Aliquid
3357 3966 3481 4035 sen-

1916 4074 2002 4137 tis,
2030 4072 2140 4126 sive
2164 4072 2448 4125 secundum
2470 4086 2679 4139 corpus,
2701 4072 2810 4124 sive
2838 4071 3122 4125 secundum
3146 4072 3476 4140 dispendium

1916 4165 1992 4218 rei
2030 4163 2332 4226 familiaris,
2364 4164 2474 4216 sive
2512 4179 2605 4232 per
2643 4163 2919 4216 orbitatem
2960 4163 3184 4231 aliquam
3221 4164 3477 4218 charissi-

1917 4271 2121 4308 murum
2163 4263 2372 4307 tuorum
2408 4254 2549 4306 :uoli
2599 4254 2861 4319 respicere
2891 4266 2982 4305 cos
3020 4268 3152 4322 quos
3198 4253 3331 4307 nosti
3380 4253 3482 4306 ini-

1915 4349 2128 4418 quiores
2155 4357 2203 4401 te
2234 4347 2373 4418 (non
2404 4344 2543 4400 enim
2588 4344 2720 4399 forte
2744 4344 2905 4399 amics
2948 4344 3124 4400 dicere
3161 4345 3360 4412 justum
3394 4353 3443 4396 te
3467 4383 3483 4405 ,

1916 4438 2008 4493 sed
2052 4439 2184 4491 nosti
2216 4439 2422 4503 pejores
2445 4434 2536 4505 te).
2566 4444 2619 4487 et
2646 4434 2833 4487 florere
2865 4432 2920 4487 in
2950 4434 3082 4497 istis,
3111 4441 3284 4487 etnon
3310 4432 3488 4500 ﬂagel-

1917 4530 2050 4592 lari;
2103 4537 2158 4579 nt
2182 4527 2453 4593 displiceat
2495 4526 2585 4577 tibi
2614 4525 2889 4578 consilium
2924 4524 3012 4577 Dei
3044 4532 3096 4577 et
3133 4522 3313 4576 dicas:
3350 4520 3487 4574 Ecce

1918 4632 2039 4691 puta
2077 4629 2320 4687 peccator
2341 4633 2489 4679 smn,
2520 4631 2573 4671 et
2604 4629 2877 4685 propterea
2917 4616 3188 4685 ﬂagellor;
3217 4630 3378 4683 quare
3399 4614 3487 4668 ille

1919 4730 2021 4768 non
2063 4711 2357 4781 flagellatur
2382 4714 2404 4775 ,'
2424 4710 2572 4777 cujus
2603 4710 2722 4762 novi
2758 4719 2899 4761 tanta
2931 4706 3165 4775 flagitia?
3194 4705 3485 4771 Quantum-

1918 4820 2143 4871 cumque
2174 4803 2294 4856 mali
2339 4804 2551 4855 fecerim
2583 4816 2711 4869 ego,
2744 4799 2994 4867 numquid
3022 4814 3120 4869 ego
3152 4808 3346 4851 tantum
3389 4798 3483 4871 feci

1918 4904 2172 4963 (piantum
2207 4893 2336 4947 ille?
2370 4893 2655 4945 Distortum
2702 4900 2782 4943 est
2811 4904 2904 4942 cor
2941 4898 3108 4942 tuum.
3132 4889 3296 4955 Quam
3321 4869 3488 4949 bonus

1920 4985 2059 5039 Deus
2105 4984 2264 5038 Israel
2291 5000 2306 5049 ;
2335 4984 2427 5036 sed
2468 4982 2627 5035 rectis
2672 4981 2832 5033 eorde
2871 4980 2885 5032 ι
2917 4980 3011 5033 Tui
3048 4989 3219 5033 autem
3246 4979 3490 5033 labuntur

1920 5075 2102 5144 pedes,
2132 5076 2251 5143 quia
2278 5074 2415 5127 zelus
2454 5073 2505 5125 in
2549 5080 2853 5139 peccatores
2881 5110 2895 5132 ,
2928 5085 3105 5139 pacem
3152 5080 3485 5139 peccatorqu

1919 5168 1997 5222 int
2015 5183 2131 5222 teus
2177 5165 2343 5237 (Psal.
2373 5180 2511 5219 cxxn
2538 5205 2552 5228 ,
2587 5164 2723 5233 1-5).
2754 5163 2879 5219 Sine
2923 5178 3147 5226 curare;
3182 5163 3327 5217 novit
3364 5163 3488 5230 quid

1919 5269 2057 5327 agat.
2103 5257 2190 5327 qui
2221 5257 2412 5309 vulnus
2457 5237 2621 5308 norit.
2664 5254 2775 5309 Non
2805 5262 3016 5309 secatur
3053 5255 3209 5312 alius.
3258 5254 3412 5320 Quid,
3445 5253 3488 5311 Si

1920 5348 2270 5417 desperatur?
2293 5344 2415 5414 quid
2448 5345 2491 5400 si
2539 5354 2817 5415 propterea
2851 5355 2904 5399 tu
2946 5347 3146 5401 securis
3169 5388 3183 5412 ,
3214 5345 3334 5415 quia
3383 5358 3488 5397 non

1920 5438 2254 5507 desperaris?
2282 5437 2469 5492 Patere
2510 5452 2635 5507 ergo
2673 5438 2921 5507 quidquid
2963 5440 3158 5508 pateris
3197 5446 3343 5492 recto
3372 5451 3489 5489 cor-

1922 5528 1989 5584 de
2016 5549 2029 5583 :
2062 5529 2207 5582 novit
2232 5528 2371 5583 Deus
2401 5527 2525 5598 quid
2568 5527 2657 5582 tibi
2687 5528 2883 5597 donet,
2914 5529 3039 5599 quid
3077 5529 3169 5583 tibi
3194 5524 3486 5583 subtrahat.

1986 5666 2001 5696 ί
2040 5662 2258 5725 Plerique
2275 5668 2406 5721 uss,
2430 5660 2519 5725 qui
2532 5662 2673 5714 modo
2694 5677 2792 5717 esse
2816 5661 3061 5716 voluerint.

1988 5729 2009 5757 ²
2042 5724 2228 5789 aliquot
2238 5732 2367 5787 Uss,
2384 5724 2636 5787 prtcdtcta.
