4022 6200
465 341 564 397 ΤΗ

455 452 612 522 Quod
651 450 741 507 tibi
786 447 985 503 donat.
1015 441 1082 498 ad
1122 436 1539 498 consolationem
1581 432 1791 496 valeat,
1823 436 1926 482 n0n
1962 425 2029 489 ad

459 518 888 610 corruptionem;
915 543 970 589 et
995 528 1137 603 quod
1161 530 1251 584 tibi
1277 524 1575 588 subtrahit,
1604 521 1668 575 ad
1700 518 2031 574 tolerantiam

462 635 650 696 valeat,
681 645 782 682 non
823 627 888 680 ad
916 621 1319 692 blasphemiam.
1365 616 1420 671 Si
1455 624 1631 669 autem
1659 611 2030 681 blaSpbemas,

461 738 515 781 et
539 726 773 793 displich
804 720 893 774 tibi
925 722 1080 780 Deus,
1108 725 1160 769 et
1178 724 1231 766 tu
1257 712 1347 765 tibi
1370 709 1581 779 places;
1606 716 1854 773 perverso
1874 698 2034 753 corde

460 830 515 875 et
541 791 764 872 distorto
786 829 843 867 es
869 830 881 863 :
910 820 964 865 et
1004 810 1102 862 iioc
1145 807 1296 876 pejus
1319 844 1333 865 ,
1365 801 1486 871 quia
1517 813 1612 853 cor
1640 796 1729 849 Dei
1759 795 1836 847 vis
1860 791 2027 847 corri-

462 925 589 981 gere
616 907 681 961 ad
710 921 803 960 cor
834 915 1002 967 tuom,
1027 910 1083 952 ut
1105 900 1204 951 boe
1232 897 1319 948 ille
1349 892 1504 947 faciat
1524 886 1661 959 quod
1685 896 1737 940 tu
1767 885 1884 948 vis;
1913 896 2034 981 cum

462 972 522 1055 ῐιι
548 999 743 1053 debeas
789 991 1139 1060 fat‘ere’qmtd
1172 987 1260 1041 ille
1286 984 1413 1037 vult.
1444 980 1577 1049 Quid
1615 976 1779 1048 ergo?
1809 976 1897 1029 \'is
1938 972 2035 1028 de-

466 1102 718 1162 torquere
743 1104 835 1141 cor
864 1085 976 1150 Dei,
1007 1082 1145 1153 quod
1195 1094 1406 1146 semper
1434 1086 1633 1129 rectum
1662 1078 1746 1125 est
1767 1111 1781 1132 ,
1803 1068 1869 1124 ad
1913 1083 2036 1135 pra-

467 1159 682 1236 vitatem
722 1178 899 1233 cordis
936 1173 1284 1240 tui?Quanto
1325 1167 1536 1240 melius
1561 1162 1626 1216 ad
1666 1159 2035 1215 rectitudinem
2088 1204 2099 1217 κ

469 1277 561 1331 Dei
599 1273 820 1341 eorrigis
845 1286 935 1325 cor
959 1279 1101 1321 tuum
1118 1267 1141 1318 ?
1167 1263 1350 1318 limine
1380 1260 1481 1313 hoc
1500 1238 1553 1311 te
1583 1254 1767 1308 docuit
1789 1251 2038 1305 Dominus

470 1382 627 1430 tuus,
659 1365 726 1419 de
768 1363 917 1430 cujus
950 1358 1198 1429 passione
1234 1351 1391 1407 modo
1434 1344 1818 1418 loquebamur?
1855 1341 2041 1396 Nonne

472 1456 832 1514 iutirmitatcm
863 1461 1000 1504 tuam
1030 1447 1269 1517 portabat
1292 1485 1307 1507 ,
1329 1440 1540 1513 quando
1564 1438 1731 1493 dixit:
1755 1433 1938 1489 Tristis
1963 1439 2041 1487 est

472 1548 644 1600 anima
684 1560 797 1596 mea
837 1558 994 1611 usque
1028 1538 1095 1591 ad
1136 1534 1383 1590 mortem?
1413 1531 1600 1586 Nonne
1640 1527 1863 1596 teipsum
1906 1526 2043 1578 inse

475 1634 751 1706 ﬁgurabat,
780 1647 899 1685 cum
924 1628 1128 1682 diccbat
1156 1642 1171 1679 :
1201 1623 1377 1685 Pater,
1408 1622 1451 1675 si
1476 1619 1585 1688 ﬁeri
1608 1625 1797 1688 potest,
1823 1620 2044 1667 transeat

475 1704 614 1782 alme
642 1726 776 1779 calix
798 1725 933 1777 iste?
961 1720 1074 1776 Non
1097 1718 1238 1773 enim
1270 1716 1375 1769 duo
1394 1712 1558 1767 corda
1601 1718 1654 1764 et
1673 1709 1877 1762 diversa
1903 1747 1918 1771 ,
1943 1704 2044 1759 Pa-

477 1821 593 1885 tris,
616 1827 670 1873 ct
695 1815 807 1870 Filii
835 1832 850 1876 :
877 1813 969 1868 sed
996 1813 1048 1867 in
1077 1811 1241 1864 forma
1266 1806 1401 1863 servi
1428 1803 1656 1874 portavit
1682 1815 1770 1854 cor
1799 1809 1965 1861 tuum,
1989 1804 2047 1849 ut

479 1912 696 1964 doceret
734 1905 860 1962 illud
884 1902 1134 1971 exemplo
1173 1915 1289 1953 suo.
1322 1896 1437 1950 Jam
1466 1908 1590 1948 ecce
1619 1890 1767 1960 quasi
1792 1887 1931 1942 aliud
1954 1900 2047 1940 cor

480 2012 627 2056 tuum
653 1998 852 2054 invenit
875 1995 1168 2056 tribulatio,
1197 1991 1382 2044 volens
1410 1989 1425 2018 ¹
1460 1984 1681 2040 transire
1704 1981 1844 2052 quod
1873 1979 2048 2033 immi-

481 2097 681 2150 nebat:
723 2091 816 2145 scd
866 2089 1033 2143 uoluit
1084 2086 1241 2139 Deus.
1272 2081 1383 2136 Non
1429 2060 1689 2133 consentit
1726 2076 1862 2127 Deus
1898 2069 2047 2127 cordi

484 2197 608 2249 tito;
634 2181 871 2238 censenti
907 2191 959 2232 tu
988 2175 1136 2232 cordi
1171 2173 1280 2227 Dei.
1328 2170 1459 2223 Audi
1502 2184 1682 2221 vocem
1716 2166 1877 2233 ipsuts
1908 2181 1921 2215 :
1955 2158 2053 2215 Ve-

481 2293 598 2331 rum
620 2291 717 2327 non
744 2272 877 2343 quod
902 2287 993 2340 ego
1020 2269 1132 2322 volo
1152 2307 1166 2326 .
1198 2264 1285 2318 scd
1309 2263 1441 2333 quod
1458 2273 1511 2314 tu
1539 2260 1632 2323 ris,
1659 2256 1812 2339 Pater
1838 2254 2048 2325 (Hau/1.

488 2382 641 2429 xxvi,
670 2365 759 2426 38.
792 2360 903 2431 '59).

560 2455 645 2512 l9.
680 2452 1045 2510 Laudabuntur
1066 2462 1194 2518 ergo
1231 2460 1401 2499 omnes
1448 2442 1567 2495 recti
1593 2438 1760 2493 corde.
1803 2436 1937 2505 Quid
1964 2449 2053 2489 se-

485 2548 699 2618 quitur?
746 2545 801 2600 Si
831 2541 1168 2598 laudabuntur
1194 2552 1365 2591 omnes
1388 2534 1510 2588 recti
1533 2532 1710 2595 corde,
1730 2529 2058 2584 damnatum-

484 2651 576 2696 tur
619 2637 854 2709 perversi
887 2633 1067 2691 corde.
1110 2632 1224 2686 Duo
1264 2629 1354 2682 tibi
1397 2626 1553 2680 modo
1585 2623 1857 2696 preposita
1895 2629 2052 2683 sunt;

492 2732 627 2801 elige
655 2744 772 2784 cum
807 2739 1012 2794 tempus
1040 2733 1140 2775 est.
1168 2720 1224 2776 Si
1253 2727 1396 2773 recto
1420 2715 1582 2770 corde
1604 2713 1767 2767 fueris
1791 2753 1804 2775 ,
1828 2710 1892 2764 ad
1922 2710 2056 2763 dex-

488 2798 658 2877 teram
679 2819 812 2882 eris,
841 2826 890 2870 et
919 2813 1232 2868 laudaberis.
1264 2807 1580 2874 Quomodo?
1618 2803 1789 2856 Venite
1812 2842 1826 2862 ,
1847 2798 2055 2874 benedi:

491 2913 558 2965 cti
602 2908 772 2963 Patris
800 2907 927 2971 mei;
953 2902 1193 2975 percipite
1235 2915 1444 2970 regnum
1479 2893 1614 2967 quod
1648 2893 1789 2947 vobis
1827 2900 2059 2962 paratum

492 3012 569 3056 est
598 3001 658 3054 ab
679 2999 870 3068 origine
898 2995 1089 3048 mundi.
1124 2993 1381 3047 Pervorse
1407 2998 1583 3041 autem
1605 2985 1764 3039 corde
1793 2985 1836 3037 si
1861 2982 2055 3044 fueris;

495 3094 538 3145 si
566 3088 973 3146 subsannaveris
1009 3086 1173 3139 Deum
1207 3123 1221 3145 ,
1252 3081 1296 3136 si
1329 3076 1705 3148 providentiam
1735 3075 1848 3141 ejus
1878 3073 2058 3127 irrise-

496 3186 591 3249 ris,
615 3183 656 3235 si
686 3180 881 3233 dixeris
906 3180 956 3229 in
984 3175 1161 3228 animo
1193 3184 1315 3233 tuo,
1344 3171 1480 3224 Vere
1511 3186 1611 3221 non
1634 3176 1788 3222 curat
1819 3166 1953 3218 Deus
1974 3178 2060 3218 res

498 3273 756 3325 lunnauas
785 3286 796 3321 :
823 3269 865 3323 si
898 3276 1105 3319 curaret
1144 3278 1229 3316 res
1250 3263 1539 3323 humanas,
1573 3260 1657 3311 ille
1685 3258 1819 3311 latro
1859 3264 2058 3309 L'tllltlm

500 3363 725 3418 haberet
748 3401 762 3423 ,
790 3371 838 3414 et
864 3375 964 3426 ego
992 3358 1242 3408 itnioccns
1272 3350 1601 3420 indigerent?
1628 3362 1882 3419 perverso
1902 3344 2062 3399 corde

498 3456 668 3510 factus
707 3467 784 3508 es.
817 3451 1001 3505 Veniet
1040 3447 1293 3517 judicium
1340 3442 1502 3500 illud;
1531 3438 1858 3509 apparebunt
1885 3438 2063 3492 omnia

499 3555 716 3615 propter
758 3559 875 3611 qun
920 3541 1017 3593 ista
1059 3538 1233 3590 omnia
1271 3535 1428 3588 faciat
1474 3533 1644 3594 Deus;
1672 3541 1723 3584 et
1753 3540 1805 3583 tu
1838 3529 1925 3599 qui
1965 3542 2063 3581 no-

500 3634 641 3688 luisti
673 3634 723 3687 in
756 3631 851 3685 bac
871 3630 974 3682 vita
1000 3626 1265 3696 eorrigerc
1305 3639 1397 3678 cor
1425 3633 1566 3676 tuum
1594 3621 1658 3674 ad
1691 3618 2059 3674 rectitudinem

502 3725 630 3791 Dei,
654 3735 706 3778 et
731 3735 780 3776 te
818 3722 881 3775 ad
928 3721 1196 3774 duxti-ram
1240 3730 1571 3786 pra-parare,
1604 3715 1688 3765 ubi
1730 3712 2067 3764 laudabuntur

497 3832 669 3870 ontncs
695 3815 811 3867 recti
834 3810 1001 3876 corde,
1027 3811 1134 3864 eris
1162 3809 1225 3861 ad
1256 3807 1543 3868 sinistram,
1575 3804 1659 3857 ubi
1695 3815 1817 3856 tunc
1841 3802 2022 3855 audies
2048 3818 2063 3855 :

505 3906 587 3960 lte
619 3908 667 3959 in
704 3907 864 3976 ignem
900 3912 1171 3963 (cternuin,
1212 3900 1296 3967 qui
1335 3906 1646 3968 properatus
1673 3906 1744 3948 est
1786 3894 1985 3947 diabolo
2022 3902 2068 3947 et

506 4000 698 4069 angelis
744 3997 851 4066 ejus
891 3994 1000 4064 (Id.
1051 4009 1183 4051 ην.
1229 3991 1332 4048 5i.
1374 3988 1488 4059 λιι).
1542 3988 1605 4041 Et
1657 3986 1908 4054 numquid
1968 3986 2069 4039 erit

509 4101 635 4143 tunc
658 4098 862 4154 tempus
887 4085 1152 4153 corrigere
1171 4083 1294 4135 cor?
1324 4080 1474 4133 Modo
1499 4094 1625 4147 ergo
1651 4077 1895 4144 corrigite
1924 4117 1935 4133 .
1961 4075 2068 4128 fra-

516 4191 656 4239 tres;
685 4178 840 4230 nimio
869 4176 1133 4242 corrigite.
1179 4175 1305 4239 Quh
1329 4170 1608 4241 prohibet?
1634 4169 1887 4223 Cantator
1925 4166 2071 4220 Psal-

507 4283 647 4334 mus,
675 4267 863 4335 legitur
886 4263 1244 4333 Evangeliuut,
1275 4273 1425 4335 sonat
1448 4259 1631 4321 lector,
1662 4267 1809 4309 Sonat
1831 4256 2069 4323 disputa-

512 4374 632 4416 tor:
662 4358 865 4427 patiens
910 4364 988 4407 est
1017 4334 1302 4411 Dominus-ﬁ
1331 4365 1548 4419 peccas,
1575 4358 1626 4403 et
1672 4350 1870 4415 parcit;
1898 4348 2070 4401 adhuc

508 4464 717 4524 peccas,
742 4447 911 4500 adhuc
930 4444 1109 4513 parcit,
1136 4453 1187 4495 et
1213 4441 1381 4494 adhuc
1396 4440 1562 4507 addis.
1590 4437 1846 4504 Quamdiu
1868 4438 2070 4506 patiens

508 4554 589 4598 est
612 4539 790 4596 Deus?
826 4536 1033 4593 Scntirs
1060 4544 1111 4589 et
1146 4533 1343 4602 justum
1392 4533 1576 4586 Deum.
1606 4531 1886 4583 'l‘crremus
1909 4571 1922 4591 ,
1950 4529 2070 4597 quia

510 4645 791 4692 tmenms;
829 4629 1014 4682 docete
1039 4639 1136 4680 nos
1164 4638 1266 4678 non
1314 4622 1531 4687 timere,
1563 4630 1616 4675 et
1643 4637 1747 4674 non
1786 4627 2068 4674 terremus.

512 4723 614 4776 Sed
661 4724 848 4778 melius
876 4734 974 4774 nos
1004 4719 1140 4770 Deus
1181 4714 1337 4766 docet
1369 4713 1553 4765 timere
1577 4752 1590 4774 ,
1613 4726 1767 4779 quam
1797 4711 2071 4779 quisquam

518 4812 785 4872 hominum
820 4828 921 4865 non
960 4810 1165 4863 timere.
1195 4805 1381 4859 Timuit
1426 4803 1566 4856 enim
1607 4803 1768 4856 omnis
1809 4803 1955 4855 homo
1980 4818 1999 4855 :
2027 4810 2072 4854 et

516 4905 926 4956 nnnuntiurerunl
968 4917 1122 4971 opera
1158 4898 1271 4952 Dei.
1327 4896 1467 4949 Inter
1512 4894 1629 4948 illos
1675 4909 1772 4947 nos
1807 4902 2072 4961 computet

514 4995 673 5051 Dens.
706 4995 791 5061 qui
827 4996 1144 5054 timuerunt,
1173 5000 1225 5045 et
1265 4986 1722 5041 aununtiaverunt.
1756 4983 1885 5052 Quia
1919 4984 2071 5038 time-

510 5101 646 5141 tuus.
676 5080 1044 5138 annuntiamns
1074 5083 1238 5141 vobis,
1258 5080 1466 5134 fratres.
1487 5076 1733 5129 Videmus
1753 5074 2073 5129 alacritatem

513 5187 741 5228 vostram
783 5172 846 5225 ad
879 5171 1191 5223 audiendum
1225 5169 1458 5233 verbum.
1486 5175 1540 5221 et
1571 5164 1634 5218 ad
1662 5162 1974 5233 exigendum
1998 5163 2074 5215 vi-

509 5264 700 5318 demus
741 5270 860 5312 vota
891 5269 1064 5311 vestra
1088 5298 1103 5321 ,
1135 5231 1622 5310 vidcmu5’affcctus
1663 5263 1885 5307 vestros.
1935 5251 2075 5305 liene

513 5352 835 5423 cmnpluilur
884 5360 1055 5414 terra;
1105 5348 1400 5412 frutneuut,
1440 5365 1542 5401 non
1594 5348 1772 5416 spinas
1822 5334 2072 5413 generet:

515 5443 797 5501 frumentis
826 5441 1073 5499 houreum
1117 5447 1358 5507 paratur;
1392 5437 1526 5505 ignis
1553 5437 1738 5504 spinis.
1770 5434 1914 5488 Nosti
1952 5431 2075 5501 quid

514 5536 684 5594 facias
728 5535 795 5590 de
831 5546 957 5604 agro
996 5540 1127 5595 tuo;
1155 5536 1210 5583 et
1248 5529 1416 5583 nescit
1464 5528 1601 5582 Deus
1635 5525 1757 5596 quid
1810 5524 1967 5580 faciat
2011 5523 2076 5577 de

1268 5668 1287 5692 ς

574 5755 597 5789 ⁸
628 5752 851 5811 Plerique
872 5757 995 5810 Mss,
1016 5743 1169 5798 velles.

1691 315 1752 372 S.
1795 308 2154 369 MiGUSTlNI
2196 314 2494 373 liPlSCOPl

3601 304 3714 361 πε

2137 443 2293 483 servo
2315 444 2411 484 suo
2426 430 2470 482 η
2488 427 2640 496 Quod
2663 427 2793 497 pluit
2813 426 2867 481 in
2883 440 3067 497 agrum
3089 425 3325 491 uberem,
3342 423 3496 479 dulce
3518 430 3604 477 est
3625 434 3721 484 :ct

2137 520 2277 589 quod
2306 522 2438 589 pluit
2482 520 2533 573 in
2564 534 2746 591 agrum
2792 518 3065 588 spinosum
3088 557 3104 581 ,
3138 515 3291 569 dulce
3314 525 3415 568 est.
3443 511 3718 582 Numquid

2140 611 2366 679 pluviam
2418 619 2628 664 accusat
2672 609 2760 678 qui
2790 610 2810 640 '
2842 607 3021 677 spinas
3064 605 3344 675 genuerit?
3382 603 3564 659 Nonne
3602 603 3715 656 erit

2140 703 2312 768 pluvia
2338 701 2427 755 illa
2458 702 2606 755 testis
2633 701 2684 754 in
2724 699 2923 767 judicio
2957 698 3084 761 Dei;
3117 706 3171 751 et
3194 698 3368 750 dicet:
3402 695 3512 765 Ego
3539 694 3729 747 dulcis

2139 786 2297 860 super
2322 805 2508 845 omnes
2530 791 2550 821 ³
2580 790 2733 843 veni?
2760 790 2837 843 Tu
2880 802 3008 858 ergo
3045 787 3170 857 quid
3207 786 3443 856 proferas
3460 784 3582 839 vide
3607 825 3622 846 ,
3653 790 3720 838 ut

2139 881 2261 950 quid
2295 882 2386 936 tibi
2419 890 2632 951 paretur
2672 880 2939 941 attendas.
2964 879 3178 933 Profers
3205 880 3559 939 frumentum;
3584 875 3718 928 hor-

2140 990 2287 1030 reum
2327 988 2522 1044 Spera:
2557 972 2759 1042 profers
2784 972 3002 1041 spinas;
3036 971 3208 1040 ignem
3246 984 3422 1037 spera.
3450 967 3557 1022 Sed
3582 982 3720 1021 non-

2140 1066 2268 1120 dum
2313 1071 2457 1119 venit
2501 1074 2591 1118 aut
2640 1073 2847 1133 tempus
2896 1061 3069 1115 horrei
3096 1103 3112 1124 ,
3143 1070 3235 1113 aut
3287 1070 3497 1126 tempus
3536 1056 3716 1127 ignis:

2142 1157 2300 1210 modo
2341 1170 2469 1223 ergo
2516 1162 2772 1224 paretur,
2818 1162 3009 1206 etnon
3051 1150 3340 1204 timebitnr.
3396 1149 3448 1201 In
3501 1148 3722 1203 nurnine

2141 1246 2340 1302 Christi
2366 1256 2421 1300 et
2443 1248 2531 1316 qui
2575 1246 2840 1315 loquimur
2866 1244 3116 1305 vivimus,
3146 1253 3201 1296 et
3224 1242 3413 1311 quibus
3440 1240 3716 1310 loquimur

2143 1339 2319 1393 vivitis
2342 1355 2355 1390 :
2384 1337 2635 1407 numquid
2662 1336 2868 1391 consilii
2894 1332 3191 1404 corrigendi
3217 1342 3272 1388 et
3305 1331 3576 1387 mutanda:
3597 1330 3725 1384 vita:

2143 1429 2299 1484 malas
2328 1430 2381 1482 in
2399 1429 2591 1483 bonam
2618 1444 2722 1482 non
2742 1435 2824 1482 est
2849 1427 3015 1491 locus,
3039 1440 3143 1479 non
3162 1434 3244 1479 est
3268 1434 3474 1495 tempus
3490 1421 3725 1479 ?Nonne

2144 1519 2191 1575 si
2220 1520 2317 1583 vis,
2351 1518 2508 1573 hodie
2531 1517 2627 1572 tit?
2653 1533 2831 1572 nonne
2849 1518 2893 1572 si
2918 1518 3018 1582 vis,
3049 1515 3207 1570 modo
3236 1515 3325 1570 fit?
3345 1513 3485 1582 Quid
3509 1525 3726 1584 emptu~

2146 1626 2238 1665 rus
2259 1624 2320 1664 es
2347 1619 2405 1664 ut
2441 1608 2647 1664 facias?
2670 1623 2789 1678 quae
2829 1606 3111 1680 symplasia
3135 1606 3157 1639 ⁸
3177 1605 3498 1676 quaesiturus
3525 1619 3588 1660 es
3604 1607 3630 1657 ἲ
3654 1605 3726 1660 ad

2146 1715 2282 1769 quos
2306 1698 2463 1754 ludos
2489 1699 2860 1769 navigaturus?
2883 1713 3041 1768 quam
3090 1697 3263 1749 navim
3293 1697 3726 1766 prmparaturus?

2149 1792 2424 1846 Ecceeum
2448 1790 2638 1859 loquor
2660 1829 2676 1856 ,
2701 1799 2843 1843 muta
2872 1803 2995 1853 cor;
3023 1795 3077 1842 et
3106 1787 3298 1841 factum
3327 1796 3409 1841 est
3445 1786 3588 1857 quod
3617 1797 3727 1840 tam

2150 1897 2292 1954 δίψα
2313 1891 2368 1937 et
2406 1881 2601 1953 tamdiu
2640 1881 2899 1935 clamatur
2934 1888 2992 1934 ut
3036 1878 3146 1947 fiat,
3187 1889 3243 1935 et
3287 1879 3429 1950 quod
3466 1888 3730 1935 uernam

2155 1989 2364 2043 pwuam
2396 1972 2637 2042 parturit,
2670 1972 2714 2026 si
2744 1986 2848 2026 non
2877 1972 2985 2026 llat.

2492 2170 2493 2173 η
2566 2180 2649 2241 ΙΝ
2692 2180 3069 2241 PSALMUM
3105 2180 3312 2241 LXIV

2736 2297 3154 2355 ENARRATIO.

2678 2426 2849 2467 εειιιιο
2876 2428 2943 2466 ΑΙ)
2977 2426 3200 2465 Ριειιειι.

2232 2525 2283 2578 l.
2310 2522 2461 2596 [υεη.
2495 2521 2571 2595 1.]
2599 2522 2944 2593 Agnoscenda
2969 2532 3050 2578 est
3075 2537 3176 2577 vox
3202 2532 3398 2577 sancta:
3431 2522 3737 2594 prophetia

2159 2630 2222 2668 ex
2254 2616 2366 2683 ipso
2406 2614 2560 2668 titulo
2601 2614 2788 2683 psalmi
2832 2613 3011 2684 lmjus.
3050 2596 3403 2669 lnsmibitnr}
3437 2613 3503 2668 In
3530 2616 3685 2684 ﬁnem
3716 2655 3736 2682 ,

2163 2702 2401 2758 Psalmus
2427 2703 2612 2769 David,
2630 2703 2895 2759 Canticum
2916 2703 3152 2759 Jeremiw
3172 2715 3221 2759 et
3246 2703 3528 2760 Ezechielis
3550 2723 3613 2760 ea:
3636 2724 3739 2772 po-

2163 2797 2282 2867 pulo
2312 2794 2782 2868 transmigrationis,
2806 2814 2917 2851 cum
2939 2797 3211 2868 inciperent
3234 2798 3392 2852 exire.
3414 2797 3522 2852 Res
3548 2813 3740 2867 quem.

2162 2886 2446 2943 admodum
2500 2897 2645 2958 gesta
2699 2887 2769 2941 sit
2824 2886 2962 2957 apud
3018 2896 3195 2956 patres
3239 2895 3451 2940 nostros
3492 2897 3740 2955 tempore

2163 2978 2641 3049 transmigrationis
2666 2978 2989 3050 Babyloniae,
3022 2991 3126 3032 non
3153 2976 3404 3032 omnibus
3426 2986 3605 3031 notmn
3625 2987 3738 3042 est,

2164 3069 2260 3125 sed
2302 3070 2384 3124 his
2409 3070 2495 3139 qui
2522 3067 2820 3137 Scripturas
2849 3079 3062 3124 sanctas
3098 3069 3377 3138 diligenter
3406 3069 3687 3123 advertunt
3716 3110 3740 3135 ,

2165 3162 2250 3216 vel
2274 3161 2566 3227 audiendo,
2610 3161 2693 3214 vel
2722 3161 2961 3232 legendo.
2997 3161 3300 3230 Captivatus
3333 3160 3476 3216 enim
3507 3162 3743 3232 populus

2165 3252 2344 3315 Israel.
2373 3270 2437 3309 ex
2461 3253 2672 3308 civitate
2694 3251 2986 3307 Jerusalem
3014 3253 3205 3307 ductus
3229 3263 3311 3307 est
3341 3253 3392 3306 in
3421 3253 3741 3308 servitutem

2167 3344 2466 3416 Babyloniae
2494 3343 2578 3415 (IV
2614 3345 2740 3414 Reg.
2766 3360 2913 3407 XXIV,
2934 3342 3049 3412 25).
3080 3343 3421 3412 Proplietavit
3447 3354 3622 3398 autem
3650 3345 3745 3397 Δίες

2168 3437 2359 3490 remias
2382 3445 2614 3497 sanctus,
2644 3445 2760 3504 post
2784 3437 3108 3505 septuaginta
3130 3448 3299 3488 annos
3321 3435 3609 3488 rediturum
3635 3450 3744 3503 po-

2166 3528 2368 3598 pulum'
2397 3526 2464 3582 de
2508 3528 2852 3596 captivitate,
2900 3537 2955 3581 et
3007 3527 3413 3580 instauraturum
3469 3527 3744 3582 civitatem

2170 3610 2339 3690 ipsam
2361 3619 2653 3675 Jerusalem
2675 3661 2690 3683 ,
2718 3635 2873 3689 quam
2905 3618 3265 3675 devictam'ab
3295 3618 3536 3672 boStibus
3580 3620 3748 3688 plrm-

2169 3722 2315 3768 serat
2345 3711 2549 3781 (larem.
2578 3727 2684 3765 xxv
2704 3754 2718 3775 ,
2749 3713 2808 3766 ll
2833 3755 2846 3774 ,
2875 3721 2919 3764 ct
2946 3709 3066 3764 xxl’x
3092 3753 3105 3771 ,
3137 3709 3249 3779 10).
3280 3710 3372 3763 illo
3398 3723 3574 3764 autem
3598 3720 3748 3763 tem-

2171 3819 2297 3873 pore
2325 3805 2529 3857 luerunt
2558 3801 2847 3870 prophetae,
2875 3802 2926 3855 in
2960 3802 3042 3855 illa
3077 3802 3375 3870 captivitati-
3406 3803 3579 3871 populi
3609 3817 3749 3855 cono

2171 3894 2334 3947 Slilttli
2367 3894 2416 3947 in
2447 3892 2760 3964 Babylonia;
2792 3893 2927 3946 inter
2951 3908 3084 3962 quos
3112 3902 3226 3946 erat
3248 3902 3300 3944 ct
3331 3891 3574 3945 Ezechiel
3609 3909 3744 3960 pro-

2173 3985 2354 4054 pheta.
2382 3983 2732 4053 Exspcctabat
2764 3991 2937 4036 autem
2967 3982 3052 4035 ille
3090 3982 3315 4053 populus
3342 3981 3514 4035 donec
3552 3981 3753 4046 imple-

2173 4087 2357 4130 rentor
2381 4085 2613 4143 tempora
2638 4074 2967 4143 septuaginta
2992 4087 3272 4134 annorum,
3301 4070 3590 4126 secundum
3612 4085 3741 4140 pro-

2174 4166 2404 4235 phetiam
2432 4164 2697 4219 Jeremize.
2727 4162 2943 4216 Factum
2970 4170 3052 4215 est
3093 4161 3370 4228 completis
3411 4161 3746 4229 septuaginta

2173 4259 2360 4322 annis,
2387 4257 2683 4310 restitutum
2721 4265 2803 4308 est
2830 4253 3082 4323 templum
3115 4252 3253 4322 quod
3285 4253 3563 4319 dejectnnr
3586 4260 3745 4316 erat;

2173 4356 2228 4403 et
2255 4360 2492 4415 regressa
2521 4353 2603 4399 cst
2643 4344 2709 4397 de
2735 4344 3041 4413 captivitate
3078 4357 3264 4412 magna
3309 4355 3426 4409 pars
3465 4340 3605 4399 illius
3639 4355 3745 4410 po-

2174 4436 2305 4509 puli.
2329 4435 2436 4490 Sed
2462 4434 2706 4502 quoniam
2730 4432 2857 4487 dicit
2874 4432 3184 4501 Apostolus:
3206 4430 3330 4484 [Iac
3355 4431 3405 4483 in
3427 4430 3595 4500 ﬁgura
3620 4448 3750 4483 con-

2177 4527 2427 4598 tingebant
2453 4527 2506 4578 in
2538 4525 2677 4587 illis;
2720 4526 2906 4592 scripta
2949 4534 3064 4577 sunt
3102 4535 3266 4576 autem
3305 4532 3512 4592 prapter
3539 4538 3657 4587 nos,
3691 4523 3749 4575 in

2174 4635 2297 4686 quos
2322 4619 2438 4685 ﬁnis
2460 4617 2756 4671 swculorum
2782 4615 2973 4669 obvenit
2996 4614 3035 4686 (ι
3071 4612 3189 4669 Cor.
3218 4630 3249 4668 ι
3271 4655 3285 4674 .
3320 4612 3439 4683 ιι);
3485 4612 3749 4670 debemus

2175 4719 2228 4763 et
2255 4724 2350 4760 nos
2381 4722 2535 4761 nosse
2566 4708 2709 4774 prius
2725 4706 3081 4774 captivitatem
3110 4714 3365 4766 nostram,
3393 4703 3587 4758 deinde
3606 4703 3746 4757 libeo

2178 4797 2435 4851 rationein
2478 4807 2750 4858 nostram;
2794 4796 3050 4848 debemus
3086 4810 3245 4849 nosse
3281 4793 3654 4864 Babyloniam,
3690 4794 3745 4846 in

2176 4903 2275 4957 qua
2304 4888 2492 4954 captivi
2523 4903 2703 4939 simius
2725 4927 2738 4946 ,
2772 4896 2825 4939 et
2860 4885 3150 4940 Jerusalem
3172 4926 3184 4946 ,
3227 4885 3292 4938 ad
3329 4887 3482 4954 cujus
3516 4885 3745 4939 reditum

2142 5022 2153 5031 .
2176 4979 2522 5046 suspiramus.
2558 4976 2675 5030 Ista:
2697 4976 2889 5045 quippe
2911 4975 3029 5029 dnze
3049 4975 3308 5039 civitates,
3336 4975 3627 5029 secundum
3657 4975 3747 5028 lit-

2177 5077 2341 5124 teram
2375 5084 2554 5122 revera
2587 5067 2703 5120 dum
2723 5065 2981 5119 civitates.
3006 5065 3072 5119 Et
3095 5065 3181 5118 illa
3208 5063 3417 5134 quidem
3447 5064 3746 5120 Jerusalem

2178 5159 2337 5214 modo
2361 5175 2389 5213 a
2414 5157 2609 5213 Judmis
2649 5173 2752 5211 non
2797 5157 3062 5212 incolitur.
3094 5157 3218 5211 Post
3253 5156 3561 5211 cruciﬁxum
3601 5157 3745 5209 enim

2243 5311 2259 5343 ί
2284 5308 2497 5381 nonnulli
2526 5316 2647 5365 3:58.,
2672 5308 2732 5357 de
2768 5318 2885 5372 agro
2915 5318 3049 5357 serra
3070 5318 3154 5357 suo
3196 5318 3214 5356 :
3240 5314 3291 5356 et
3309 5306 3519 5370 quidam,
3545 5308 3607 5355 de
3628 5319 3747 5369 ιιςό

2177 5384 2302 5422 serra
2324 5382 2413 5418 θείη.

2244 5437 2262 5498 ξ
2286 5434 2359 5498 sic
2379 5435 2483 5479 Mss.
2510 5435 2564 5498 ttt
2584 5429 2715 5485 cdd,
2731 5428 2874 5498 quod.

2244 5494 2358 5561 {sic
2392 5494 2540 5539 nostri
2579 5503 2748 5540 omnes

2181 5566 2417 5683 Νῗιὶᾳωη
2461 5610 2735 5685 emplastra:
2761 5619 2814 5661 At
2852 5619 2977 5685 uss,
3001 5611 3294 5685 symplaa‘a,
3324 5619 3411 5685 aut
3452 5609 3754 5685 antiptosin;

2361 5671 2597 5736 exceptis,
2613 5686 2816 5736 quorum
2837 5671 2916 5724 alii
2937 5671 3135 5737 habent,
3149 5671 3398 5737 tcmplasia
3414 5686 3431 5737 ;
3455 5671 3557 5733 alii,
3573 5673 3757 5733 ιειιῳω

2187 5751 2222 5786 Α
2312 5771 2325 5785 .
2796 5754 2802 5759 ·

2933 5496 2990 5540 At
3022 5472 3135 5538 Filii.
3155 5525 3170 5550 ,
3206 5486 3361 5539 dulcis
3381 5466 3545 5550 ἐκρεῖ
3588 5487 3753 5538 ariusia
