4022 6200
290 309 390 362 775

291 419 592 480 Dominum,
625 416 942 474 vindieatum
971 423 1050 470 est
1079 414 1129 468 in
1161 413 1273 467 iiith
1297 411 1502 480 fingi-lio
1530 426 1751 479 magno;
1796 422 1850 462 et.

291 512 538 568 eradteati
569 511 634 562 ab
664 527 728 562 eo
758 509 902 569 loco,
948 508 1031 560 ubi
1073 506 1227 574 impia
1271 504 1509 556 libertate
1547 502 1726 554 furiosi
1757 501 1851 553 ad-

294 619 476 655 versus
505 600 762 656 medicum
789 601 1124 658 insanierunt,
1150 598 1369 662 dispersi
1399 604 1522 648 sunt
1550 610 1643 662 per
1669 601 1854 646 omnes

293 706 484 766 gentes
505 734 519 758 ,
549 706 596 745 et
629 694 746 744 data
779 701 858 746 est
889 692 970 743 illa
1002 702 1136 744 terra
1169 687 1517 742 Christianis:
1549 686 1854 757 impletum-

291 800 396 854 quc
419 792 501 838 est
524 782 663 852 quod
691 783 768 836 cis
796 781 998 835 dixerat
1033 778 1283 831 Dominus
1302 818 1315 840 ,
1347 775 1621 844 Propterea
1653 773 1853 841 aufet‘e-

293 885 378 928 tur
414 892 444 926 a
473 873 608 927 vobis
646 889 851 942 regnum
875 913 890 934 ,
925 881 969 925 et
1001 871 1200 923 dabitur
1223 869 1356 939 genti
1383 865 1582 937 facienti
1605 867 1858 937 justitiam

295 965 503 1035 (Matth.
541 979 626 1018 xxt
651 1005 664 1026 ,
702 964 812 1033 45).
853 963 982 1016 Cum
1026 971 1200 1015 autent
1245 960 1479 1024 videtcnl
1521 968 1641 1010 tunc
1671 957 1859 1011 tnuitas

293 1055 478 1108 turbas
509 1054 585 1107 ire
616 1062 731 1122 post
764 1052 1061 1113 Dominum,
1098 1051 1466 1120 pra‘dicautcm
1499 1063 1716 1116 regnum
1746 1062 1858 1101 εω-

295 1146 487 1205 lormn,
520 1155 572 1198 ct
603 1143 856 1198 mirabilia
891 1144 1166 1196 facientem
1186 1182 1200 1205 ,
1230 1142 1482 1195 dixerunt
1507 1139 1770 1208 principes
1795 1137 1859 1191 il-

295 1238 398 1292 lius
427 1237 652 1291 civitatis
681 1255 694 1289 :
726 1236 784 1288 Si
811 1236 1144 1288 dimiseriums
1186 1251 1296 1287 eam
1323 1275 1337 1297 ,
1382 1249 1552 1286 omnes
1581 1233 1720 1286 ibunt
1751 1241 1860 1301 post

295 1331 438 1382 illuni
460 1344 478 1392 ,'
508 1338 554 1382 et
579 1328 771 1382 venient
797 1327 1014 1380 Romani
1036 1368 1049 1390 ,
1079 1337 1122 1378 et
1149 1326 1319 1378 tollent
1344 1327 1482 1378 nobis
1507 1335 1548 1378 et
1577 1326 1739 1377 locum
1762 1366 1774 1380 .
1817 1332 1862 1376 et

296 1428 491 1489 gentem
515 1417 692 1488 (Joan.
724 1432 780 1470 χι
806 1457 821 1482 ,
853 1415 963 1486 48).
1010 1415 1085 1470 Ne
1125 1416 1296 1469 locum
1341 1415 1652 1480 perderent,
1689 1414 1862 1467 Domi-

299 1526 422 1563 mnn
466 1507 810 1571 occiderunt;
847 1514 900 1560 et
933 1505 1050 1560 ideo
1082 1505 1453 1574 perdiderunt,
1485 1504 1603 1572 quia
1647 1503 1862 1557 occide-

298 1611 439 1654 runt.
482 1598 676 1653 Civitas
701 1613 827 1668 ergo
851 1596 1091 1666 quaedam
1128 1596 1212 1648 illa
1243 1607 1450 1649 terrena
1481 1595 1753 1663 cujusdam
1783 1595 1862 1647 ci-

299 1692 476 1746 vitatis
504 1699 716 1745 aeternae
745 1690 796 1742 in
825 1689 976 1744 cmlis
1005 1689 1242 1742 umbram
1270 1687 1521 1757 gerebat;
1561 1699 1614 1740 at
1644 1687 1728 1739 ubi
1755 1701 1864 1740 ca:-

301 1783 379 1852 pit
409 1783 490 1835 illa
519 1797 635 1851 quae
661 1779 1073 1850 significabatur,
1095 1778 1390 1832 evidentius
1420 1777 1688 1846 praulicari
1711 1819 1724 1838 ,
1751 1793 1866 1828 um-

301 1873 393 1928 bra
437 1889 535 1943 qua
566 1871 956 1942 significabatur
984 1910 998 1934 ,
1053 1869 1255 1939 dejeeta
1296 1878 1377 1923 est
1423 1886 1436 1921 :
1473 1877 1749 1939 propterea
1789 1867 1860 1920 ibi

301 1962 462 2017 modo
485 1962 752 2030 templum
797 1976 900 2014 non
932 1951 1012 2013 est
1035 1999 1050 2024 ,
1091 1959 1230 2028 quod
1267 1958 1573 2012 fabricatum
1601 1957 1771 2011 fuerat
1813 1955 1862 2009 in

300 2052 580 2119 imaginem
613 2051 766 2104 f'uturi
797 2049 1038 2119 corporis
1079 2047 1306 2102 Domini.
1345 2047 1609 2102 Tenemus
1647 2045 1817 2100 lucem
1846 2062 1862 2110 ;

298 2145 483 2199 tunhra
515 2144 753 2199 transivit
782 2160 794 2195 :
829 2153 1001 2196 tamen
1029 2141 1198 2196 adhuc
1229 2141 1279 2195 Ξιι
1309 2139 1534 2211 quadam
1562 2139 1865 2208 captivitate

294 2251 480 2290 smnus
511 2251 526 2289 ι
557 2234 810 2298 Quamdiu
837 2249 1030 2296 sanatis,
1067 2233 1252 2302 inquit,
1279 2233 1332 2286 in
1358 2248 1570 2300 corpore
1589 2272 1604 2298 ,
1642 2231 1864 2302 peregri-

295 2342 480 2378 nantur
502 2343 532 2377 α
565 2324 774 2378 Domino
803 2325 866 2391 (ll
897 2323 1012 2378 Cor.
1036 2339 1092 2388 v,
1123 2324 1201 2395 6).

368 2414 421 2469 ἓ.
453 2416 514 2469 Et
564 2415 735 2469 videte
781 2417 991 2468 nomina
1039 2415 1260 2468 dttarutn
1305 2415 1521 2468 istarum
1571 2413 1863 2478 civitatum,

295 2508 581 2580 Babylonis
610 2517 662 2562 et
686 2508 1000 2562 Jerusalem.
1048 2507 1283 2578 Babylon
1314 2508 1562 2562 Confusio
1609 2509 1867 2578 interpre-

290 2610 456 2662 tatur.
483 2600 776 2657 Jerusalem
798 2601 939 2653 Visio
969 2600 1129 2667 pacis.
1153 2599 1410 2653 lntendite
1443 2616 1581 2654 nunc
1601 2601 1862 2666 civitatem

289 2697 642 2762 confusionis,
663 2707 714 2748 ut
747 2695 1047 2764 intelligatls
1073 2695 1326 2747 visionem
1350 2695 1490 2762 pacis
1515 2711 1527 2748 :
1549 2695 1699 2748 istam
1732 2695 1864 2748 tote-

267 2789 447 2864 ‘rctis,
475 2787 541 2841 ad
573 2787 712 2840 illam
745 2787 1042 2857 suspiretis.
1077 2785 1223 2840 Unde
1250 2785 1485 2853 dignosei
1508 2795 1726 2854 possunt
1752 2787 1864 2840 ista:

286 2879 418 2932 ilute
450 2879 724 2932 civitates?
753 2878 1014 2947 Numquid
1067 2893 1343 2946 possumus
1383 2891 1474 2930 eas
1515 2876 1670 2930 modo
1708 2892 1863 2943 sepa-

288 2988 417 3025 rare
459 2971 525 3024 ab
555 2971 1111 3025 invicem?|‘crmixt:e
1164 2980 1302 3033 sum,
1337 2980 1388 3022 et
1415 2970 1479 3023 ab
1511 2971 1624 3039 ipso
1645 2954 1864 3023 exordio

287 3063 506 3134 generis
555 3062 769 3116 humani
809 3061 1082 3131 permixta:
1134 3070 1351 3114 currunt
1400 3077 1566 3130 usque
1613 3063 1663 3114 in
1707 3061 1861 3119 finem

287 3153 494 3207 seculi.
520 3152 812 3207 Jerusalem
839 3153 1038 3221 accepit
1065 3150 1338 3205 exordium
1372 3167 1466 3219 per
1493 3153 1655 3216 Abel;
1690 3153 1860 3223 Baby-

288 3245 380 3299 lon
415 3261 508 3313 per
559 3244 686 3298 Cain
717 3243 974 3297 :rediticia
1021 3243 1213 3310 quippe
1258 3242 1461 3296 urbium
1516 3254 1695 3311 postea
1726 3243 1863 3298 facta

282 3346 437 3391 sunt.
469 3334 555 3388 Illa
583 3334 875 3388 Jerusalem
907 3334 957 3388 in
1003 3343 1142 3387 terra
1168 3332 1564 3397 Jebusa'orutn;
1607 3348 1726 3386 nam
1756 3335 1862 3403 pri-

284 3443 381 3482 mo
427 3426 592 3482 Jebus
615 3426 887 3483 dicebatur
909 3425 974 3498 (ll
1007 3425 1134 3497 Reg.
1159 3442 1209 3490 v,
1229 3425 1282 3490 6,
1300 3436 1346 3479 et
1373 3423 1531 3478 Jasue
1553 3441 1698 3490 xvm,
1721 3426 1811 3496 ΞΒ)
1843 3441 1857 3478 :

284 3519 416 3574 inde
441 3534 570 3588 gens
589 3517 950 3572 Jebusacorum
979 3518 1141 3588 ejecta
1161 3528 1262 3578 est,
1284 3517 1494 3584 quando
1518 3517 1739 3585 populus
1770 3517 1858 3569 Dei

279 3611 545 3665 liberatus
565 3621 646 3666 est
673 3609 738 3665 de
758 3609 1004 3681 rEgypto,
1032 3621 1086 3665 et
1128 3610 1454 3664 introductus
1485 3619 1566 3662 est
1594 3611 1644 3661 in
1669 3619 1859 3662 terram

281 3703 677 3773 promissionis.
706 3703 939 3772 Babylon
970 3712 1144 3756 autem
1176 3701 1383 3754 condita
1431 3710 1511 3755 est
1559 3699 1609 3753 in
1666 3700 1862 3752 intimis

279 3792 528 3848 Persidis
548 3792 872 3860 regionibus,
904 3806 1019 3858 quze
1046 3791 1294 3843 diuturno
1325 3801 1560 3858 tempore
1585 3796 1741 3858 caput
1767 3804 1862 3841 ex-

279 3885 416 3940 tulit
440 3897 598 3952 super
625 3891 845 3936 czeteras
871 3890 1071 3950 gentes.
1108 3883 1232 3935 Duze
1255 3895 1380 3951 ergo
1412 3881 1524 3934 ist:c
1561 3882 1718 3934 urbes
1744 3896 1862 3934 cer-

277 3981 360 4034 tis
384 3975 711 4045 temporibus
735 3973 962 4030 condita:
987 3985 1129 4039 sunt,
1165 3985 1218 4027 ut
1251 3973 1674 4028 manifesmrctur
1702 3973 1861 4043 figura

276 4072 517 4127 duarum
542 4068 808 4122 civitatum
836 4067 958 4121 olim
989 4078 1300 4135 cceptarum,
1336 4075 1389 4120 ct
1416 4081 1580 4133 usque
1623 4066 1672 4117 in
1705 4065 1861 4119 finem

274 4166 336 4220 in
375 4164 481 4217 isto
505 4161 698 4215 Saecula
722 4173 1088 4214 mansurarum
1115 4198 1129 4224 ,
1171 4159 1262 4212 sed
1292 4164 1341 4211 tu
1393 4158 1494 4211 [inc
1538 4157 1862 4226 separanda-

274 4270 435 4311 rum.
461 4251 612 4308 Unde
640 4251 1070 4320 ergo'possuinns
1096 4266 1185 4303 eas
1211 4249 1366 4302 modo
1405 4247 1704 4310 ostendere,
1747 4264 1864 4318 quae

273 4346 573 4419 permixta:
601 4343 756 4398 sunt?
781 4342 1032 4397 Ostendet
1081 4350 1201 4395 tunc
1254 4342 1521 4398 Dominus.
1561 4356 1678 4393 eum
1731 4341 1865 4395 alios

273 4447 458 4511 ponet
486 4436 549 4490 ad
573 4435 869 4497 dexteram,
898 4435 1032 4488 alios
1058 4433 1121 4486 ad
1155 4434 1441 4511 sinistram.
1466 4432 1758 4486 Jerusalem
1796 4431 1862 4485 ad

271 4509 565 4586 dexteram
597 4528 727 4591 erit;
758 4525 990 4597 Babylon
1023 4525 1086 4576 ad
1119 4509 1405 4577 sinistram.
1435 4523 1724 4578 Jt'l'lb'ditfil)
1767 4539 1863 4574 au-

255 4609 466 4679 iditura
516 4631 595 4674 est
626 4637 639 4672 :
683 4618 872 4680 Venite,
901 4618 1140 4672 benedicti
1171 4615 1338 4670 Patris
1376 4619 1508 4678 mei;
1539 4618 1773 4686 p-rcipite
1794 4633 1866 4670 re-

267 4730 447 4789 gnum
476 4711 610 4782 quod
630 4710 763 4765 vobis
786 4721 1014 4780 paratum
1037 4719 1109 4763 est
1135 4709 1196 4762 ab
1239 4711 1430 4778 origine
1471 4711 1660 4761 mundi.
1695 4710 1866 4781 Baby-

277 4811 380 4861 lon
413 4803 658 4857 auditura
685 4813 766 4856 est
794 4819 806 4853 :
838 4801 915 4854 Ite
948 4802 1001 4854 in
1045 4803 1210 4872 ignem
1244 4814 1480 4855 (etei-nam
1501 4842 1515 4866 ,
1545 4803 1627 4869 qui
1658 4813 1864 4871 paratus

265 4911 351 4955 cst
384 4896 593 4951 diabolo
613 4905 656 4948 et
680 4895 870 4965 augetis
891 4897 996 4965 ejus
1019 4894 1226 4964 (Matth.
1257 4911 1380 4957 xxv,
1403 4895 1492 4958 54,
1520 4894 1634 4962 il).
1665 4894 1862 4949 Possu-

265 5008 406 5049 mus
445 5000 616 5043 tamen
647 4999 700 5042 et
725 4988 918 5057 aliquid
948 4987 1154 5052 afferre,
1183 4997 1432 5056 quantum
1473 4987 1723 5041 Dominus
1765 4988 1862 5041 do-

264 5095 399 5150 nat,
432 5081 573 5136 unde
619 5080 1008 5149 distinguantur
1038 5080 1104 5148 pii
1147 5079 1348 5142 fideles,
1378 5080 1533 5132 etiam
1575 5078 1674 5132 hoc
1727 5090 1862 5134 tem-

179 5190 185 5198 '
264 5194 441 5250 pore.
470 5175 611 5228 cives
638 5172 930 5227 Jerusalem
960 5186 990 5224 a
1017 5171 1220 5225 civibus
1236 5170 1552 5241 Babyloniae.
1582 5169 1898 5224 Duasistas.

261 5269 534 5327 civitates
564 5261 890 5317 faciuntduo
914 5275 1124 5314 amores
1157 5259 1483 5313 :Jerusalem
1539 5258 1666 5314 facit
1712 5276 1862 5314 amor

267 5360 373 5413 Dei
404 5375 423 5422 ;
459 5352 799 5425 Babyloniam
825 5349 948 5404 facit
981 5365 1130 5404 amor
1174 5349 1375 5403 srcculi.
1418 5348 1709 5420 lnterroget
1736 5367 1862 5422 ergo

262 5467 331 5506 se
358 5447 594 5516 quisque
622 5441 745 5514 quid
774 5451 934 5501 amet.
958 5447 1012 5495 et
1045 5440 1274 5494 inveniet
1293 5438 1431 5494 unde
1451 5441 1520 5495 sit
1543 5441 1672 5494 civis
1700 5460 1712 5494 :
1736 5456 1787 5496 et
1816 5444 1859 5497 si

261 5557 331 5596 se
363 5537 639 5594 invenerit
658 5537 824 5589 civem
855 5530 1176 5604 Babylonim,
1206 5530 1462 5600 exstirpet
1488 5533 1857 5601 cupiditatem,

264 5633 497 5704 plantet
514 5627 860 5690 cbaritatcm;
884 5625 930 5679 si
950 5633 1126 5678 autem
1156 5621 1483 5678 sciuvenerit
1505 5623 1671 5676 civem
1701 5622 1857 5677 Jeru-

259 5725 482 5792 salem,
527 5721 714 5778 toleret
760 5718 1140 5791 captivitatem,
1160 5725 1337 5788 speret
1363 5715 1677 5772 libertatem.
1714 5714 1857 5772 Multi

1410 297 1798 354 i-IN.\,itit.—\TIO
1838 299 1860 351 li

1966 298 2256 355 ’SALMUM
2299 301 2478 362 LXEV.
3430 308 3494 362 77

1960 414 2100 466 enim
2125 416 2267 468 cives
2289 425 2482 467 saneta!
2504 416 2684 468 matris
2714 411 3006 470 Jerusalem
3026 417 3399 486 cupiditatibus
3430 422 3530 476 Ba-

1959 505 2184 575 bylonia:
2209 508 2437 574 corrupti
2459 509 2788 570 tenebantur,
2816 518 2867 561 ct
2895 509 3003 576 ipsa
3025 512 3361 580 corruptione
3380 516 3530 581 cupi-

1961 599 2177 651 ditatum
2199 609 2441 666 tanquam
2461 600 2600 652 cives
2627 599 2745 651 inde
2770 601 2888 653 facti
2912 612 3094 664 erant;
3119 610 3169 653 et
3194 603 3339 655 tmilti
3361 604 3532 659 adhuc

1963 689 2030 741 ita
2051 699 2189 749 sunt,
2213 691 2424 742 etmulti
2452 701 2566 758 post
2591 706 2684 742 nos
2713 692 2760 742 iu
2783 689 2880 743 hac
2903 701 3040 744 terra
3065 691 3222 745 futuri
3247 693 3314 744 ita
3336 703 3490 746 erunt
3515 712 3529 749 :

1962 779 2052 831 sed
2075 780 2218 831 novit
2234 779 2503 844 Dominus,
2528 780 2768 832 Ct'mddm'
2783 780 3095 844 Jemsalem,
3115 796 3247 851 quos
3267 784 3409 836 cives
3423 783 3535 852 ejus

1965 869 2431 941 prmdestinaverit,
2461 885 2594 938 quos
2614 871 2785 924 videat
2813 872 2984 924 adhuc
3011 871 3108 925 sub
3129 872 3401 926 dominatu
3423 874 3535 925 dia-

1965 959 2071 1012 buli
2093 960 2426 1015 redimendos
2443 962 2697 1029 sanguine
2718 962 2929 1027 Clu-isti,
2950 964 3094 1015 novit
3118 963 3234 1016 illos
3256 964 3366 1031 ipse
3382 973 3536 1017 ante-

1965 1067 2121 1122 quam
2152 1067 2208 1106 sc
2240 1053 2336 1120 ipsi
2369 1054 2632 1106 noverint.
2660 1053 2768 1107 Sub
2800 1054 2895 1108 hac
2937 1071 3062 1123 ergo
3097 1054 3264 1124 figura
3289 1066 3533 1108 cantatur

1967 1143 2050 1196 hic
2078 1143 2331 1210 psalmus.
2370 1142 2422 1196 Ιιι
2467 1143 2615 1212 cujus
2663 1145 2811 1196 titulo
2859 1145 3012 1212 positi
3045 1156 3180 1198 sunt
3224 1147 3382 1198 etiam
3430 1150 3535 1200 duo

1967 1234 2256 1303 prophetze,
2285 1235 2372 1303 qni
2406 1235 2492 1286 ilio
2525 1245 2757 1302 tempore
2794 1235 2845 1287 in
2869 1237 3166 1305 captivitate
3193 1235 3422 1300 fuerunt,
3443 1236 3533 1288 Je-

1967 1327 2158 1379 rcmias
2185 1334 2240 1380 et
2289 1325 2547 1390 Ezechiel,
2575 1335 2627 1379 et
2651 1327 2936 1379 cantabant
2959 1326 3220 1395 qna‘dam,
3252 1344 3365 1380 cum
3399 1328 3527 1380 inri-

1969 1427 2138 1484 pereat
2157 1418 2310 1471 exire.
2347 1416 2528 1486 Incipit
2565 1419 2710 1472 exire
2753 1419 2840 1487 qui
2884 1419 3065 1487 incipit
3093 1431 3290 1473 amare.
3329 1420 3537 1473 Exeuut

1969 1511 2106 1563 enim
2132 1509 2280 1563 multi
2309 1509 2550 1571 latenter,
2574 1521 2624 1564 et
2651 1512 2960 1568 exeuntium
3009 1511 3172 1580 pedes
3217 1521 3336 1565 sunt
3361 1513 3538 1566 C(thiiS

1969 1603 2188 1655 affectus
2222 1618 2234 1653 :
2267 1610 2461 1655 exeunt
2488 1611 2662 1656 autem
2714 1602 2778 1656 de
2810 1602 3117 1672 Babylonia.
3165 1603 3299 1668 Quid
3346 1613 3424 1656 est
3473 1604 3539 1656 de

1970 1692 2254 1763 Babylonia
2279 1693 2302 1746 ?
2335 1693 2405 1746 De
2425 1692 2751 1746 confusione.
2777 1692 3051 1757 Quomodo
3081 1692 3256 1747 exitur
3278 1692 3343 1745 de
3371 1693 3539 1761 Baby-

1970 1783 2111 1848 lone,
2146 1784 2194 1837 id
2222 1794 2301 1838 est
2335 1783 2402 1838 de
2423 1783 2771 1837 confusione?
2798 1783 2894 1848 Qui
2941 1784 3109 1851 primo
3143 1784 3349 1837 confusi
3389 1793 3540 1836 erant

1970 1874 2228 1927 similibus
2258 1873 2647 1942 cupiditatibus,
2678 1875 2932 1942 incipiunt
2959 1873 3216 1927 charitate
3243 1873 3488 1942 distingui
3521 1890 3536 1934 ;

1966 1964 2072 2034 jam
2099 1964 2352 2030 distincti,
2378 1979 2478 2034 non
2518 1972 2641 2018 sunt
2684 1965 2909 2018 confusi.
2943 1965 3050 2018 Etsi
3101 1963 3274 2016 adhuc
3319 1977 3540 2030 corpore

1971 2056 2214 2126 permixti
2242 2067 2385 2120 sunt,
2413 2033 2672 2110 desiderio
2703 2063 2876 2108 tamen
2909 2062 3094 2108 sancto
3135 2053 3539 2116 discernuntur;

1970 2155 2024 2201 et
2061 2154 2274 2216 propter
2309 2146 2710 2214 permixtionem
2765 2145 3091 2213 corporalem
3138 2143 3369 2198 nondum
3399 2146 3542 2197 exie-

1970 2247 2120 2298 runt;
2152 2247 2366 2306 propter
2393 2237 2636 2292 affectum
2667 2237 2842 2290 cordis
2889 2237 3033 2290 exire
3080 2246 3375 2306 cmperunt.
3425 2234 3541 2290 Juttt

1969 2345 2097 2400 ergo
2143 2331 2436 2393 audiamus,
2468 2331 2686 2393 fratres;
2727 2331 2999 2383 audiamus
3020 2370 3034 2394 ,
3063 2339 3115 2382 et
3161 2341 3456 2390 cantemus.
3489 2339 3544 2384 et

1969 2421 2330 2477 desideremus
2361 2421 2497 2473 ttnde
2525 2422 2668 2474 cives
2697 2435 2898 2473 sumus.
2933 2420 2996 2473 Et
3037 2436 3153 2490 qua:
3185 2419 3372 2488 gaudia
3420 2436 3544 2473 cau-

1972 2512 2362 2569 tanturnobis?
2397 2511 2673 2580 Quomodo
2717 2513 2767 2564 in
2823 2510 2974 2565 nobis
3018 2510 3339 2565 reformatur
3383 2525 3536 2564 amor

1969 2605 2196 2660 civitatis
2224 2615 2437 2668 nostrm,
2460 2619 2614 2672 quant
2645 2603 2891 2656 diuturna
2942 2601 3362 2670 peregrinatione
3389 2601 3538 2656 obliti

1971 2694 2272 2750 fueramus?
2301 2695 2406 2749 Sed
2433 2696 2572 2748 misit
2599 2693 2719 2747 inde
2743 2687 2814 2746 ad
2838 2708 2934 2746 nos
2963 2693 3214 2761 epistolas
3263 2693 3417 2747 Pater
3447 2709 3542 2745 no-

1968 2797 2096 2850 ster,
2131 2787 2441 2840 ministravit
2468 2785 2620 2838 nobis
2667 2784 2967 2852 Scripturas
3009 2785 3144 2836 Deus
3172 2826 3186 2846 ,
3211 2784 3402 2852 quibus
3429 2785 3542 2853 cpi-

1968 2877 2118 2932 stolis
2149 2876 2295 2931 fieret
2324 2877 2373 2930 in
2403 2877 2553 2929 nobis
2579 2873 3169 2930 redeundidcsiderium
3196 2893 3210 2941 ;
3252 2876 3371 2944 quia
3419 2892 3542 2944 per-
3604 2888 3612 2896 ‘

1967 2973 2345 3031 eeriuationem
2367 2979 2596 3024 nostram
2625 2968 2912 3039 diligendo,
2942 2970 3005 3022 ad
3033 2970 3208 3023 hostes
3239 2970 3422 3024 faciem
3453 2984 3542 3038 po-

1967 3079 2263 3128 sueramus,
2285 3063 2570 3119 etdorsutn
2599 3063 2665 3117 ad
2699 3062 2943 3130 patriam.
2976 3062 3110 3130 Quid
3145 3079 3271 3133 ergo
3307 3062 3392 3117 hic
3419 3079 3543 3117 can-

1968 3157 2144 3212 tatur?
2327 3228 2331 3235 _

2036 3251 2087 3305 5.
2113 3249 2262 3322 [νει-δ.
2284 3247 2365 3322 2.]
2392 3246 2465 3302 Te
2489 3246 2624 3301 decet
2651 3247 2888 3317 hymnus,
2922 3244 3085 3312 Deus,
3110 3247 3159 3299 in
3192 3246 3336 3300 Sion.
3371 3247 3543 3301 Patria

1966 3342 2053 3396 illa
2084 3350 2164 3396 est
2194 3341 2320 3395 Sion
2356 3357 2370 3393 :
2401 3341 2511 3409 ipsa
2541 3347 2624 3394 est
2649 3339 2942 3393 Jerusalem
2989 3356 3106 3407 qua-
3131 3337 3254 3392 Sion
3277 3357 3290 3402 ;
3315 3350 3366 3392 et
3393 3341 3545 3407 hujus

1967 3432 2194 3485 nominis
2240 3431 2728 3499 interpretationem
2763 3444 2918 3484 nosse
2945 3429 3172 3482 debetis.
3202 3431 3349 3484 Sicut
3390 3430 3545 3483 Jeru-

1965 3521 2128 3574 salem
2159 3521 2536 3590 interpretatur
2561 3518 2708 3570 νΜυ
2738 3520 2879 3585 pacis
2902 3559 2915 3580 ,
2970 3519 3038 3570 ita
3068 3517 3193 3571 Sion
3222 3518 3542 3590 Speculatin,

1972 3613 2020 3666 id
2053 3622 2134 3666 est
2161 3612 2291 3664 visio
2316 3623 2364 3665 et
2396 3610 2789 3677 contemplatio.
2829 3609 3018 3663 Nescio
3058 3610 3196 3678 quod
3242 3587 3392 3664 nobis
3428 3626 3540 3663 ma-

1966 3721 2123 3775 gnum
2147 3703 2502 3772 spectaculum
2533 3703 2884 3771 promittitur;
2913 3711 2969 3754 et
3007 3701 3106 3754 hoc
3133 3701 3245 3769 ipse
3284 3701 3420 3754 Dcus
3457 3711 3539 3755 est

1967 3795 2055 3864 qui
2099 3794 2333 3846 condidit
2383 3793 2674 3847 civitatem.
2731 3777 2959 3844 i’ulcltra
2995 3801 3048 3846 et
3096 3791 3289 3844 decora
3333 3790 3540 3857 civitas,

1968 3901 2122 3954 quam
2173 3884 2524 3952 pulchriorem
2583 3883 2739 3936 habet
2769 3882 3132 3937 conditorem!
3166 3881 3239 3936 Te
3284 3883 3419 3935 decet
3446 3885 3545 3953 Ity-

1967 3991 2133 4038 mnus,
2170 3974 2301 4027 Deus
2325 4016 2338 4039 ,
2365 3975 2546 4044 inquit.
2575 3973 2678 4027 Sed
2713 3974 2840 4026 tibi?
2872 3972 2932 4025 In
2974 3972 3099 4027 Sion
3129 3988 3147 4025 .'
3176 3972 3226 4026 in
3275 3973 3544 4045 Babylone

1969 4083 2072 4121 non
2121 4068 2293 4121 decot.
2349 4065 2553 4120 Etenim
2597 4066 2818 4134 quisque
2855 4082 2974 4119 cum
3025 4067 3244 4134 emperit
3280 4067 3540 4140 innovari,

1963 4157 2070 4229 jam
2090 4159 2248 4214 Corde
2268 4159 2316 4212 in
2336 4157 2624 4214 Jerusalem
2643 4167 2838 4214 cantat.
2864 4159 3073 4213 dicente
3093 4159 3349 4228 Apostolo
3374 4177 3386 4209 :
3411 4156 3544 4213 Con-

1969 4252 2176 4303 versatio
2200 4259 2369 4302 nostra
2408 4251 2458 4301 in
2486 4249 2622 4302 cmlis
2651 4258 2720 4302 cst
2743 4247 2998 4318 (Philipp.
3029 4264 3104 4312 ιιι,
3131 4248 3245 4318 90).
3293 4248 3358 4301 In
3389 4263 3540 4302 carne

1970 4345 2098 4396 enim
2120 4343 2450 4396 ambulantes.
2484 4340 2668 4409 inquii,
2693 4358 2789 4393 nou
2819 4340 3090 4393 secundum
3130 4355 3332 4392 carnem
3351 4339 3540 4392 milita-

1968 4453 2078 4488 mas
2110 4435 2172 4508 (ll
2199 4436 2314 4489 Cor.
2341 4451 2394 4496 χ,
2423 4434 2498 4504 ⁸5).
2529 4434 2641 4486 Jatn
2670 4435 2929 4489 desiderio
2956 4433 3024 4486 ibi
3047 4432 3370 4502 sumus,jam
3389 4446 3542 4501 Spem

1970 4530 2019 4582 iu
2047 4530 2184 4582 illam
2213 4538 2429 4592 terram,
2456 4528 2601 4594 quasi
2642 4515 2929 4579 anelioram
2979 4525 3326 4593 praemisimus
3349 4566 3362 4589 ,
3394 4538 3460 4578 ne
3490 4524 3541 4579 in

1969 4619 2069 4673 isto
2113 4621 2241 4673 mari
2267 4619 2455 4671 turbati
2481 4618 2868 4686 naufragemus.
2916 4613 3370 4680 Quemadmodum
3416 4631 3543 4684 ergo

1969 4711 2033 4764 de
2079 4711 2193 4763 navi
2225 4726 2342 4779 qu:e
2388 4711 2438 4763 in
2466 4711 2712 4764 ant-horis
2766 4718 2878 4770 est,
2941 4718 3085 4762 recte
3129 4707 3352 4760 dicimus
3400 4708 3538 4776 quod

1964 4799 2070 4868 jam
2102 4802 2151 4854 in
2179 4809 2314 4854 terra
2348 4803 2412 4855 sit
2437 4817 2451 4864 ;
2476 4797 2671 4853 "adhuc
2710 4799 2847 4852 enim
2897 4799 3133 4860 ﬂuctuat,
3167 4797 3257 4851 sed
3300 4797 3348 4850 in
3400 4807 3540 4852 terra

1968 4894 2352 4964 quodammodo
2400 4893 2586 4948 educta
2638 4900 2719 4946 est
2765 4900 2946 4944 contra
3003 4899 3222 4954 ventos,
3254 4899 3308 4944 et
3352 4901 3536 4944 contra

1971 4996 2311 5053 tempcsmtcs
2345 5002 2358 5038 :
2392 4986 2468 5038 sic
2497 4992 2678 5037 contra
2707 4983 3023 5035 tenta-tiones
3053 4980 3204 5051 hujus
3234 4981 3544 5051 peregrina-

1913 5061 1921 5076 ’
1970 5080 2126 5132 tionis
2153 5088 2365 5139 nostrae,
2393 5091 2515 5146 spes
2538 5084 2716 5129 nostra
2743 5073 2951 5128 fundata
2978 5075 3026 5126 in
3047 5073 3132 5126 illa
3152 5075 3363 5129 civitate
3380 5073 3538 5128 Jeru-

1969 5170 2130 5222 salem
2158 5168 2276 5221 facit
2298 5181 2395 5220 nos
2421 5182 2522 5219 non
2541 5166 2709 5232 abripi
2735 5166 2783 5218 in
2807 5180 2950 5217 saxa.
2977 5164 3077 5232 Qui
3100 5180 3225 5234 ergo
3247 5163 3532 5219 secundum

1971 5259 2104 5312 hanc
2146 5273 2294 5326 Spem
2341 5266 2536 5322 cantat,
2571 5256 2640 5311 ibi
2688 5265 2864 5309 cantat
2895 5270 3058 5326 :ergo
3112 5256 3274 5319 dicat,
3307 5253 3374 5308 Te
3399 5254 3538 5306 decet

1967 5349 2202 5417 hymnus,
2229 5347 2381 5413 Deus,
2414 5348 2464 5400 in
2496 5347 2641 5402 Sion.
2691 5344 2756 5399 In
2804 5346 2951 5411 Sion,
2993 5361 3098 5400 non
3138 5347 3186 5400 in
3243 5343 3532 5414 Babylone.

1964 5439 2067 5495 Sed
2101 5439 2258 5493 modo
2285 5439 2352 5493 ibi
2376 5453 2434 5493 es
2454 5438 2624 5492 adhuc
2651 5437 2702 5490 in
2734 5437 3034 5508 Babylone?
3068 5436 3160 5502 lbi,
3189 5434 3370 5504 inquit.
3392 5447 3531 5496 sunt;

1965 5542 2171 5587 amator
2192 5533 2311 5597 iste,
2343 5541 2395 5585 et
2432 5530 2561 5584 civis
2601 5531 2698 5584 iste
2727 5547 2740 5584 :
2766 5529 2831 5584 ibi
2879 5544 3029 5594 sum;
3082 5527 3172 5582 sed
3200 5539 3359 5580 carne
3381 5565 3395 5590 ,
3429 5539 3533 5576 non

1968 5622 2147 5680 corde.
2188 5621 2316 5678 Cum
2345 5632 2522 5677 autem
2576 5619 2681 5674 duo
2723 5621 2965 5690 quazdam
3010 5619 3253 5680 dixerim,
3283 5616 3404 5686 quia
3460 5615 3536 5670 ibt

1969 5730 2084 5774 sum
2105 5729 2283 5783 carne,
2303 5727 2407 5769 non
2428 5710 2620 5779 corde;
2653 5709 2795 5768 unde
2814 5721 2990 5779 canto,
3015 5723 3120 5765 non
3149 5707 3248 5763 ibi:
3267 5721 3372 5762 non
3392 5705 3536 5762 enim
