4022 6200
474 318 576 372 τη

476 443 634 484 carne
661 434 814 481 caluo
834 465 849 486 ,
881 421 972 476 sed
999 418 1178 474 corde.
1223 417 1448 474 Carnem
1506 412 1717 484 quidem
1768 419 2042 466 sonantem

477 521 697 574 audiunt
721 529 772 571 et
797 515 941 570 cives
973 511 1310 582 Babylonize;
1336 509 1516 568 cordis,
1538 517 1712 560 autem
1739 519 1926 558 sonum
1955 519 2048 556 au-

474 611 552 664 dit
573 608 811 662 conditor
839 603 1156 659 Jerusalem.
1188 600 1338 656 Unde
1366 599 1488 652 dicit
1525 595 1827 664 Apostolus,
1857 595 2049 647 exhor-

480 712 594 754 tans
623 701 760 767 ipsos
780 697 922 752 cives
942 695 1005 747 ad
1033 693 1286 748 amatoria
1315 689 1553 758 qu:edam
1586 687 1810 745 cantica,
1831 694 1884 738 et
1911 683 2047 736 desi-

471 789 622 842 deria
655 786 904 841 redeundi
932 786 996 839 ad
1028 786 1165 838 illam
1212 779 1618 850 pulcherrimam
1647 777 1930 837 civitatem,
1967 774 2048 824 vi-

435 880 678 934 ‘sionetn
729 879 871 947 pacis
925 895 936 930 :
983 875 1283 938 Cantantes,
1323 872 1531 940 inqttit,
1577 880 1623 921 et
1684 868 1950 948 psallentes
1996 867 2048 918 in

475 971 709 1024 cordibus
735 970 907 1023 vestris
939 968 1152 1022 Domino
1175 965 1389 1037 (Ep/tes.
1420 981 1472 1029 v,
1500 962 1608 1030 19).
1636 949 1774 1029 Quid
1795 969 1898 1025 est,
1923 977 2048 1013 can-

481 1075 644 1118 tantes
675 1064 725 1114 in
753 1061 984 1114 cordibus
1013 1059 1222 1112 uestris?
1245 1055 1320 1110 Ne
1344 1053 1464 1108 inde
1491 1051 1734 1116 cantetis,
1766 1050 1905 1104 unde
1923 1058 2052 1104 estis

477 1156 528 1208 in
553 1153 876 1225 Babylonia;
905 1149 1000 1204 sed
1019 1149 1146 1210 inde
1174 1155 1406 1210 cantate,
1431 1143 1569 1198 unde
1609 1157 1818 1195 sursum
1847 1140 2052 1194 habita-

475 1248 565 1300 tis.
597 1244 756 1313 Ergo,
784 1241 856 1295 Te
875 1241 1010 1294 decet
1043 1240 1276 1308 hymnus,
1314 1236 1469 1298 Deus,
1493 1235 1545 1286 in
1569 1233 1716 1287 Sion.
1750 1231 1806 1285 ln
1849 1230 1974 1286 Sion
2001 1242 2050 1284 te
2077 1244 2080 1246 ‘

473 1337 629 1392 decet
652 1338 898 1407 hymnus,
932 1348 1034 1386 non
1064 1333 1112 1384 in
1144 1328 1451 1400 Babylonia.
1474 1326 1574 1392 Qtti
1604 1334 1820 1380 cantant
1870 1324 1918 1377 in
1946 1324 2048 1377 Ba-

477 1425 712 1495 bylonia,
748 1424 892 1478 cives
940 1420 1274 1490 Babyloniae,
1304 1421 1461 1471 etiam
1504 1416 1756 1487 hymnum
1811 1413 1900 1468 Dei
1946 1431 2049 1466 non

471 1515 728 1569 decenter
756 1521 987 1567 cantant.
1030 1510 1161 1564 Audi
1217 1523 1396 1561 vocem
1446 1507 1774 1574 Scriptura}:
1810 1502 1928 1556 Non
1979 1512 2050 1557 est

472 1607 699 1676 speciosa
727 1606 838 1658 laus
860 1605 910 1656 in
933 1619 1018 1656 ore
1048 1601 1324 1670 peccatoris
1365 1597 1551 1669 (Eccli.
1586 1613 1672 1658 xv,
1696 1595 1772 1667 9).
1797 1593 1870 1648 Te
1910 1595 2050 1647 decet

475 1699 716 1767 hymnus,
743 1695 900 1758 Deus,
922 1695 974 1747 in
997 1693 1143 1747 Sion.

548 1788 601 1842 4.
639 1787 701 1840 Et
730 1787 817 1839 tibi
839 1787 855 1817 ¹
879 1783 1114 1838 reddetur
1153 1793 1319 1834 uotum
1357 1780 1408 1832 in
1435 1777 1739 1832 Jerusalem.
1773 1775 1868 1830 llic
1897 1791 2051 1829 vove-

477 1894 616 1942 mus,
650 1887 703 1932 et
729 1879 923 1932 bonum
955 1884 1037 1930 est
1067 1883 1123 1928 ut
1154 1874 1222 1927 ibi
1252 1871 1555 1927 reddamus.
1597 1869 1695 1935 Qui
1741 1877 1918 1922 autem
1971 1867 2056 1920 hic

477 1979 693 2033 vovent,
725 1977 780 2022 et
814 1984 917 2022 non
950 1964 1219 2020 reddunt?
1248 1964 1344 2030 Qui
1375 1977 1476 2014 non
1507 1967 1848 2028 perseverant
1889 1973 2056 2027 usque

478 2060 534 2114 in
567 2060 724 2114 linem
753 2059 802 2112 in
833 2073 898 2112 eo
923 2057 1064 2126 quod
1087 2062 1365 2109 voverunt.
1399 2045 1558 2106 llnde'
1589 2051 1714 2104 dicit
1757 2051 1892 2104 alius
1917 2050 2057 2120 psal-

482 2169 621 2219 mus,
662 2151 859 2217 Vovete,
885 2161 928 2204 et
946 2148 1138 2202 reddite
1161 2146 1372 2210 Domino
1391 2145 1498 2199 Deo
1518 2155 1679 2198 vestro
1701 2143 1869 2214 (Psal.
1894 2159 2056 2210 Lxxv,

483 2243 593 2312 l2).
631 2242 692 2298 Et
713 2241 798 2294 tibi
846 2239 1083 2294 reddetur
1124 2247 1291 2292 votum
1335 2237 1388 2290 in
1439 2234 1744 2288 Jerusalem.
1795 2235 1868 2288 lbi
1914 2235 2058 2290 enim

479 2335 684 2390 erimus
718 2333 834 2398 toti,
867 2331 919 2386 id
951 2339 1033 2384 est
1054 2329 1242 2398 integri
1291 2329 1342 2382 in
1370 2327 1756 2382 resurrectione
1772 2325 2058 2396 justorum:

484 2425 555 2481 ibi
587 2424 834 2480 reddetur
861 2433 1038 2476 votum
1072 2431 1237 2475 totum
1278 2429 1552 2484 nostrum;
1585 2433 1688 2474 non
1719 2420 1829 2473 sola
1856 2419 2057 2485 anima,

479 2517 579 2572 sed
601 2517 711 2587 ipsa
738 2516 897 2570 etiam
923 2519 1046 2570 car'o
1068 2515 1177 2583 jam
1232 2527 1335 2566 non
1383 2509 1759 2581 corruptibilis,
1789 2512 1910 2580 quia
1951 2511 2058 2578 jam
2097 2516 2100 2519 ’

487 2623 593 2662 non
622 2609 672 2662 in
717 2606 1024 2678 Babylonia,
1050 2605 1150 2658 sed
1184 2604 1292 2674 jam
1319 2619 1511 2674 corpus
1551 2603 1767 2658 cmleste
1819 2603 2062 2656 immuta-

486 2709 618 2753 tum.
648 2698 828 2764 Qualis
868 2695 1480 2766 mutatio-promittis":
1509 2693 1694 2749 Omnes
1714 2693 1847 2748 enim
1890 2709 2062 2748 resur-
2095 2695 2105 2707 '

484 2807 677 2861 gemas,
707 2791 782 2844 ait
807 2789 1117 2859 Apostolus,
1167 2787 1255 2842 sed
1296 2803 1397 2841 non
1443 2803 1616 2841 omnes
1661 2785 2059 2840 imnmtabimur.

487 2881 586 2947 Qui
608 2884 629 2914 ’
676 2889 852 2935 autem
895 2881 1313 2935 immutabuntur
1338 2880 1449 2948 ipse
1480 2879 1612 2933 dixit
1640 2896 1652 2932 :
1681 2875 1749 2932 In
1777 2873 1878 2932 ictu
1906 2877 2061 2944 oculi,

486 2976 542 3025 in
567 2973 834 3025 nwisst'ma
879 2971 996 3024 tuba
1023 2985 1042 3024 :
1072 2980 1214 3024 canet
1257 2971 1387 3024 enim
1419 2971 1563 3034 tuba,
1605 2977 1651 3024 et
1692 2969 1876 3024 mortui
1899 2985 2067 3024 resur-

488 3074 602 3136 gent
629 3065 946 3133 incorrupti,
982 3064 1032 3117 id
1073 3072 1154 3116 est
1196 3062 1406 3132 integri,
1438 3071 1483 3115 et
1533 3079 1623 3116 nos
1669 3063 2063 3116 inmmtabimttr.

490 3157 673 3226 Qualis
698 3167 873 3211 autem
904 3157 1005 3210 erit
1031 3156 1116 3208 illa
1163 3157 1457 3208 immutatio
1477 3197 1490 3218 ,
1519 3155 1755 3223 sequitur
1802 3163 1858 3209 et
1900 3156 2062 3209 dicit:

499 3267 520 3299 ι
553 3247 775 3316 Oportet
803 3246 942 3300 enim
971 3244 1313 3312 corruptibile
1340 3243 1440 3298 hoc
1468 3243 1684 3297 induere
1708 3245 2067 3312 incorruptio-

501 3357 520 3390 ι
563 3353 682 3392 nem
737 3345 791 3391 et
851 3335 1073 3391 mortale
1126 3335 1226 3388 hoc
1291 3333 1510 3388 induere
1573 3333 2064 3388 immortalitatem:

501 3452 522 3484 s
556 3447 676 3484 cum
707 3438 883 3483 autem
905 3426 1245 3496 corruptibile
1290 3424 1390 3478 hoc
1432 3418 1663 3479 induerit
1714 3424 2071 3493 incorruptio—

502 3543 520 3574 ι
561 3537 701 3585 nem,
730 3530 782 3575 et
809 3519 1028 3574 mortale
1051 3518 1152 3572 hoc
1187 3516 1416 3571 induerit
1453 3515 1921 3578 immortalitatem,
1947 3523 2071 3570 tunc

503 3631 522 3662 ι
558 3613 646 3667 tiet
679 3626 856 3665 sermo
902 3609 989 3680 qui
1013 3609 1240 3677 scriptus
1265 3615 1346 3662 est
1375 3623 1387 3658 :
1419 3603 1684 3674 Absorpta
1721 3613 1804 3658 est
1830 3619 1973 3658 mors
2017 3605 2068 3658 in

503 3727 523 3757 ι
561 3705 856 3759 victoriam.
888 3702 986 3757 Ubi
1017 3708 1117 3764 est,
1145 3713 1307 3762 mors,
1333 3698 1548 3752 aculeus
1573 3705 1689 3749 tuus
1719 3715 1738 3748 ι
1774 3695 1812 3767 (Ι
1840 3695 1956 3750 Cor.
1981 3712 2070 3763 xv,

501 3797 730 3868 5l-53)?
781 3795 935 3850 Modo
984 3794 1125 3849 enim
1192 3790 1449 3846 inchoatis
1523 3789 1574 3842 in
1629 3788 1778 3844 nobis
1832 3787 2073 3857 primitiis

501 3890 712 3948 metuis.
736 3886 874 3940 unde
895 3884 1261 3940 desideramus
1289 3880 1613 3945 Jerusalem,
1643 3879 1806 3932 multa
1833 3895 1893 3932 ex
1917 3893 2074 3932 carne
2105 3919 2111 3930 .

499 3977 828 4048 corruptibili
859 3975 1184 4029 contendunt
1213 3974 1493 4027 adversum
1519 3986 1635 4031 nos,
1665 3985 1782 4038 qua:
1814 3984 1915 4022 non
1943 3983 2073 4022 cen-

503 4067 740 4128 tendent,
772 4081 891 4120 cum
921 4065 1074 4118 fi‘terit
1096 4077 1246 4117 mors
1267 4062 1512 4129 absorpta
1542 4059 1590 4112 in
1623 4058 1914 4112 victoriam.
1945 4057 2075 4110 Vitt-

502 4167 586 4214 cet
617 4174 735 4228 pax,
762 4167 816 4211 et
842 4155 1054 4209 linietur
1080 4153 1296 4207 bellum.
1321 4151 1540 4219 Quando
1555 4159 1729 4204 autem
1757 4149 1928 4202 vincet
1952 4162 2072 4217 pax,

504 4251 678 4304 vincet
698 4249 784 4303 illa
809 4246 995 4300 civitas
1039 4260 1157 4313 qua:
1183 4243 1373 4296 dicitur
1404 4241 1545 4294 Visio
1570 4240 1735 4310 pacis.
1771 4237 1919 4291 Nulla
1949 4252 2092 4306 ergo.

503 4345 604 4399 erit
628 4359 655 4395 a
686 4349 856 4394 morte
883 4337 1170 4391 contentio.
1202 4334 1355 4388 Modo
1381 4349 1498 4388 cum
1542 4342 1710 4385 morte
1735 4339 1925 4400 quanta
1946 4344 2076 4383 con-

507 4425 1458 4488 tendimus!lndesuntdelectationes
1498 4423 1758 4485 carnales,
1787 4437 1904 4491 quae
1925 4421 2078 4474 nobis

505 4527 662 4580 etiam
693 4522 871 4578 illicito
897 4520 1078 4582 multa
1130 4525 1415 4586 suggerunt
1444 4533 1456 4568 :
1485 4515 1676 4586 quibus
1719 4528 1821 4568 non
1848 4527 2076 4567 consen-

508 4618 703 4677 timus,
733 4613 827 4669 sed
882 4621 1054 4666 tamen
1111 4623 1213 4662 non
1267 4605 1645 4660 consentieudo
1690 4603 2076 4658 contendimus.

513 4707 689 4760 Primo
731 4719 857 4775 ergo
899 4697 1322 4770 concupiscentia
1371 4697 1546 4750 carnis
1599 4704 1882 4764 sequentes
1933 4694 2081 4749 duxit

511 4810 626 4855 nos,
660 4804 838 4863 postea
861 4794 1148 4848 renitentes
1177 4789 1332 4843 traxit
1354 4801 1480 4852 nos;
1511 4785 1702 4840 deinde
1727 4796 1939 4856 accepta
1961 4801 2082 4854 gra-

511 4885 580 4938 tia
611 4885 768 4952 coepit
818 4899 916 4938 nos
959 4898 1058 4936 nec
1106 4881 1318 4941 ducere,
1366 4893 1464 4933 nec
1515 4875 1743 4940 trahere,
1775 4876 1866 4930 sed
1909 4876 2082 4930 adhuc

511 4974 832 5029 contendere
874 4975 1146 5029 nobiscum
1181 4990 1193 5026 :
1229 4979 1345 5040 post
1387 4969 1779 5024 contentionem
1807 4968 1907 5021 erit
1932 4977 1985 5021 et
2007 4967 2083 5020 vi-

514 5065 701 5120 ctoria.
727 5063 882 5118 Modo
912 5074 961 5117 te
989 5068 1086 5118 etsi
1113 5070 1396 5134 oppugnat,
1426 5076 1530 5114 non
1570 5068 1872 5129 expugnet:
1903 5068 2082 5128 postea

514 5171 636 5213 cum
684 5154 929 5223 absorpta
961 5154 1115 5208 fuerit
1140 5169 1283 5207 mors
1312 5153 1364 5206 in
1412 5152 1683 5208 victoriam
1707 5192 1721 5218 ,
1748 5159 1804 5206 et
1854 5165 2086 5220 pugnare
2121 5213 2135 5232 ‘

515 5247 772 5306 cessabit.
786 5246 916 5311 Quid
935 5247 1130 5299 dictum
1147 5245 1262 5300 est?
1280 5244 1330 5298 Ν
1335 5247 1565 5299 ovissima
1588 5245 1790 5298 inimica
1811 5244 2090 5296 destruetur

519 5339 763 5412 mors(ld.
777 5338 890 5408 26).
908 5336 1141 5391 Reddam
1159 5345 1335 5390 votum
1355 5352 1549 5391 meum.
1566 5335 1716 5404 Quod
1732 5334 1934 5389 votum?
1951 5333 2090 5401 Qua-

518 5436 562 5492 si
576 5435 959 5491 holocaustum.
976 5428 1348 5483 Holocaustum
1362 5429 1503 5482 enim
1520 5438 1642 5483 tunc
1654 5427 1862 5494 dicitur,
1880 5425 2090 5498 quando

587 5618 603 5660 ι
633 5616 965 5680 Mauors.
999 5614 1045 5680 et
1187 5614 1242 5658 ιει
1262 5619 1381 5680 vero
1403 5603 1719 5680 φρείάοηξω.
1737 5603 2094 5680 interpretandi

523 5665 732 5735 ratione;
753 5674 891 5726 facile
913 5665 1260 5723 crediderimus
1282 5669 1684 5735 Augustinum-ita
1707 5665 1905 5730 legisse.

597 5747 618 5777 ί
637 5729 834 5791 δίοήεε.
861 5745 915 5790 At
935 5735 1067 5796 edd,
1089 5729 1338 5798 quomodo.

1702 299 1757 355 S.
1798 294 2156 354 AUCUSTN
2198 295 2496 352 iéIPlSCOPl

3609 277 3708 336 776

2158 418 2322 462 totum
2346 409 2479 478 ignis
2503 409 2728 464 absumit
2756 427 2770 464 :
2795 408 3156 465 holocaustum
3184 405 3496 465 sacriﬁcium
3516 415 3598 462 est
3643 408 3732 461 ubi

2155 509 2318 553 totum
2341 503 2699 567 consumitur;
2724 509 2827 556 ελον
2852 503 2992 556 enim
3017 512 3180 557 totum
3198 503 3409 569 dicitur,
3437 513 3619 564 καῦσις,
3644 499 3734 552 in-

2153 592 2351 646 censio.
2381 592 2753 648 llolocaustum
2787 602 2956 647 totum
2988 594 3283 648 incensum.
3326 593 3555 660 Arripiat
3600 607 3732 660 ergo

2155 695 2250 734 nos
2283 682 2438 752 ignis,
2489 683 2620 752 ignis
2672 684 2884 738 divinus
2942 684 2992 737 iu
3044 683 3339 738 Jerusalem
3374 701 3387 737 :
3419 682 3732 752 incipiamus

2153 771 2343 826 ardere
2359 773 2635 839 charitate,
2659 775 2829 831 donec
2858 783 3022 828 totum
3042 775 3266 829 mortale
3283 782 3646 837 consumatur,
3676 781 3730 825 et

2154 863 2290 930 quod
2312 875 2496 933 cpntra
2542 880 2637 919 nos
2680 864 2963 929 l'uerit,eat
3011 866 3062 920 in
3111 864 3429 918 sacrificium
3485 863 3725 916 Domino.

2159 951 2306 1007 Unde
2334 954 2454 1009 alibi
2482 954 2675 1009 dicitur
2704 973 2717 1012 :
2757 974 2776 1008 ε
2810 957 3042 1026 Benigne
3094 955 3197 1019 l'ac,
3234 956 3474 1018 Domine,
3499 956 3550 1008 in
3591 955 3734 1008 bona

2161 1062 2179 1095 ι
2218 1045 2483 1101 voluntate
2510 1056 2594 1100 tua
2621 1047 2770 1108 Sion,
2794 1057 2854 1101 ut
2879 1047 3206 1102 a-diliccntnr
3239 1048 3370 1101 nutri
3395 1047 3690 1102 Jerusalem
3714 1063 3731 1099 :

2161 1155 2179 1186 ι
2221 1147 2342 1192 tunc
2362 1140 2661 1208 acceptabis
2699 1139 3014 1194 sacriﬁcium
3057 1139 3296 1210 justitite,
3335 1140 3635 1195 oblationes
3679 1149 3738 1194 et

2161 1247 2180 1280 ι
2220 1228 2521 1285 holocausta
2571 1230 2741 1302 (Psal.
2791 1248 2840 1295 L,
2892 1231 2981 1293 20,
3014 1232 3129 1301 2|).
3167 1231 3242 1286 Te
3298 1231 3453 1286 decet
3480 1230 3736 1301 hymnus,

2163 1338 2182 1371 ι
2222 1321 2434 1382 Deus,in
2465 1321 2590 1375 Sion
2623 1339 2637 1385 ;
2669 1332 2723 1376 et
2768 1323 2859 1376 tibi
2901 1323 3152 1377 reddetur
3193 1333 3369 1377 votum
3421 1324 3470 1376 in
3519 1323 3740 1378 Jerusa-

2164 1427 2181 1459 ι
2219 1409 2376 1464 lem.»
2406 1410 2700 1478 Qua-rimus
2728 1412 2834 1478 hic,
2865 1429 2931 1468 ne
2958 1414 3090 1468 forte
3128 1413 3239 1468 Rex
3277 1414 3428 1467 nobis
3470 1415 3637 1483 ipsius
3657 1415 3742 1468 ci-

2161 1503 2331 1576 vitatis
2351 1503 2772 1566 commendetur,
2809 1505 3060 1560 Dominus
3091 1514 3144 1560 et
3171 1505 3414 1560 Salvator
3444 1515 3628 1560 noster
3648 1505 3741 1560 Je-

2157 1607 2248 1645 sus
2283 1592 2526 1647 Christus
2562 1610 2576 1646 :
2607 1605 2883 1649 cantemus
2927 1611 3053 1666 ergo
3095 1595 3265 1650 donec
3308 1595 3374 1649 ad
3408 1596 3741 1651 evidentiora

2160 1687 2543 1756 perveniamus.
2574 1687 2793 1742 Possem
2834 1689 2974 1743 enim
3015 1689 3124 1759 jam
3168 1689 3346 1743 dicere
3400 1689 3573 1757 ipsum
3617 1704 3741 1744 esse

2157 1779 2240 1833 cui
2289 1779 2516 1833 dicitur:
2551 1779 2619 1832 Te
2642 1781 2778 1834 decet
2819 1781 3034 1851 hymnus
3057 1823 3072 1846 ,
3119 1780 3274 1846 Deus,
3300 1783 3354 1834 in
3390 1781 3628 1846 Sion;et
3653 1782 3743 1833 tibi

2158 1869 2392 1923 reddetur
2427 1881 2594 1924 votum
2619 1873 2689 1926 -in
2732 1871 3034 1927 Jerusalem.
3065 1873 3170 1928 Sed
3225 1874 3268 1926 si
3320 1872 3577 1937 dicerem,
3606 1873 3740 1926 mihi

2158 1962 2333 2032 potius
2357 1978 2512 2032 quam
2547 1963 2834 2033 Scriptura:
2863 1965 3200 2028 crederetur;
3231 1975 3285 2020 et
3309 1965 3427 2019 ideo
3453 1966 3588 2022 forte
3634 1983 3742 2020 non

2160 2053 2286 2106 mihi
2309 2053 2632 2109 crederetur.
2665 2056 2951 2110 Audiamus
2982 2057 3274 2126 sequentia.

2232 2128 2284 2200 Β.
2316 2143 2464 2218 [νει-ε.
2493 2145 2571 2219 5.]
2602 2145 2826 2210 Exaudi,
2856 2149 3048 2218 inquit,
3077 2150 3354 2202 orationem
3379 2165 3542 2202 meam
3566 2165 3585 2202 :
3612 2150 3746 2204 adtc

2161 2237 2323 2292 amnis
2364 2255 2482 2292 caro
2521 2240 2696 2292 veniet.
2748 2240 2816 2294 Et
2857 2240 3111 2296 habemus
3143 2241 3422 2294 Dominum
3452 2241 3742 2306 dicentem,

2163 2327 2338 2382 datam
2366 2328 2464 2382 sibi
2506 2338 2819 2398 potestatem
2864 2331 3037 2384 omnis
3078 2333 3256 2385 carnis
3286 2330 3460 2404 (Joan.
3499 2348 3636 2396 xvu,
3662 2330 3744 2400 9.).

2162 2418 2335 2486 Coepit
2377 2434 2503 2487 ergo
2546 2434 2804 2488 apparere
2845 2420 2952 2489 jam
2984 2421 3098 2476 Rex
3125 2422 3245 2486 ille,
3286 2438 3405 2475 cum
3451 2423 3744 2485 diceretur,

2164 2508 2231 2560 ad
2255 2518 2302 2560 te
2327 2508 2490 2562 omnis
2516 2525 2633 2562 caro
2660 2511 2835 2564 veniet.
2867 2511 2946 2564 Ad
2975 2522 3052 2576 te,
3089 2512 3291 2581 inquit,
3324 2513 3486 2565 onmis
3515 2529 3634 2565 caro
3664 2530 3750 2565 ve-

2166 2599 2285 2653 niet.
2315 2599 2488 2667 Quare
2519 2601 2582 2654 ad
2612 2601 2753 2654 illum
2780 2603 2951 2656 omnis
2980 2617 3105 2656 caro
3138 2602 3348 2657 veniet?
3374 2602 3506 2669 Qttia
3530 2618 3748 2656 carnem

2165 2693 2469 2762 assumpsit.
2501 2693 2616 2762 Quo
2646 2693 2823 2748 veniet
2849 2695 3022 2748 omnis
3041 2694 3205 2750 caro?
3244 2695 3385 2748 Tulit
3413 2694 3536 2748 inde
3559 2695 3709 2764 primi

2169 2785 2269 2839 tias
2315 2800 2382 2840 ex
2426 2795 2575 2839 utero
2615 2785 2856 2854 virginali
2891 2809 2903 2838 :
2933 2786 3219 2855 assumptis
3261 2786 3506 2854 primitiis
3553 2797 3749 2840 caetera

2169 2863 2577 2947 consequentur,
2609 2888 2660 2930 nt
2681 2869 3049 2932 holocaustum
3063 2878 3406 2948 compleatur.
3427 2877 3579 2932 Unde
3595 2893 3747 2947 ergo,

2168 2968 2332 3022 omnis
2367 2968 2525 3021 caro?
2570 2967 2755 3020 Omnis
2799 2967 2978 3020 homo.
3030 2967 3097 3022 Et
3124 2967 3302 3030 unde,
3342 2968 3517 3022 omnis
3543 2965 3751 3020 homo?

2170 3058 2431 3128 Nutnquid
2473 3073 2658 3114 omnes
2685 3060 2934 3114 credituri
2978 3062 3313 3132 prmnuntiati
3348 3071 3470 3114 sunt
3500 3063 3552 3114 in
3586 3060 3753 3115 Chri-

2171 3151 2354 3204 stum?
2398 3151 2588 3206 Nonne
2631 3149 2777 3203 multi
2825 3151 2969 3221 itnpii
3006 3151 3280 3221 quietiam
3320 3151 3755 3206 damnabuntur?

2171 3241 2354 3295 Nonne
2381 3242 2614 3311 quotidie
2661 3243 2810 3294 multi
2827 3257 2939 3296 'n0n
2969 3240 3250 3297 credentes
3275 3285 3287 3306 ,
3322 3243 3371 3296 iu
3395 3258 3486 3296 sua
3520 3241 3752 3296 inﬁdeli-

2173 3342 2277 3387 tate
2321 3335 2660 3388 moriuntur?
2711 3334 3012 3388 Secundum
3053 3335 3177 3404 quid
3215 3351 3342 3405 ergo
3382 3328 3753 3404 intelligimus,

2172 3423 2239 3475 ad
2271 3434 2318 3477 te
2350 3425 2510 3478 omnis
2539 3442 2657 3478 caro
2696 3427 2897 3480 veniet?
2929 3425 3104 3480 Omnis
3129 3443 3246 3480 caro
3266 3427 3428 3490 dixit,
3461 3429 3638 3482 omnis
3655 3445 3755 3498 ge-

2175 3516 2316 3570 neris
2352 3532 2477 3571 caro
2511 3534 2616 3572 :ex
2651 3519 2794 3572 omni
2835 3533 3027 3587 genere
3065 3519 3240 3572 carnis
3287 3521 3534 3573 venietur
3572 3520 3639 3573 ad
3677 3531 3754 3576 te.

2175 3609 2310 3677 Quid
2333 3617 2414 3664 est
2434 3649 2449 3676 ,
2478 3624 2545 3664 ex
2573 3611 2714 3664 omni
2747 3627 2941 3680 genere
2969 3611 3179 3664 carnis?
3203 3610 3466 3680 Numquid
3491 3623 3758 3666 venerunt

2176 3715 2471 3770 pauperes,
2515 3710 2568 3755 et
2594 3717 2698 3754 non
2742 3709 3000 3755 venerunt
3027 3699 3255 3754 divites?
3302 3701 3558 3770 numquid
3589 3718 3756 3756 vene-

2177 3801 2301 3846 runt
2331 3792 2585 3855 humiles,
2626 3801 2679 3846 et
2721 3808 2824 3846 non
2869 3781 3127 3847 venerunt
3170 3793 3456 3847 sublimes?
3499 3794 3756 3862 numqmd

2177 3894 2437 3939 venerunt
2471 3884 2703 3950 indocti,
2754 3894 2807 3938 et
2838 3901 2940 3938 non
2982 3893 3238 3941 venerunt
3270 3884 3446 3938 docti?
3499 3885 3756 3954 numquid

2177 3985 2437 4030 venerunt
2467 3975 2585 4041 viri,
2613 3985 2666 4029 et
2687 3990 2791 4029 non
2821 3986 3079 4030 venerunt
3105 3976 3354 4031 femina}?
3380 3977 3638 4046 numquid
3663 3992 3760 4031 ve-

2179 4076 2372 4123 nerunt
2399 4068 2633 4131 domini,
2663 4076 2718 4121 et
2745 4082 2848 4121 non
2881 4077 3139 4122 venerunt
3168 4069 3347 4124 servi?
3378 4068 3633 4138 nutuquid
3661 4085 3759 4123 ve-

2184 4167 2375 4212 nerunt
2404 4173 2580 4222 senes,
2606 4168 2662 4211 et
2687 4174 2790 4211 non
2817 4167 3077 4212 venerunt
3097 4158 3352 4228 juvenes?
3377 4170 3468 4212 aut
3493 4169 3758 4214 venerunt

2174 4252 2418 4322 juvenes,
2449 4260 2504 4305 et
2533 4267 2638 4305 non
2665 4263 2924 4306 venerunt
2951 4253 3352 4307 adolescentes?
3379 4260 3471 4306 aut
3496 4262 3761 4308 venerunt

2180 4344 2539 4398 adolescentes
2559 4383 2574 4405 ,
2621 4351 2679 4397 et
2706 4359 2810 4397 non
2840 4353 3095 4398 venerunt
3133 4345 3324 4413 pueri?
3369 4353 3461 4398 aut
3491 4354 3759 4400 venerunt

2183 4433 2348 4502 ptteri,
2380 4441 2433 4487 et
2461 4447 2562 4485 non
2589 4433 2732 4486 allati
2763 4442 2885 4487 sunt
2914 4433 3175 4489 infantes?
3195 4434 3473 4488 Postremo
3501 4436 3758 4505 numquid

2181 4532 2444 4578 venerunt
2462 4511 2628 4578 Juda‘i
2662 4522 2806 4595 (nam
2837 4525 2962 4581 inde
2986 4535 3137 4580 erant
3160 4527 3420 4595 Apostoli,
3444 4527 3568 4583 inde
3595 4528 3758 4581 multa

2182 4616 2344 4671 millia
2368 4617 2536 4685 primo
2567 4616 2904 4676 tradentium.
2939 4627 3118 4687 postea
3146 4618 3533 4687 credentium),
3562 4629 3618 4673 et
3645 4633 3750 4673 non

2183 4716 2443 4762 venerunt
2471 4707 2681 4762 Grmci?
2733 4719 2823 4761 aut
2844 4718 3102 4762 venerunt
3129 4709 3297 4764 ϐε·ωεί
3322 4752 3336 4772 ,
3374 4719 3428 4764 et
3458 4727 3564 4763 non
3595 4727 3762 4764 vene-

2184 4807 2308 4853 runt
2333 4799 2599 4852 Romani?
2627 4809 2716 4853 aut
2743 4810 3002 4855 venerunt
3026 4800 3272 4866 Romani,
3296 4811 3348 4855 et
3373 4816 3478 4854 non
3503 4812 3766 4856 venerunt

2187 4887 2444 4941 Barbari?
2470 4889 2535 4942 Et
2561 4889 2678 4958 quis
2703 4900 2946 4943 ntnueret
2971 4905 3160 4944 omnes
3186 4903 3368 4960 gentes
3398 4891 3675 4945 venientes
3697 4891 3766 4943 ad

2187 4995 2306 5034 eum
2328 4979 2414 5032 cui
2439 4979 2632 5034 dictum
2661 4988 2742 5034 est
2770 4998 2782 5033 :
2816 4981 2893 5033 Ad
2924 4990 2971 5034 te
2995 4983 3157 5034 omnis
3184 4997 3302 5035 caro
3327 4983 3483 5036 veniet
3501 4985 3528 5038 .’
3558 4983 3767 5038 Exaudi

2187 5072 2460 5124 orationem
2487 5087 2645 5123 meam
2674 5086 2691 5124 :
2715 5071 2782 5123 ad
2807 5081 2854 5124 te
2872 5073 3032 5125 omnis
3060 5089 3178 5125 caro
3204 5074 3378 5126 veniet.

2261 5165 2312 5219 6.
2345 5163 2489 5236 [rers.
2519 5162 2594 5235 4.]
2624 5164 2890 5218 Sermones
2918 5165 3199 5233 iniquorum
3225 5164 3593 5234 pra'valuerunt
3619 5182 3769 5234 super

2191 5273 2318 5321 nos;
2346 5266 2389 5309 et
2417 5256 2692 5326 impietates
2720 5266 2915 5308 nostras
2949 5266 3000 5308 tu
3038 5256 3383 5325 propitiaberis
3414 5257 3454 5308 ί.
3501 5255 3640 5323 Quid
3667 5266 3772 5321 est,

2195 5348 2460 5404 Sermones
2483 5349 2765 5418 iniquorum
2800 5349 3162 5418 prwvaluerunt
3182 5366 3333 5419 super
3352 5365 3474 5412 nos;
3515 5359 3562 5402 et
3588 5349 3772 5418 impie-

2196 5449 2318 5494 tates
2339 5449 2534 5493 nostras
2565 5448 2615 5491 tu
2637 5421 3028 5509 propitiaberis?
3055 5439 3206 5508 Quod
3236 5442 3342 5494 nati
3369 5456 3557 5494 sumus
3590 5443 3642 5495 in
3675 5439 3776 5495 hac

2198 5539 2366 5596 terra,
2410 5529 2617 5599 iniquos
2651 5531 2946 5587 invenimus
2979 5547 3115 5602 quos
3143 5533 3421 5602 loquentes
3445 5531 3775 5588 audivimus.

2266 5665 2282 5696 ί
2308 5661 2614 5732 Omneslibri
2637 5664 2733 5727 hic,
2753 5664 3088 5730 prepits'aberis
3104 5679 3124 5729 ;
3159 5667 3245 5717 sed
3285 5666 3404 5718 intra
3435 5665 3668 5732 plerique
3696 5665 3793 5719 ita-

2025 5709 2031 5719 ’
2113 5718 2124 5730 ’
2202 5709 2758 5788 ὶιρηιζῄῂὶὀιὶέίἁὸὲδῙἻέ

3719 5873 3793 5888 ’.Α
