4022 6200
265 339 364 394 777

263 453 321 508 Si
354 454 550 524 possim
572 453 838 524 explicare
867 453 1008 524 quod
1036 453 1226 518 sentio,
1253 451 1464 522 adjuvet
1490 467 1575 506 me
1605 449 1826 527 intentio

260 545 545 600 Charitatis
579 545 800 599 Vestrae.
840 544 1024 600 Omnis
1053 545 1210 596 homo
1233 543 1546 610 ubicumque
1573 541 1826 603 nascitur,

259 635 428 704 ipsius
459 647 632 696 terrai,
656 637 735 690 vel
756 637 1005 705 regionis,
1033 634 1113 689 vel
1134 634 1358 687 civitatis
1383 633 1612 702 linguam
1637 630 1824 693 discit;

260 727 403 784 illius
429 726 681 781 imbuitur
710 727 943 780 moribus
973 736 1024 778 et
1047 726 1168 778 vita.
1196 722 1328 790 Quid
1353 723 1548 777 faceret
1579 737 1707 791 puer
1733 736 1826 774 na-

260 827 347 871 tus
379 818 517 872 inter
540 817 778 886 Paganos
798 860 812 880 ,
859 826 912 868 ut
941 832 1041 868 non
1073 815 1271 869 celeret
1300 813 1524 882 lapidem
1551 855 1565 876 ,
1617 811 1828 880 quando

258 908 408 962 illum
453 909 649 962 cultum
705 907 1099 960 insinuaverunt
1153 903 1436 972 parentes?
1485 903 1610 957 lude
1661 903 1827 971 prima

258 999 423 1054 verba
451 998 682 1059 audivit;
717 997 861 1050 illum
888 1013 1120 1050 errorem
1144 1012 1260 1049 cum
1281 996 1413 1049 lacte
1432 995 1573 1048 suxit
1597 1011 1608 1046 :
1638 1003 1688 1047 et
1707 993 1826 1062 quia

258 1087 334 1142 illi
363 1088 450 1158 qui
484 1087 835 1157 loquebantur
860 1086 1090 1155 majores
1117 1094 1262 1137 erant
1288 1125 1302 1148 ,
1333 1095 1386 1138 et
1411 1099 1542 1154 puer
1566 1083 1651 1151 qui
1684 1080 1825 1149 loqui

257 1157 497 1233 discebat
532 1178 702 1232 infans
727 1187 868 1239 crat,
901 1176 1038 1230 unde
1073 1185 1280 1245 poterat
1307 1157 1560 1243 parvulus
1584 1173 1682 1226 nisi
1714 1187 1825 1225 ma-

255 1269 431 1339 jorqu
463 1268 826 1322 auctoritatem
855 1267 1037 1335 sequi,
1083 1277 1138 1320 et
1180 1265 1231 1320 id
1261 1265 1358 1318 sibi
1397 1255 1593 1319 bonum
1634 1262 1828 1317 ducere

259 1364 401 1434 quod
431 1365 502 1419 illi
540 1361 851 1418 laudarent?
889 1362 1030 1431 Ergo
1067 1369 1253 1428 gentes
1291 1372 1561 1412 conversa:
1589 1355 1652 1411 ad
1678 1353 1828 1408 Chri-

259 1465 398 1510 stum
445 1466 662 1524 postea,
712 1461 766 1507 et
816 1452 1157 1507 recordantes
1206 1450 1503 1518 impietates
1553 1456 1824 1516 parentum

260 1563 475 1601 suorum
499 1587 516 1613 ,
563 1554 612 1601 θ·
656 1545 891 1599 dicentes
927 1543 1036 1611 jam
1075 1541 1214 1612 quod
1245 1540 1379 1593 dixit
1416 1539 1670 1608 propheta
1718 1540 1823 1604 ipse.

259 1640 556 1704 Jerctnias,
612 1638 731 1691 Vere
769 1636 1081 1690 mendacium
1124 1634 1383 1687 coluerunt
1427 1645 1594 1699 patres
1640 1630 1824 1689 nostri;

261 1732 524 1784 vanitatem
549 1743 660 1797 qua:
691 1731 762 1781 eis
798 1743 896 1780 non
928 1725 1116 1796 profuit
1146 1721 1357 1790 (Jerem.
1390 1737 1472 1774 va
1494 1761 1510 1786 ,
1547 1718 1635 1792 19)
1667 1738 1679 1771 :
1707 1713 1826 1773 cum

261 1835 390 1888 ergo
427 1820 530 1888 jam
575 1818 674 1872 hoc
715 1818 926 1880 dicunt,
968 1815 1266 1869 renuntiant
1299 1812 1634 1882 opinionibus
1661 1819 1714 1864 et
1739 1825 1827 1863 sa-

261 1909 491 1978 crilegiis
529 1915 801 1978 parentum
847 1922 1058 1961 suorum
1108 1905 1426 1973 iniquormn.
1476 1901 1580 1956 Sed
1612 1902 1732 1970 quia
1769 1910 1827 1953 ut

262 2003 624 2057 iusererentur
665 1999 856 2052 talibus
895 1997 1231 2065 opinionibus
1258 2004 1310 2048 et
1347 1993 1671 2061 sacrilegiis,
1704 2006 1828 2062 per-

260 2091 537 2144 suasiones
559 2088 801 2144 fecerunt
830 2102 1016 2142 eorum
1037 2087 1125 2156 qui
1152 2095 1349 2155 quamo
1372 2094 1527 2137 :ntate
1559 2081 1826 2150 pra~cede-

259 2183 406 2247 bant,
437 2192 583 2236 lauto
611 2178 922 2234 auctoritate
943 2176 1242 2247 prmcedere
1259 2175 1452 2229 debere
1475 2173 1826 2244 putabantur;

181 2339 185 2342 ,
259 2274 544 2329 conﬁtetur
583 2272 690 2342 jam
720 2270 894 2325 redire
924 2269 1104 2321 volens
1131 2266 1195 2320 ad
1235 2265 1524 2321 Jerusalem
1552 2263 1619 2318 de
1656 2262 1826 2332 Babyc

263 2345 424 2430 Ionia,
453 2368 511 2419 cf
531 2350 658 2418 dicit
683 2377 696 2413 ε
731 2361 1000 2418 Sermones
1031 2359 1313 2428 iniquorum
1345 2355 1710 2424 prwvaluerunt
1740 2353 1830 2404 ad-

259 2475 429 2513 versus
460 2473 568 2510 nos.
596 2455 875 2510 Duxerunt
897 2469 992 2507 nos
1023 2452 1156 2504 mala
1179 2450 1462 2513 docentes;
1494 2448 1636 2501 cives
1657 2444 1829 2516 Baby-

263 2551 420 2605 lonize
460 2563 560 2602 nos
599 2545 836 2601 fecerunt
877 2561 891 2598 :
923 2543 1220 2597 dimisimus
1258 2539 1593 2604 Creatorem,
1638 2536 1828 2591 adora-

259 2643 433 2697 vimus
458 2647 785 2701 creaturam;
815 2635 1109 2689 dimisimus
1129 2648 1248 2688 eum
1281 2648 1308 2683 a
1339 2647 1442 2700 quo
1483 2631 1601 2684 facti
1625 2643 1828 2693 sumus,

260 2733 599 2790 adoravimus
615 2713 755 2801 quod
783 2729 880 2800 ipsi
905 2728 1142 2782 fecimus.
1173 2726 1438 2780 Sermones
1469 2724 1607 2778 enim
1639 2723 1830 2790 iniquo-

259 2842 374 2880 rum
408 2823 774 2894 prtevaluerunt
808 2835 956 2887 super
985 2835 1075 2871 nos
1105 2833 1122 2870 :
1149 2815 1242 2870 sed
1280 2825 1451 2868 tamen
1479 2829 1582 2867 non
1608 2827 1831 2881 oppres-

260 2928 448 2974 serunt
473 2933 589 2971 nos.
622 2912 830 2982 Quare?
855 2910 1144 2982 Impietates
1165 2918 1358 2962 nostras
1389 2917 1439 2959 tu
1465 2905 1828 2976 prapitiaberis.

262 3008 508 3063 lntendat
535 3007 774 3062 Charitas
804 3005 1010 3058 Vestra.
1057 2998 1414 3070 Pr0pitiuberis
1439 2998 1711 3064 impietates
1739 3011 1830 3047 no-

256 3111 395 3156 stras
423 3117 434 3151 :
466 3114 568 3152 non
594 3097 785 3150 dicitur
826 3094 921 3147 ιιὶιιί
952 3092 1158 3146 cuidam
1184 3088 1443 3142 sacerd0ti
1467 3085 1704 3139 offerenti
1733 3084 1831 3138 ali-

259 3193 390 3265 quid
414 3234 428 3258 ,
460 3189 598 3244 unde
640 3189 880 3258 impietas
907 3185 1151 3254 expietur
1180 3191 1233 3235 ct
1272 3180 1601 3250 propitietqr.
1650 3176 1834 3244 Impie-

262 3296 347 3340 tas
383 3284 522 3338 enim
567 3289 694 3336 tunc
739 3278 931 3334 dicitur
976 3273 1284 3344 propitiari,
1331 3285 1449 3324 cum
1497 3267 1752 3338 propitius
1779 3271 1836 3320 lit

263 3378 408 3433 Deus
443 3374 717 3444 impietati.
746 3370 880 3439 Quid
909 3379 990 3423 est
1009 3409 1022 3426 .
1049 3367 1161 3421 ﬁeri
1189 3367 1351 3420 Deum
1380 3362 1632 3432 impietati
1663 3361 1838 3430 prorai-

267 3469 438 3522 titnn?
466 3465 514 3520 id
545 3474 645 3529 est,
675 3465 1032 3534 ignoscentem
1060 3468 1113 3512 et
1138 3459 1345 3513 veniam
1378 3455 1614 3509 dantem.
1645 3452 1746 3507 Sed
1780 3463 1837 3506 ut

267 3560 362 3615 Dei
391 3560 540 3613 venia
591 3557 929 3624 impetretur,
964 3551 1264 3621 prOpitiatio
1295 3549 1351 3602 ﬁt
1380 3563 1473 3618 per
1506 3545 1718 3616 aliquod
1753 3554 1837 3598 sa-

264 3651 545 3706 criﬁcimn.
579 3647 790 3702 Exstitit
816 3659 942 3714 ergo
971 3659 998 3696 a
1029 3644 1136 3697 Deo
1159 3643 1383 3695 Domino
1403 3640 1597 3693 missus
1626 3637 1835 3705 quidam

261 3741 520 3797 sacerdos
549 3747 729 3791 noster
752 3753 766 3798 ;
789 3734 1076 3802 assumpsit
1094 3749 1121 3784 a
1151 3732 1303 3802 nobis
1329 3730 1467 3799 quod
1498 3729 1712 3782 offerret
1740 3727 1840 3779 Do-

265 3836 434 3896 :nino,
466 3831 607 3900 ipsas
631 3828 861 3882 diximus
881 3832 1092 3879 sanctas
1119 3822 1378 3892 primitias
1401 3820 1578 3875 carnis
1601 3834 1667 3871 ex
1691 3826 1840 3870 utero

271 3921 514 3991 virginis.
549 3919 658 3972 Hoc
684 3917 1044 3968 holocaustum
1082 3912 1271 3967 obtulit
1300 3911 1408 3964 Deo
1433 3926 1444 3961 :
1474 3905 1708 3961 extendit
1733 3920 1842 3956 ma-

267 4027 370 4069 nus
393 4010 447 4064 in
467 4024 648 4071 cruce,
681 4015 737 4059 ut
761 4005 981 4068 diceret,
1015 4001 1274 4072 Dii-igatur
1299 4000 1458 4052 oratio
1481 4013 1588 4049 mea
1616 3997 1740 4048 sicut
1766 3995 1842 4046 in-

269 4119 474 4161 censum
515 4101 568 4154 in
611 4107 875 4169 conspectu
927 4104 1051 4158 tuo;
1100 4081 1308 4147 eievatio
1351 4104 1586 4142 manuunt
1622 4101 1842 4138 mearum

266 4194 573 4263 sacriﬁcium
611 4188 940 4258 vespertinum
982 4183 1150 4258 (Psal.
1181 4199 1316 4249 exe,
1339 4181 1423 4252 '2).
1478 4181 1624 4252 Sicut
1652 4177 1838 4243 nostis,

271 4289 392 4358 quia
415 4284 666 4358 Dominus
681 4283 821 4336 circa
836 4292 1109 4348 vesperam
1130 4275 1376 4346 pependit
1391 4274 1440 4327 in
1454 4287 1609 4327 cruce
1630 4269 1840 4340 (Matth.

271 4356 418 4432 sxvn
447 4416 463 4441 ,
507 4356 642 4444 46).:
672 4381 725 4426 et
774 4368 1071 4439 impietates
1117 4375 1313 4420 nostra:
1361 4363 1655 4433 propitiata:
1685 4370 1840 4424 sunt;

267 4466 470 4536 alioqui
500 4463 888 4518 absorhuerant
909 4475 1006 4514 nos
1036 4476 1048 4510 :
1075 4470 1350 4511 sermones
1378 4455 1674 4523 iniquorum
1706 4467 1842 4520 pra:-

274 4560 553 4611 valucraut
577 4567 741 4622 super
768 4565 866 4604 nos
893 4565 909 4615 ;
949 4547 1211 4603 duxerant
1239 4561 1334 4599 nos
1358 4543 1732 4613 praedicatores
1756 4540 1846 4594 Jo-

273 4651 379 4713 vis,
409 4658 464 4702 et
479 4644 711 4703 Saturni.
731 4652 788 4697 et
812 4639 1057 4695 Mercurii
1089 4657 1103 4693 :
1128 4637 1392 4692 Sermones
1417 4634 1698 4702 iniquorum
1718 4647 1848 4700 pra:-

275 4741 539 4796 valuerunt
564 4752 711 4806 super
737 4750 846 4787 nos.
890 4732 993 4787 Sed
1025 4729 1148 4800 quid
1185 4727 1386 4782 facies?
1435 4723 1722 4792 Impietates
1749 4738 1846 4773 no-

274 4845 443 4898 stras,
473 4839 526 4884 tu
557 4825 923 4899 prapitiaberis.
973 4822 1052 4876 Tu
1080 4819 1326 4875 sacerdos
1350 4861 1365 4884 ,
1411 4826 1465 4870 tu
1497 4815 1742 4877 victima;
1790 4823 1846 4866 tu

280 4923 507 4985 obiator,
541 4929 594 4972 tu
629 4916 847 4972 oblatio.
896 4913 1016 4982 Ipse
1053 4908 1301 4965 sacerdos
1339 4916 1418 4961 est
1440 4947 1455 4970 ,
1487 4905 1574 4974 qui
1602 4919 1742 4958 nunc
1770 4903 1849 4957 in-

281 5028 499 5086 gressus
542 5011 790 5065 interiora
818 5006 961 5068 veli,
1008 5004 1152 5058 solus
1194 5001 1263 5054 ibi
1293 5016 1359 5086 ex
1389 4999 1469 5051 his
1502 4997 1590 5066 qui
1634 5011 1846 5050 carnem

282 5085 645 5178 gestavcrnnt,
673 5098 982 5169 interpellat
1004 5109 1102 5165 pro
1117 5093 1268 5146 nobis
1291 5085 1471 5161 (llebr.
1493 5103 1565 5152 τι,
1592 5086 1656 5141 l9
1673 5095 1718 5139 et
1735 5085 1846 5155 20).

285 5177 343 5254 in
375 5196 525 5263 cuius
548 5194 626 5248 rei
654 5191 816 5261 ﬁgura
837 5246 855 5257 ,
906 5187 956 5240 in
989 5185 1078 5239 illo
1109 5183 1279 5263 primo
1309 5179 1499 5249 populo
1522 5219 1537 5244 ,
1586 5186 1640 5230 et
1680 5177 1732 5230 in
1765 5177 1852 5229 illo

289 5260 461 5363 primo
487 5260 719 5354 templo,
747 5294 884 5335 unus
903 5274 1152 5333 sacerdos
1174 5260 1408 5327 intrabat
1433 5271 1483 5323 in
1505 5268 1698 5322 Sancta
1732 5281 1854 5322 san-

287 5359 496 5439 ctorum
521 5396 536 5443 ;
559 5374 782 5446 populus
804 5368 976 5426 omnis
1001 5367 1130 5421 foris
1155 5365 1330 5419 stabat
1364 5380 1377 5417 :
1406 5371 1460 5416 et
1486 5359 1572 5416 ille
1596 5361 1694 5430 qui
1709 5359 1854 5414 solus

291 5472 684 5545 ingrediebatur
727 5466 782 5521 in
821 5462 1072 5518 interiora
1093 5458 1222 5526 veli,
1252 5455 1507 5512 oﬁerebat
1540 5453 1854 5508 sacrificium

284 5580 391 5640 pro
402 5564 602 5636 populo
615 5561 746 5616 foris
757 5567 932 5616 stante
953 5558 1056 5629 (Id.
1081 5573 1154 5623 ιχ,
1173 5558 1248 5625 7).
1266 5555 1320 5610 Si
1337 5555 1673 5624 intelligatur
1688 5551 1850 5614 bene,

287 5657 517 5728 spiritus
536 5652 774 5708 viviﬁca’t
793 5668 805 5704 :
827 5650 873 5704 si
901 5664 1009 5704 non
1039 5647 1392 5718 intelligatur,
1419 5645 1600 5700 littera
1624 5641 1848 5699 occidit.

287 5748 451 5806 Modo
477 5761 602 5805 cum
631 5747 906 5816 legeretur
922 5741 1234 5813 Apostolus,
1255 5739 1516 5797 audistis:
1543 5737 1742 5793 Littera
1761 5751 1848 5790 oc-

545 5846 834 5918 ᾹἈτιιοι..
875 5835 1166 5900 XXXVI.

1337 319 1726 412 ENARRA'HO
1752 334 1816 391 IN
1857 336 2177 394 rssmun
2213 339 2392 395 [χεν.

3409 341 3506 398 733.

1935 448 2099 513 cidit;
2140 451 2348 519 spiritus
2371 460 2539 504 autem
2566 449 2799 521 rivi/ient.
2848 451 2983 520 Quid
3013 451 3147 510 enim
3177 463 3417 523 ageretur
3451 455 3503 506 in

1936 540 2028 596 illo
2059 543 2270 611 populo,
2301 542 2468 597 Judati
2499 545 2799 598 nescierunt
2826 562 2838 608 ;
2880 545 2974 600 sed
3004 560 3100 598 nec
3125 544 3281 598 modo
3307 547 3502 599 sciunt.
3575 597 3580 600 _

1938 632 2010 687 De
2041 633 2140 686 illis
2173 636 2365 703 quippe
2390 634 2586 689 dictum
2627 646 2706 690 est
2738 655 2748 689 :
2791 636 3045 705 Quamdiu
3071 638 3246 708 legitur
3285 637 3501 705 Moyses.

1935 724 2154 776 velamen
2199 741 2352 795 super
2389 742 2474 778 cor
2518 744 2689 779 eorum
2736 731 2950 798 positum
3003 739 3092 782 est.
3151 729 3221 782 lbi
3269 719 3502 795 velamen

1936 815 2095 882 figura
2139 825 2220 868 est
2254 833 2265 866 :
2298 816 2388 868 sed
2436 817 2649 870 tolletur
2677 818 2837 887 ﬁgura
2862 861 2874 878 .
2918 829 2972 871 et
3010 819 3285 886 apparebit
3315 820 3507 873 veritas

1935 902 1984 954 in
2009 903 2087 956 eis
2110 904 2254 971 ipsis.
2287 904 2391 958 Sed
2419 905 2629 972 quianth
2662 908 2873 960 tolletur
2901 908 3176 962 velamen?
3208 909 3339 962 Audi
3365 911 3503 977 Apo-

1933 995 2122 1045 stolnm
2157 994 2324 1064 :ICum
2346 1004 2510 1046 autent
2543 997 2797 1048 transieris
2827 997 2840 1027 ¹
2870 997 2935 1049 ad
2962 997 3264 1061 Dominum,
3303 1003 3506 1067 aufere—

1935 1093 2015 1134 tur
2042 1083 2282 1136 velamen.
2338 1085 2466 1136 ltum
2494 1101 2622 1154 ergo
2663 1103 2764 1138 non
2799 1096 3072 1140 transeunt
3100 1087 3165 1140 ad
3204 1088 3500 1148 Dominum,

1933 1175 2178 1244 quamdiu
2206 1177 2384 1245 legunt
2419 1175 2671 1248 Moysen,
2718 1179 2956 1232 velamen
2989 1179 3181 1232 habent
3206 1194 3364 1246 super
3384 1193 3501 1231 eor.

1931 1265 2010 1318 Ad
2038 1265 2136 1318 hoc
2165 1277 2556 1320 sacramentum
2587 1267 2818 1336 fulgebat
2841 1278 2961 1322 tunc
2986 1267 3152 1323 facies
3183 1268 3352 1339 Moysi
3376 1310 3391 1332 ,
3436 1269 3504 1320 itu

1932 1369 1984 1409 ut
2006 1374 2106 1409 non
2141 1368 2338 1424 possent
2364 1357 2617 1410 intendere
2641 1358 2736 1426 ﬁlii
2758 1354 2926 1411 Israel
2957 1360 3006 1411 in
3026 1359 3210 1428 faciem
3243 1360 3350 1428 ejus
3384 1358 3505 1427 (au-

1932 1447 2082 1500 distis
2108 1448 2265 1500 modo
2290 1463 2409 1501 cum
2437 1447 2722 1517 legeretur)
2747 1464 2761 1509 ;
2791 1457 2844 1501 et
2868 1449 3102 1502 velamen
3125 1458 3235 1501 erat
3263 1448 3400 1502 inter
3418 1447 3502 1501 fa-

1930 1541 2064 1592 eiem
2093 1539 2268 1609 Moysi.
2287 1541 2551 1609 loquentis
2574 1580 2587 1602 ,
2619 1551 2673 1592 et
2710 1541 2958 1609 populum
2985 1540 3288 1593 audientem
3320 1541 3500 1593 verba.

1934 1629 2032 1681 Per
2075 1621 2246 1684 velum
2288 1631 2446 1683 verba
2487 1630 2806 1694 audiebant;
2857 1631 3046 1684 faciem
3092 1647 3200 1683 non
3230 1629 3501 1684 videbant.

1935 1717 1997 1769 Et
2031 1719 2155 1787 quid
2187 1720 2262 1771 ait
2306 1720 2628 1787 Apostolus?
2672 1718 2755 1771 lto
2790 1730 2843 1772 ut
2882 1737 2979 1772 non
3019 1712 3231 1789 possent.
3255 1720 3507 1774 intendere

1933 1810 2026 1875 lilii
2067 1808 2235 1863 Israel
2274 1812 2326 1862 in
2355 1812 2533 1880 {aciem
2562 1811 2748 1880 Moysi.
2793 1811 2840 1863 Ν
2848 1829 2910 1863 on
2939 1812 3285 1877 intendebant,
3317 1812 3503 1881 inquit,

1933 1917 2086 1970 usque
2128 1902 2180 1953 in
2219 1901 2371 1968 ﬁnem
2412 1900 2475 1972 (ll
2503 1899 2620 1955 Cor.
2655 1917 2732 1965 tn,
2761 1903 2934 1970 6-16).
2985 1903 3116 1967 Quid
3143 1913 3248 1970 est,
3279 1920 3432 1971 usque
3454 1904 3504 1955 in

1934 1991 2084 2058 ﬁnem
2108 1991 2132 2042 ?
2161 1990 2336 2058 Usque
2354 2007 2458 2058 quo
2482 1992 3141 2061 intelligerentChristum.
3171 1993 3507 2061 Dicitqnippe

1935 2081 2216 2149 Apostolus
2251 2079 2438 2135 :Finis
2483 2082 2615 2134 enim
2662 2080 2807 2151 Legis
2848 2081 3104 2147 Christus,
3151 2083 3219 2134 ad
3255 2084 3507 2152 justitiam

1934 2173 2069 2226 omni
2089 2173 2309 2226 credenti
2329 2173 2503 2243 (Rom.
2531 2191 2583 2239 Χ,
2608 2173 2686 2242 4).
2716 2174 2812 2228 Est
2832 2175 3041 2244 quidem
3070 2175 3317 2240 splendor
3343 2175 3394 2228 in
3427 2175 3471 2228 fa
3489 2204 3508 2215 -

1933 2263 2013 2316 cie
2033 2262 2230 2332 Moysi,
2256 2273 2504 2332 tanquam
2536 2265 2587 2317 in
2609 2263 2746 2318 l‘acie
2766 2265 2964 2318 carnali
2992 2273 3046 2317 et
3074 2264 3280 2318 mortali
3308 2282 3322 2318 ε
3350 2281 3477 2319 num
3494 2296 3516 2337 -_

1934 2352 2058 2421 quid
2079 2352 2358 2406 diuturnus
2387 2365 2476 2405 aut
2509 2364 2738 2408 aaternus
2764 2368 2883 2408 esse
2905 2360 3088 2423 posset
3105 2352 3130 2404 Ἰ
3171 2353 3335 2408 Morte
3361 2351 3515 2408 enim

1935 2442 2290 2508 succedente,
2339 2445 2576 2512 profecto
2632 2443 2947 2497 auferretur.
3011 2442 3276 2512 Splendor
3331 2439 3519 2498 autem

1935 2533 2114 2601 gloria:
2142 2534 2281 2588 beati
2310 2534 2515 2588 Domini
2558 2534 2722 2587 nostri
2746 2533 2872 2587 .lcsu
2897 2532 3115 2595 Christi,
3157 2535 3512 2602 sempiternus

1936 2633 2036 2680 est.
2070 2623 2174 2679 Sed
2203 2623 2331 2680 illud
2362 2624 2523 2694 ﬁgura
2545 2633 2661 2677 erat
2688 2623 3016 2691 temporalis,
3044 2622 3144 2676 hoc
3171 2631 3348 2677 autem
3370 2622 3510 2690 quod

1937 2715 2024 2771 illa
2054 2719 2216 2784 ﬁgura
2258 2715 2654 2785 signiﬁcabatur
2675 2754 2690 2779 ,
2723 2715 2940 2768 veritas.
2978 2712 3187 2783 Legum
3216 2713 3392 2784 itaque
3411 2755 3426 2780 ,
3457 2726 3512 2769 et

1939 2824 2040 2860 non
2087 2807 2386 2875 intelligunt
2426 2805 2737 2858 Christum:
2773 2821 2875 2857 non
2924 2803 3221 2873 perducunt
3266 2804 3512 2858 intentio-

1938 2904 2056 2951 nem
2103 2913 2272 2966 usque
2317 2898 2368 2950 in
2414 2897 2592 2960 ﬁnem,
2641 2895 2761 2966 quia
2788 2895 2959 2948 velum
3011 2896 3310 2964 oppositqu
3355 2879 3514 2963 negat
3580 2927 3581 2930 η

1935 2987 2014 3040 eis
2044 2996 2313 3053 aSpeetutu
2356 2985 2652 3054 splendoris
2695 2983 2980 3038 interioris.
3025 2983 3091 3037 Et
3137 2983 3254 3038 vide
3299 2983 3370 3037 ibi
3411 2983 3515 3038 sub

1938 3080 2053 3134 velo
2077 3078 2364 3133 Christum.
2399 3077 2485 3131 Ait
2525 3078 2638 3144 ipse
2678 3077 2928 3129 Dominus
2973 3085 3155 3130 noster
3177 3075 3329 3130 Jcsus
3345 3074 3512 3130 Chri-

1939 3183 2051 3224 stus
2082 3187 2094 3221 :
2137 3169 2197 3223 Si
2225 3168 2488 3221 crederetis
2528 3166 2726 3236 Moysi,
2767 3165 3028 3220 crederetis
3065 3176 3111 3221 et
3151 3168 3310 3230 mihi;
3345 3166 3412 3221 de
3439 3183 3516 3221 me

1937 3264 2068 3315 enim
2097 3262 2182 3315 ille
2209 3261 2408 3329 scripsit
2437 3257 2613 3330 (Joan.
2640 3274 2694 3324 v,
2719 3257 2832 3329 46).
2867 3258 3167 3328 Propitiatis
3192 3269 3366 3313 autem
3394 3274 3516 3328 pee-

1936 3355 2069 3408 catis
2113 3354 2309 3408 nostris
2355 3361 2410 3406 et
2462 3350 2819 3421 impietatibus
2871 3366 2964 3420 per
3019 3351 3148 3404 iliud
3197 3338 3521 3430 sacriﬁcium

1939 3446 2332 3514 vespertinum,
2375 3444 2662 3497 transimus
2705 3442 2772 3496 ad
2816 3443 3131 3509 Dominum,
3178 3455 3248 3495 et.
3279 3445 3518 3497 aufertur

1941 3537 2177 3591 velamen
2202 3552 2215 3587 :
2243 3543 2521 3602 propterea
2550 3541 2603 3585 et
2627 3531 2849 3585 Domino
2877 3531 3150 3597 cruciﬁxo,
3175 3530 3352 3585 velum
3387 3541 3514 3585 teme

1941 3626 2009 3691 pli
2039 3624 2263 3677 scissum
2289 3631 2370 3676 est
2395 3621 2620 3690 (Matth.
2643 3636 2820 3682 xxvn,
2857 3621 2915 3674 5i
2938 3619 2978 3689 ).
3012 3618 3216 3673 Exaudi
3241 3621 3520 3674 orationem

1942 3732 2102 3768 meum
2125 3731 2142 3767 :
2165 3713 2232 3766 ad
2268 3722 2315 3766 te
2351 3713 2514 3765 omnis
2540 3725 2658 3763 caro
2698 3711 2878 3763 veniet.
2927 3709 3196 3764 Sermones
3233 3711 3518 3780 iniquorum

1945 3806 2308 3875 prwvaluerunt
2345 3820 2496 3870 super
2543 3818 2632 3855 nos
2652 3811 2740 3868 ;et
2769 3802 3050 3870 impietates
3082 3809 3278 3854 nostras
3303 3811 3358 3854 tu
3396 3818 3516 3868 pro-

1945 3898 2218 3968 pitiaberis.

2015 3992 2066 4044 7.
2099 3989 2249 4064 [vers.
2277 3989 2331 4055 5,
2354 3987 2432 4061 6.]
2462 3987 2648 4041 Beatus
2673 4003 2820 4057 quem
2845 3985 3038 4056 elegisti
3055 4027 3071 4054 ,
3112 3995 3158 4039 et
3183 3986 3516 4056 assumpsisti.

1945 4083 2073 4152 Quis
2102 4091 2184 4137 est
2215 4082 2416 4137 electus
2444 4080 2510 4134 ab
2539 4095 2604 4134 co
2627 4121 2641 4143 ,
2685 4088 2741 4134 et
2782 4079 3127 4148 assumptus?
3171 4079 3374 4148 Aliquis
3415 4081 3520 4133 ele~

1946 4186 2062 4233 ctus
2092 4191 2120 4228 a
2146 4175 2422 4229 Salvatore
2447 4181 2629 4225 nostro
2656 4169 2782 4225 Jesu
2810 4169 3063 4225 Christo?
3091 4170 3170 4223 An
3199 4170 3310 4238 ipse
3333 4183 3522 4223 secun-

1947 4267 2068 4322 dum
2098 4280 2310 4320 carnem
2333 4305 2349 4327 ,
2390 4263 2528 4332 quod
2553 4262 2717 4316 homo
2743 4271 2858 4328 est,
2901 4261 3102 4316 electus
3140 4271 3192 4314 et
3215 4270 3522 4330 assumptus

1947 4361 2068 4413 est?
2121 4367 2176 4411 ut
2223 4365 2474 4424 tanquam
2521 4353 2696 4408 Verbo
2742 4353 2832 4408 Dei
2881 4353 3085 4408 dicatur
3125 4352 3264 4422 quod
3307 4360 3422 4405 erat
3468 4352 3520 4405 in

1950 4453 2208 4524 principio
2233 4493 2248 4515 ,
2280 4451 2419 4503 sicut
2458 4446 2588 4501 dicit
2627 4447 2980 4515 evangelista,
3015 4444 3083 4498 In
3128 4445 3374 4524 principio
3419 4452 3524 4496 erat

1961 4514 2192 4606 Verbum,
2221 4514 2266 4594 et
2297 4538 2512 4592 Verbum
2536 4546 2642 4592 erat
2666 4514 2805 4605 apud
2830 4535 3008 4600 Deum,
3038 4545 3084 4588 et
3114 4533 3247 4587 Deus
3274 4514 3377 4586 ercit
3406 4533 3525 4586 Ver-

1951 4637 2066 4690 bum
2087 4651 2106 4700 ;
2144 4633 2265 4704 quia
2295 4641 2349 4686 et
2391 4631 2505 4700 ipse
2551 4637 2635 4685 est
2680 4627 2844 4682 Filius
2881 4627 3012 4691 Dei,
3035 4624 3268 4680 Verbum
3297 4623 3428 4687 Dei,
3456 4623 3524 4678 de

1951 4742 2056 4798 quo
2082 4726 2240 4781 etiam
2271 4720 2432 4788 dicit,
2465 4722 2651 4777 Omnia
2689 4737 2778 4791 per
2803 4720 2968 4786 ipsum
3012 4719 3146 4787 facta
3173 4725 3317 4780 sunt,
3349 4724 3394 4768 et
3417 4715 3525 4770 sine

1951 4819 2061 4886 ipso
2093 4816 2290 4885 factum
2335 4825 2408 4868 est
2451 4812 2580 4867 nihil
2621 4810 2802 4880 (Joan.
2828 4824 2876 4874 ι,
2905 4808 3032 4876 1-5)
3063 4825 3076 4860 :
3105 4816 3162 4860 ut
3202 4805 3275 4859 illi
3318 4805 3526 4860 dicatur
3561 4807 3573 4823 ‘

1959 4907 2095 4962 Filio
2121 4905 2233 4970 Dei,
2257 4905 2375 4973 quia
2401 4903 2518 4972 ipse
2541 4908 2627 4956 est
2653 4897 2902 4954 sacerdos
2930 4906 3131 4961 noster,
3159 4903 3336 4965 postea
3364 4910 3527 4950 carne

1954 5006 2244 5067 assumpta,
2267 4995 2456 5048 Beatus
2479 5008 2628 5062 quem
2655 4990 2869 5060 elegisti,
2899 4998 2946 5042 et
2967 4987 3280 5058 assumpsiin
3303 5004 3321 5041 :
3346 4988 3396 5042 id
3422 4998 3524 5053 est,

1957 5090 2046 5143 ille
2067 5088 2229 5142 homo
2257 5099 2362 5153 quo
2392 5083 2607 5137 indutus
2631 5096 2722 5147 es,
2751 5081 2838 5151 qui
2868 5079 3029 5150 coepit
3052 5068 3115 5134 ex
3147 5089 3405 5150 tempore,
3434 5096 3527 5134 na-

1957 5190 2042 5234 tus
2071 5194 2135 5233 ex
2167 5174 2365 5230 femina
2392 5173 2647 5242 templum
2679 5169 3067 5241 quodammodo
3093 5169 3233 5224 illius
3258 5170 3348 5238 qui
3381 5183 3524 5224 sem-

1958 5290 2053 5345 per
2091 5273 2144 5326 in
2185 5277 2444 5324 :eternum
2472 5274 2570 5332 est,
2615 5265 2752 5321 etin
2779 5272 3036 5319 aeternum
3079 5261 3195 5317 fuit.
3241 5264 3323 5316 An
3354 5261 3539 5331 potius

1959 5367 2075 5438 ipse
2116 5361 2363 5419 Christus
2405 5355 2690 5427 assumpsit
2727 5353 3010 5427 quemdam
3054 5353 3284 5420 beatum,
3329 5362 3385 5406 et
3422 5364 3530 5415 non

2027 5555 2042 5586 ι
2072 5554 2212 5615 Edd.,
2233 5566 2342 5604 eum
2361 5547 2654 5615 transierint.
2681 5547 2749 5598 At
2763 5546 2906 5615 _Mss.,
2931 5554 3038 5615 cum
3061 5532 3415 5615 t‘rqnsierigiff
3435 5527 3524 5615 Sig:

1959 5615 2030 5666 uti
2055 5594 2746 5678 ᾗῇἶὲιῖὖΐὁὺξᾶἷόὲίξῶιὶξξ
2763 5594 2936 5678 legere
2960 5604 3090 5678 εοιςε
3113 5594 3531 5678 ρξιβέεξιίξιέιξεηξεξ

1957 5653 3092 5742 £51,3"iaé'éého‘ﬁgt,‘invenirerverm
3129 5653 3273 5708 medii
3316 5653 3528 5704 secunda

1957 5753 2186 5803 persona.

2833 5797 3294 5893 (i’ingt-Cinq.)
