4022 6200
486 358 595 414 779

466 475 686 539 dicitur
712 474 821 543 ipse
845 483 1000 540 quem
1028 466 1314 537 assumpsit
1337 464 1486 535 quasi
1518 463 1569 518 in
1601 462 1785 534 plurali
1816 474 2062 525 numero,

497 567 589 621 sed
621 567 670 619 in
698 561 991 631 singulari?
1028 558 1200 615 Unum
1229 558 1369 611 enim
1395 555 1634 617 assumit,
1660 553 1781 624 quia
1812 553 2066 606 unitatem

497 658 733 710 assumit.
765 653 1062 709 Sebismata
1105 666 1209 705 non
1243 648 1488 709 assumit,
1524 648 1755 699 haereses
1782 659 1884 699 non
1914 657 2066 697 assuc

494 749 587 803 mit
618 766 631 800 :
659 745 1046 799 multitudinem
1076 742 1143 796 tle
1168 759 1224 795 se
1256 743 1531 801 fecerunt;
1577 751 1681 791 non
1707 745 1789 789 est
1820 748 1953 787 unus
1977 733 2065 800 qui

495 850 810 893 assumatur.
854 837 954 903 Qui
996 845 1169 889 autem
1216 840 1430 887 manent
1475 831 1526 883 in
1570 843 1821 898 compage
1844 825 2062 885 Christi,

472 944 546 988 et
588 933 824 984 membra
866 929 979 999 ejns
1022 938 1179 990 sunt,
1231 925 1426 999 faciunt
1468 918 1858 992 quodammodo
1905 933 2065 971 unum

486 1032 690 1091 ογίιιιιιι,
742 1026 808 1081 de
848 1039 953 1095 quo
997 1022 1125 1077 dicit
1174 996 1459 1089 Apostolus
1491 1036 1503 1071 :
1534 1014 1703 1068 Donec
1747 1027 2069 1067 occurramus

498 1140 667 1176 omnes
706 1122 755 1173 in
798 1120 1100 1190 agnitionem
1132 1114 1251 1167 Filii
1276 1113 1394 1175 Dei,
1424 1111 1474 1163 in
1505 1110 1663 1161 rirum
1692 1110 1984 1178 perfectum,
2016 1103 2066 1155 in

499 1228 780 1267 mensuram
823 1210 983 1263 (etatis
1031 1204 1357 1276 plenitudinis
1387 1200 1569 1253 Christi
1612 1196 1823 1267 (Epiros.
1856 1195 2062 1258 13313).

486 1305 676 1372 itaque
720 1317 854 1354 unus
882 1300 963 1353 vir
1009 1297 1322 1357 assumitur,
1352 1292 1434 1345 cui
1476 1298 1635 1357 caput
1676 1295 1756 1340 est
1785 1285 2063 1341 Christus;

494 1397 615 1464 quia
646 1403 794 1461 caput
820 1392 910 1445 viri
939 1389 1163 1443 Christus
1189 1396 1258 1440 est
1288 1384 1335 1455 (l
1364 1384 1479 1437 (for.
1508 1396 1555 1435 ιιι
1575 1422 1588 1445 ,
1616 1378 1703 1450 ⁸5).
1734 1380 1848 1448 Ipse
1873 1386 1955 1431 est
1981 1376 2066 1428 ille

499 1491 668 1539 brutus
695 1486 769 1538 vir
788 1485 874 1554 qui
904 1498 1003 1534 non
1029 1480 1148 1533 abiit
1176 1480 1225 1531 iu
1255 1476 1462 1529 consilio
1488 1474 1773 1542 impiorum,
1798 1481 1851 1525 et
1874 1477 2064 1523 cmtera

498 1593 615 1644 qua:
644 1577 712 1630 ibi
744 1575 990 1629 dicuntur
1018 1571 1186 1645 (Psal.
1218 1587 1253 1633 ι,
1286 1570 1336 1638 1)
1362 1586 1374 1620 :
1405 1568 1515 1637 ipse
1540 1575 1622 1619 est
1645 1565 1731 1634 qui
1757 1563 2063 1618 assumitur.

496 1667 609 1720 Non
655 1675 737 1721 est
777 1674 924 1719 extra
970 1678 1104 1724 nos;
1148 1662 1197 1715 in
1246 1660 1409 1730 ipsius
1439 1656 1691 1711 membris
1736 1670 1940 1714 srunus,
1971 1654 2067 1705 θυι»

498 1775 605 1815 uno
653 1760 823 1827 capite
871 1758 1139 1827 regimur,
1188 1770 1297 1808 uno
1345 1752 1534 1822 spiritu
1586 1763 1773 1803 omnes
1820 1747 2062 1805 vivimus,

495 1868 651 1905 unam
698 1850 918 1919 patriam
966 1860 1154 1899 omnes
1197 1843 1579 1898 desideramus.
1608 1838 1893 1893 Videamus
1940 1849 2066 1904 erg!

495 1941 635 2011 quod
664 1939 729 1992 ad
759 1937 1028 1993 Christum
1054 1935 1247 1989 dicitur
1268 1976 1281 2000 ,
1315 1944 1488 1987 ntrmn
1534 1930 1597 1983 ad
1639 1942 1738 1981 nos
1784 1926 2061 1996 pertineat,

495 2041 549 2087 et
590 2031 654 2085 de
692 2029 843 2084 nobis
883 2028 1089 2081 dicatur
1120 2045 1131 2078 :
1164 2025 1552 2090 interrogemus
1578 2016 1930 2071 conscientias
1972 2030 2067 2067 no-

493 2118 651 2186 stras,
682 2134 917 2175 amorem
949 2119 1093 2171 illum
1125 2122 1517 2184 perscrutemur
1542 2128 1556 2176 ;
1585 2119 1638 2164 et
1665 2109 1708 2162 si
1748 2106 1920 2161 adhuc
1947 2122 2066 2175 par-

494 2200 590 2269 vus
614 2226 715 2279 est,
746 2223 800 2267 et
839 2211 996 2266 modo
1022 2218 1176 2264 natus
1212 2222 1363 2260 amor
1393 2203 1491 2258 iste
1518 2202 1678 2273 (forte
1722 2201 1862 2255 enim
1908 2198 2065 2250 llltitlt)

499 2311 550 2363 in
580 2308 757 2376 aliquo
781 2300 1141 2376 germinavit),
1175 2300 1455 2369 diligenter
1475 2296 1729 2364 cxsnrpet
1764 2293 1912 2362 juxta
1942 2308 2063 2361 ger-

495 2399 761 2451 minantcs
790 2395 990 2465 Spinas,
1021 2392 1070 2446 id
1101 2401 1182 2446 est
1207 2404 1363 2444 curas
1386 2386 1689 2449 saeculares,
1722 2400 1788 2437 nc
1817 2398 2065 2436 crescent.-

492 2490 561 2543 do
595 2498 833 2543 sanctum
870 2500 1091 2554 germen
1116 2480 1364 2537 offoecnt.
1395 2478 1579 2532 Beatus
1613 2492 1756 2546 quem
1794 2473 1987 2544 elegiin
2019 2483 2064 2523 et

490 2582 824 2652 arsumpsisti.
876 2581 929 2633 In
980 2579 1069 2631 illo
1116 2577 1316 2640 simus,
1361 2583 1414 2627 et
1458 2584 1829 2628 assumemur;
1878 2567 1930 2619 in
1975 2564 2063 2617 illo

492 2677 657 2730 simus
675 2716 689 2737 ,
719 2683 773 2729 et
799 2671 950 2727 electi
978 2670 1195 2725 erimus.
1828 2664 1833 2671 '

561 2767 612 2821 8.
654 2766 721 2820 Et
746 2765 869 2832 quid
895 2762 1046 2816 nobis
1069 2758 1245 2813 dabit?
1270 2754 1595 2816 Iultubitabit,
1624 2752 1815 2821 inquit,
1844 2752 1896 2802 iu
1921 2749 2064 2801 atriis

492 2858 609 2910 tuis.
636 2854 930 2910 Jerusalem
961 2852 1046 2905 illa
1069 2860 1169 2914 est,
1195 2848 1276 2901 cui
1303 2856 1515 2900 cantant
1536 2845 1623 2914 qui
1645 2841 1897 2912 incipiunt
1917 2841 2063 2894 exire

491 2949 557 3000 de
585 2945 900 3015 Babylonia:
932 2939 1233 2996 lnhabitabit
1256 2940 1306 2990 in
1341 2937 1481 2990 atriis
1510 2938 1625 2989 tuis.
1663 2932 1983 3002 Replrbimur
2010 2931 2062 2982 in

491 3038 631 3092 bouis
653 3037 830 3090 domus
856 3045 972 3089 mw.
997 3034 1126 3100 Qua:
1152 3041 1274 3084 sunt
1303 3029 1440 3082 bona
1466 3027 1656 3081 domus
1678 3023 1803 3079 Dei?
1826 3023 2059 3084 Fratres,

492 3130 871 3182 constituamus
902 3124 1054 3179 nobis
1082 3121 1308 3191 aliquam
1336 3119 1550 3171 domum
1580 3116 1828 3175 divitem;
1852 3114 2063 3183 quantis

494 3218 639 3274 bonis
670 3217 863 3272 referta
904 3214 992 3278 sit,
1020 3226 1176 3283 quam
1204 3210 1415 3281 copiosa
1441 3209 1529 3273 sit,
1559 3222 1682 3263 vasa
1711 3222 1867 3275 quam
1898 3205 2060 3257 inulta

493 3313 562 3366 ibi
592 3325 772 3373 aurea,
804 3306 896 3363 sed
935 3315 990 3361 et
1014 3312 1295 3373 argentea;
1343 3312 1594 3371 quantmn
1635 3298 1863 3359 familiae,
1898 3313 2063 3365 quan-

493 3416 603 3459 tmn
629 3400 988 3473 jnmentdrum
1014 3408 1067 3454 et
1091 3396 1430 3455 animalimu;
1464 3395 1571 3464 ipsa
1613 3392 1839 3460 denique
1875 3391 2063 3443 thllttiS

490 3512 647 3566 quam
685 3493 911 3548 delectet
948 3490 1188 3560 picturis,
1231 3501 1518 3548 marmore,
1568 3482 1921 3553 laquearibus,
1969 3494 2063 3532 Co—

491 3588 705 3653 lumnis,
738 3584 942 3656 spatiis,
972 3580 1259 3643 cubiculis;
1304 3585 1356 3631 ct
1382 3576 1752 3631 desiderantur
1795 3573 1936 3633 talia,
1969 3573 2061 3624 sed

490 3681 661 3734 adlme
679 3695 743 3732 ex
764 3675 1073 3731 confusione
1101 3669 1424 3742 Babylonim.
1474 3668 1702 3735 Amputa
1740 3663 1913 3717 outnia
1940 3663 2059 3716 ‘ista

493 3770 774 3833 desideria,
803 3784 836 3819 o
862 3766 991 3821 civis
1015 3764 1344 3823 Jerusalem;
1388 3757 1629 3827 amputa!
1673 3756 1716 3809 si
1761 3755 1838 3807 vis
1871 3754 2059 3815 rmlire,

495 3877 595 3917 ton
624 3872 674 3915 te.
698 3860 926 3915 delectet
950 3855 1244 3927 captivitas.
1272 3852 1375 3907 Sed
1395 3851 1502 3921 jam
1525 3848 1729 3919 cmpisti
1759 3847 1902 3900 exire.
1925 3865 1936 3899 :
1957 3846 2060 3898 noli

495 3928 636 4010 retro
678 3951 962 4020 respicere,
1011 3946 1115 4000 noli
1162 3957 1438 3998 remanere
1481 3942 1533 3993 in
1585 3939 1687 3992 via.
1718 3937 1831 3991 Non
1874 3936 2058 3989 desunt

494 4045 665 4099 adhuc
696 4044 873 4096 hostes
896 4040 984 4110 qui
1013 4038 1101 4093 tibi
1126 4034 1477 4108 persuadeant
1494 4032 1851 4103 captivitatem
1872 4042 1923 4083 et
1943 4046 2063 4098 per-

489 4136 871 4209 egrinationem
902 4150 915 4185 :
944 4134 1052 4201 jam
1082 4146 1185 4183 non
1209 4126 1701 4197 przevalcantsuper
1724 4132 1773 4176 te
1793 4137 2063 4175 sermones

424 4274 447 4287 κ
494 4232 812 4298 iniquorum.
840 4224 1059 4278 Domum
1090 4221 1179 4274 Dei
1207 4218 1473 4283 desidera,
1496 4224 1550 4287 et
1570 4220 1704 4268 bona
1732 4213 1847 4282 ejus
1874 4213 2063 4265 dooms

494 4321 764 4379 desidera;
793 4315 884 4371 sed
912 4314 1017 4368 noli
1048 4313 1193 4376 talia,
1222 4310 1392 4381 qualia
1424 4308 1728 4366 desiderare
1745 4308 1882 4360 soles
1914 4306 1991 4359 vel
2013 4308 2061 4359 in

495 4390 654 4475 domo
681 4420 788 4472 tua,
820 4406 901 4462 vel
931 4406 982 4460 in
1004 4404 1163 4459 domo
1192 4402 1350 4456 vicini
1376 4402 1471 4466 tui,
1507 4400 1586 4455 vel
1609 4399 1659 4453 in
1681 4399 1840 4453 domo
1861 4398 2061 4465 patroni

496 4507 587 4559 tui.
614 4501 765 4558 Aliud
797 4496 1043 4571 quiddam
1071 4503 1155 4550 est
1174 4493 1368 4547 bonum
1390 4487 1581 4545 domus
1602 4491 1763 4544 illius.
1782 4488 1914 4557 Quid
1933 4505 2064 4556 opus

495 4609 576 4653 est
605 4605 659 4649 ut
686 4610 785 4650 nos
811 4593 1049 4648 dicamus
1078 4602 1197 4658 qua:
1225 4585 1333 4639 sint
1353 4584 1490 4639 bona
1522 4583 1662 4637 illius
1690 4582 1913 4636 domus?
1949 4581 2063 4650 ipse

496 4688 691 4742 indicet
725 4686 812 4757 qui
839 4690 1016 4739 cantat
1056 4679 1237 4735 exiens
1278 4676 1344 4730 de
1371 4674 1653 4746 Babylonia
1681 4690 1693 4725 :
1724 4672 2061 4744 Βρριιὺῑηηιν,

497 4778 683 4847 inquit,
703 4780 755 4831 in
780 4778 919 4831 bonis
939 4774 1117 4828 domus
1135 4781 1249 4824 tum.
1269 4769 1395 4837 Quae
1411 4775 1534 4821 sunt
1550 4766 1683 4820 bona
1712 4770 1841 4819 ista?
1863 4767 2063 4820 Erexeo

497 4885 671 4923 ramus
702 4867 923 4922 fortasse
949 4881 1044 4921 cor
1071 4864 1137 4919 ad
1163 4877 1369 4927 aurum,
1398 4860 1464 4914 ad
1485 4867 1783 4929 argentum,
1803 4868 1854 4913 et
1873 4868 2061 4913 extera

496 4959 762 5031 pretiosa:
788 4959 892 5013 noli
923 4958 1043 5012 talia
1082 4968 1360 5027 quaerere;
1404 4953 1499 5006 ista
1544 4960 1806 5020 prcnnmt,
1840 4966 1942 5005 non
1985 4952 2062 5006 le-

495 5057 639 5103 vant.
671 5046 767 5102 llic
794 5062 918 5117 ergo
943 5047 1051 5115 jam
1078 5046 1213 5101 bona
1244 5043 1327 5097 illa
1355 5042 1671 5107 Jerusalem,
1699 5040 1833 5094 bona
1865 5041 1949 5094 illa
1971 5041 2063 5095 do—

495 5154 613 5194 mus
646 5136 871 5197 Domini,
915 5136 1052 5191 bona
1094 5135 1182 5189 illa
1229 5134 1408 5203 templi
1454 5130 1658 5188 Domini
1707 5132 2059 5213 meditemur}

494 5233 615 5302 quia
641 5243 758 5299 quae
778 5227 965 5281 domus
986 5226 1215 5290 Domini,
1239 5226 1341 5281 hoc
1360 5226 1529 5294 ipsum
1553 5226 1803 5294 templum
1833 5226 2059 5280 Domini.

495 5322 817 5394 Replrbimur
836 5318 888 5371 in
902 5317 1043 5370 bonis
1061 5317 1240 5370 domu:
1255 5325 1354 5368 tua:
1372 5331 1389 5368 :
1403 5327 1628 5370 sanctum
1651 5318 1887 5387 templum
1903 5328 2061 5379 tuum,

494 5414 721 5469 mirabile
752 5411 805 5464 in
826 5406 1047 5480 justitia.
1078 5404 1179 5459 Ista
1222 5412 1344 5458 sunt
1371 5404 1506 5458 bona
1547 5405 1735 5460 domus
1760 5408 1916 5462 illius.
1945 5406 2061 5461 Non

494 5509 644 5570 dixit.
675 5503 952 5570 Templum
979 5506 1217 5553 sanctum
1244 5504 1413 5561 tuum,
1442 5497 1683 5551 mirabile
1704 5498 1753 5551 in
1780 5499 2058 5561 columnis,

494 5598 735 5655 mirabile
765 5596 815 5650 in
846 5588 1217 5651 marmoribus,
1270 5584 1510 5641 mirabile
1553 5587 1604 5640 in
1643 5590 1796 5642 tectis
1833 5591 2058 5653 auratis;

497 5692 586 5745 sed
616 5686 840 5742 mirabile
865 5684 914 5756 in
929 5680 1151 5753 justitia.
1177 5676 1352 5731 Habes
1375 5674 1500 5730 foris
1520 5676 1700 5730 oculos
1720 5678 1857 5732 unde
1885 5679 2061 5734 videas

484 5795 757 5836 marmora
784 5789 838 5834 et
876 5790 1061 5832 aurum
1088 5793 1100 5831 :
1126 5773 1264 5853 intus
1307 5780 1384 5824 est
1429 5770 1609 5825 oculus
1652 5771 1789 5827 unde
1823 5772 2060 5829 videatur

1719 347 1776 404 S.
1821 339 2182 403 AUGUSTlNl
2221 342 2515 400 EPlSCOT’I

3643 342 3752 399 7*ξο

2176 455 2513 527 pulchritudo
2535 455 2772 526 justitim.
2818 455 2980 521 Intus,
3016 455 3256 526 inquam,
3285 465 3367 511 est
3395 455 3579 511 oculus
3610 458 3758 510 unde

2176 549 2420 603 videatur
2445 547 2781 619 pulchritudo
2800 548 3039 619 justitim.
3067 548 3125 603 Si
3152 549 3292 603 nulla
3315 559 3397 603 est
3412 548 3761 619 pulchritudo

2170 642 2407 713 iustitiae,
2433 641 2571 696 unde
2590 650 2795 696 amatur
2815 642 2990 711 justus
3008 642 3207 696 senex?
3227 639 3360 708 Quid
3385 641 3538 695 παθη
3559 642 3610 695 in
3632 656 3759 695 cor-

2176 749 2306 803 pore
2346 733 2485 804 quod
2529 734 2708 788 oculos
2735 733 2999 788 delectet?
3027 734 3197 788 Curva
3228 735 3484 796 membra,
3526 733 3758 788 frontem

2176 835 2434 895 rogatam,
2457 834 2614 893 caput
2630 826 2778 879 canis
2802 825 3056 889 albatum,
3087 824 3498 883 imbecillitatem
3522 826 3761 895 undique

2175 917 2404 986 querelis
2433 916 2665 987 plenam.
2697 916 2801 971 Sed
2834 918 2967 971 forte
2987 919 3107 986 quia
3141 926 3259 971 tuos
3295 918 3479 970 oculos
3510 932 3615 972 non
3659 917 3758 972 dc~

2177 1008 2337 1062 lcetat
2359 1022 2521 1063 senex
2549 1009 2647 1062 iste
2674 1008 2994 1077 decrepitus,
3025 1024 3180 1062 aures
3211 1019 3325 1062 tuas
3349 1009 3577 1063 deleCIat
3601 1027 3614 1061 :
3637 1010 3756 1077 qui-

2176 1102 2275 1156 bus
2303 1102 2557 1156 voeibus?
2585 1117 2689 1171 quo
2724 1102 2915 1156 cantu?
2946 1101 3043 1155 etsi
3090 1100 3225 1157 forte
3266 1101 3576 1157 adolescens
3623 1102 3758 1156 bene

2174 1196 2423 1258 cantavit,
2446 1195 2621 1248 omnia
2643 1210 2763 1249 cum
2794 1204 2949 1250 :etate
2970 1192 3296 1249 defecerunt.
3324 1196 3401 1248 An
3431 1194 3566 1248 forte
3592 1209 3759 1249 sonus

2175 1288 2455 1343 verborum
2484 1288 2599 1356 ejus
2624 1288 2852 1343 delectat
2882 1302 3038 1342 aures
3060 1296 3196 1353 tuas,
3214 1287 3301 1356 qui
3319 1289 3476 1344 verba
3500 1288 3582 1342 vix
3601 1289 3756 1357 plena

2174 1380 2413 1433 cnttntiat
2440 1379 2602 1447 lapsis
2630 1377 2909 1433 dentibus?
2938 1378 3138 1434 Tamen
3169 1378 3212 1432 si
3238 1377 3410 1447 justus
3432 1388 3530 1442 est,
3560 1379 3605 1431 si
3630 1379 3760 1431 alie-

2175 1486 2298 1523 num
2329 1485 2434 1523 non
2465 1471 2809 1553 coqcupiscit,
2843 1471 2886 1523 si
2928 1470 2994 1525 de
3038 1486 3136 1525 suo
3180 1471 3320 1540 quod
3354 1471 3522 1525 habet
3558 1482 3757 1540 erogat

2177 1563 2548 1633 indigentibus,
2581 1565 2623 1617 si
2655 1563 2789 1619 bene
2818 1572 3015 1626 monet,
3049 1573 3102 1617 et
3129 1575 3331 1618 recuuu
3354 1565 3510 1633 sapit,
3541 1564 3583 1616 si
3618 1564 3756 1616 inte-

2173 1673 2267 1727 gre
2294 1657 2517 1722 credit‘,
2554 1658 2596 1711 si
2621 1650 2833 1726 paratus
2854 1668 2934 1712 est
2956 1672 3050 1726 pro
3078 1657 3179 1711 fide
3199 1657 3436 1712 veritatis
3460 1658 3622 1712 etiam
3643 1658 3756 1727 ipsa

2172 1746 2442 1802 confracta
2492 1748 2727 1803 membra
2780 1747 3107 1817 impendere,
3140 1748 3289 1802 multi
3320 1749 3461 1802 enim
3491 1758 3758 1817 martyres

2171 1841 2333 1895 etiam
2359 1855 2544 1904 senes;
2574 1840 2714 1894 unde
2745 1840 2889 1893 illum
2930 1840 3202 1894 amamus?
3231 1838 3355 1909 quid
3379 1840 3431 1893 in
3469 1855 3537 1893 eo
3558 1839 3757 1892 bonum

2172 1930 2413 1985 videmus
2439 1932 2607 1985 oculis
2630 1929 2837 1985 carnis?
2865 1930 3025 1985 Nihil.
3057 1929 3308 1997 Quaedam
3353 1945 3482 2000 ergo
3507 1941 3589 1984 est
3636 1932 3754 1999 pul-

2170 2023 2416 2079 chritudo
2452 2024 2688 2094 justitite,
2746 2039 2905 2094 quam
2955 2024 3193 2079 videmus
3237 2024 3396 2078 oculo
3442 2023 3656 2088 cordis,
3701 2035 3758 2077 et

2173 2131 2433 2183 amamus,
2466 2126 2519 2171 et
2555 2117 2979 2180 exardescimus;
3012 2132 3171 2187 quam
3203 2116 3424 2171 multum
3451 2115 3759 2172 dilexerunt

2174 2207 2413 2262 homines
2439 2208 2489 2262 in
2519 2209 2645 2277 ipsis
2671 2209 3010 2280 martyribus,
3042 2224 3162 2263 cum
3192 2224 3377 2264 eorum
3402 2210 3643 2265 membra
3666 2211 3757 2264 be-

2170 2299 2286 2352 stite
2314 2298 2597 2354 laniarent.
2630 2300 2817 2355 Nonne
2857 2315 2978 2355 eum
3025 2301 3240 2371 sanguis
3272 2300 3512 2356 foedaret
3551 2301 3755 2366 omnia,

2170 2404 2291 2443 cum
2320 2391 2583 2445 morsibus
2612 2391 2854 2446 belluinis
2882 2391 3084 2447 viscera
3112 2391 3480 2469 funderentur,
3521 2409 3625 2447 non
3660 2393 3756 2471 ιιητ

2173 2480 2368 2535 bebant
2392 2483 2532 2536 oculi
2562 2483 2661 2538 nisi
2693 2483 2833 2553 quod
2866 2483 3185 2538 horrerent?
3212 2483 3346 2552 Quid
3376 2484 3446 2538 ibi
3474 2493 3590 2538 erat
3612 2485 3756 2554 quod

2169 2583 2455 2638 amaretur,
2482 2574 2582 2628 nisi
2613 2578 2735 2643 quia
2774 2584 2889 2629 erat
2917 2575 2968 2628 in
2998 2575 3082 2628 illa
3113 2574 3351 2630 fteditate
3375 2573 3756 2629 dilaniatornm

2171 2665 2528 2719 membrorum
2574 2665 2776 2736 integra
2828 2665 3163 2734 pulchritudo
3200 2665 3454 2735 justitiua?
3485 2665 3585 2719 Ista
3632 2677 3757 2719 sunt

2169 2755 2306 2808 bona
2332 2754 2520 2808 domus
2552 2754 2677 2819 Dei;
2711 2755 2793 2808 bis
2824 2762 2873 2809 te
2896 2770 3020 2823 para
3050 2754 3250 2810 satiari.
3281 2754 3384 2810 Sed
3419 2765 3474 2809 ut
3500 2755 3626 2809 inde
3662 2773 3756 2809 sa-

2176 2847 2345 2911 tieris,
2378 2862 2497 2900 cum
2526 2848 2864 2916 perveneris;
2897 2846 2997 2901 hoc
3028 2857 3077 2901 te
3116 2856 3325 2917 oportet
3352 2850 3557 2901 esurire
3583 2856 3641 2900 et
3675 2848 3754 2898 si-

2172 2939 2294 3004 tire,
2329 2954 2450 2993 cum
2482 2940 2867 3009 peregrinaris:
2894 2941 2994 2995 hoc
3017 2940 3124 3005 siti,
3156 2940 3254 2995 hoc
3283 2942 3457 3005 esuri;
3486 2941 3610 3011 quia
3639 2941 3755 3010 ipsa

2169 3038 2329 3083 erunt
2356 3029 2491 3082 bona
2522 3028 2637 3083 Dei.
2665 3028 2799 3084 Audi
2829 3030 2973 3084 illum
3007 3047 3182 3101 regem
3223 3032 3307 3086 cui
3355 3032 3451 3084 ista
3478 3032 3751 3094 dicuntur,

2168 3118 2258 3188 qui
2284 3119 2429 3171 venit
2459 3128 2516 3171 ut
2545 3127 2595 3172 te
2626 3114 2863 3185 reducat,
2893 3130 2946 3173 et
2975 3136 3032 3175 se
3076 3121 3165 3175 tibi
3208 3121 3334 3176 fecit
3377 3122 3514 3175 viam
3565 3122 3752 3193 (Joan.

2171 3224 2279 3275 xw,
2310 3208 2387 3281 6).
2415 3208 2548 3276 Quid
2577 3209 2643 3262 dic
2666 3209 2739 3262 it?
2765 3209 2905 3264 Beati
2933 3213 3017 3280 qui
3042 3213 3259 3267 esuriant
3300 3223 3347 3267 et
3387 3215 3564 3268 sitiunt
3594 3216 3758 3285 justi-

2170 3300 2311 3365 tiam,
2340 3300 2574 3369 quouiam
2594 3301 2693 3368 ipsi
2711 3300 3067 3355 saturabuntur
3088 3302 3300 3372 (Matth.
3332 3321 3385 3367 ν,
3408 3305 3484 3374 6).
3504 3306 3755 3361 Sanctum

2169 3390 2408 3461 templum
2448 3402 2611 3456 tuum,
2641 3382 2936 3448 admirabile
2973 3397 3025 3448 iu
3054 3396 3277 3465 justitia.
3312 3397 3377 3451 Et
3404 3398 3576 3469 ipsum
3613 3410 3756 3454 tem-

2171 3484 2337 3552 plum,
2375 3484 2584 3549 fratres,
2617 3486 2779 3542 nolitc
2820 3498 3011 3557 pnetcr
3036 3505 3129 3543 vos
3158 3491 3413 3559 cogitare.
3453 3497 3645 3547 Amate
3664 3495 3756 3562 ju-

2170 3574 2384 3633 stitiam.
2414 3582 2468 3629 et
2494 3591 2587 3628 vos
2615 3577 2744 3630 estis
2773 3579 3022 3648 templum
3052 3580 3164 3633 Dei.

2242 3667 2294 3724 9.
2336 3667 2539 3721 Exaudi
2566 3686 2676 3735 nos,
2703 3668 2858 3736 Deus,
2885 3673 3101 3724 salvator
3128 3682 3310 3726 uoster.
3348 3672 3568 3742 Aperuit
3588 3674 3755 3729 tundo

2170 3774 2327 3828 quem
2362 3758 2521 3812 Deum
2551 3759 2709 3813 dicat.
2746 3759 2987 3815 Salvator
3019 3773 3100 3816 est
3129 3764 3341 3833 proprie
3366 3765 3624 3821 Dominus
3659 3767 3753 3822 Je-

2171 3864 2262 3902 sus
2283 3848 2539 3903 Christus.
2572 3851 2831 3919 Apparuit
2859 3851 3016 3906 modo
3045 3856 3276 3921 apertius
3294 3854 3361 3908 de
3381 3871 3487 3925 quo
3507 3856 3751 3911 dixerat:

2170 3939 2251 3991 Ad
2276 3949 2322 3993 te
2341 3940 2499 3992 omnis
2524 3955 2642 3992 caro
2670 3941 2842 3992 veniet.
2872 3939 3073 3995 Exaudi
3104 3960 3213 4006 nos,
3244 3943 3397 4009 Deus,
3422 3947 3645 4001 salvator
3666 3967 3754 4001 no-

2169 4040 2287 4083 ster.
2320 4029 2411 4083 llle
2442 4047 2575 4084 unus
2607 4031 2689 4083 vir
2715 4032 2799 4100 qui
2828 4032 3116 4086 assumitur
3145 4034 3195 4086 in
3241 4037 3496 4106 templum
3530 4038 3645 4102 Dei,
3693 4051 3752 4093 et

2173 4121 2351 4189 plures
2377 4131 2520 4185 sunt,
2571 4130 2625 4174 et
2669 4138 2803 4173 unus
2849 4133 2947 4175 est.
3001 4123 3072 4176 Ex
3117 4126 3272 4179 unius
3318 4141 3542 4194 persona
3589 4130 3749 4195 dixit,

2172 4211 2394 4278 Exaudi,
2434 4212 2590 4278 Deus,
2618 4216 2894 4267 orationem
2922 4232 3080 4267 meum
3101 4234 3119 4269 :
3148 4227 3198 4270 et
3227 4219 3348 4287 quia
3375 4220 3487 4287 ipse
3516 4237 3655 4274 unus
3680 4238 3747 4276 ex

2173 4305 2408 4373 pluribus
2428 4313 2657 4370 constat,
2692 4305 2850 4359 modo
2875 4306 2968 4371 ait,
3005 4306 3206 4361 Exaudi
3235 4326 3345 4374 nos,
3373 4309 3534 4377 Deus,
3563 4315 3747 4367 salva-

2171 4408 2249 4450 tor
2274 4407 2457 4451 noster.
2491 4398 2625 4451 Audi
2655 4399 2800 4453 illum
2813 4399 2923 4468 jam
2947 4402 3177 4468 apertius
3201 4403 3510 4472 prtrdicari:
3541 4405 3750 4461 Exaudi

2171 4507 2281 4551 nos,
2312 4487 2468 4554 Deus,
2504 4489 2723 4543 salvator
2754 4500 2951 4555 uoster;
2979 4508 3091 4562 spes
3116 4496 3338 4547 omnium
3366 4495 3548 4564 ﬁniunt
3575 4508 3743 4564 terrm,

2171 4591 2214 4634 et
2240 4581 2290 4634 in
2322 4581 2448 4633 mari
2480 4581 2641 4651 longe.
2690 4581 2824 4636 Ecce
2850 4582 2989 4638 unde
3015 4584 3212 4639 dictum
3243 4594 3358 4640 est:
3391 4586 3471 4640 Ad
3506 4598 3555 4643 te
3582 4593 3749 4644 omnia

2170 4690 2287 4727 caro
2330 4675 2507 4727 veniet.
2556 4674 2799 4743 Undique
2844 4676 3069 4731 venitur.
3121 4677 3252 4746 Sper
3293 4681 3518 4735 eliminat
3561 4683 3746 4749 ﬁnium

2170 4775 2314 4819 terra:
2336 4782 2352 4819 :
2375 4782 2478 4819 non
2505 4779 2625 4834 spes
2651 4767 2806 4819 unius
2832 4766 3029 4836 anguli,
3060 4784 3165 4822 nou
3187 4784 3310 4838 spes
3330 4772 3494 4825 solius
3520 4772 3742 4837 Judase.

2171 4876 2273 4913 non
2303 4874 2424 4928 spes
2450 4859 2617 4913 solius
2646 4859 2858 4925 Africm,
2897 4875 2999 4914 non
3025 4874 3146 4929 Spes
3172 4861 3477 4930 Panuonim,
3498 4882 3605 4920 non
3622 4882 3746 4938 spes

2168 4952 2418 5013 Orientis,
2452 4961 2541 5005 aut
2566 4950 2901 5011 Occidentis;
2937 4950 3028 5005 sed
3060 4969 3173 5020 spes
3199 4955 3423 5007 omnium
3448 4956 3629 5025 [inium
3649 4969 3748 5012 ter-

2169 5060 2261 5109 rae,
2290 5055 2335 5097 et
2362 5044 2412 5096 in
2442 5045 2570 5097 mari
2595 5044 2741 5115 longe
2763 5060 2780 5097 :
2800 5044 3029 5113 ipsorum
3052 5046 3235 5114 finium
3265 5057 3430 5102 terr-ce.
3460 5048 3525 5102 Et
3541 5052 3594 5104 in
3615 5054 3751 5106 arari

2170 5139 2317 5207 longe
2334 5154 2352 5191 :
2372 5147 2426 5192 et
2449 5137 2568 5207 quia
2586 5137 2637 5191 in
2658 5138 2810 5203 mari,
2840 5136 2959 5192 ideo
2975 5138 3150 5209 longe.
3178 5139 3320 5195 Mare
3340 5142 3483 5196 enim
3501 5142 3554 5197 in
3574 5143 3746 5213 figura

2169 5227 2362 5282 dicitur
2390 5227 2638 5283 sarculum
2672 5227 2790 5293 hoc,
2815 5227 3050 5283 salsitate
3073 5232 3332 5295 amarum,
3360 5234 3607 5301 procellis
3631 5243 3745 5289 tur-

2170 5306 2473 5380 bulentum;
2501 5318 2588 5372 ubi
2618 5317 2857 5373 homines
2876 5320 3244 5402 cupiditatibus
3271 5324 3535 5392 perversis
3553 5334 3608 5380 et
3624 5342 3743 5396 [ιη-

2169 5411 2248 5465 vis
2277 5409 2395 5462 facti
2425 5418 2550 5463 sunt
2578 5408 2721 5463 velut
2747 5409 2917 5480 pisces
2947 5410 3171 5467 invicem
3196 5426 3256 5466 se
3283 5411 3625 5471 devorantes.
3645 5421 3746 5471 At-

2167 5501 2369 5556 tendite
2390 5514 2536 5554 mare
2556 5500 2770 5562 malum,
2801 5516 2944 5556 mare
2969 5516 3229 5572 amarum,
3250 5503 3494 5561 ﬂuctibus
3515 5523 3749 5575 saevum;

2168 5590 2426 5646 attendite
2451 5590 2695 5660 qualibus
2741 5590 3040 5647 hominibus
3066 5594 3277 5664 plenum
3303 5596 3391 5650 sit.
3434 5597 3565 5665 Quis
3595 5610 3749 5671 optat

2168 5722 2589 5849 gr:l"t;l::gzit‘ttss.,
2612 5732 2656 5776 et
2683 5733 2860 5776 rectior:
2881 5726 3022 5790 rapit,
3049 5727 3287 5792 integrum
3314 5729 3445 5783 colit.
3486 5735 3594 5801 alii,
3616 5736 3745 5788 iure.
