4022 6200
260 365 358 422 78-!
866 391 884 418 ι

255 474 639 538 lnereditatem,
671 473 769 528 nisi
800 485 968 530 morte
993 475 1244 532 alterius?
1272 475 1390 544 quis
1411 483 1564 542 Optat
1594 475 1817 541 lucrum,

249 566 350 621 nisi
380 566 574 620 damno
601 565 852 619 alterius?
881 566 1048 633 Quam
1088 566 1233 619 tntilli
1274 565 1496 619 aliorum
1523 564 1822 620 defectione

246 658 468 726 cupiunt
489 658 794 712 solilituari!
827 674 980 727 quam
1012 659 1160 711 multi
1193 668 1250 710 ut
1275 668 1454 711 emant
1479 670 1664 728 optant
1687 658 1819 711 alios

248 748 478 804 vendere
508 764 592 803 res
621 749 776 803 suas!
807 748 1071 818 quomodo
1096 764 1152 803 se
1174 749 1397 804 invicem
1423 750 1747 819 opprimunt,
1768 759 1820 802 et

241 839 332 911 qui
366 848 585 909 possunt
601 839 880 893 devorant!
910 849 962 893 et
986 854 1104 893 cum
1129 839 1468 894 devoraverit
1495 855 1630 893 unus
1656 840 1817 908 piscis

243 932 413 1001 major
435 934 712 996 minorem,
747 930 1031 984 devoratur
1059 941 1107 985 et
1136 930 1247 999 ipse
1276 947 1304 983 a
1334 931 1554 1001 majore.
1587 929 1630 985 0
1661 931 1816 999 piscis

241 1023 401 1086 :ttale,
432 1023 661 1092 prmdam
695 1022 772 1074 vis
799 1021 862 1074 de
889 1037 1086 1091 parvo;
1121 1021 1292 1089 prmda
1324 1021 1572 1075 efficietis
1600 1039 1812 1092 magno.

245 1113 489 1182 Quotidie
511 1113 612 1167 ista
637 1114 906 1179 cvwiuut,
935 1123 1060 1169 ante
1088 1129 1185 1168 nos
1215 1123 1368 1180 sunt;
1396 1114 1668 1168 videmus’
1701 1114 1812 1179 illa,

241 1203 553 1258 horreamus
577 1203 682 1256 illa.
706 1203 817 1256 Non
838 1204 929 1257 illa
957 1219 1191 1274 agamus,
1223 1206 1430 1271 fratres,
1458 1205 1578 1274 quia
1601 1221 1712 1274 spes
1733 1215 1814 1258 est

242 1295 332 1350 ille
350 1296 532 1364 ﬁnium
555 1306 716 1348 terrae.
753 1294 842 1349 llle
867 1294 909 1348 si
940 1309 1041 1348 non
1073 1306 1213 1350 esset
1239 1313 1370 1366 spes,
1397 1305 1441 1350 et
1465 1297 1517 1350 in
1547 1297 1676 1348 mari
1697 1297 1812 1348 Ion-

238 1405 317 1458 ge,
340 1403 447 1442 non
475 1387 676 1442 diceret
703 1387 974 1456 discipulis
993 1388 1110 1441 suis
1133 1405 1144 1441 :
1169 1387 1378 1441 Faciant
1418 1404 1503 1442 vos
1540 1389 1812 1458 piscatores

235 1483 495 1538 nuntiarint
518 1479 733 1551 (Matth.
759 1495 829 1543 tv,
862 1479 970 1550 l9).
995 1480 1114 1534 Jam
1139 1485 1192 1534 in
1225 1481 1356 1535 mari
1384 1481 1522 1552 capti
1557 1497 1650 1550 per
1675 1481 1807 1536 retia

237 1571 720 1642 ﬁdei,gaudeamus
733 1586 836 1625 nos
858 1570 924 1624 ihi
953 1579 1134 1625 natare
1150 1571 1471 1626 adhuciutra
1497 1572 1664 1636 retia;
1684 1572 1809 1642 quia

239 1663 409 1718 adhuc
438 1677 582 1716 mare
611 1661 711 1715 hoc
756 1661 902 1714 s;i-.vit
951 1661 1212 1729 procellis,
1246 1661 1336 1715 sed
1366 1661 1498 1715 retia
1546 1678 1664 1730 qua:
1709 1679 1805 1716 nos

237 1762 510 1823 ceperunt,
543 1752 896 1822 perducentur
923 1751 988 1804 ad
1021 1751 1186 1840 littus.
1215 1751 1387 1805 Littus
1414 1760 1496 1805 est
1537 1752 1655 1807 finis
1695 1769 1807 1805 toa-

237 1845 344 1899 ris:
368 1859 492 1913 ergo
519 1843 790 1913 perventio
813 1843 864 1895 in
898 1844 1053 1895 linem
1076 1841 1276 1898 smculi.
1306 1841 1516 1897 Interim
1535 1842 1670 1896 intra
1694 1843 1802 1913 ipsa

238 1935 387 1997 retia,
430 1934 642 1999 fratres,
689 1933 824 1988 bene
870 1933 1139 1989 vivamus:
1168 1950 1270 1987 non
1319 1934 1450 1988 retia
1495 1944 1804 2004 rumpentes

237 2027 372 2080 foras
403 2040 670 2080 exeamus.
704 2025 846 2078 Multi
878 2024 1022 2078 enim
1069 2031 1324 2093 ruperunt
1369 2023 1521 2086 retia,
1562 2032 1617 2078 et
1657 2022 1802 2078 schi-

232 2128 396 2176 Suiata
430 2116 689 2181 feccrtmt,
736 2124 790 2170 et
819 2113 959 2168 foras
987 2114 1250 2179 exierunt,
1282 2114 1403 2183 quia
1431 2112 1598 2167 malos
1627 2113 1802 2182 pisces

176 2247 182 2254 ι
236 2209 362 2261 intra
386 2208 514 2262 retia
537 2218 718 2276 captos
749 2206 975 2260 tolerare
1003 2220 1060 2260 se
1087 2205 1228 2258 nolle
1255 2203 1530 2270 dixerunt;
1556 2205 1657 2274 ipsi
1677 2206 1799 2259 ntali

234 2300 346 2360 facti
388 2309 511 2352 sunt
543 2279 872 2370 potiusquatu
913 2297 985 2351 illi
1016 2313 1150 2367 quos
1177 2311 1236 2352 se
1265 2312 1368 2350 non
1397 2296 1636 2366 potuisse
1659 2298 1797 2350 tote.-

231 2407 342 2448 mrc
372 2391 680 2446 dixerunt’.
707 2389 944 2460 Namque
979 2389 1071 2444 illa
1098 2389 1230 2443 retia
1261 2399 1516 2457 ceperunt
1547 2389 1717 2457 pisces
1745 2398 1800 2441 et

232 2483 415 2543 honos,
447 2491 499 2537 et
531 2483 716 2538 malos.
768 2482 1021 2537 Dominus
1050 2480 1177 2535 dicit
1211 2497 1225 2532 :
1265 2480 1444 2535 Simile
1479 2489 1552 2534 est
1591 2495 1799 2549 regnum

226 2574 460 2632 cwloruin
491 2589 689 2643 sugente
719 2573 883 2626 missio
903 2573 953 2624 in
975 2588 1129 2636 mare,
1153 2587 1264 2641 qua:
1288 2581 1552 2642 congregat
1567 2587 1634 2626 ea:
1664 2573 1798 2625 onuu'

227 2685 439 2740 genere;
467 2685 614 2740 quam
640 2685 752 2722 cum
780 2668 1130 2738 impiam-esset
1152 2666 1432 2730 reducentes,
1463 2676 1508 2719 ct
1543 2683 1684 2720 secus
1715 2667 1795 2717 lit-

227 2769 302 2813 tus
325 2759 572 2823 sedentes,
599 2757 847 2828 elegerunt
875 2757 1030 2810 bonos
1051 2757 1103 2810 in
1129 2771 1263 2822 vasa,
1293 2757 1450 2810 malos
1473 2766 1639 2808 autent
1660 2761 1798 2825 [oras

229 2851 463 2904 miserunt
491 2867 510 2904 :
540 2852 613 2904 sic
651 2851 762 2910 erit,
812 2849 1000 2918 inquit,
1047 2849 1099 2902 in
1141 2849 1563 2902 consummatione
1599 2849 1792 2904 sicculi.

224 2939 462 2994 Ostendit
493 2941 657 3004 littus,
691 2939 922 2993 ostendit
953 2939 1105 2991 liuent
1137 2939 1315 2992 utaris.
1343 2937 1568 2994 Exibunt
1588 2939 1791 3009 Angeli,

225 3041 266 3084 st
292 3031 597 3100 separabttut
625 3032 782 3084 titulos
805 3031 867 3084 de
893 3029 1054 3086 medio
1072 3031 1351 3098 justornm,
1384 3038 1438 3082 ιρι
1481 3030 1671 3083 mittent
1711 3047 1796 3085 eos

225 3121 273 3173 in
293 3122 544 3174 caminum
565 3122 736 3190 ignis:
761 3120 828 3172 ibi
856 3120 946 3172 erit
970 3121 1117 3188 ﬂetus
1147 3130 1191 3172 et
1215 3119 1402 3174 stridor
1425 3121 1651 3173 dentiant
1677 3121 1790 3192 (Id.

225 3227 328 3278 xui,
350 3213 556 3282 47-50).
585 3213 700 3278 Eia,
719 3212 860 3266 cives
887 3211 1201 3276 Jerusalem,
1229 3213 1315 3281 qui
1342 3212 1474 3265 intra
1495 3213 1622 3267 retia
1643 3215 1791 3282 estis,

225 3311 275 3356 et
305 3303 476 3371 pisces
504 3302 623 3356 boni
646 3303 792 3366 estis,
826 3302 1042 3357 tolerate
1070 3303 1265 3368 malos;
1298 3305 1428 3358 retia
1458 3306 1622 3360 nolite
1651 3322 1796 3359 rum-

225 3405 378 3459 pere:
409 3407 530 3446 cum
569 3392 671 3447 illis
699 3393 828 3447 estis
853 3393 902 3446 iu
929 3393 1094 3458 mari;
1125 3410 1228 3447 non
1259 3410 1380 3450 cum
1421 3395 1525 3449 illis
1563 3397 1712 3452 eritis
1738 3399 1790 3451 iu

229 3483 381 3537 vasis.
421 3483 546 3552 Spes
569 3484 709 3540 enim
739 3485 826 3540 ille
851 3479 1027 3552 ﬁniunt
1053 3498 1219 3549 terrm,
1254 3487 1367 3556 ipse
1394 3505 1507 3558 spes
1538 3497 1636 3553 est,
1671 3498 1715 3543 et
1739 3492 1792 3544 in

219 3577 342 3627 mari
365 3574 535 3644 longe.
561 3574 746 3643 Lange.
775 3577 892 3645 quia
921 3585 973 3629 et
1004 3577 1054 3631 in
1078 3579 1233 3632 mari.

292 3666 375 3721 10.
412 3663 570 3737 [vers.
602 3665 677 3736 7.]
717 3665 1025 3735 Prwparans
1050 3679 1239 3742 montes
1259 3670 1310 3722 in
1336 3672 1633 3742 fortitudine
1657 3691 1751 3732 sua
1770 3692 1791 3727 :

219 3774 320 3812 non
353 3758 405 3812 in
437 3757 743 3811 fortitudine
773 3759 1003 3813 illorum.
1041 3761 1372 3830 Prmparavit
1399 3764 1541 3818 enim
1573 3780 1792 3835 magnos

208 3848 615 3918 praedicatores,
640 3857 696 3902 et
721 3848 864 3917 ipsos
888 3850 1174 3919 appellavit
1212 3859 1450 3918 montes;
1479 3853 1710 3908 immites
1733 3855 1790 3908 in

217 3953 294 4005 se,
319 3937 563 3992 excelsos
592 3938 642 3990 in
672 3937 780 3992 illo.
823 3936 1131 4008 Prteparans
1175 3950 1367 3993 montes
1409 3941 1460 3994 in
1493 3942 1794 4010 fortitudine

217 4007 327 4084 sua.
361 4029 496 4097 Quid
525 4029 652 4084 dicit
679 4045 812 4086 unus
839 4045 903 4084 ex
938 4007 1064 4099 ipsis
1094 4030 1397 4085 montibus?
1416 4030 1600 4102 Ipsiin
1625 4033 1790 4088 nobis—

215 4121 440 4192 metipsis
465 4137 756 4192 responsum
777 4121 950 4175 mortis
968 4120 1258 4186 habuimus,
1290 4132 1342 4174 ut
1371 4139 1471 4176 non
1495 4124 1709 4191 ﬁdentes
1737 4126 1788 4178 in

218 4213 360 4267 nobis
385 4212 561 4278 simus,
585 4211 672 4265 sed
693 4212 743 4264 in
773 4210 878 4265 Deo
914 4212 1001 4280 qui
1021 4211 1229 4265 suscitat
1260 4224 1485 4267 emortuos
1514 4213 1576 4284 (ll
1600 4213 1717 4272 Cor.
1743 4233 1786 4283 t,

217 4302 294 4376 9).
327 4302 427 4372 Qui
449 4303 499 4358 iu
530 4318 590 4358 se
618 4303 748 4370 fidit,
779 4313 831 4358 et
859 4302 908 4357 in
936 4302 1150 4358 Christo
1171 4319 1275 4357 non
1308 4304 1438 4370 fidit,
1470 4321 1575 4360 non
1613 4315 1696 4362 est
1722 4308 1789 4364 de

219 4392 297 4448 Itis
324 4377 592 4449 montibus
615 4409 748 4464 quos
779 4394 866 4449 ille
899 4403 1168 4465 praeparat
1219 4395 1270 4448 in
1319 4393 1629 4453 fortitudine
1671 4415 1785 4452 sua.

220 4482 528 4554 Prwparans
551 4494 739 4538 montes
760 4484 811 4537 in
839 4484 1135 4552 fortitudine
1172 4503 1282 4551 sua,
1326 4488 1707 4546 circumductus
1736 4492 1786 4544 in

209 4585 495 4642 potentatu.
547 4575 879 4634 Potentatum
925 4577 1616 4647 intelligo:circumductus,
1662 4583 1785 4652 quid

215 4668 330 4720 est?
355 4666 624 4722 Christum
655 4668 781 4737 qui’
806 4668 856 4722 in
888 4667 1064 4723 medio
1092 4679 1314 4736 ponunt,
1355 4670 1788 4728 circumcinctum

216 4754 432 4821 faciunt,
459 4757 510 4810 id
536 4767 614 4812 est
632 4757 859 4828 undique
877 4757 1130 4812 cinctum.
1154 4757 1581 4816 Habemusillum
1603 4778 1788 4819 omnes

207 4848 593 4912 communiter;
618 4847 736 4902 ideo
757 4847 807 4900 in
837 4847 1011 4902 medio
1032 4857 1113 4902 est
1133 4849 1626 4922 :eircumcingimus
1642 4854 1784 4909 illum

217 4951 400 4991 omnes
439 4937 527 5007 qui
556 4937 818 4992 credimus
861 4937 914 4991 in
957 4937 1137 5004 illum;
1182 4949 1237 4994 et
1276 4941 1396 5010 quia
1439 4942 1568 4998 fides
1607 4955 1786 5000 nostra

217 5043 318 5082 non
354 5027 427 5083 de
466 5026 665 5082 viribus
705 5027 933 5095 nostris,
977 5027 1070 5082 sed
1113 5028 1189 5084 de
1212 5031 1359 5086 illius
1403 5034 1634 5102 potentia
1681 5045 1782 5102 est,

218 5117 335 5173 ideo
361 5120 747 5174 circumcinctus
773 5119 828 5172 in
852 5128 1114 5189 potentatu
1143 5134 1261 5189 suo,
1294 5137 1399 5177 non
1427 5132 1606 5178 nostra
1635 5123 1785 5179 forti-

220 5208 414 5263 tudine.

288 5299 373 5357 11.
414 5296 564 5371 [vers.
596 5299 650 5364 8,
682 5297 760 5372 9.]
791 5298 888 5366 Qui
907 5301 1174 5355 conturbas
1195 5301 1412 5371 fundum
1433 5304 1605 5358 maris.
1637 5305 1788 5362 Fecit

195 5387 318 5444 .hoc
345 5407 359 5442 :
387 5389 595 5444 videtur
622 5389 744 5460 quid
775 5390 978 5450 fecerit,
1029 5391 1349 5462 Praeparavit
1393 5394 1531 5448 enim
1576 5405 1784 5453 montes

224 5478 272 5534 in
311 5480 616 5537 fortitudine
652 5498 780 5548 sua;
814 5483 955 5538 misit
977 5483 1101 5540 illos
1129 5484 1449 5556 praedicare;
1472 5487 1785 5546 circumcin-

281 5680 298 5711 ⁸
317 5683 391 5742 sic
410 5689 514 5733 ass.
545 5690 596 5733 At
617 5681 750 5742 add,
771 5681 982 5735 vitemus.

280 5742 302 5808 ξ
327 5741 510 5808 aliquot
529 5743 932 5808 Mss.,ﬁn.renmt.

279 5801 303 5833 ⁸
323 5804 395 5855 Sic
410 5801 515 5858 iss.
541 5814 595 5857 Λι
617 5801 747 5871 odit,
763 5818 918 5870 quem.

1353 361 1751 420 ENARiiATlO
1795 361 1870 416 IN
1899 363 2215 420 PSALMUM
2257 367 2439 422 LX-‘iV.

3401 381 3504 437 783

1933 486 2049 530 ctus
2076 489 2157 531 est
2181 493 2210 531 a
2229 480 2567 538 credentibus
2591 483 2641 538 in
2672 495 2972 555 potentatu;
2996 499 3048 544 et
3072 504 3392 548 commotum
3423 506 3502 553 est

1931 584 2114 634 mare;
2152 582 2474 628 commotum
2518 585 2598 630 est
2639 579 2908 646 smculum,
2956 592 3010 637 et
3053 585 3213 653 coepit
3257 590 3498 658 persequi

1931 672 2144 714 sanctos
2161 663 2292 730 ejus.
2318 665 2712 722 Circumcincttts
2743 672 2792 723 in
2816 682 3072 742 potentatu
3095 690 3113 726 :
3135 675 3217 743 qui
3236 679 3504 731 conturbas

1926 752 2138 819 fundum
2165 755 2340 809 nimis.
2375 756 2484 810 Non
2518 760 2670 826 dixit,
2703 761 2800 829 Qui
2831 765 3115 818 conturbas
3161 783 3334 832 utare;
3380 771 3497 832 sed,

1925 845 2328 912 fundummaris.
2355 847 2590 902 Fundam
2613 855 2763 907 maris
2789 865 2872 909 est
2897 873 2988 911 cor
3017 859 3318 928 impiorum.
3353 862 3507 919 Sicut

1922 938 2062 995 enim
2089 955 2115 989 a
2136 938 2298 992 fundo
2323 941 2688 998 vehementius
2709 950 2882 1001 omnia
2912 960 3286 1016 titovetttur,.et
3308 955 3506 1011 liuidus

1922 1029 2156 1083 routinot
2185 1034 2390 1098 otnnia;
2423 1035 2498 1089 sic
2535 1039 2784 1107 quidquid
2826 1045 3083 1109 processit
3113 1061 3207 1113 per
3245 1047 3498 1117 lingttain,

1924 1135 2013 1186 per
2035 1138 2241 1188 manus,
2277 1142 2370 1193 per
2399 1141 2685 1195 [.Otestates
2711 1132 2945 1188 diversas
2975 1136 3038 1190 ad
3065 1140 3499 1205 persecutionem

1923 1211 2192 1278 Ecclesia),
2214 1216 2281 1270 de
2303 1218 2461 1274 fundo
2493 1225 2765 1287 processit.
2787 1226 2840 1278 Si
2867 1228 3014 1280 enim
3039 1246 3142 1281 non
3170 1239 3313 1284 esset
3344 1232 3495 1286 radis

1920 1301 2208 1372 iniquitatis
2235 1307 2288 1360 in
2319 1310 2498 1372 cort'le,
2547 1328 2650 1365 non
2683 1314 2766 1366 illa
2812 1318 2986 1370 omnia
3014 1320 3364 1386 procederent
3391 1323 3490 1375 ad-

1919 1407 2103 1447 vetsus
2126 1396 2412 1451 Christum.
2429 1397 2674 1455 Fundam
2695 1407 3046 1473 conturbavit,
3073 1407 3204 1464 forte
3226 1419 3286 1471 ut,
3308 1421 3357 1467 et
3373 1411 3492 1465 ἴω»-

1918 1481 2044 1537 dum
2075 1485 2408 1552 exliauriret;
2453 1506 2571 1544 nam
2601 1493 2655 1545 .in
2698 1496 2850 1550 malis
2893 1497 3201 1565 quihusdam
3250 1501 3492 1557 exhausit

1917 1589 2062 1626 mare
2093 1591 2121 1629 a
2155 1576 2337 1642 fundo,
2366 1587 2420 1633 et
2453 1583 2632 1649 posuit
2659 1600 2807 1640 mare
2846 1587 3135 1643 desertum.
3178 1591 3318 1649 Dicit
3359 1593 3490 1648 illud

1913 1664 2045 1717 alius
2076 1667 2324 1736 psalmus
2370 1687 2380 1722 :
2419 1670 2524 1736 Qui
2545 1676 2790 1728 convertit
2825 1695 2961 1732 mare
3001 1680 3053 1732 in
3092 1681 3290 1736 aridam
3319 1682 3488 1753 (Psal.

1914 1771 2035 1819 va,
2063 1758 2142 1827 6).
2173 1761 2368 1814 Umncs
2391 1762 2533 1832 impii
2560 1773 2613 1817 et
2638 1768 2824 1836 pagani
2843 1769 2932 1838 qui
2964 1771 3320 1832 crediderunt.
3343 1793 3490 1831 mare

1910 1856 2090 1910 erant;
2117 1858 2252 1904 terra
2270 1851 2401 1906 lacti
2429 1865 2585 1907 sunt:
2611 1855 2763 1911 salsis
2790 1855 3036 1917 fluctibus
3057 1855 3230 1931 prium
3255 1867 3482 1929 steriles;

1911 1948 2091 2006 postea
2113 1940 2334 2010 justitiae
2365 1944 2536 2000 fructu
2563 1945 2794 2002 (conradi.
2835 1950 2934 2016 Qui
2963 1953 3230 2008 conturbas
3261 1956 3485 2023 [nudum

1868 2084 1882 2096 ι
1909 2029 2062 2083 muris
2098 2045 2116 2082 :
2141 2048 2318 2084 sonum
2359 2035 2607 2102 ﬂuctuum
2648 2037 2758 2106 ejus
2799 2041 2908 2103 quis
2945 2040 3184 2108 suﬂ'eret?
3212 2045 3345 2112 Quid
3379 2057 3483 2113 est,

1906 2119 2016 2186 quis
2042 2120 2283 2187 sit/feret?
2311 2124 2442 2191 Quis
2462 2125 2622 2200 homo
2647 2128 2866 2184 sufferet
2889 2147 3074 2186 sonum
3097 2134 3354 2192 fluctuum
3375 2155 3485 2194 sns-

1908 2211 2000 2274 ris,
2027 2210 2298 2279 jussiones
2323 2215 2707 2272 sublimitatqu
2751 2220 2970 2276 saeculi?
3010 2224 3121 2278 Sed
3148 2226 3288 2282 unde
3333 2228 3486 2284 suile-

1907 2302 2136 2355 ruotur?
2179 2302 2310 2368 Quia
2349 2316 2617 2377 praeparat
2658 2321 2868 2366 montes
2911 2312 2962 2366 in
3013 2313 3318 2374 fortitudine
3364 2335 3480 2376 sua.

1904 2391 2054 2458 Quod
2093 2408 2224 2462 ergo
2265 2396 2414 2459 dixit,
2455 2402 2567 2468 quis
2606 2399 2848 2468 sufferet?
2873 2404 2975 2461 hoc
3007 2408 3102 2476 ait,
3127 2408 3236 2464 Nos
3263 2410 3360 2480 ipsi
3391 2429 3484 2481 per

1905 2485 2257 2567 nosmetipsos
2298 2487 2516 2544 sufferre
2557 2492 2680 2546 illas
2724 2498 3118 2563 persecutiones
3142 2516 3250 2556 non
3293 2517 3476 2571 posse-

1903 2590 2041 2640 mus,
2091 2561 2186 2629 uisi
2221 2579 2305 2632 ille
2344 2580 2493 2636 daret
2521 2561 2899 2640 latitudinem.
2930 2589 3032 2654 Qui
3057 2592 3329 2648 conturbas
3352 2599 3478 2664 {mi-

1901 2668 2023 2719 dum
2050 2670 2238 2723 maris:
2261 2689 2437 2725 sonum
2463 2676 2707 2744 ﬂuctuum
2728 2679 2837 2748 ejus
2865 2682 2975 2746 quis
3003 2683 3247 2750 soleret?

1977 2760 2060 2812 12.
2096 2759 2458 2819 Τωὸαόιιιιιιιν
2479 2777 2667 2836 gentes.
2689 2769 2869 2825 Primo
2885 2771 3241 2830 turbabuntur
3263 2779 3384 2832 :scd
3403 2780 3476 2831 illi

1903 2860 2111 2903 montes
2137 2855 2302 2921 parati
2328 2855 2378 2908 in
2407 2855 2716 2914 fortitudine
2740 2859 2960 2929 Christi,
2999 2867 3254 2937 numquid
3281 2869 3478 2924 turbati

1900 2941 2062 3008 sunt?
2091 2941 2380 2998 Turbatum
2425 2956 2508 3000 est
2550 2963 2722 3014 mare;
2768 2952 2958 3007 elisum
3003 2964 3086 3009 est
3135 2957 3187 3011 in
3228 2969 3498 3019 montes:

1901 3045 2046 3085 mare
2089 3032 2310 3088 fractum
2367 3046 2488 3102 est;
2546 3050 2753 3096 montes
2800 3041 3097 3100 inconcussi
3147 3063 3475 3106 inmiserunt.

1899 3121 2254 3179 Turbal'untur
2294 3139 2464 3198 gentes
2499 3147 2517 3183 :
2560 3140 2608 3183 et
2661 3133 2898 3188 timebunt
2949 3152 3137 3192 omnes.
3183 3139 3326 3198 Ecce
3366 3142 3477 3212 jam

1897 3227 2085 3268 omnes
2115 3215 2334 3269 timent:
2365 3228 2520 3276 antea
2543 3220 2630 3288 qui
2657 3225 2958 3278 conturbati
2983 3236 3128 3293 sunt,
3159 3229 3473 3301 timentjam

1897 3318 2102 3358 omnes.
2134 3303 2285 3359 Non‘
2321 3308 2607 3365 timuerunt
2634 3311 2939 3382 Christiani,
2965 3325 3038 3373 et
3078 3320 3331 3378 timentur
3363 3323 3476 3393 jam

1895 3395 2206 3455 Christiani.
2233 3398 2430 3455 Omnes
2458 3403 2546 3472 qui
2567 3409 3051 3476 persequebantur,
3082 3412 3242 3467 modo
3269 3415 3473 3471 timent.

1897 3484 2177 3555 Superavit
2204 3490 2342 3544 enim
2374 3491 2462 3546 ille
2488 3494 2578 3563 qui
2603 3494 3012 3555 circumcinctus
3059 3509 3145 3556 est
3185 3503 3237 3558 in
3285 3513 3477 3572 poten-

1896 3583 2036 3652 tatu;
2065 3579 2140 3632 sic
2166 3578 2234 3632 ad
2256 3580 2410 3636 illum
2457 3573 2600 3636 venit
2635 3587 2815 3641 omnis
2855 3603 3003 3654 caro,
3036 3599 3093 3644 ut
3125 3594 3312 3648 eseteri
3343 3610 3475 3663 [mu-

1895 3668 2054 3722 citate
2082 3669 2190 3738 ipsa
2232 3670 2339 3739 jam
2367 3673 2614 3728 timeant.
2644 3673 2716 3729 Et
2741 3678 2982 3732 timebunt
3016 3697 3190 3736 omnes
3213 3685 3300 3752 qui
3325 3686 3475 3739 inlut-

1895 3758 2050 3810 bitnnt
2075 3761 2200 3828 ﬁnes
2226 3769 2388 3827 teme,
2409 3780 2445 3815 a
2469 3765 2625 3833 siqnis
2651 3767 2768 3822 tuis.
2801 3768 3047 3826 Miracttla
3074 3774 3477 3834 euimfeccrum

1895 3851 2165 3919 Apostoli;
2195 3853 2402 3909 etinde
2443 3871 2631 3912 omnes
2676 3859 2808 3915 lines
2849 3871 3011 3916 terrm
3047 3865 3367 3936 timuerunt,
3419 3883 3474 3926 et

1893 3941 2254 3998 crediderunt.

1965 4034 2052 4092 13.
2089 4033 2277 4090 Exitus
2303 4055 2448 4094 inane
2471 4050 2522 4096 et
2543 4058 2746 4112 uespere
2772 4045 3038 4102 delectabis
3069 4065 3085 4102 :
3110 4049 3164 4130 id
3192 4063 3292 4117 est,
3315 4054 3470 4112 dele-

1893 4123 2113 4181 cmbiles
2137 4126 2283 4182 lacis.
2313 4127 2429 4183 Jam
2454 4129 2511 4184 in
2537 4130 2637 4186 ista
2662 4133 2766 4188 vita
2789 4135 2912 4205 quid
2938 4137 3089 4193 nobis
3106 4123 3471 4209 immittitur?

1893 4213 2076 4272 Exitus
2105 4218 2369 4275 delactabis
2390 4223 2410 4252 ³
2431 4239 2577 4276 mane
2601 4234 2647 4278 et
2671 4209 2894 4297 uespere.
2923 4228 3056 4285 Sunt
3078 4233 3251 4289 exitus
3277 4251 3432 4292 mane
3447 4254 3468 4304 .;

1893 4315 2018 4360 sunt
2064 4309 2235 4364 exitus
2280 4325 2521 4382 vespere.
2573 4313 2729 4369 Mane
2768 4317 3028 4388 significat
3060 4322 3467 4392 prosperitatem

1892 4398 2071 4451 saiculi
2091 4415 2104 4462 ;
2121 4414 2318 4468 vespere
2332 4401 2593 4471 signiﬁcat
2606 4405 2994 4464 tribulationem
3008 4414 3210 4468 smculi.
3228 4414 3472 4477 [tuendae

1891 4487 2132 4544 Charitas
2159 4490 2346 4547 Vestra
2395 4493 2469 4564 (in
2503 4504 2724 4566 utroque
2751 4498 2891 4557 enim
2920 4510 3147 4558 tentatur
3165 4505 3342 4560 anima
3364 4507 3468 4566 hu-

1892 4581 2100 4652 mana);
2128 4594 2181 4638 et
2195 4586 2546 4656 prosperitate
2562 4603 2633 4642 ne
2659 4601 3044 4662 corrumpatur,
3071 4604 3124 4648 et
3144 4595 3464 4657 adversitate

1893 4689 1958 4727 ne
1996 4672 2286 4746 frangatur.
2330 4677 2452 4734 Ideo
2478 4688 2654 4735 autem
2680 4697 2840 4736 mane
2870 4687 3272 4755 prosperitatem
3299 4693 3465 4763 signi-

1892 4764 2048 4830 ﬁcat,
2081 4769 2201 4836 quia
2241 4785 2395 4826 mane
2423 4770 2602 4826 laetum
2639 4780 2722 4829 est
2743 4813 2758 4837 ,
2792 4780 3056 4832 transacta
3084 4779 3227 4834 velut
3251 4777 3464 4839 tristitia

1891 4854 2078 4908 noctis.
2105 4855 2305 4911 Tristes
2325 4869 2500 4914 autem
2522 4871 2644 4916 sunt
2668 4863 2921 4930 tenebrae,
2946 4869 3187 4925 veniente
3208 4887 3424 4942 vespera
3446 4894 3461 4930 :

1893 4943 2012 4999 ideo
2035 4945 2277 5003 veniente
2299 4950 2448 5018 quasi
2473 4953 2654 5008 mundi
2675 4968 2919 5026 vespera,
2943 4958 3128 5016 obtulit
3147 4965 3461 5026 sacrificium

1890 5035 2271 5104 vespertinum.
2295 5037 2410 5124 Non
2431 5055 2558 5112 ergo
2583 5041 2767 5099 timeat
2787 5048 3145 5120 unusquisque
3163 5068 3458 5124 vesperam,

1888 5141 1987 5181 nec
2017 5143 2171 5184 mane
2194 5116 2564 5200 corrumpatur
2584 5132 2624 5187 ³.
2660 5134 2806 5196 Ecce
2829 5140 3014 5193 nescio
3039 5143 3155 5211 quis
3174 5185 3189 5210 ,
3220 5157 3276 5201 ut
3297 5149 3463 5208 iacias

1889 5218 2010 5272 mali
2036 5218 2253 5288 aliquid,
2283 5221 2527 5290 promisit
2551 5223 2794 5293 lucrum;
2825 5242 2982 5285 mane
3004 5242 3120 5289 est:
3143 5235 3341 5292 arridet
3361 5239 3460 5296 tibi

1889 5308 2062 5378 ampla
2093 5309 2354 5378 pecunia;
2385 5327 2543 5370 mane
2571 5313 2664 5371 tibi
2693 5315 2769 5371 tit.
2807 5317 2925 5374 Noli
2942 5326 3214 5397 corrumpi
3237 5366 3254 5392 ,
3283 5336 3338 5384 et
3362 5327 3459 5382 ha-

1946 5515 1965 5587 ξ
2002 5515 2082 5587 §ic
2226 5523 2283 5565 et
2317 5516 2429 5587 hlss.
2463 5516 2690 5587 έῌτον..
2721 5519 2786 5568 ιι.
2892 5577 2903 5587 ⁸
2942 5577 2952 5587 ι
3015 5585 3020 5587 Α
3185 5527 3188 5530 ’

1937 5580 1965 5648 νξ
2001 5577 2085 5648 sic
2106 5579 2294 5648 aliquot
2319 5579 2430 5628 Mss.
2459 5578 2662 5639 Quidam
2692 5591 2828 5640 vero,
2869 5577 3189 5630 delectabiles.
3217 5577 3278 5627 At
3317 5576 3460 5640 Edd.,

1883 5638 2200 5690 deiet-Mitis;
2481 5638 2488 5639 ⁷⁷
2617 5700 2629 5711 ,
2813 5638 2821 5640 ⁷
2941 5703 2954 5715 η
3445 5638 3451 5640 ⁷

1949 5702 1970 5734 ³
2005 5702 2086 5750 Sic
2107 5702 2220 5772 Mss.
2246 5703 2469 5772 arreptis
2491 5715 2660 5772 paucis
2677 5704 2762 5766 qui
2784 5716 2896 5772 cum
2917 5703 2997 5751 lar.
3020 5699 3219 5759 habent,
3243 5713 3301 5751 ne
3319 5712 3460 5772 mane

1880 5770 2238 5826 corrumpatur.
2267 5764 2331 5813 At
2355 5764 2470 5813 Lov.
2495 5764 2517 5813 ':
2545 5767 2651 5817 Nos
2687 5764 2806 5829 ergo
2849 5764 3098 5814 timeamus
3134 5764 3458 5825 umesquisqus

1881 5837 2150 5890 vesperum,
2176 5839 2239 5877 ne
2256 5838 2398 5878 static
2419 5839 2804 5890 corrumpantur.
