4022 6200
498 374 606 427 Ἱδό

503 486 650 539 bellis
678 483 871 537 exitum
897 493 1069 533 mane.
1098 476 1150 531 Si
1177 477 1316 530 enim
1342 475 1505 529 babes
1526 475 1748 537 exitum,
1773 488 1876 526 non
1899 475 2076 541 capie-

500 579 593 633 ris.
626 576 712 630 Sic
737 583 817 626 est
839 572 979 625 enim
1008 569 1289 640 promissio
1311 569 1463 633 lucri,
1490 569 1639 636 quasi
1665 582 1785 622 esca
1809 567 1860 620 in
1884 566 2078 619 musci-

505 669 621 737 pula
652 684 665 718 :
696 658 1015 724 coarctaris,
1054 671 1108 716 et
1145 676 1251 715 non
1295 671 1376 714 est
1411 676 1512 730 qua
1550 673 1711 714 exeas
1733 658 1991 727 ;'caperis
2023 657 2073 711 in

504 756 813 826 muscipula.
859 753 1014 809 Dedit
1056 760 1230 807 autem
1274 751 1363 805 tibi
1407 752 1605 805 exitum
1651 751 1904 805 Dominus
1940 750 2076 803 Deus

506 861 642 912 tuus,
674 864 741 901 tte
766 848 917 901 lucro
942 844 1165 915 capiaris
1186 886 1201 908 ,
1235 858 1353 896 cum
1388 842 1477 896 tibi
1503 841 1632 894 dicit
1662 843 1711 894 in
1738 839 1897 894 corde
1926 856 1939 892 :
1966 839 2078 908 Ego

502 957 621 995 sunt
647 938 841 993 divitize
871 946 991 992 tuae.
1014 935 1130 990 Noli
1155 934 1429 988 attendere
1450 932 1588 1002 quod
1614 930 1837 985 mundus
1861 930 2080 999 promit-

502 1033 582 1094 tit,
614 1030 708 1086 sed
736 1028 874 1101 quod
901 1026 1157 1098 promittit
1182 1025 1437 1080 Conditor
1464 1022 1640 1077 mundi
1665 1040 1679 1075 :
1703 1021 1915 1076 attende
1938 1020 2078 1089 quod

507 1125 596 1178 tibi
622 1122 861 1193 promisit
880 1122 1017 1174 Deus
1037 1119 1245 1173 facienti
1265 1117 1538 1187 justitiam,
1564 1127 1616 1170 et
1636 1125 1916 1169 contemne
1938 1114 2077 1184 quod

505 1217 596 1270 tibi
630 1215 887 1293 proptittit
915 1213 1106 1276 homo,
1135 1219 1191 1264 ut
1218 1210 1441 1263 abducat
1466 1223 1493 1261 a
1517 1207 1747 1277 justitia,
1778 1218 1830 1261 et
1855 1206 2079 1261 adducat

506 1306 570 1360 ad
598 1304 926 1374 iujustitiam.
953 1301 1071 1357 Noli
1098 1315 1223 1368 ergo
1248 1298 1521 1352 attendere
1545 1296 1683 1368 quod
1713 1296 1937 1349 mundus
1958 1312 2080 1364 pro-

508 1398 660 1451 mittit
684 1438 699 1462 ,
730 1396 820 1450 sed
849 1393 986 1465 quod
1016 1391 1273 1445 Conditor
1303 1390 1480 1443 mutuli
1507 1408 1520 1453 ;
1549 1399 1603 1443 et
1637 1388 1853 1443 habebis
1883 1389 2078 1443 exitum

510 1506 663 1544 mane
694 1505 787 1558 per
818 1487 1019 1541 Domini
1047 1486 1264 1538 verbum
1298 1482 1521 1536 dicentis
1549 1498 1562 1533 :
1594 1480 1729 1547 Quid
1758 1479 1959 1551 prodest
1987 1479 2080 1531 Ito-

513 1584 653 1645 mini,
681 1584 721 1634 si
747 1591 901 1635 totum
930 1577 1168 1631 mundum
1198 1576 1416 1628 lucretur
1436 1615 1451 1640 ,
1477 1574 1659 1626 anima:
1679 1581 1844 1625 autent
1867 1587 1973 1625 sate
1997 1571 2082 1622 de-

514 1665 797 1726 trimentum
837 1670 1054 1739 patiatur
1082 1669 1098 1735 (
1123 1667 1307 1720 Matth.
1339 1681 1423 1718 xvt
1449 1706 1463 1727 ,
1493 1662 1640 1733 9.6)?
1666 1662 1769 1717 Sed
1801 1662 1887 1716 ille
1912 1661 2000 1730 qui
2032 1670 2083 1713 te

434 1818 444 1827 ,
517 1764 775 1832 promisso
820 1762 969 1815 lucro
1015 1773 1394 1826 corrumpere,
1437 1766 1492 1811 et
1537 1754 1600 1809 ad
1630 1754 1956 1824 iniquitatem
1984 1752 2080 1806 ad-

514 1854 709 1906 ducere
739 1867 841 1904 non
870 1849 1071 1918 potuit,
1101 1846 1385 1901 tuinabitur
1412 1858 1594 1914 poenas
1612 1885 1627 1908 ,
1654 1854 1707 1897 et
1730 1852 2006 1896 convertet
2026 1856 2083 1896 se

513 1942 576 1995 ad
608 1940 907 1996 inimicitias
926 1980 939 2003 ,
972 1949 1026 1992 et
1055 1937 1267 2008 incipiet
1298 1936 1388 1989 tibi
1418 1935 1593 1988 dicere
1621 1950 1633 1985 :
1660 1934 1713 1989 Si
1743 1932 1844 1987 hoc
1871 1947 1973 1986 non
2005 1931 2082 1987 l'e-

514 2034 669 2100 ceris,
697 2048 796 2103 ego
820 2034 1093 2086 ostendam
1119 2071 1133 2096 ,
1164 2045 1262 2099 ego
1290 2028 1514 2092 faciam;
1545 2025 1765 2081 habebis
1789 2042 1875 2081 me
1904 2026 2080 2080 inimi-
2123 2051 2139 2067 -

514 2140 652 2177 cum.
683 2124 858 2177 Primo
887 2138 1005 2176 cum
1035 2122 1235 2177 lucrum
1265 2120 1619 2188 promittebat,
1644 2134 1797 2173 mane
1820 2119 1909 2173 tibi
1930 2128 2079 2173 erat:

514 2214 671 2269 modo
693 2215 801 2283 jam
826 2211 1183 2280 vesperascit;
1210 2210 1375 2264 tristis
1401 2208 1567 2264 lactus
1591 2200 1671 2263 es.
1695 2208 1798 2263 Sed
1824 2210 1912 2279 qui
1938 2208 2084 2264 dedit

516 2306 608 2359 tibi
650 2305 848 2359 exitum
880 2318 1032 2358 mane
1058 2344 1072 2369 ,
1112 2302 1256 2356 dabit
1286 2310 1338 2355 et
1378 2313 1618 2369 vespere.
1651 2300 1929 2367 Quomodo
1956 2316 2083 2354 con-

518 2394 773 2465 tempsisti
801 2409 956 2448 mane
981 2394 1158 2447 smeuli
1188 2409 1251 2446 ex
1281 2393 1396 2446 luce
1425 2391 1626 2446 Domini
1652 2433 1667 2457 ,
1699 2391 1776 2445 sic
1804 2400 2083 2447 contemne

516 2498 570 2541 et
601 2501 874 2556 vesperam
906 2500 969 2540 ex
1000 2484 1332 2554 passionibus
1362 2483 1569 2537 Domini
1596 2524 1610 2545 ,
1645 2492 1704 2537 ιιι
1726 2483 1870 2538 dicas
1893 2485 2083 2538 animm

519 2587 619 2630 tua:
642 2592 659 2630 :
679 2574 812 2642 Quid
842 2574 967 2628 mihi
998 2574 1222 2641 amplius
1244 2572 1475 2626 facturus
1495 2581 1577 2626 est
1602 2572 1697 2626 iste
1717 2588 1871 2642 quam
1896 2588 2081 2642 passus

513 2676 593 2720 est
623 2682 716 2734 pro
745 2680 831 2720 me
871 2665 1123 2719 Dominus
1150 2663 1335 2717 meus?
1364 2663 1593 2717 'l‘encam
1620 2665 1635 2693 ¹
1655 2662 1910 2731 justitiam
1932 2705 1946 2729 ,
1977 2678 2079 2717 non

514 2759 836 2813 rousentiam
867 2758 932 2811 ad
970 2757 1319 2826 iniquitatem.
1347 2757 1541 2810 vaiat
1567 2757 1617 2809 iu
1648 2771 1807 2810 carne
1835 2775 1848 2810 :
1879 2757 2085 2826 frange-

518 2863 601 2904 tur
630 2850 948 2918 ntuscipula,
974 2857 1027 2902 et
1054 2849 1240 2903 volabo
1260 2847 1324 2900 ad
1348 2848 1622 2901 Dominum
1646 2850 1818 2902 mentri
1842 2847 1928 2917 qui
1956 2848 2081 2901 mihi

514 2943 587 2995 ait
617 2960 629 2995 :
663 2940 835 2994 Nolite
855 2941 1025 2993 tintere
1049 2957 1130 2993 eos
1154 2940 1236 3010 qui
1261 2956 1441 3009 corpus
1467 2940 1716 3002 occidunt,
1748 2940 1968 2992 animant
1991 2956 2085 2992 au-

514 3014 609 3084 tem
637 3048 736 3084 non
765 3040 970 3101 possunt
997 3030 1220 3083 occidere
1245 3028 1365 3099 (Id.
1400 3046 1456 3093 x,
1487 3030 1557 3083 28
1579 3033 1615 3098 ).
1650 3031 1712 3085 Et
1738 3029 1804 3084 de
1834 3030 1946 3099 ipso
1967 3045 2085 3084 cor-

517 3106 642 3190 pore
680 3121 1015 3175 securitatem
1042 3119 1186 3173 dedit
1215 3119 1392 3172 dicens
1421 3134 1436 3171 :
1475 3119 1702 3189 Capillus
1730 3121 1908 3189 capitis
1938 3121 2089 3173 vestri

515 3230 613 3264 non
640 3212 815 3281 peribit
841 3209 993 3277 (Luc.
1018 3226 1132 3275 XXI,
1157 3208 1268 3280 l8).
1293 3209 1563 3277 Magniﬁce
1595 3210 1678 3263 hic
1708 3211 1898 3279 posuit,
1927 3208 2079 3264 Dele-

514 3301 666 3354 ctabis
701 3301 861 3357 exitus
898 3315 1041 3352 mane
1068 3310 1112 3352 et
1151 3314 1367 3368 vespere.
1399 3298 1452 3353 Si
1479 3302 1619 3354 enim
1651 3316 1753 3352 non
1782 3309 1833 3353 te
1861 3300 2086 3355 delectet

515 3394 627 3462 ipse
653 3392 851 3455 exitus,
883 3406 988 3443 non
1016 3389 1281 3443 laborabis
1307 3389 1451 3443 exire
1480 3388 1624 3443 inde.
1657 3388 1817 3442 Mittis
1846 3402 2001 3459 caput
2032 3390 2083 3444 itt

516 3485 720 3537 lucrum
752 3482 1065 3549 promissum
1086 3521 1100 3544 ,
1127 3480 1170 3532 si
1205 3495 1307 3534 non
1338 3493 1388 3534 te
1415 3479 1640 3549 delvetet
1671 3480 1948 3549 promissio
1972 3481 2086 3535 Sal-

516 3576 732 3628 vatoris.
763 3574 826 3627 Et
858 3587 1065 3636 rursus,
1097 3572 1241 3626 redis
1272 3572 1493 3625 tentanti
1517 3614 1529 3635 ,
1559 3580 1612 3627 et
1638 3573 1883 3634 terrenti,
1910 3574 1953 3627 si
1981 3589 2084 3627 noti

518 3680 567 3722 te
593 3668 821 3723 delectet
851 3667 938 3721 ille
962 3666 1050 3736 qui
1078 3665 1220 3736 prior
1247 3677 1432 3734 passus
1463 3673 1563 3731 est,
1592 3673 1649 3718 ut
1674 3664 1766 3719 tibi
1789 3666 1983 3720 exitum
2007 3664 2086 3719 la-

514 3770 678 3815 ceret.
710 3757 891 3812 E.ritus
919 3774 1064 3811 mane
1090 3771 1135 3810 et
1164 3772 1361 3826 vespere
1384 3741 1668 3811 dilectabis.

589 3851 675 3905 16.
699 3849 851 3923 [vers.
868 3846 981 3920 ιιι]
1010 3846 1229 3902 Visitasti
1243 3856 1445 3911 terram,
1465 3855 1510 3899 et
1524 3845 1780 3899 ittcbriasti
1794 3862 1922 3900 eam.
1940 3846 2088 3901 Unde

518 3942 798 3996 iuebriavit
829 3939 1068 3995 terram?
1096 3937 1243 3993 Calia:
1276 3948 1389 3992 tuus
1417 3938 1666 3992 inebrians
1698 3955 1846 4007 quam
1872 3940 2087 4009 prwcla-

516 4050 600 4088 rus
627 4044 697 4086 est
726 4030 907 4103 (Psat.
938 4048 1048 4085 x-im
1074 4074 1087 4093 ,
1120 4032 1189 4100 ὃ)
1214 4032 1227 4083 !
1268 4029 1489 4084 Visitasti
1521 4039 1735 4098 terram,
1763 4042 1808 4085 et
1838 4032 2091 4086 inebrinsti

517 4141 628 4177 eam
668 4138 685 4176 :
722 4123 907 4176 misisti
956 4124 1121 4176 nubes
1168 4132 1322 4184 tuas,
1373 4121 1616 4191 pluerunt
1664 4121 2088 4201 praedicationem

522 4217 779 4295 veritatis,
812 4214 1067 4269 inebriata
1094 4225 1175 4269 est
1201 4223 1361 4268 terra.
1394 4213 1744 4285 Multiplicasti
1767 4215 1929 4269 ditare
1957 4232 2088 4270 eam.

523 4311 673 4367 Unde
701 4308 1044 4378 utultiplicasti
1071 4324 1179 4361 eam
1208 4308 1413 4362 ditare?
1438 4306 1647 4362 Flavius
1668 4306 1764 4361 Dei
1784 4309 2001 4377 repletus
2021 4320 2091 4361 est

520 4419 669 4473 aqua.
709 4400 839 4466 Quis
866 4407 947 4453 est
972 4398 1154 4468 fluvius
1188 4396 1283 4450 Dei
1300 4398 1326 4451 τ’
1361 4398 1590 4468 Populus
1618 4398 1732 4453 Dei.
1763 4398 1971 4453 Primus
2000 4415 2094 4469 po-

522 4495 674 4563 pulus
702 4494 931 4563 repletus
957 4500 1065 4554 est,
1100 4489 1238 4543 unde
1265 4499 1455 4544 cn‘tera
1488 4501 1624 4545 terra
1652 4492 1930 4561 rigaretur.
1958 4493 2092 4547 Audi

523 4590 667 4644 illum
699 4589 1091 4658 promittentem
1120 4566 1310 4655 aquam
1347 4605 1359 4639 :
1384 4584 1446 4639 Si
1472 4587 1581 4655 quis
1606 4587 1730 4652 sitit,
1757 4587 1918 4641 veniat
1942 4599 1987 4641 et
2015 4588 2093 4641 bi-

525 4685 623 4732 bat.
654 4682 753 4747 Qui
779 4680 932 4733 credit
960 4679 1009 4731 itt
1038 4695 1131 4738 me,
1166 4677 1377 4745 ﬂumina
1403 4692 1545 4745 aqua:
1569 4677 1690 4730 viva:
1713 4679 1773 4731 de
1800 4689 1962 4731 ventre
1986 4678 2094 4748 ejus

525 4772 677 4837 [luent
708 4770 882 4840 (Joan.
901 4788 991 4835 vtt,
1017 4771 1082 4824 57
1100 4779 1144 4821 et
1162 4769 1275 4838 38).
1297 4766 1351 4821 Si
1378 4766 1613 4830 ﬁumina,
1639 4778 1692 4821 et
1715 4786 1846 4822 unus
1871 4770 2091 4834 ﬂuvius;

524 4860 645 4927 quia
691 4874 900 4929 propter
941 4862 1193 4915 unitatem
1226 4858 1370 4913 nutlti
1416 4874 1575 4911 unum
1607 4869 1749 4913 sunt.
1783 4859 1957 4914 Multa:
1991 4861 2092 4915 Ec-

523 4948 720 5011 clesizr,
752 4962 806 5004 et
831 4968 931 5005 una
964 4952 1235 5014 Ecclesia;
1266 4950 1410 5004 tnulti
1444 4948 1626 5003 ﬁdeles
1645 4991 1659 5015 ,
1690 4959 1743 5003 et
1770 4965 1870 5003 una
1900 4965 2093 5020 Sponsa

526 5039 721 5093 Christi
755 5056 768 5091 :
801 5043 877 5094 sic
905 5043 1062 5095 multa
1096 5042 1329 5105 ﬂumina,
1360 5052 1414 5095 ct
1445 5054 1578 5094 unus
1608 5040 1814 5094 ﬂuvius.
1848 5042 2096 5098 Credide—

526 5139 648 5186 runt
677 5131 824 5185 multi
856 5132 1101 5187 Israelita:
1128 5174 1141 5197 .
1175 5143 1228 5189 et
1258 5134 1459 5204 impleti
1490 5144 1611 5188 sunt
1637 5133 1833 5204 Spiritu
1864 5146 2046 5189 saneto
2081 5155 2094 5192 :

526 5223 647 5279 inde
688 5222 861 5276 diffusi
905 5235 1026 5278 sunt
1069 5241 1160 5293 per
1204 5225 1440 5289 Gentes;
1487 5237 1764 5296 cmperunt
1808 5228 2097 5298 praedicare

526 5316 799 5369 veritatem
822 5355 838 5379 ,
866 5314 1009 5369 etde
1036 5316 1194 5369 fluvio
1225 5318 1313 5382 Dei
1340 5319 1425 5386 qui
1453 5319 1700 5388 impletus
1725 5330 1806 5374 est
1830 5336 1961 5390 aqua
1983 5322 2099 5385 ,θῆτα

527 5410 690 5477 rigata
731 5417 813 5463 est
854 5416 960 5461 tota
990 5418 1167 5462 terra.
1207 5407 1407 5462 Parasti
1433 5412 1596 5464 cibum
1624 5413 1863 5476 illorum;
1890 5418 2005 5484 quia
2031 5417 2099 5471 itu

526 5511 595 5555 est
620 5500 923 5570 properatio
949 5510 1056 5553 tua.
1084 5498 1195 5552 Non
1220 5500 1344 5568 quia
1376 5510 1425 5553 te
1455 5513 1882 5569 promeruerunt,
1911 5506 2099 5573 quibus

528 5601 740 5662 peccata
780 5590 990 5647 donasti
1020 5609 1032 5645 :
1063 5590 1248 5645 merita
1292 5590 1501 5644 illorum
1534 5594 1670 5646 mala
1699 5604 1888 5657 erant;
1920 5595 2011 5650 sed
2042 5605 2098 5651 tu

590 5788 607 5820 ⁸
795 5799 842 5841 ut
865 5798 1065 5842 teneam.
1088 5790 1337 5851 Particulo,
1361 5797 1431 5853 ut,
1453 5794 1589 5843 abest
1606 5808 1642 5844 με
1665 5801 1768 5845 εδδ.

1704 344 1773 415 's.
1819 356 2177 416 AUGUSTlNl
2218 356 2514 412 EPISCOPI

3658 344 3758 410 781

2172 479 2388 539 propter
2426 468 2843 524 miscricordiatn‘
2884 477 3023 522 lnam
3053 512 3067 534 ,
3096 472 3212 538 quia
3242 470 3311 521 ita
3356 479 3426 522 est
3454 471 3761 539 prapamti'o

2178 571 2285 621 tua,
2315 562 2383 613 ita
2414 561 2603 629 parasti
2631 560 2791 614 cibum
2817 560 3039 614 illorum.

2252 652 2337 705 15.
2371 649 2521 722 [υρνε.
2553 649 2663 723 1-1.]
2693 650 2873 705 Sulcos
2894 653 3002 720 ejus
3032 649 3241 705 inebria.
3267 650 3415 704 Fiant
3439 665 3566 719 ergo
3585 651 3762 719 primo

2183 744 2314 797 sttlci
2346 744 2433 813 qui
2460 743 2782 798 inebrientur
2807 762 2818 795 :
2843 744 3029 796 duritia
3061 744 3285 811 pectoris
3306 744 3468 796 nostri
3493 746 3773 814 aperiatur-

2185 849 2398 888 vomere
2426 834 2687 887 sermonis
2718 833 2831 895 Dei,
2862 832 3041 888 Sulcos
3079 835 3189 903 ejus
3226 833 3449 898 inebria;
3480 834 3767 904 multiplica

2183 926 2522 995 generationes
2559 926 2688 995 ejus.
2730 924 2981 978 Videmus
3012 946 3025 978 :
3051 924 3294 986 credunt,
3321 935 3373 977 et
3400 941 3463 977 ex
3490 924 3766 980 credenti-

2184 1016 2279 1070 bus
2307 1015 2394 1070 alii
2420 1015 2663 1079 credunt,
2695 1024 2749 1068 et
2774 1031 2836 1069 ex
2868 1015 2968 1069 illis
2992 1015 3079 1068 alii
3109 1014 3366 1073 credunt:
3398 1026 3450 1069 et
3478 1030 3582 1067 non
3611 1015 3765 1069 suill—

2182 1107 2253 1159 eit
2292 1108 2379 1159 uni
2419 1106 2617 1159 homini
2646 1115 2703 1159 ut
2731 1105 2897 1159 lactus
2928 1106 3038 1174 ipse
3070 1106 3240 1159 ﬁdelis
3268 1123 3426 1158 unum
3455 1106 3692 1159 lucretur
3725 1110 3765 1159 ‘.

2184 1196 2273 1249 Sic
2316 1197 2695 1266 multiplicatur
2737 1208 2789 1251 ct
2819 1214 3002 1251 semen
3036 1216 3049 1249 :
3080 1213 3239 1266 pauca
3269 1214 3428 1267 grana
3458 1199 3765 1265 mittuntur,

2184 1297 2236 1342 et
2264 1297 2471 1358 segetes
2514 1300 2830 1357 exsurgunt.
2875 1289 3055 1342 Sulcos
3085 1290 3193 1358 ejus
3225 1290 3445 1354 inebriu;
3484 1291 3770 1361 multiplica

2184 1380 2521 1448 generationes
2545 1380 2652 1449 ejus
2676 1395 2694 1432 :
2720 1382 2768 1431 in
2795 1380 3066 1432 stillicidiis
3086 1381 3192 1433 suis
3214 1380 3478 1441 (celabitur,
3507 1397 3624 1433 cum
3647 1398 3772 1435 ero-

2142 1463 2149 1470 ’
2185 1472 2356 1523 rietur.
2397 1470 2451 1525 ld
2492 1482 2610 1535 est,
2652 1481 2931 1541 antequam
2976 1472 3044 1524 sit
3086 1471 3219 1525 forte
3256 1472 3443 1526 idonea
3481 1473 3768 1541 eapacitati

2186 1559 2418 1614 ﬂuminis
2436 1602 2450 1624 ,
2478 1578 2590 1614 cum
2617 1562 2883 1624 exorietur,
2922 1563 2972 1615 in
3010 1561 3279 1615 stillicidiis
3305 1563 3439 1626 suis,
3472 1562 3524 1616 id
3552 1573 3637 1617 est
3664 1565 3771 1617 sibi

2185 1655 2465 1722 congruis,
2511 1654 2779 1707 laetabitur.
2814 1654 3049 1707 Parvttlis
3086 1655 3225 1707 enim
3254 1654 3426 1707 adhuc
3451 1664 3506 1708 et
3540 1655 3770 1709 inﬁrmis

2187 1744 2450 1798 stillantur
2475 1744 2712 1815 quiedam
2749 1745 2812 1798 de
2842 1747 3188 1799 sacramentis
3212 1786 3227 1810 ,
3259 1747 3378 1815 quia
3408 1763 3511 1799 non
3545 1759 3773 1814 pOSsunt

2186 1851 2375 1905 capere
2408 1837 2786 1906 plenitudinem
2825 1838 3081 1892 veritatis.
3122 1838 3255 1891 Audi
3294 1839 3562 1906 quomodo
3590 1840 3771 1893 Slillcl

2189 1929 2422 1999 parvulis
2447 1929 2572 1983 dum
2598 1929 2926 1993 exoriuntur,
2957 1929 3007 1983 id
3031 1938 3114 1983 est
3141 1931 3191 1982 in
3221 1931 3418 1983 recenti
3448 1941 3565 1983 ortu
3591 1932 3771 1986 minus

2184 2024 2485 2092 rapacibus.
2513 2024 2797 2094 Apostolus
2818 2023 2944 2078 dicit
2968 2042 2980 2077 :
3010 2023 3127 2077 Non
3151 2026 3289 2093 potui
3310 2027 3444 2078 vobis
3467 2025 3604 2095 loqui
3623 2028 3771 2095 quasi

2186 2115 2528 2186 spiritualibus
2551 2158 2566 2181 ,
2605 2118 2694 2171 sed
2729 2118 2872 2184 quasi
2908 2118 3190 2170 carnalibus
3213 2160 3228 2181 ,
3268 2121 3413 2188 quasi
3453 2121 3678 2186 parvulis
3716 2123 3773 2172 in

2187 2204 2384 2260 Cltristo
2411 2206 2454 2274 (1
2482 2206 2597 2261 Cor.
2630 2223 2683 2261 ιιι
2701 2248 2715 2270 ,
2747 2208 2821 2277 1).
2849 2206 2983 2261 Cum
3009 2206 3164 2271 dicit,
3199 2209 3420 2275 parvulis
3449 2210 3501 2261 itt
3530 2207 3731 2263 Christo
3751 2252 3767 2269 ,

2181 2299 2290 2368 jam
2319 2298 2446 2354 dicit
2467 2309 2700 2367 exortes,
2734 2301 2826 2354 sed
2851 2300 3083 2355 nondum
3112 2299 3331 2355 idoneos
3358 2301 3423 2356 ad
3450 2303 3768 2372 capiendam

2188 2390 2331 2445 illam
2360 2392 2574 2447 uberem
2613 2391 2926 2460 sapientiam
2953 2433 2971 2454 .
3008 2391 3078 2447 de
3114 2409 3216 2462 qua
3244 2393 3374 2448 dicit
3406 2413 3420 2444 :
3454 2393 3775 2464 Sapientiam

2187 2481 2434 2551 loquimur
2457 2482 2583 2536 inter
2610 2482 2853 2552 perfectos
2890 2484 2909 2552 (
2931 2482 3018 2536 Id.
3047 2499 3118 2547 tt,
3144 2483 3179 2538 6
3203 2482 3244 2554 ).
3274 2484 3507 2539 Laetetur
3533 2486 3585 2538 in
3612 2487 3773 2539 stilli-

2187 2572 2337 2626 eidiis
2366 2574 2475 2626 suis
2497 2614 2512 2637 ,
2541 2588 2659 2627 cum
2690 2575 2926 2628 exoritur
2953 2584 3008 2628 et
3034 2584 3292 2644 augetur;
3323 2575 3602 2629 roboratus
3633 2580 3654 2608 ¹
3681 2594 3774 2631 ra-

2190 2664 2294 2731 piet
2321 2673 2373 2717 et
2398 2663 2709 2734 sapientiam
2739 2682 2753 2717 :
2782 2665 3052 2735 quomodo
3080 2664 3250 2719 infans
3276 2666 3507 2721 nutritur
3532 2668 3686 2732 lacte,
3716 2679 3774 2721 et

2192 2754 2249 2807 ﬁt
2277 2754 2498 2809 idoneus
2525 2756 2681 2819 cibo;
2712 2765 2887 2809 tamen
2913 2775 2924 2825 ι
2946 2757 3081 2810 rimo
3104 2757 3171 2810 de
3199 2760 3312 2825 ipso
3340 2757 3459 2810 cibo
3482 2760 3566 2810 cui
3594 2761 3775 2811 mith

2190 2848 2409 2900 idoneus
2454 2858 2598 2911 erat,
2644 2848 2715 2901 illi
2757 2847 2836 2901 lac
2881 2847 3075 2901 factum
3115 2858 3217 2902 est.
3250 2847 3313 2901 In
3349 2849 3619 2903 stillicidiis
3664 2853 3776 2903 suis

2188 2936 2450 2999 ltetubitur,
2479 2953 2590 2989 cum
2614 2939 2879 2990 exorietur.

2206 3050 2215 3067 -
2262 3026 2344 3081 16.
2387 3025 2535 3099 [νει-δ.
2563 3024 2673 3100 12]
2715 3026 2978 3081 Benedices
3012 3044 3248 3082 coronam
3282 3031 3404 3082 anni
3440 3029 3773 3101 benignitatis

2188 3127 2307 3169 tute.
2339 3117 2635 3171 Seminatur
2661 3115 2839 3183 modo,
2867 3119 3057 3171 crescit
3081 3117 3218 3188 quod
3245 3119 3557 3185 seminatur,
3585 3120 3689 3174 erit
3714 3133 3776 3174 et

2190 3208 2397 3260 messis.
2431 3206 2498 3261 Et
2529 3206 2685 3261 modo
2714 3224 2875 3278 super
2903 3225 3085 3263 semen
3116 3210 3557 3279 superscminavit
3586 3213 3772 3265 inimi-

2188 3315 2281 3353 cus
2308 3285 2535 3365 zizania;
2566 3312 2617 3354 et
2646 3302 2813 3355 exorti
2841 3311 2964 3356 sunt
2990 3302 3115 3356 tnali
3153 3304 3288 3357 inter
3315 3303 3501 3368 bonos,
3534 3305 3769 3374 pseudo—

2189 3391 2456 3445 ebristiaui
2478 3432 2492 3455 ,
2525 3392 2751 3445 similem
2770 3380 3038 3447 habentes
3065 3392 3302 3457 herbam,
3331 3394 3425 3447 svd
3453 3410 3555 3447 nou
3585 3411 3772 3464 parent

2192 3483 2437 3538 fructum.
2485 3482 2692 3537 Etenim
2744 3484 2942 3538 zizania
2982 3501 3042 3539 ea
3090 3486 3299 3556 proprie
3341 3486 3608 3551 dicuntur,
3650 3504 3777 3556 quze

2192 3584 2480 3630 nascuntur
2532 3576 2583 3630 in
2635 3576 2976 3631 similitudine
3027 3576 3449 3641 l‘rtnncntorutn;
3488 3578 3642 3632 sicuti
3686 3589 3778 3632 est

2194 3666 2396 3733 lolium,
2437 3668 2591 3721 sicuti
2633 3678 2714 3721 est
2744 3683 2929 3731 avena,
2952 3676 3004 3721 et
3038 3680 3225 3721 ra-tera
3256 3669 3375 3723 talia
3402 3684 3518 3739 qtae
3545 3670 3775 3740 primaut

2194 3759 2408 3814 herbam
2441 3775 2655 3831 prorsus
2685 3760 2916 3814 similem
2960 3760 3172 3814 habent.
3206 3761 3487 3831 Propterea
3512 3762 3580 3816 de
3604 3766 3742 3817 senti
3761 3796 3778 3804 -

2193 3852 2404 3906 natione
2424 3852 2743 3905 zizaniorum
2767 3851 2867 3905 hoc
2886 3851 3013 3906 dicit
3037 3852 3286 3905 Dominus
3310 3871 3323 3905 :
3354 3851 3492 3905 Venit
3513 3854 3775 3916 inimicus,

2192 3953 2240 3996 et
2266 3943 2672 4013 superseminavit
2700 3943 2929 4008 zizania;
2959 3960 3070 3995 cum
3110 3954 3277 3996 autem
3315 3944 3543 3996 crerisset
3573 3944 3733 3997 herba
3756 3987 3776 4010 ,

2195 4045 2241 4087 et
2260 4035 2481 4104 fructum
2503 4037 2728 4107 fecisset,
2751 4047 2865 4089 tunc
2886 4047 3227 4105 apparuerunt
3247 4038 3460 4090 zizania.
3487 4038 3625 4106 Ergo
3646 4043 3783 4093 venit

2194 4125 2423 4179 inimicus
2442 4169 2456 4192 ,
2488 4136 2532 4180 et
2560 4126 2966 4197 sttpcrseminavit
2989 4127 3186 4179 zizania
3215 4142 3233 4179 :
3254 4126 3345 4180 sed
3371 4128 3493 4195 qttid
3525 4128 3651 4182 fecit
3682 4131 3784 4184 tri-

2199 4216 2339 4270 lico?
2366 4216 2477 4270 Non
2502 4217 2816 4287 Oppi-imiter
2837 4217 3051 4271 zizaniis
3072 4216 3387 4271 frumentum
3410 4236 3423 4282 ;
3450 4219 3555 4273 itno
3577 4235 3676 4289 per
3696 4229 3785 4273 to-

2197 4309 2469 4363 lt-rantiam
2513 4307 2833 4362 zizaniorum
2881 4309 3071 4363 crescit
3110 4306 3313 4362 fructus
3363 4307 3781 4365 frumentorum.

2199 4397 2315 4468 Ipse
2348 4399 2489 4451 enim
2525 4398 2778 4452 Dominus
2808 4376 2939 4452 dixit
2962 4399 3275 4467 quibusdam
3304 4400 3559 4469 operariis
3588 4402 3783 4455 volen-

2199 4491 2337 4545 tibus
2363 4488 2635 4545 eradicare
2661 4491 2858 4544 zizania
2891 4508 2904 4543 :
2934 4490 3096 4544 Sinite
3134 4502 3341 4559 utraque
3374 4508 3594 4545 crescere
3623 4510 3787 4561 usque

2197 4585 2263 4636 ad
2293 4601 2515 4648 messem,
2545 4600 2606 4637 ne
2630 4583 2758 4654 forte
2783 4599 2898 4637 cum
2924 4585 3070 4637 vultis
3094 4585 3349 4637 eradicare
3367 4585 3584 4648 zizania,
3611 4587 3787 4638 eratsi-

2199 4677 2316 4729 cetis
2346 4676 2495 4729 simul
2535 4684 2579 4729 et
2609 4678 2952 4746 frumentum;
2980 4680 3066 4729 sed
3093 4676 3143 4727 in
3174 4686 3392 4747 tempore
3416 4677 3589 4729 messis
3614 4678 3786 4730 dicant

2199 4772 2497 4823 ιιιιιδδοιὶὺιιε
2520 4787 2536 4822 ;
2558 4769 2785 4839 Colligite
2815 4773 3029 4837 primum
3059 4772 3257 4824 zizania
3280 4812 3295 4835 ,
3321 4782 3367 4824 ct
3390 4772 3596 4841 alligate
3622 4773 3786 4843 fasci—

2200 4860 2339 4914 culos
2370 4861 2437 4912 ad
2465 4861 2852 4913 comburendnm
2877 4875 2893 4922 ;
2926 4860 3226 4927 frumentunt
3251 4871 3415 4915 autem
3444 4863 3698 4916 recondita
3728 4863 3785 4916 in

2201 4953 2431 5003 horreum
2453 4949 2659 5020 (Matth.
2686 4966 2795 5012 xta.
2817 4950 3027 5020 25-50).
3057 4949 3147 5005 llle
3169 4960 3253 5006 est
3280 4950 3396 5004 ﬁnis
3417 4952 3565 5016 anui,
3588 4953 3787 5006 messis

2202 5042 2404 5097 smculi.
2434 5041 2699 5095 Benedices
2725 5060 2961 5095 coronant
2987 5044 3107 5096 anni
3133 5042 3446 5114 benignitatis
3470 5055 3588 5098 tua.
3614 5045 3789 5098 Coro-

2204 5150 2322 5188 nam
2352 5135 2435 5188 ubi
2462 5135 2630 5198 audis,
2658 5135 2820 5205 gloria
2845 5136 3078 5189 victoria:
3097 5134 3438 5205 signiﬁcatur.
3469 5135 3633 5191 Vince
3656 5136 3789 5191 Dia-

2206 5226 2381 5279 bolum
2409 5268 2422 5288 ,
2454 5236 2507 5280 et
2544 5226 2759 5280 habebis
2794 5240 3064 5279 cumnam.
3096 5218 3367 5279 Benedices
3390 5242 3631 5281 coronam
3659 5226 3790 5280 anui

2205 5318 2516 5387 benignitatis
2540 5329 2655 5372 tum.
2682 5318 2881 5372 llursus
2898 5317 3233 5373 commendat
3253 5318 3633 5388 benignitatem
3659 5321 3791 5386 Dei,

2207 5427 2270 5464 ne
2303 5412 2576 5479 quisquam
2608 5410 2673 5465 de
2703 5412 2813 5465 suis
2843 5409 3046 5466 meritis
3067 5411 3345 5482 glorietur.
3784 5478 3789 5481 _

2278 5504 2363 5558 17.
2406 5502 2555 5576 [vers.
2600 5502 2710 5575 l5.]
2752 5503 2817 5556 Et
2862 5506 3026 5573 campi
3064 5505 3135 5558 tui
3176 5506 3495 5575 rapiebantur
3534 5496 3791 5560 ubertate:

2272 5618 2286 5647 ¹
2305 5617 2386 5684 sic
2406 5628 2576 5684 omnes
2598 5621 2702 5665 Mss.
2729 5625 2785 5667 At
2804 5616 2915 5666 Edd.
2943 5624 2993 5668 ut
3013 5619 3168 5681 factus
3188 5616 3288 5683 ipse
3305 5617 3366 5669 sit
3398 5615 3581 5681 ﬁdelis,
3615 5619 3661 5670 si
3689 5632 3789 5671 twn

2206 5683 2250 5727 et
2267 5676 2414 5725 alium
2432 5677 2658 5725 lucretur.

2209 5739 2584 5850 bo;aliqttot
2604 5746 2706 5789 uss.
2733 5746 2787 5789 At
2808 5739 2941 5803 me,
2965 5752 3073 5791 cum
3099 5739 3360 5802 exorietur,
3384 5750 3619 5804 augeatur
3637 5747 3682 5792 et
3707 5754 3787 5792 ro-

3734 5933 3794 5956 ,ιη
