4022 6200
299 416 395 476 ῗ85

300 531 626 604 Pinguescant
666 534 789 602 ﬁnes
826 533 1024 596 deserti,
1067 544 1111 587 et
1139 533 1287 605 colles
1323 535 1656 590 exsultatione
1687 534 1859 588 accin-

297 636 493 694 gentm.
522 624 704 693 Campi
729 666 745 690 ,
773 623 935 678 colles
958 667 972 689 ,
1004 623 1133 679 fines
1162 624 1355 679 deserti
1384 667 1400 691 ,
1433 625 1586 679 iidem
1616 625 1712 694 ipsi
1739 633 1862 678 sunt

299 718 562 772 homines.
607 718 787 785 Campi
826 726 1037 786 propter
1062 717 1415 786 aequalitatem
1447 735 1460 769 :
1491 734 1617 788 ergo
1646 726 1859 785 propter

278 808 668 877 aequalitatem,
699 806 821 862 inde
844 807 967 862 dicti
990 817 1112 861 sunt
1135 808 1328 876 campi,
1356 808 1536 877 populi
1561 808 1709 876 justi.
1737 806 1858 861 Col-

295 898 376 953 les
406 907 622 968 propter
644 899 964 965 erectionem
982 916 998 963 ;
1018 898 1141 969 quia
1162 900 1316 970 erigit
1340 901 1393 952 in
1418 916 1475 953 se
1499 900 1634 953 Deus
1653 914 1746 953 eos
1766 898 1855 967 qui

292 1004 354 1043 se
377 988 672 1043 humiliant.
701 988 860 1044 Fines
884 989 1100 1055 deserti,
1131 1005 1315 1044 omnes
1343 990 1558 1045 Gentes.
1589 984 1760 1055 Quare
1792 987 1854 1040 fi-

291 1096 389 1135 nes
423 1081 658 1136 deserti?
702 1068 902 1135 Descirti
931 1090 1122 1147 erant;
1165 1082 1340 1136 nullus
1376 1082 1443 1135 ad
1470 1097 1563 1136 eos
1592 1080 1854 1150 Pmpheta

291 1172 486 1225 missus
510 1181 626 1226 erat
652 1189 667 1225 :
691 1172 769 1226 sic
796 1180 948 1227 erant
974 1173 1044 1225 illi
1072 1173 1338 1242 quomodo
1365 1187 1594 1234 oremus,
1623 1188 1721 1241 qua
1751 1188 1852 1225 non

292 1262 480 1315 transit
501 1261 678 1315 homo.
708 1261 914 1315 Nullum
930 1262 1152 1317 verbum
1179 1262 1270 1316 Dei
1295 1263 1510 1316 missum
1529 1272 1611 1316 est
1630 1262 1692 1315 ad
1709 1262 1854 1316 Gen-

290 1351 491 1406 tes:soli
509 1353 700 1421 populo
716 1352 872 1407 Israel
892 1353 1307 1423 prmdicaverunt
1324 1354 1850 1423 Prhphcta:.\'entrnn

287 1441 457 1494 estad
482 1442 792 1507 Dominum;
815 1443 1151 1498 crediderunt
1172 1442 1430 1498 frumenta
1455 1444 1504 1497 in
1528 1445 1641 1514 ipso
1662 1446 1853 1514 popqu

287 1532 606 1586 Iudaeorum.
654 1533 784 1587 Nam
829 1534 961 1588 dixit
1006 1543 1133 1589 tunc
1172 1534 1486 1603 discipulis:
1517 1534 1694 1587 Dicitis
1736 1536 1852 1603 quia

287 1626 434 1696 longe
455 1634 525 1677 est
561 1627 732 1679 messis
753 1644 771 1693 ;
798 1627 1027 1700 respicite,
1046 1668 1061 1693 ,
1088 1637 1134 1680 et
1162 1628 1322 1681 videte
1343 1628 1460 1697 quia
1483 1627 1612 1679 alba:
1632 1637 1747 1680 sunt
1768 1644 1849 1679 re-

291 1716 459 1784 giones
482 1715 547 1767 ad
571 1732 790 1769 messem.
817 1718 936 1771 Fuit
955 1733 1080 1788 ergo
1105 1717 1294 1772 messis
1314 1717 1480 1787 prima
1502 1732 1516 1779 ;
1538 1716 1639 1770 erit
1657 1732 1847 1772 secun—

288 1809 352 1862 da
397 1810 447 1862 in
486 1811 668 1865 ultimo
704 1811 918 1865 saeculo.
962 1811 1161 1865 Messisl
1186 1811 1352 1880 prima
1379 1811 1447 1867 de
1469 1810 1700 1874 Judzeis;
1727 1811 1847 1881 quia

289 1900 626 1975 mittebantur
648 1901 713 1955 ad
735 1901 852 1956 illos
879 1901 1152 1969 Propheta:
1175 1901 1547 1956 annuntiantes
1571 1912 1845 1956 venturum

280 1992 628 2046 Salvatorem.
657 1992 778 2047 Ideo
800 1992 931 2047 dixit
960 1992 1228 2063 discipulis
1254 1996 1365 2049 suis
1388 1994 1661 2058 Dominus,
1697 1992 1847 2048 Vide-

283 2078 337 2132 te
353 2082 470 2148 quia
497 2082 624 2137 albte
649 2094 763 2137 sunt
789 2085 1011 2153 regiones
1034 2086 1101 2137 ad
1129 2102 1330 2139 messem
1359 2102 1378 2139 :
1401 2086 1641 2156 regiones
1667 2084 1846 2155 utique

280 2171 499 2226 .ludmze.
533 2172 652 2238 Alii,
684 2175 878 2242 inquit,
908 2175 1283 2240 laboraverunt,
1312 2187 1356 2230 et
1385 2193 1469 2231 vos
1497 2177 1548 2230 in
1573 2194 1743 2231 eorum
1771 2179 1845 2231 la-

280 2262 420 2315 bores
444 2263 667 2317 intrastis
696 2264 870 2332 (Joan.
899 2281 949 2318 tv
973 2307 986 2331 ,
1019 2267 1086 2321 '55
1106 2305 1120 2329 ,
1152 2267 1263 2336 58).
1294 2267 1686 2322 Laboraverunt
1714 2268 1845 2322 Pro-

280 2353 453 2419 pheta:
496 2362 552 2407 ιιι
590 2355 940 2419 seminarent,
983 2366 1034 2411 et
1066 2371 1157 2415 vos
1185 2373 1304 2412 cum
1335 2359 1466 2413 falce
1504 2358 1738 2413 intrastis
1774 2359 1843 2414 ad

279 2444 497 2498 illorum
515 2447 739 2502 labores.
767 2447 923 2503 Facta
943 2457 1171 2519 estergo
1192 2450 1358 2518 prima
1379 2450 1599 2516 messis;
1623 2459 1676 2507 ct
1698 2452 1840 2517 inde,

275 2534 340 2589 de
367 2536 485 2603 ipso
508 2535 770 2592 frumento
794 2538 932 2609 quod
963 2549 1088 2594 tunc
1113 2549 1385 2610 purgatum
1414 2549 1522 2607 est,
1552 2542 1841 2596 seminatns

274 2633 351 2678 est
393 2625 540 2679 orbis
568 2635 824 2682 terrarum
846 2671 860 2692 ,
893 2639 944 2682 ιιι
975 2638 1155 2699 surgat
1175 2630 1273 2683 alia
1302 2631 1490 2685 messis
1512 2647 1630 2701 qua:
1654 2632 1705 2686 in
1736 2632 1840 2687 fine

274 2716 517 2769 tnetenda
555 2727 655 2773 est.
697 2718 750 2772 In
794 2719 1025 2774 secunda
1066 2735 1240 2775 messe
1266 2723 1679 2790 super-seminata
1714 2735 1838 2777 sunt

273 2808 505 2871 zizania;
547 2808 705 2863 modo
735 2809 819 2864 hic
844 2810 1133 2865 laboratur.
1170 2810 1444 2878 Quomodo
1469 2812 1520 2866 in
1553 2812 1640 2866 illa
1667 2813 1833 2881 prima

273 2900 641 2956 laboraverunt
670 2902 945 2972 Propheta:
964 2944 979 2967 ,
1009 2917 1283 2973 quousque
1311 2904 1511 2959 veniret
1540 2905 1834 2971 Dominus;

269 2990 347 3044 sic
388 2992 441 3043 in
484 2992 581 3045 ista
621 2992 848 3047 secunda
882 2994 1251 3048 laboraverunt
1276 2994 1541 3063 Apostoli,
1569 3003 1624 3051 et
1650 3009 1838 3052 omnes

271 3079 646 3146 prmdicatores
685 3083 921 3137 veritatis
962 3083 1241 3147 laborant,
1284 3099 1555 3154 quousque
1584 3085 1636 3140 in
1674 3087 1831 3143 finem

272 3172 526 3227 Dominus
554 3174 727 3228 mittat
751 3175 802 3228 in
832 3189 1056 3229 messem
1086 3175 1316 3244 Angelos
1340 3191 1485 3231 suos.
1512 3177 1681 3232 Antea
1706 3194 1833 3249 ergo

266 3263 532 3318 desertum
562 3274 705 3330 erat;
734 3265 827 3320 sed
856 3266 1173 3337 pinguescent
1200 3267 1326 3336 ﬁnes
1351 3267 1550 3322 deserti.
1579 3269 1716 3324 Ecce
1743 3270 1828 3324 ubi

264 3354 545 3424 Prophetas
584 3371 686 3409 non
728 3367 1031 3421 sonuerant,
1060 3357 1312 3412 Dominus
1337 3358 1712 3428 Prophetarum
1738 3377 1825 3416 ac-

263 3455 449 3515 ceptus
490 3455 593 3501 est.
637 3446 967 3518 Pinguescent
1002 3449 1127 3518 ﬁnes
1164 3448 1378 3517 deserti,
1419 3459 1464 3504 et
1500 3452 1829 3506 exsultatione

261 3537 414 3590 colles
449 3539 789 3609 accingentur.

329 3630 421 3683 18.
439 3626 590 3699 [νει-δ.
620 3629 729 3701 14.]
749 3628 922 3684 Induti
950 3640 1065 3684 sunt
1091 3633 1266 3686 arietes
1287 3634 1453 3686 ovium
1474 3650 1493 3686 :
1514 3635 1828 3689 subaudien-

256 3719 409 3786 dum,
431 3720 783 3774 exsultatione.
807 3723 917 3788 Qua
940 3724 1079 3778 enim
1102 3725 1454 3778 exsultatione
1473 3726 1636 3780 colles
1655 3729 1829 3781 accin-

252 3821 472 3878 gentur,
504 3809 604 3864 hac
631 3812 916 3866 induuntur
942 3814 1134 3867 arietes
1158 3815 1352 3868 ovium.
1380 3816 1478 3884 Ipsi
1505 3818 1715 3884 arietes,
1739 3820 1826 3886 qui

253 3899 445 3952 colles.
470 3897 829 3965 Collcscnim,
855 3902 1202 3956 eminentiore
1225 3904 1426 3972 gratia;
1456 3906 1669 3978 arietes,
1697 3908 1820 3976 quia

253 3991 424 4044 duces
449 4005 689 4059 gregum.
730 3991 935 4046 Arietes
969 4006 1095 4061 ergo
1121 3993 1356 4061 Apostoli
1386 3994 1550 4049 induti
1578 4006 1701 4050 sunt
1723 4012 1825 4052 ex-

252 4080 558 4145 sultatione,
587 4081 811 4150 gaudent
839 4081 904 4136 de
930 4081 1186 4136 fructibus
1210 4085 1353 4145 suis;
1384 4100 1487 4139 non
1517 4087 1632 4142 sine
1654 4102 1812 4142 causa

254 4174 668 4241 laboraverunt,
701 4193 805 4231 non
834 4178 950 4232 sine
986 4194 1142 4233 causa
1183 4181 1615 4250 praedicaverunt.
1649 4180 1827 4237 Induti

251 4277 372 4320 sunt
413 4268 592 4331 arietes
618 4270 812 4335 ovium;
839 4282 885 4324 et
912 4272 1159 4326 convalles
1183 4274 1505 4328 abundabunt
1530 4277 1777 4346 frumento
1806 4292 1823 4329 :

250 4368 307 4413 et
344 4359 575 4414 lnnniles
613 4363 789 4430 pepuli
816 4363 1050 4419 vmultum
1092 4365 1316 4421 fructum
1352 4366 1591 4422 afferent.
1620 4366 1823 4421 Clama-

251 4449 374 4503 bunt
410 4467 429 4504 :
459 4450 581 4505 inde
617 4452 957 4508 abundabunt
995 4455 1259 4511 frumento
1282 4498 1297 4523 ,
1338 4459 1458 4526 quia
1503 4458 1820 4513 clamabunt.

249 4532 390 4608 Quid
431 4544 773 4603 clamabunt?
810 4545 1007 4602 Etenim
1047 4550 1284 4620 hymnum
1325 4551 1506 4603 dicent.
1548 4551 1703 4605 Aliud
1743 4564 1824 4607 cst

248 4634 394 4687 enim
420 4634 650 4691 clamare
674 4636 928 4692 adversus
954 4640 1137 4705 Deum,
1165 4641 1305 4695 aliud
1332 4636 1584 4711 by’mnnm
1608 4643 1821 4709 dicere;

247 4724 392 4778 aliud
421 4728 650 4781 clamare
676 4728 969 4798 sacrilegia,
997 4729 1138 4783 aliud
1167 4732 1395 4785 clamare
1422 4731 1600 4786 laudes
1628 4732 1740 4787 Dei.
1768 4735 1820 4787 Si

248 4818 456 4871 clamas
488 4818 538 4872 in
575 4819 1131 4889 blasphemia,‘spinas
1160 4824 1451 4891 protulisti;
1480 4826 1523 4878 si
1549 4825 1746 4879 clamas
1770 4825 1821 4879 in

251 4904 478 4975 hymno,
510 4908 742 4963 abundas
773 4911 1054 4964 frumento.

689 5116 768 5175 ΙΝ
813 5115 949 5175 PSA
960 5116 1186 5177 LMUM
1230 5118 1397 5177 LXV

850 5237 1266 5293 ENARliATIO.

756 5367 923 5407 SEBHO
975 5369 1042 5407 AD
1085 5368 1309 5407 PLEDEI.

317 5467 370 5519 Ι.
414 5465 582 5538 luem.
615 5459 704 5533 1.]
743 5460 1049 5517 inscribitur
1074 5463 1124 5516 in
1152 5463 1301 5515 titulo
1329 5464 1561 5531 psalmus
1588 5464 1685 5519 iste
1708 5507 1723 5526 ,
1751 5465 1816 5519 In

246 5557 434 5621 finem,
474 5554 722 5608 canticum
748 5551 940 5606 Psalnti
978 5553 1366 5607 resurrectionis.
1410 5552 1474 5606 In
1513 5555 1662 5621 ﬁnem
1695 5572 1814 5610 cum

244 5647 472 5709 auditis,
502 5645 710 5716 quando
752 5644 943 5700 Psalmi
972 5645 1409 5715 pronuntiantur,
1454 5648 1505 5700 in
1544 5646 1811 5703 Christum

245 5737 551 5806 intelligite;
575 5737 785 5793 dicente
822 5738 1071 5806 Apostolo
1098 5756 1111 5791 :
1143 5737 1284 5793 Finis
1319 5743 1449 5793 enini
1487 5738 1633 5810 Legi:
1662 5742 1810 5795 Chri-

245 5840 367 5897 stus,
418 5831 489 5882 ad
518 5832 770 5902 justitiam
811 5832 944 5885 omni
982 5832 1199 5884 credenti
1236 5832 1384 5901 (Rom
1438 5849 1501 5895 x,
1538 5834 1609 5904 ὁ),
1661 5836 1804 5905 Quo-

1380 417 1769 479 ENARRATIO
1807 416 1869 470 IN
1909 416 2226 474 PSALMUM
2267 416 2420 478 LXV.

3425 442 3528 496 ’ὢἸῖ

1969 532 2127 586 modo
2162 551 2288 606 ergo
2316 536 2401 592 hic
2428 547 2664 595 cantetur
2695 547 3006 602 resurrectio
3026 589 3038 610 ,
3078 558 3128 602 et
3166 550 3314 618 cujus
3348 558 3527 610 resur-

1966 624 2165 686 rectio,
2209 637 2458 694 quantum
2504 632 2614 702 ipse
2659 633 2855 691 donare
2902 649 2955 693 et
2990 640 3196 707 aperire
3248 641 3523 711 dignatur.

1962 712 2205 769 audietis.
2237 716 2691 779 Resurrcctioncm
2717 729 2858 781 enim
2887 728 3165 783 Christiani
3201 733 3438 786 novimus
3478 738 3535 789 in

1962 801 2134 871 capite
2179 814 2359 860 nostro
2395 808 2501 878 jam
2543 811 2752 880 factam,
2795 827 2847 870 ct
2892 818 2943 871 in
2997 821 3247 875 membris
3280 822 3523 879 futuram.

1961 893 2131 962 Caput
2160 896 2410 954 Ecclesia:
2433 901 2672 959 Christus
2694 917 2795 970 est,
2818 912 3052 965 membra
3074 914 3268 968 Christi
3293 916 3524 970 Ecclesia

1964 980 2177 1052 (Coloss.
2206 1002 2244 1049 ι,
2273 988 2381 1059 l8).
2408 990 2556 1057 Quod
2585 988 2852 1061 przcccssit
2878 999 2929 1052 in
2959 1002 3131 1070 capite
3152 1045 3165 1067 ,
3194 1016 3446 1073 sequetur
3474 1007 3521 1057 in

1959 1086 2200 1141 corpore.
2235 1076 2356 1131 Haec
2391 1089 2473 1134 est
2506 1096 2627 1150 spes
2652 1095 2827 1139 nostra
2854 1105 2866 1139 :
2896 1090 2960 1142 ad
2993 1091 3093 1145 hoc
3125 1093 3389 1148 credimus
3415 1137 3427 1156 ,
3462 1096 3521 1148 ad

1961 1160 2062 1217 hoc
2101 1163 2370 1233 duramus,
2411 1179 2463 1224 et
2492 1186 2886 1240 perseveramus
2926 1181 2976 1232 in
3030 1191 3170 1237 tanta
3207 1185 3525 1255 malignitate

1961 1252 2115 1322 hujus
2140 1258 2313 1312 sa-culi
2337 1301 2352 1324 ,
2380 1263 2684 1321 consolante
2709 1282 2805 1321 nos
2829 1285 2944 1338 spe,
2977 1282 3253 1342 antequam
3285 1252 3407 1344 spes
3436 1278 3523 1330 fiat

1960 1357 2066 1396 res.
2099 1343 2207 1397 Res
2238 1348 2378 1401 enim
2404 1351 2504 1404 erit
2529 1367 2647 1406 cum
2669 1363 2721 1410 et
2749 1370 2844 1410 nos
2881 1343 3357 1426 resurrexerinms,
3391 1377 3442 1419 et
3473 1366 3521 1418 in

1957 1434 2226 1489 caelestem
2251 1438 2267 1468 ¹
2290 1438 2525 1494 habitum
2553 1447 2880 1511 commutati,
2904 1450 3130 1517 aequales
3159 1454 3372 1521 Angelis
3400 1454 3518 1509 facti

1958 1523 2227 1581 fuerimus.
2256 1529 2383 1596 Quis
2408 1531 2508 1587 hoc
2528 1547 2741 1603 sperare
2766 1538 3018 1606 auderet,
3050 1542 3147 1595 nisi
3179 1544 3372 1597 veritas
3398 1560 3519 1612 pro-

1956 1617 2222 1674 mitteret?
2266 1622 2409 1677 Hanc
2446 1634 2620 1681 autem
2669 1643 2817 1698 spem
2865 1633 3175 1699 promissam
3214 1635 3314 1689 sibi
3353 1636 3518 1690 Judzei

1958 1709 2230 1777 tenebant;
2258 1722 2312 1768 et
2337 1714 2404 1769 de
2425 1715 2577 1771 bonis
2598 1727 2651 1771 et
2673 1720 2820 1788 quasi
2842 1721 2998 1791 jnstis
3025 1726 3272 1791 operibus
3294 1728 3517 1789 multum

1953 1801 2328 1872 gloriabantur,
2351 1809 2487 1875 quod
2512 1822 2823 1878 acceperant
2845 1813 3032 1883 Legem
3052 1817 3342 1872 secundum
3363 1836 3516 1888 quam

1956 1892 2177 1947 vivendo
2203 1906 2258 1949 et
2285 1896 2369 1951 hie
2393 1897 2648 1955 haberent
2674 1903 2804 1955 bona
2830 1905 3089 1968 carnalia,
3120 1918 3172 1960 et
3197 1908 3248 1960 in
3281 1924 3517 1963 resurre-

1953 1985 2128 2041 ctione
2174 1992 2499 2044 mortluornm
2544 1992 2665 2046 talia
2709 1995 2990 2063 sperabant
3046 1997 3113 2050 de
3151 2000 3393 2066 qualibus
3436 2003 3517 2055 hic

1951 2076 2262 2144 gaudebant.
2305 2079 2585 2150 Propterea
2616 2083 2935 2148 Sadducaais,
2961 2089 3049 2156 qui
3083 2090 3342 2158 negabant
3381 2092 3518 2145 futu—

1951 2182 2064 2220 ram
2093 2172 2529 2228 resurrectionem
2550 2217 2565 2238 ,
2592 2174 2761 2230 Judaei
2788 2179 3108 2246 respondere
3137 2196 3240 2235 non
3276 2193 3517 2251 poterant

1951 2261 2363 2325 proponentibus
2387 2266 2753 2331 quaestionem,
2780 2279 2935 2336 quam
2975 2270 3196 2325 Domino
3224 2289 3508 2342 proposue-

1951 2357 2073 2400 runt
2091 2348 2247 2403 iidem
2269 2351 2561 2407 Sadduczei.
2590 2354 2722 2411 llinc
2740 2357 2879 2411 enim
2905 2358 3246 2429 intelligimus
3266 2377 3357 2417 eos
3377 2363 3515 2420 hanc

1948 2438 2289 2505 quaestionem
2324 2443 2530 2497 solvere
2566 2460 2668 2497 non
2699 2446 2961 2514 potuisse,
3003 2448 3123 2518 quia
3155 2450 3375 2504 Domino
3403 2453 3535 2507 sol»

1946 2539 2100 2584 vente
2128 2531 2299 2585 mirati
2337 2541 2475 2587 sunt.
2508 2534 2878 2604 Proponehant
2899 2554 3023 2607 ergo
3048 2538 3318 2595 Sadduczci
3363 2559 3509 2613 quso-

1947 2621 2170 2676 stionem
2191 2623 2257 2678 de
2275 2625 2495 2694 quadam
2520 2627 2760 2693 nmlierc,
2783 2644 2899 2697 qua:
2921 2618 3320 2701 habuitseptem
3340 2633 3506 2698 viros;

1945 2728 2049 2767 non
2098 2715 2288 2782 simul,
2340 2718 2431 2771 sed
2474 2719 2817 2774 succedentes
2859 2720 2977 2774 sibi.
3033 2722 3161 2776 Erat
3216 2725 3355 2778 enim
3408 2725 3507 2781 hoc

1945 2803 2074 2873 legis
2093 2805 2157 2859 ad
2186 2809 2430 2877 populum
2458 2811 2875 2880 propagandum,
2896 2824 2949 2865 ut
2970 2814 3055 2883 qui
3084 2813 3219 2870 forte
3238 2817 3352 2872 sine
3380 2819 3509 2874 libe-

1944 2895 2016 2948 ris
2063 2895 2452 2968 defungeretur,
2499 2900 2660 2955 frater
2699 2902 2834 2970 ejus,
2876 2904 2919 2956 si
2964 2903 3197 2970 haberet,
3244 2907 3507 2976 acciperet

1944 2999 2157 3039 uxorem
2185 2987 2319 3055 ejus,
2349 2990 2414 3043 ad
2444 2990 2802 3044 suscitandum
2828 2976 3007 3047 semen
3032 2995 3177 3049 fratri
3208 3013 3304 3051 suo
3332 2997 3501 3069 (Deut.

1942 3090 2064 3142 xxv,
2097 3075 2177 3146 5).
2213 3077 2488 3148 Proposita
2516 3096 2643 3151 ergo
2679 3083 3037 3152 illaomulicre,
3065 3104 3182 3157 quae
3210 3088 3388 3145 habuit
3416 3108 3502 3144 sc-

1942 3178 2080 3234 ptcm
2111 3169 2251 3223 viros
2270 3186 2453 3225 onmcs
2480 3184 2715 3228 mortuos
2743 3175 2859 3230 sine
2881 3177 3079 3245 liberis,
3104 3193 3156 3233 et
3179 3180 3243 3233 ad
3273 3180 3370 3234 hoc
3391 3180 3505 3235 ofli-

1937 3260 2074 3312 cium
2115 3256 2436 3329 implendum
2479 3263 2729 3320 ducentes
2774 3264 2948 3321 fratris
2976 3283 3212 3332 uxorem,
3257 3270 3503 3325 dixerunt

1937 3357 2274 3416 quzcrentcs:
2307 3349 2371 3404 In
2406 3354 2767 3407 resurrectione
2809 3356 2952 3425 cujus
2995 3374 3163 3410 eorum
3207 3360 3299 3412 erit
3333 3377 3458 3413 uxor
3480 3363 3504 3412 .9

1939 3441 2125 3497 Procul
2155 3444 2314 3499 dubio
2338 3446 2505 3500 Judaei
2535 3465 2637 3500 non
2670 3447 3016 3517 fatigarentur
3039 3491 3052 3508 .
3085 3467 3189 3504 non
3216 3452 3504 3507 delicerent

1919 3531 1987 3584 “in
2016 3533 2110 3586 iSIa
2156 3535 2465 3602 quccslionc,
2512 3536 2556 3588 si
2586 3530 2699 3589 non
2734 3538 2855 3590 talia
2900 3539 2999 3592 sibi
3038 3539 3086 3591 in
3120 3542 3503 3594 resurrectione

1935 3632 2231 3690 sperarent,
2253 3624 2423 3692 qualia
2449 3626 2673 3693 agebant
2700 3626 2747 3678 in
2778 3626 2873 3680 hac
2896 3629 3019 3680 vita.
3053 3628 3304 3682 Dominus
3323 3639 3497 3682 autem

1935 3712 2285 3779 :rqualitatem
2330 3715 2648 3784 Angelorum
2695 3720 3040 3785 promittens,
3085 3733 3186 3771 non
3219 3719 3499 3773 humanam

1934 3801 2109 3853 carnis
2155 3786 2581 3870 corruptionem,
2629 3804 2702 3857 ait
2746 3805 2890 3859 illis:
2951 3806 3178 3872 Erratis,
3233 3809 3498 3860 nescientes

1938 3888 2228 3960 Scripturas
2252 3933 2266 3957 ,
2296 3910 2453 3963 neque
2482 3895 2706 3949 virtutem
2732 3896 2846 3949 Dei.
2881 3896 2943 3951 In
2973 3901 3330 3953 resurrectione
3369 3902 3497 3954 enim

1935 3998 2089 4051 neque
2107 3982 2305 4049 nubent,
2329 4001 2483 4055 neque
2498 4003 2675 4040 uxores
2699 3988 2917 4043 ducent:
2938 4007 3095 4062 neque
3112 3992 3243 4044 enim
3267 3993 3500 4061 incipient

1933 4073 2079 4145 mori,
2100 4073 2188 4127 sed
2206 4085 2347 4128 erunt
2367 4077 2580 4146 aequales
2604 4079 2803 4149 Angelis
2822 4078 2913 4133 Dei
2930 4079 3135 4153 (Matth.
3167 4098 3195 4135 x
3208 4098 3294 4147 χιι,
3318 4082 3387 4136 25
3407 4083 3495 4155 50.

1933 4176 1978 4219 et
2002 4165 2124 4219 Luc.
2143 4183 2232 4232 xx,
2247 4167 2453 4239 27-56).
2470 4169 2856 4226 Dcmonstravit
2869 4172 3007 4243 q'uod
3028 4173 3096 4227 ibi
3114 4174 3181 4228 sit
3202 4176 3496 4230 necessaria

1933 4259 2215 4323 successio,
2248 4260 2333 4313 ubi
2371 4259 2829 4318 doletnrdecessio
2859 4265 2914 4317 ²;
2948 4264 3018 4318 ibi
3044 4265 3161 4333 quia
3191 4264 3499 4320 decessor-cs

1934 4366 2036 4403 non
2062 4361 2217 4404 erunt
2241 4392 2255 4416 ,
2284 4367 2384 4405 nec
2409 4367 2740 4408 successores
2765 4366 3085 4423 qumrentnr.
3117 4356 3192 4410 Ad
3229 4357 3327 4411 hoc
3354 4360 3493 4413 enim

1933 4443 2187 4512 subjecit:
2236 4443 2354 4497 Non
2381 4446 2511 4497 enim
2536 4446 2772 4515 incipient
2797 4449 2942 4502 mori.
2972 4448 3342 4504 Verumtamen
3375 4454 3493 4520 quia

1932 4532 2098 4586 Juda-i
2128 4535 2376 4588 tenebant
2398 4576 2412 4596 ,
2444 4535 2542 4588 etsi
2571 4537 2882 4603 carnaliter,
2916 4554 3063 4607 Spem
3094 4544 3494 4597 resurrectionis

1934 4626 2118 4678 futurze
2136 4666 2152 4691 ,
2183 4624 2347 4693 gavisi
2374 4633 2498 4679 sunt
2524 4617 2833 4695 responsum
2861 4644 2978 4684 esse
3004 4630 3308 4685 Sadducmis
3330 4676 3343 4696 ,
3374 4651 3494 4689 cum

1931 4717 2119 4785 quibus
2150 4717 2248 4771 illis
2276 4727 2390 4772 erat
2411 4719 2477 4773 de
2503 4718 2599 4773 hac
2633 4720 2843 4789 ancipiti
2873 4730 2926 4775 et
2949 4721 3169 4777 obscura
3201 4708 3513 4793 quaestione,~

1902 4817 2216 4863 certamen.
2248 4809 2519 4865 Tcnebant
2545 4827 2672 4880 ergo
2715 4811 2882 4866 Judaei
2908 4828 3054 4884 spem
3093 4821 3499 4875 resurrectionis

1934 4906 2291 4962 mortuorum;
2318 4908 2371 4953 et
2395 4902 2535 4953 solos
2556 4915 2613 4954 se
2636 4901 2701 4955 ad
2728 4901 2932 4957 beatam
2961 4906 3116 4971 vitam
3160 4920 3493 4965 res-arrecta.-

1932 5004 2019 5040 ros
2044 4991 2323 5057 sperabant
2348 4990 2367 5019 ³
2395 5001 2608 5061 propter
2628 5008 2761 5069 opus
2784 4992 2957 5064 chis,
2984 5008 3034 5050 et
3066 5010 3273 5068 propter
3291 5002 3488 5069 justiti.-

1929 5081 2162 5135 cationes
2187 5081 2573 5149 Scripturarum
2596 5126 2610 5146 ,
2640 5068 2770 5152 quas
2799 5085 3056 5141 habebant
3082 5091 3178 5161 Soli
3205 5068 3371 5146 .Iudati
3392 5135 3408 5157 ,
3437 5105 3491 5147 et

1929 5171 2122 5225 Gentes
2147 5188 2249 5225 non
2281 5172 2559 5225 habebant.
2588 5172 2879 5230 Crucilixns
2903 5187 2982 5230 cst
3005 5179 3273 5243 Christus;
3296 5187 3489 5239 cmcims

1929 5278 1990 5314 ex
2017 5271 2156 5329 parte
2193 5260 2358 5315 Israel
2382 5265 2514 5332 facta
2542 5273 2634 5327 est,
2661 5272 2713 5316 ut
2732 5267 2986 5333 plenitudo
3029 5269 3257 5324 Gentium
3283 5277 3492 5329 introrrt

1930 5351 2099 5417 (Rom.
2131 5369 2211 5416 XI,
2377 5372 2389 5407 :
2422 5354 2522 5407 hoc
2550 5355 2801 5426 Apostolo
2843 5357 3066 5415 dicente.
3117 5364 3287 5432 Cmpit
3329 5367 3487 5418 etiam

1928 5441 2181 5519 Gentibus
2204 5443 2430 5515 promitti
2452 5447 2766 5500 resurrectio
2787 5458 3131 5518 mortuormn,
3155 5454 3493 5508 credentibus

1989 5603 2003 5628 ¹
2032 5596 2249 5661 Plerique
2276 5607 2394 5653 Mss.,
2424 5600 2699 5661 ca't‘estimn.

1986 5661 2005 5690 ¹
2028 5662 2097 5727 sic
2116 5660 2295 5727 MSS...“
2319 5661 2448 5722 cdd,
2467 5660 2531 5712 ibi
2554 5675 2643 5713 non
2659 5661 2718 5713 sit
2740 5669 3005 5716 necessaria
3029 5669 3275 5727 summio,
3305 5669 3384 5717 ubi
3402 5671 3482 5720 de-

1922 5720 2043 5771 letur
2057 5722 2281 5771 decessio.
2436 5720 2443 5722 ⁷
3264 5720 3272 5727 ’
3414 5734 3421 5743 ’

1972 5786 2004 5891 ἰ
2029 5783 2250 5891 plerique
2273 5791 2397 5843 Mss,
2416 5784 2501 5836 soli
2522 5799 2573 5836 se
2588 5787 2653 5835 ad
2677 5785 2858 5836 beatam
2882 5788 3020 5836 ritum
3036 5798 3383 5842 resurrecturos
3399 5807 3489 5859 ριιο

1999 5857 2057 5891 an
2087 5888 2096 5891 -

1922 5849 2075 5893 ιιιιτιιηι
2086 5888 2101 5900 ,
3399 5849 3421 5859 ’“
