4022 6200
315 414 413 471 789

312 529 454 582 dicas
476 527 815 592 conﬁrmans,
848 528 887 579 Α
921 526 1173 578 Nazareth
1204 533 1360 595 potest
1386 522 1577 590 aliquid
1603 519 1716 573 boni
1742 533 1876 576 esse;

314 620 678 687 respondetur,
718 617 866 680 Veni,
897 627 941 670 et
962 618 1072 670 vide
1095 630 1250 684 quam
1279 629 1400 667 vere
1427 613 1495 665 sit
1518 612 1709 662 bomnu
1737 605 1876 674 quod

312 712 498 765 nuntio
539 725 568 764 a
613 709 902 772 Nazareth;
948 718 998 761 et
1025 722 1176 775 quam
1224 715 1368 758 recte
1409 702 1614 762 credas,
1655 698 1793 760 veni,
1824 709 1877 750 et

310 802 571 872 experire.
605 801 734 855 llinc
763 811 932 854 tamen
974 798 1299 852 existimatur
1327 794 1514 847 doctus
1540 791 1624 844 ille
1662 789 1715 842 in
1740 788 1878 855 Lege

313 895 497 958 fuisse,
529 894 647 962 quia
673 907 776 945 non
800 902 876 946 est
905 891 1102 945 electus
1125 889 1260 941 inter
1279 885 1563 952 discipulos
1584 882 1648 934 ab
1681 880 1768 933 illo
1789 879 1875 943 qui

311 986 469 1038 stulta
502 983 682 1038 mundi
711 983 852 1051 prius
879 982 1073 1052 elegit;
1105 995 1222 1034 eum
1250 988 1446 1030 tantum
1472 976 1518 1028 ei
1553 972 1878 1041 perhibuerit

312 1077 666 1130 testimonium
697 1075 944 1128 Dominus
970 1073 1150 1126 dicens
1175 1089 1186 1123 :
1219 1068 1347 1122 Ecce
1374 1084 1483 1121 vere
1510 1065 1745 1118 Israelita
1765 1105 1778 1125 ,
1827 1063 1877 1114 in

309 1183 408 1233 quo
427 1165 573 1218 dolus
599 1181 700 1217 non
728 1173 818 1217 est.
853 1163 1020 1232 Elegit
1045 1177 1172 1231 ergo
1197 1159 1450 1213 Dominus
1479 1165 1656 1225 postea
1686 1164 1739 1205 et
1761 1168 1878 1205 ora—

313 1268 452 1310 tores
476 1273 489 1320 ;
519 1255 608 1309 sed
634 1255 708 1307 illi
735 1253 1085 1321 superbirent,
1110 1251 1152 1304 si
1177 1265 1278 1303 non
1303 1249 1444 1318 prius
1469 1247 1689 1315 eligeret
1712 1244 1878 1311 pisca-

311 1361 488 1403 tores:
519 1347 674 1415 elegit
701 1346 922 1409 divites;
951 1343 1042 1398 sed
1079 1343 1318 1397 dicerent-
1352 1339 1540 1394 merito
1574 1337 1874 1392 divitiarum

309 1456 520 1495 suarum
547 1455 604 1493 se
626 1439 822 1493 electos
842 1451 982 1502 esse,
1002 1435 1099 1489 nisi
1125 1435 1291 1502 primo
1313 1432 1559 1499 elegisset
1584 1442 1875 1498 pauperes:

309 1533 466 1601 elegit
496 1531 838 1599 imperatores
869 1536 1081 1596 postea;
1111 1525 1203 1580 sed
1232 1525 1417 1578 melius
1452 1530 1534 1577 est
1571 1529 1628 1575 ut
1654 1521 1873 1574 Romam

309 1637 428 1676 cum
456 1621 654 1676 venerit
680 1620 983 1688 imperator,
1016 1617 1256 1685 deposito
1276 1615 1587 1676 diademate,
1619 1611 1785 1680 ploret
1808 1607 1874 1662 ad

313 1712 614 1765 memoriam
659 1710 965 1778 piscatoris,
1017 1723 1170 1775 quam
1223 1716 1274 1758 ut
1319 1705 1548 1773 piscator
1593 1700 1762 1770 ploret
1808 1699 1872 1752 ad

311 1805 614 1858 memoriam
654 1802 1000 1872 imperatoris.
1054 1799 1266 1868 Inﬁrma
1313 1798 1454 1851 enim
1503 1793 1677 1848 mundi
1731 1794 1874 1863 elegit

311 1896 466 1957 Deus,
509 1905 558 1947 ut
586 1894 859 1963 confundat
881 1894 1065 1964 fortia;
1091 1901 1135 1945 et
1169 1889 1408 1960 ignobilia
1427 1886 1596 1940 nmndi
1619 1885 1793 1956 elegit,
1828 1892 1873 1936 et

308 2007 366 2043 ea
405 2006 516 2055 qua:
553 2007 649 2066 non
677 1998 814 2049 sunt,
858 1999 1091 2056 tanquam
1115 2000 1226 2055 qua:
1265 1992 1398 2045 sunt,
1431 1992 1481 2034 ut
1525 1997 1583 2033 ea
1611 1994 1722 2050 quae
1759 1986 1874 2030 sunt

307 2067 615 2136 concitentur.
641 2081 706 2134 Et
730 2080 851 2150 quid
874 2077 1146 2147 sequitur?
1172 2074 1440 2129 Conclusit
1463 2071 1742 2141 Apostolus
1767 2087 1778 2120 :
1807 2067 1873 2122 Ut

306 2191 405 2226 non
440 2173 678 2242 glorietur
712 2187 876 2222 rorant
907 2168 1007 2221 Deo
1046 2167 1206 2220 omnis
1235 2182 1371 2218 caro.
1405 2163 1589 2217 Videte
1615 2160 1870 2230 quemad—

307 2264 520 2317 modum
566 2262 715 2316 nobis
758 2261 971 2316 abstulit
1012 2260 1253 2329 gloriam,
1306 2267 1362 2309 ut
1413 2255 1562 2308 daret
1610 2253 1867 2323 gloriam:

305 2355 518 2409 abstulit
547 2363 774 2408 nostram
801 2394 814 2415 ,
847 2361 902 2405 ut
925 2353 1072 2405 daret
1097 2365 1242 2404 suam
1268 2367 1282 2413 ;
1311 2348 1524 2401 abstulit
1550 2347 1756 2400 inanem
1775 2386 1787 2408 ,
1819 2352 1874 2398 ut

298 2447 459 2501 'daret
497 2446 734 2514 plenam;
766 2444 980 2497 abstulit
1018 2451 1310 2504 nutantem,
1354 2449 1409 2492 ut
1440 2439 1590 2492 daret
1625 2436 1868 2491 solidam.

304 2540 513 2605 Quanto
543 2553 668 2606 ergo
693 2537 857 2606 gloria
898 2544 1074 2588 nostra
1105 2533 1288 2586 fortior
1317 2539 1370 2584 et
1399 2529 1614 2588 lirmior.
1659 2527 1779 2597 quia
1819 2528 1870 2581 in

307 2633 421 2688 Deo
442 2635 551 2686 est!
581 2632 692 2686 Non
719 2646 843 2702 ergo
870 2631 920 2684 in
953 2639 1000 2682 te
1029 2628 1191 2683 debes
1218 2627 1457 2696 gloriari;
1491 2625 1873 2695 prohibuitVe-

305 2727 468 2779 ritas:
500 2724 590 2779 sed
633 2725 768 2794 quod
796 2725 869 2777 ait
907 2721 1188 2791 Apostolus
1213 2764 1226 2784 ,
1255 2720 1354 2772 hoc
1391 2719 1867 2789 pr.x:eepitVeritas,

309 2817 412 2884 Qui
432 2817 690 2886 gloriatur,
706 2815 758 2866 in
779 2813 994 2867 Domino
1014 2813 1251 2884 glorietur
1267 2811 1307 2880 (Ι
1324 2810 1436 2863 Cor.
1454 2827 1489 2876 ι,
1513 2809 1601 2873 ‘29,
1618 2808 1725 2881 3|).
1747 2809 1875 2862 Date

304 2925 434 2978 ergo
476 2909 686 2980 gloriam
726 2908 863 2960 laudi
906 2908 1033 2976 ejus.
1077 2904 1246 2959 Nolite
1281 2903 1468 2956 imitari
1509 2901 1738 2966 .lutlzros,
1785 2903 1874 2968 qui

305 3003 456 3067 quasi
484 3001 706 3060 ,meritis
758 3000 864 3052 suis
912 2997 1156 3052 volebant
1202 2995 1428 3049 tribuere
1473 2993 1876 3062 justiﬁcationcs

305 3109 452 3156 suas,
481 3104 531 3146 et
563 3091 861 3146 invidebant
886 3091 1138 3145 Gentilms
1163 3069 1532 3142 accedentibus
1562 3087 1624 3139 ad
1651 3087 1872 3155 gratiam

304 3184 682 3254 evangelicam,
707 3191 768 3236 ut
793 3191 1000 3251 peccata
1030 3180 1205 3234 omnia
1241 3177 1559 3232 donarentur
1584 3178 1695 3242 eis;
1727 3179 1874 3247 quasi

308 3278 378 3330 illi
403 3293 504 3330 non
527 3276 778 3330 haberent
797 3273 935 3343 quod
960 3273 1056 3326 sibi
1085 3272 1399 3335 donaretur;
1423 3270 1552 3337 jam,
1577 3271 1725 3339 quasi
1751 3270 1874 3324 boui

304 3368 555 3436 operarii,
578 3365 870 3421 mercedem
885 3372 1267 3433 exspectantes.
1288 3362 1482 3416 Etcum
1505 3361 1678 3416 adhuc
1694 3361 1874 3431 aegroti

306 3472 508 3526 essent,
550 3474 706 3512 sanos
739 3475 796 3512 se
825 3471 943 3512 esse
981 3456 1250 3524 putabant,
1281 3463 1334 3508 et
1370 3454 1493 3509 inde
1532 3454 1877 3522 periculosius

306 3552 647 3622 u-grotabant.
681 3549 808 3603 Nam
832 3549 874 3602 si
904 3549 987 3603 vel
1011 3548 1184 3601 mitius
1206 3554 1565 3614 a‘grotassent,
1596 3561 1699 3599 non
1728 3546 1878 3614 quasi
1940 3601 1945 3606 _

308 3644 600 3710 phrenetici
643 3642 900 3695 medicum
939 3639 1273 3694 occidissent.
1317 3637 1445 3690 Date
1480 3636 1691 3707 gloriam
1740 3636 1878 3688 laudi

306 3753 440 3806 ejus.

385 3829 438 3879 5.
526 3841 651 3876 vers.
679 3823 768 3895 5.]
801 3822 963 3874 Dicite
985 3820 1094 3874 Deo
1123 3837 1138 3874 :
1163 3821 1326 3884 Quam
1352 3820 1568 3872 timenda
1589 3828 1700 3871 sum
1728 3835 1882 3886 opera

309 3918 442 3972 tua!
467 3918 638 3984 Quare
666 3914 912 3977 timenda,
941 3922 995 3968 et
1026 3929 1126 3966 non
1155 3911 1414 3968 amanda?
1445 3910 1575 3964 Audi
1604 3910 1759 3962 aliam
1785 3924 1876 3961 vo-

306 4026 429 4066 cem
463 4007 644 4078 psalmi
676 4025 689 4058 :
723 4006 914 4060 Servile
942 4005 1152 4056 Domino
1180 4004 1231 4056 in
1259 4005 1451 4066 timore,
1493 4011 1538 4054 et
1567 4001 1810 4054 exsultate
1837 4005 1879 4053 ei

310 4116 428 4154 cum
459 4109 668 4152 tremore
695 4098 712 4166 (
736 4095 880 4150 Psal.
914 4113 968 4159 ιι,
1003 4097 1060 4148 ll
1091 4095 1127 4164 ).
1157 4093 1290 4161 Quid
1317 4092 1415 4144 sibi
1446 4094 1544 4144 hoc
1569 4091 1714 4144 vult?
1746 4090 1880 4145 Audi

311 4210 498 4248 vocem
518 4192 750 4262 Apostoli
779 4210 790 4245 :
815 4191 938 4245 Cum
959 4191 1149 4250 timore,
1172 4186 1355 4256 inquit,
1380 4193 1425 4238 et
1443 4194 1650 4238 tremore
1670 4192 1881 4238 vestram

310 4291 537 4357 ipsorum
566 4285 772 4337 salutent
799 4281 1090 4352 operamini.
1123 4279 1295 4345 Quare
1318 4319 1332 4342 ,
1364 4293 1475 4330 cum
1505 4276 1678 4328 timore
1707 4285 1751 4327 et
1779 4283 1879 4327 tre-

311 4377 492 4431 more?
534 4373 763 4444 Subjeeit
794 4388 1004 4428 causam
1041 4370 1219 4423 :Deus
1259 4376 1329 4422 est
1370 4369 1500 4421 enim
1537 4367 1619 4433 qui
1649 4375 1883 4432 aperatur

313 4474 364 4523 in
397 4468 548 4528 vobis,
573 4477 616 4521 et
637 4467 776 4529 velle,
796 4477 839 4518 et
855 4465 1073 4529 operari,
1089 4479 1177 4532 pro
1205 4463 1330 4515 bona
1346 4460 1598 4512 voluntate
1621 4455 1877 4524 (Philipp.

314 4579 371 4620 ιι,
413 4560 496 4624 l2,
520 4560 642 4627 l5).
674 4557 726 4612 Si
757 4573 883 4624 ergo
907 4557 1046 4609 Deus
1096 4560 1342 4622 operatur
1369 4552 1421 4604 in
1469 4561 1546 4613 te,
1593 4547 1756 4617 gratia
1790 4545 1878 4598 Dei

314 4657 455 4707 bene
484 4651 716 4719 operaris
741 4692 755 4714 ,
787 4665 889 4702 non
921 4646 1117 4700 viribus
1157 4645 1276 4696 tuis.
1311 4643 1447 4710 Ergo
1498 4642 1538 4693 si
1567 4637 1762 4708 gaudes
1786 4678 1800 4700 ,
1831 4647 1885 4689 et

313 4749 446 4798 time
471 4761 485 4807 ;
519 4760 583 4796 ne
607 4741 741 4794 forte
769 4740 905 4809 quod
933 4739 1109 4791 datum
1139 4746 1218 4788 est
1247 4732 1427 4786 humili
1451 4774 1466 4796 ,
1497 4730 1764 4784 auferatur
1791 4743 1880 4780 su-

316 4837 506 4903 perbo.
536 4834 687 4892 Nam,
721 4843 774 4882 ut
804 4830 1059 4883 noveritis
1084 4827 1183 4879 hoc
1209 4840 1325 4878 esse
1350 4823 1539 4876 factum
1567 4819 1632 4874 de
1654 4821 1763 4887 ipsa
1790 4834 1882 4871 su.

315 4926 502 4996 perhia
527 4922 847 4984 Judaznrtun,
875 4919 1019 4986 quasi
1049 4934 1106 4970 se
1137 4931 1199 4986 ex
1229 4915 1476 4984 operibus
1518 4911 1670 4979 chis
1693 4909 1882 4977 justiti-

313 5015 575 5077 cautitnn,
604 5024 655 5065 et
686 5011 802 5063 ideo
825 5008 1119 5060 cadentium
1145 5049 1157 5070 ,
1191 5006 1315 5058 dicit
1344 5004 1476 5055 alios
1509 5001 1737 5069 psalmus
1770 5019 1782 5053 :
1814 4999 1883 5052 lli

317 5109 368 5160 in
401 5105 631 5159 curribus
657 5145 669 5160 ,
717 5112 760 5155 et
791 5102 840 5152 hi
887 5100 936 5150 in
967 5098 1101 5169 equis
1130 5140 1143 5162 ,
1172 5097 1315 5166 quasi
1349 5095 1398 5146 iu
1442 5095 1550 5146 suis
1574 5093 1883 5161 quibusdam

319 5198 566 5267 passibus
586 5203 637 5246 et
668 5190 1025 5246 instrumentis
1046 5189 1109 5241 ad
1138 5187 1457 5258 creationem
1480 5197 1626 5235 suam
1651 5199 1664 5246 ;
1688 5198 1774 5234 nos
1795 5197 1887 5232 au-

318 5303 444 5356 tem,
474 5286 674 5355 inquit,
706 5285 756 5335 in
786 5283 980 5335 nontine
1011 5279 1210 5330 Domini
1243 5277 1330 5329 Dei
1367 5275 1522 5328 nostri
1549 5272 1888 5342 magni/iami-

318 5397 436 5433 nmr
468 5397 486 5432 :
523 5375 589 5428 Ili
610 5377 661 5426 in
687 5374 930 5436 curribus,
964 5380 1005 5423 et
1032 5370 1082 5422 hi
1107 5370 1158 5420 in
1197 5367 1366 5436 equis;
1408 5381 1496 5416 nos
1524 5373 1688 5415 autent
1713 5363 1765 5415 in
1794 5379 1887 5414 nu-

322 5473 464 5526 mine
509 5465 709 5520 Domini
763 5462 853 5516 Dei
883 5462 1036 5515 nostri
1064 5456 1507 5528 magniﬁcabimnr.
1548 5453 1677 5506 Vide
1707 5468 1887 5520 quem-

325 5558 614 5614 admodum
665 5555 737 5608 illi
769 5552 1154 5608 extollebantur
1193 5548 1243 5600 in
1291 5561 1379 5609 se;
1410 5545 1525 5598 vide
1546 5542 1887 5613 quemadmo-

320 5654 452 5706 dum
481 5649 563 5701 isti
590 5647 942 5716 gloriabantur
966 5642 1017 5694 in
1044 5641 1169 5694 Deo.
1195 5639 1479 5706 Propterea
1507 5635 1628 5703 quid
1652 5644 1887 5688 secutum

322 5753 407 5796 est
427 5741 452 5793 ?
481 5738 594 5792 Illis
619 5736 820 5806 obligati
845 5743 955 5790 sunt
983 5733 1127 5800 pedes
1151 5774 1162 5793 ,
1199 5740 1243 5783 et
1271 5727 1582 5787 ceciderunt;
1609 5743 1695 5777 nos
1722 5729 1886 5776 autem

333 5831 637 5888 surreximus
663 5871 676 5895 ,
710 5839 754 5882 et
805 5827 948 5880 erecti
993 5838 1160 5877 sumus
1193 5819 1210 5868 l
1246 5819 1380 5870 l’sal.
1416 5834 1523 5882 xxx,
1549 5816 1597 5880 8,
1635 5816 1666 5870 9
1689 5825 1725 5884 ),
1751 5811 1888 5865 Audi

895 5925 904 5930 -
1637 5901 1652 5926 \

1399 404 1789 464 ENARRATIO
1828 403 1890 456 IN
1932 402 2248 460 PSALMUM
2292 407 2446 460 LXV.

3454 413 3550 467 790

1992 517 2159 584 ipsum
2190 517 2468 571 Dominum
2496 528 2731 573 nostrum
2759 520 2858 574 hoc
2886 520 3024 574 idem
3047 520 3304 576 dicentem
3355 539 3366 576 ε
3398 523 3509 594 Ego
3539 567 3552 592 ,

1991 606 2191 675 inquit,
2223 609 2362 669 veni,
2394 611 2547 677 utqui
2574 626 2672 662 non
2693 611 2875 674 vident,
2906 610 3142 676 videant;
3171 621 3217 664 et
3237 613 3320 681 qui
3341 614 3503 668 vident
3537 657 3550 677 ,

1988 699 2104 749 ιτωεὶ
2127 699 2270 765 ﬁant.
2307 698 2436 751 Vide
2466 700 2515 752 in
2543 715 2642 753 una
2671 708 2822 770 parte
2845 700 3162 764 bonitatem;
3195 701 3245 753 in
3272 701 3372 754 alia
3402 706 3549 772 quasi

1987 788 2258 842 malitiam.
2288 789 2390 842 Sed
2420 790 2542 858 quid
2579 790 2670 843 illo
2699 790 2932 844 melius?
2959 789 3081 860 quid
3115 791 3551 846 misericordias?

1986 878 2110 947 quid
2155 879 2386 947 justius?
2413 879 2588 945 Quare
2637 896 2764 950 ergo
2793 922 2807 948 ,
2841 881 2924 951 qui
2953 897 3054 933 non
3097 880 3280 942 vident,
3313 882 3547 935 videant"

1988 969 2208 1037 Propter
2233 969 2542 1024 bonitatem.
2576 972 2748 1035 Quare
2769 1014 2782 1036 ,
2817 980 2860 1025 et
2887 973 2971 1040 qui
2996 972 3159 1024 vident
3187 1013 3201 1036 ,
3242 973 3361 1025 αιιεί
3391 974 3512 1040 ﬁant
3530 980 3549 1027 ἶ)

1986 1060 2206 1128 PrOpter
2235 1061 2537 1114 elationem.
2584 1062 2652 1115 Et
2681 1077 2804 1116 vere
2849 1062 3125 1128 videbant,
3171 1071 3227 1116 et
3264 1063 3383 1117 facti
3434 1073 3550 1116 sunt

1983 1150 2155 1202 casei?
2182 1150 2298 1204 Non
2329 1150 2596 1214 videbant,
2628 1152 2719 1205 sed
2747 1152 2922 1207 videre
2943 1153 3041 1206 sibi
3063 1152 3393 1206 videbantur.
3425 1154 3550 1206 Nam

1982 1257 2107 1295 ecce
2137 1242 2328 1305 videte,
2360 1241 2550 1296 fratres
2583 1261 2594 1294 :
2628 1257 2748 1296 cum
2779 1242 3016 1296 dicerent
3052 1244 3145 1311 ipsi
3176 1243 3342 1298 Judaei
3367 1285 3380 1308 ,
3413 1243 3549 1296 Nam

1982 1349 2152 1385 sumus
2174 1334 2292 1386 cruci
2306 1333 2331 1384 ?
2359 1334 2430 1386 ait
2447 1332 2548 1387 illis
2572 1333 2813 1386 Dominus
2834 1374 2847 1396 ,
2867 1333 2926 1388 Si
2946 1335 3062 1386 σιεσὶ
3081 1335 3270 1399 essetis,
3300 1345 3550 1404 peccatum

1984 1440 2082 1476 non
2107 1424 2351 1479 haberetis
2379 1441 2396 1477 ε
2427 1426 2574 1479 modo
2603 1435 2768 1478 autem
2787 1427 2903 1494 quia
2933 1426 3118 1488 dicitis,
3151 1425 3408 1492 Videmus,
3439 1444 3550 1495 pec-

1982 1524 2150 1568 catum
2176 1525 2389 1569 vestrum
2427 1517 2477 1569 in
2503 1517 2636 1570 vobis
2681 1527 2842 1570 manet
2871 1516 2889 1587 (
2912 1515 3067 1569 Joan.
3092 1533 3139 1570 Ix
3167 1559 3180 1581 ,
3208 1517 3368 1573 59-41
3403 1518 3442 1587 ).
3471 1520 3548 1570 Ad

1983 1605 2244 1660 medicum
2268 1608 2454 1661 venisti
2477 1623 2490 1671 ;
2525 1607 2702 1661 videre
2731 1619 2783 1662 te
2804 1607 2972 1660 dicis?
2992 1605 3283 1661 Gessabunt
3303 1608 3544 1678 collyria;

1980 1711 2390 1765 semper‘ctecus
2414 1695 2711 1753 remanehis
2740 1715 2751 1750 :
2785 1697 3040 1752 confitere
3059 1707 3109 1752 te
3127 1713 3344 1764 aecum,
3363 1708 3418 1753 ut
3442 1699 3547 1752 illu-

1980 1790 2168 1844 minari
2223 1793 2495 1844 merearis.
2529 1791 2753 1845 Attende
2798 1789 3044 1852 Judzeos;
3087 1791 3298 1845 attende
3329 1791 3545 1848 Gentes.

1983 1880 2083 1946 Qui
2108 1897 2206 1936 non
2237 1880 2399 1936 vident
2424 1922 2438 1948 ,
2463 1882 2658 1936 videant
2683 1923 2697 1948 ,
2724 1879 2892 1950 inquit
2916 1901 2928 1934 :
2963 1880 3081 1936 ideo
3109 1883 3250 1945 veni,
3279 1892 3331 1935 ut
3360 1885 3444 1950 qui
3473 1885 3518 1934 vi
3528 1914 3548 1922 -

1979 1975 2136 2040 dent,
2191 1975 2307 2027 σανσὶ
2364 1974 2508 2041 ﬁant.
2558 1973 2732 2054 Ipsum
2779 1973 3058 2026 Domimnn
3104 1981 3341 2026 nostrum
3369 1973 3544 2027 Jcsunt

1944 2087 1945 2090 η
1978 2065 2246 2120 Christum
2277 2065 2330 2119 in
2359 2079 2519 2119 carne
2545 2063 2981 2118 videbantJudtei
3006 2081 3020 2127 ;
3052 2064 3249 2118 Gentes
3279 2080 3381 2117 non
3404 2063 3546 2117 vide.

1978 2157 2106 2210 bant
2135 2175 2148 2209 ε
2178 2171 2301 2210 ecce
2331 2155 2416 2225 qui
2464 2155 2745 2219 viderunt,
2778 2153 3186 2215 cruciﬁxerunt;
3218 2153 3306 2221 qui
3338 2169 3442 2206 non
3467 2155 3545 2205 vi~

1977 2247 2172 2300 derunt
2201 2288 2214 2309 ,
2261 2245 2616 2300 crediderunt.
2648 2246 2784 2314 Ergo
2831 2243 2954 2313 quid
2987 2243 3196 2306 fecisti,
3239 2257 3271 2296 ο
3301 2242 3542 2306 Christe,

1977 2336 2233 2390 adversus
2276 2335 2568 2403 superbos?
2596 2335 2720 2404 quid
2752 2333 2956 2388 fecisti?
2980 2332 3233 2386 Videmus
3256 2374 3270 2396 ,
3314 2333 3433 2401 quia
3463 2332 3546 2386 di-

1977 2437 2164 2496 gnatus
2191 2442 2278 2490 es,
2309 2435 2361 2479 et
2387 2425 2621 2478 membra
2657 2433 2744 2481 tua
2773 2440 2985 2484 sumus;
3018 2424 3256 2478 videmus
3284 2442 3297 2477 :
3328 2425 3547 2478 abscon-

1977 2520 2099 2574 disti
2157 2519 2369 2580 Deum;
2421 2517 2660 2585 objecisti
2712 2516 3002 2570 hominem.
3057 2516 3232 2582 Quare
3288 2515 3425 2569 hoc?
3480 2516 3546 2569 Ut

1977 2613 2177 2665 rwcitas
2224 2628 2286 2665 ea:
2338 2621 2478 2679 parte
2514 2609 2677 2663 Israel
2714 2611 2871 2678 ﬁeret.
2919 2618 2964 2661 et
3021 2608 3276 2676 plenitudo
3316 2607 3546 2662 Gentium

1978 2707 2204 2757 intraret.
2254 2703 2331 2756 Ad
2381 2702 2482 2756 hoc
2538 2700 2858 2754 abscondisti
2910 2701 3112 2757 Deum.
3171 2707 3226 2752 et
3282 2699 3543 2752 hominem

1971 2795 2277 2862 aspectibus
2302 2791 2562 2860 ohjccisti.
2593 2789 2886 2852 Videbam,
2912 2798 2965 2844 et
2995 2806 3096 2842 non
3133 2789 3381 2843 videbant
3412 2807 3424 2841 :
3464 2789 3544 2840 vi-

1979 2885 2175 2938 debant
2213 2883 2351 2951 quod
2379 2897 2659 2950 acceperas
2685 2922 2698 2947 ,
2729 2889 2782 2934 et
2809 2897 2912 2933 non
2944 2879 3188 2934 videbant
3215 2877 3352 2947 quod
3382 2893 3500 2932 eras
3530 2897 3540 2929 :

1979 2976 2224 3028 videbant
2270 2976 2491 3027 formam
2534 2972 2713 3038 servi,
2748 2988 2852 3025 non
2906 2971 3149 3024 videbant
3205 2969 3428 3024 formam
3455 2969 3543 3024 Dei

1980 3066 2235 3138 (Philipp.
2270 3083 2322 3129 ll,
2354 3066 2408 3129 6,
2439 3065 2529 3134 7);
2564 3063 2789 3118 formam
2820 3063 2982 3128 servi,
3020 3077 3122 3131 qua
3154 3062 3321 3129 major
3345 3069 3424 3115 est
3445 3062 3546 3114 Pa-

1980 3169 2059 3212 ter
2088 3158 2106 3226 (
2129 3157 2282 3210 Joan.
2313 3172 2421 3222 xw,
2447 3154 2558 3227 28)
2584 3173 2597 3220 ;
2628 3170 2732 3208 non
2758 3154 2976 3208 formam
3003 3153 3114 3218 Dei,
3153 3161 3368 3221 propter
3389 3166 3542 3220 quam

1979 3251 2136 3305 modo
2169 3249 2388 3304 audistis
2408 3291 2422 3313 ,
2458 3248 2566 3318 Ego
2586 3257 2630 3302 et
2662 3247 2815 3301 Pater
2843 3262 2996 3299 unum
3017 3261 3186 3299 sumus
3211 3243 3318 3315 (Id.
3354 3260 3406 3308 ιι,
3427 3244 3542 3312 50).

1981 3343 2286 3397 Tenuerunt
2326 3342 2465 3411 quod
2492 3340 2738 3394 videbant
2769 3382 2782 3404 ,
2814 3338 3192 3392 cruxilixerunt
3221 3336 3358 3405 quod
3402 3335 3546 3390 vidc-

1980 3435 2138 3497 bant;
2169 3433 2556 3488 insnltaverunt
2580 3432 2629 3486 ei
2659 3447 2814 3500 quem
2846 3428 3135 3490 videbant,
3170 3442 3274 3481 non
3317 3441 3548 3494 agnove-

1981 3533 2102 3578 runt
2128 3523 2218 3592 qui
2245 3517 2456 3577 latebat.
2489 3521 2622 3574 Audi
2660 3519 2966 3585 Apostolum
2997 3517 3258 3570 dicentem
3291 3532 3304 3567 :
3333 3515 3393 3568 Si
3421 3516 3550 3567 enim

1981 3614 2354 3683 cognovissent,
2388 3627 2644 3672 nunquam
2673 3608 2944 3660 Dominum
2970 3605 3147 3675 gloria:
3189 3603 3560 3670 cruciﬁxissentl

1983 3705 2000 3773 (
2030 3679 2192 3756 I'Cor.
2223 3718 2279 3764 ιι,
2308 3700 2405 3770 8).
2435 3701 2574 3768 Ergo
2603 3697 2799 3754 Gentes
2825 3713 2940 3766 quae
2968 3705 3165 3748 vocata:
3194 3694 3321 3749 estis
3347 3679 3550 3756 ,atten?

1982 3794 2090 3846 dite
2121 3808 2293 3845 ramos
2331 3789 2581 3860 praecisos
2610 3796 2824 3857 propter
2851 3787 3218 3847 severitatem;
3253 3799 3344 3836 vos
3373 3794 3547 3836 autem

1984 3883 2207 3936 insertos
2234 3889 2446 3950 propter
2473 3877 2761 3932 bonitatem
2790 3918 2804 3940 ,
2833 3885 2880 3929 et
2906 3875 3185 3944 participes
3233 3874 3395 3926 factos
3438 3873 3551 3939 piu-

1983 3974 2221 4043 guedinis
2247 3973 2397 4038 olom,
2423 3988 2526 4025 non
2555 3971 2715 4022 altum
2748 3969 3029 4038 sapientes;
3065 3965 3114 4019 id
3137 3974 3216 4019 est
3241 3980 3345 4018 non
3371 3978 3552 4031 super«

1986 4070 2206 4122 luentes.
2239 4065 2358 4118 Non
2389 4065 2518 4118 enim
2563 4074 2614 4115 tu
2644 4062 2860 4114 radicem
2889 4071 3056 4128 portas
3086 4099 3098 4120 ,
3141 4058 3239 4120 ait;
3283 4055 3374 4110 sed
3405 4055 3551 4109 radix

1987 4171 2054 4213 te.
2112 4158 2271 4227 Magis
2304 4155 2604 4211 terreamiui
2630 4194 2644 4215 ,
2686 4153 2805 4222 quia
2840 4150 3030 4203 videtis
3059 4156 3352 4217 amputatos
3379 4160 3554 4200 ramos

1987 4251 2269 4304 naturales.
2298 4248 2464 4304 Jttda'i
2502 4245 2640 4300 enim
2683 4260 2776 4312 per
2813 4241 3144 4297 Patriarchas
3172 4246 3457 4300 venerunt;
3487 4236 3552 4290 do

1985 4361 2142 4398 carne
2166 4342 2389 4396 Abrahae
2430 4341 2533 4392 nati
2563 4346 2704 4391 sunt.
2734 4335 2800 4389 Et
2829 4333 2951 4401 quid
2983 4334 3056 4390 ait
3099 4328 3419 4400 Apostolus?
3451 4327 3554 4380 Sed

1985 4438 2108 4489 diris
2127 4455 2142 4486 :
2173 4433 2340 4486 Fracti
2361 4426 2480 4484 sunt
2501 4429 2648 4493 rami,
2672 4437 2724 4479 ut
2745 4443 2834 4497 ego
2854 4426 3060 4477 inserar.
3079 4421 3232 4484 Bene;
3255 4427 3456 4490 propter
3477 4417 3554 4468 in-

1987 4529 2274 4594 ﬁdelitatem
2297 4523 2443 4592 fracti
2471 4529 2604 4573 sunt.
2628 4517 2701 4571 'l'u
2730 4527 2915 4578 autem,
2950 4515 3135 4582 inquit,
3169 4511 3270 4578 [ide
3291 4519 3427 4570 stas;
3452 4509 3554 4559 noli

1985 4619 2140 4670 altum
2168 4630 2342 4677 sapere
2361 4656 2374 4678 ,
2403 4611 2487 4667 sed
2505 4614 2624 4665 time
2650 4625 2668 4662 :
2691 4609 2733 4662 si
2765 4608 2894 4659 enim
2923 4601 3231 4656 naturalibus
3249 4601 3397 4653 ramis
3417 4596 3554 4651 Dens

1961 4729 2085 4767 »ιιοη
2116 4710 2333 4781 pepercit
2359 4751 2370 4770 ,
2412 4723 2566 4775 neque
2607 4705 2692 4756 tibi
2723 4712 2908 4771 parret.
2961 4698 3183 4752 Attende
3210 4712 3335 4766 ergo
3378 4710 3554 4749 ramos

1988 4805 2272 4865 fractos,et
2298 4811 2348 4853 te
2379 4803 2628 4852 inscrtum
2665 4813 2677 4849 :
2711 4794 2812 4846 noli
2846 4791 3028 4845 extolli
3057 4805 3213 4858 super
3245 4802 3416 4840 ramos
3445 4786 3553 4838 fra-

1988 4904 2102 4946 ctos
2124 4911 2137 4956 ;
2160 4891 2252 4945 sed
2273 4889 2614 4958 magisdicito
2638 4887 2765 4949 Deo,
2794 4883 2957 4947 Quam
2987 4878 3244 4933 metuenda
3269 4886 3383 4931 sunt
3404 4893 3556 4946 opera

1991 4999 2073 5038 tua
2097 4987 2115 5038 .'
2143 4985 2353 5039 Fratres
2383 5025 2396 5045 ,
2449 4981 2490 5033 si
2519 4978 2772 5032 adversus
2797 4975 3008 5028 Judutos
3045 4971 3166 5024 olim
3193 4969 3448 5038 prmcisos
3490 4967 3556 5018 de

1993 5077 2167 5130 radice
2191 5075 2608 5128 Patriarehm'um
2629 5067 2882 5122 extollere
2904 5079 2998 5116 nos
3027 5078 3126 5114 non
3159 5060 3435 5119 debemus,
3461 5056 3572 5109 sed

1992 5170 2177 5221 timere
2204 5166 2404 5233 potius,
2431 5173 2484 5215 et
2503 5161 2678 5213 dicere
2701 5155 2828 5220 Ded,
2852 5157 3011 5233 Quam
3037 5153 3254 5206 timenda
3272 5159 3388 5206 sunt
3407 5163 3573 5219 Opera:

1994 5273 2076 5311 tua
2101 5259 2120 5310 .'
2147 5266 2342 5327 quanto
2369 5255 2541 5307 minus
2562 5265 2664 5306 non
2687 5265 2784 5304 nos
2810 5248 3063 5301 debemus
3089 5245 3342 5299 extollere
3367 5239 3567 5292 advera

1992 5368 2082 5407 sus
2105 5349 2333 5405 recentia
2360 5347 2574 5400 vulnera
2612 5339 3017 5413 prmcisionnm?
3051 5337 3260 5391 Prmcisi
3289 5340 3409 5386 sunt
3435 5338 3558 5382 ante

1991 5441 2192 5502 Judaei,
2228 5440 2438 5493 inserta:
2464 5444 2584 5489 sunt
2613 5433 2808 5489 Gentes
2839 5431 2941 5485 :de
2971 5433 3079 5497 ipsa
3103 5427 3392 5480 insertioue
3421 5435 3556 5486 prae.-

1993 5534 2087 5587 eisi
2118 5541 2240 5584 sunt
2269 5528 2533 5591 hairetici;
2565 5527 2655 5580 sed
2689 5540 2854 5593 neque
2889 5533 3070 5576 contra
3099 5521 3218 5573 illos
3265 5530 3358 5569 nos
3386 5509 3558 5564 extol.

1993 5626 2104 5679 lere
2147 5624 2398 5678 debemus
2421 5664 2434 5684 ,
2469 5635 2535 5675 ne
2564 5619 2695 5672 forte
2719 5615 2925 5686 ιιι-ειερίᾱί
2960 5622 3248 5674 mereatur,
3274 5621 3430 5675 quem
3462 5602 3557 5655 de-

1993 5721 2150 5775 lectat
2193 5717 2438 5770 insultare
2467 5711 2715 5780 pra‘cisis.
2745 5708 2958 5764 Fratres
2983 5704 3086 5757 mei
3115 5745 3128 5766 ,
3162 5699 3566 5770 qualiscumque

2001 5809 2228 5881 episcopi
2264 5825 2356 5860 κοτε
2398 5805 2568 5859 sonat
2599 5803 2743 5854 vobis
2767 5841 2780 5864 ,
2807 5809 3063 5864 rogamus
3089 5808 3179 5844 vos
3211 5799 3263 5841 ut
3289 5784 3552 5840 caveatis?
