4022 6200
538 359 636 415 19!

539 475 855 542 quicumque
885 471 936 524 in
967 469 1206 525 Ecclesia
1237 472 1362 523 estis
1387 510 1399 531 ,
1449 468 1612 522 nolite
1633 469 1883 521 insultare
1904 461 1989 521 eis
2017 465 2104 532 qui

500 558 505 561 ’
543 582 646 619 non
669 573 791 618 sunt
820 565 993 624 intus;
1024 562 1115 614 sed
1142 570 1289 621 orate
1317 560 1490 628 potius
1528 568 1583 611 ιιι
1608 567 1659 612 et
1689 559 1782 627 ipsi
1814 558 1952 611 intus
1979 557 2103 608 sint.

552 656 733 709 Potens
756 665 827 707 est
853 655 982 707 enim
1014 653 1143 707 Deus
1171 654 1349 706 iterum
1373 651 1589 704 inserere
1612 652 1744 703 illos.
1770 650 1841 704 De
1870 650 1996 719 ipsis
2018 648 2108 702 ,ιιι-

541 749 669 799 dmis
696 746 820 799 dixit
855 745 954 799 hoc
977 744 1259 813 Apostolus
1281 760 1294 806 ;
1314 751 1366 797 et
1395 742 1589 796 factum
1610 742 1764 794 estin
1791 741 1888 794 eis.
1917 739 2109 792 RBSIII“

538 839 675 891 sexit
700 838 951 890 Dotnittus
978 877 992 898 ,
1042 846 1095 889 et
1121 834 1266 887 multi
1297 832 1675 886 crediderunt:
1710 846 1811 883 non
1840 829 2111 882 intellexe-

542 940 667 983 runt
694 944 813 983 cum
835 928 1233 997 crucifigerent;
1265 934 1437 979 tamen
1467 934 1645 993 postea
1687 912 2020 975 crediderunt
2056 921 2105 972 in

540 1037 682 1079 eum.
712 1028 768 1074 et
790 1019 1045 1073 donatum
1064 1027 1146 1071 est
1171 1018 1248 1071 eis
1280 1025 1382 1069 tam
1428 1029 1673 1084 magnum
1701 1012 1973 1066 delictum.
2002 1010 2106 1064 Fu-

542 1124 632 1165 sus
668 1110 880 1167 Domini
935 1108 1147 1177 sanguis
1177 1107 1401 1160 donatus
1447 1113 1531 1160 cst
1559 1102 1835 1157 homicidis
1857 1145 1871 1165 ,
1903 1110 1957 1155 ιιι
2005 1117 2106 1153 ιιο·ι

540 1201 712 1255 dicam
738 1199 985 1262 deicidis;
1015 1198 1134 1267 quia
1163 1198 1207 1250 si
1234 1197 1573 1267 cognouissent
1594 1237 1608 1257 ,
1642 1208 1895 1259 nunquam
1931 1191 2107 1244 Domi-

543 1310 659 1347 num
685 1292 861 1364 gloriae
887 1292 1021 1344 cruci
1026 1290 1270 1359 ﬁeisseut.
1304 1286 1454 1341 Modo
1476 1285 1755 1340 ltomieitlis
1778 1285 2004 1338 donatus
2029 1292 2111 1334 est

543 1387 688 1439 [usus
728 1384 942 1452 sanguis
973 1381 1300 1446 itumcentis;
1328 1389 1383 1433 et
1419 1379 1588 1447 ipsum
1616 1378 1922 1445 sanguinem
1951 1391 2108 1444 quem

544 1492 637 1546 per
660 1462 931 1530 insaniant
956 1473 1200 1527 fuderunt
1221 1515 1234 1535 ,
1282 1486 1374 1541 per
1397 1471 1615 1539 gratiam
1645 1469 1910 1524 bibertmt.
1951 1467 2112 1520 Dicite

543 1582 671 1635 ergo
686 1565 787 1619 Deo
812 1582 829 1619 :
852 1565 1014 1631 Quam
1036 1563 1252 1617 timenda
1269 1572 1545 1631 stmtepera
1562 1562 1671 1613 tua!
1684 1560 1834 1616 Unde
1855 1557 2110 1613 timentia?

545 1656 677 1720 Quia
702 1655 893 1708 cerritus
915 1670 976 1707 ex
1003 1664 1144 1723 parte
1162 1651 1321 1705 Israel
1346 1654 1478 1720 facta
1498 1660 1589 1712 est,
1620 1661 1671 1703 ut
1703 1648 1958 1717 plenitudo
1980 1646 2112 1723 Gen:

545 1748 665 1799 tium
692 1749 900 1799 intraret
934 1745 950 1813 (
972 1715 1116 1798 llam.
1144 1760 1216 1806 XI,
1243 1742 1407 1797 17-25
1424 1743 1461 1812 ).
1483 1741 1528 1795 Ο
1551 1715 1795 1797 Gentium
1821 1715 2109 1809 plenitudo:

547 1839 632 1892 die
665 1838 820 1901 Deo,
848 1837 1009 1902 Quam
1040 1835 1258 1889 timenda
1281 1844 1396 1887 sunt
1426 1850 1578 1903 opera
1608 1834 1733 1887 tua!
1759 1843 1814 1887 et
1837 1833 1916 1887 sic
1942 1832 2111 1900 gaude

547 1937 601 1981 ut
625 1927 1038 1989 contremiscas;
1071 1926 1174 1979 noli
1220 1924 1404 1979 extolli
1451 1939 1610 1992 super
1644 1937 1818 1975 ratnos
1845 1923 2107 1991 przecisos.

549 2020 709 2073 Dicite
740 2001 844 2073 Deo
868 2036 887 2072 :
918 2018 1078 2084 Quam
1103 2015 1321 2070 timenda
1348 2026 1464 2070 sunt
1493 2032 1642 2085 opera
1669 2023 1755 2068 tua
1777 2015 1797 2067 .'

615 2111 667 2163 li.
712 2108 775 2162 In
803 2109 1118 2173 multitudine
1143 2109 1375 2177 potentia
1415 2117 1514 2160 tua!
1556 2107 1852 2160 mentiemur
1894 2106 1981 2159 tibi
2016 2107 2113 2160 iui-

520 2200 663 2253 "mici
692 2200 785 2252 tui.
818 2198 894 2252 Ad
920 2199 1020 2252 hoc
1052 2199 1163 2262 tibi,
1188 2198 1390 2267 inquit,
1423 2196 1743 2250 mentieutur
1774 2192 1971 2250 inimici
2003 2197 2074 2248 tui
2096 2238 2111 2259 ,

554 2298 611 2343 ιιι
638 2289 802 2342 multa
830 2287 897 2341 sit
924 2287 1153 2358 potentia
1183 2297 1289 2340 tua.
1312 2285 1447 2354 Quid
1477 2296 1558 2339 est
1579 2285 1716 2339 hoc?
1744 2286 1998 2340 intentius
2018 2300 2112 2338 au-

551 2381 683 2434 dite.
718 2378 957 2433 Potentia
981 2377 1186 2431 Domini
1218 2377 1380 2431 nostri
1406 2376 1529 2431 Jesn
1555 2376 1749 2430 Christi
1772 2377 2000 2431 maxime
2019 2393 2113 2446 ap-

551 2471 724 2541 paruit
741 2471 790 2525 in
806 2470 1209 2531 resurrectione,
1230 2469 1368 2523 unde
1386 2468 1616 2538 psalmus
1629 2469 1725 2522 iste
1748 2469 1951 2523 titulum
1967 2482 2115 2521 acce-

549 2563 642 2631 pit.
665 2562 728 2616 Et
742 2573 1027 2631 resurgens
1041 2560 1283 2628 apparuit
1305 2557 1578 2627 discipulis
1597 2557 1724 2610 suis.
1744 2556 2115 2625 Nonapparuit

549 2650 774 2706 inimicis
807 2651 916 2704 suis
942 2689 957 2714 ,
981 2648 1074 2704 sed
1099 2648 1369 2719 discipulis
1396 2647 1503 2701 suis
1533 2645 1679 2718 (Act.
1701 2662 1753 2708 χ,
1776 2647 1836 2700 41
1866 2644 1904 2715 ).
1935 2646 2115 2699 Cruri-

551 2732 943 2813 tixuSapparuit
966 2740 1208 2796 omnibus
1232 2757 1245 2804 ;
1274 2752 1551 2808 resurgens
1574 2722 1843 2791 lidelibus:
1875 2746 1924 2789 ut
1958 2738 2114 2790 etiam

550 2842 732 2902 postea
775 2833 862 2904 qui
902 2832 1062 2888 vellet
1098 2831 1373 2896 crederet,
1416 2838 1471 2883 et
1524 2829 1757 2883 credenti
1803 2828 2117 2884 resurrectio

552 2924 965 2993 promitteretur.
996 2922 1138 2977 Multi
1167 2921 1330 2976 sancti
1374 2922 1532 2973 multa
1560 2919 1810 2973 miracula
1840 2919 2076 2975 fecerunt
2100 2937 2113 2983 ;

555 3017 729 3071 nullus
776 3017 1010 3086 ipsorum
1060 2998 1302 3067 mortuus
1342 3012 1633 3067 resurrexit
1663 3029 1675 3062 :
1705 3013 1829 3078 quia
1857 3020 1909 3066 et
1934 3013 2021 3081 qui
2051 3013 2118 3065 ab

553 3108 632 3161 eis
652 3105 946 3160 resuscitati
968 3114 1110 3161 sunt.
1136 3103 1373 3156 morituri
1392 3102 1684 3156 resuscitati
1711 3107 1849 3154 sunt.
1878 3101 2120 3156 lntendat

553 3197 796 3251 Charitas
830 3195 1036 3249 Vestra.
1088 3192 1478 3248 Commendans
1523 3193 1773 3246 Dominus
1823 3208 1981 3262 opera
2024 3209 2117 3247 sua

553 3287 716 3340 dixit:
740 3284 982 3356 Operibus
1002 3286 1202 3343 credite.
1223 3284 1266 3336 si
1286 3283 1411 3335 mihi
1429 3300 1528 3336 non
1556 3283 1705 3335 vultis
1724 3283 1921 3335 credere
1941 3282 2114 3352 (latnt.

557 3395 612 3443 ις,
633 3378 703 3432 38
724 3378 763 3449 ).
786 3377 849 3431 Et
873 3375 1307 3432 commendantur
1325 3376 1482 3431 etiam
1514 3376 1775 3443 praeterita
1806 3390 1964 3443 opera
1992 3374 2118 3427 Pro-

554 3470 936 3539 phetarummt
988 3467 1031 3522 si
1080 3481 1186 3522 non
1234 3466 1456 3530 eadem,
1498 3474 1673 3519 tamen
1702 3464 1863 3517 ntulta
1910 3464 2115 3528 eadem,

553 3560 717 3615 multa
748 3560 984 3628 ejusdem
1014 3558 1283 3629 potentiae.
1312 3557 1619 3613 Ambulavit
1666 3557 1918 3611 Dominus
1960 3571 2120 3627 super

530 3665 720 3716 .tnare,
748 3649 905 3718 jussit
932 3649 947 3680 ¹
979 3658 1032 3702 et
1057 3647 1265 3703 Petrum
1291 3648 1310 3717 (
1343 3646 1522 3701 Matth.
1556 3663 1664 3712 XIV,
1690 3645 1781 3709 25,
1800 3646 1870 3702 29
1893 3648 1930 3712 ).
1960 3647 2122 3702 Num-

550 3743 679 3812 quid
720 3759 823 3798 non
882 3741 950 3795 ibi
997 3750 1111 3796 erat
1141 3741 1252 3809 ipse
1304 3739 1554 3793 Dominus
1575 3780 1590 3802 ,
1624 3739 1836 3808 quando
1861 3756 1918 3793 se
1946 3741 2121 3795 divisit

554 3847 720 3896 mare,
746 3840 803 3886 ut
827 3832 1035 3903 Moyses
1061 3846 1180 3886 cum
1208 3830 1402 3901 populo
1437 3827 1596 3885 Israel
1629 3832 1873 3885 transiret
1902 3833 1919 3901 (
1952 3830 2117 3886 Exod.

557 3938 666 3988 xiv,
689 3925 763 3981 2t
783 3922 842 3993 )?
872 3922 1012 3977 Idem
1050 3922 1309 3978 Dominus
1334 3921 1420 3975 illa
1452 3920 1692 3976 iaciebat.
1718 3922 1817 3988 Qui
1863 3923 1983 3979 fecit
2025 3926 2120 3977 ista

556 4029 653 4083 per
690 4028 902 4068 carnem
930 4028 1080 4068 suam
1101 4056 1116 4079 ,
1144 4013 1256 4083 ipse
1287 4012 1375 4066 illa
1401 4012 1627 4066 faciebat
1651 4027 1742 4081 per
1766 4028 1979 4068 carnem
2005 4030 2121 4067 Scr-

553 4119 741 4158 vorum
771 4102 1171 4156 suorum.»lltud
1208 4110 1379 4155 tamen
1423 4117 1516 4170 per
1539 4115 1725 4155 servos
1761 4116 1887 4156 suos
1917 4118 2018 4155 non
2045 4104 2120 4155 te-

553 4198 628 4253 eit
651 4197 794 4269 (nam
822 4195 934 4264 ipse
947 4195 1123 4248 omnia
1149 4191 1417 4264 faciebat),
1436 4200 1492 4246 ιιι
1514 4192 1702 4262 aliquis
1722 4194 1954 4262 ipsorum
1978 4209 2124 4246 mor-

558 4299 678 4342 tuus
697 4294 861 4347 esset,
884 4293 939 4339 et
962 4290 1260 4352 resurgeret
1284 4283 1337 4336 in
1362 4282 1519 4336 vitam
1545 4291 1816 4336 arternam.
1840 4281 1969 4350 Quia
1995 4298 2122 4351 ergo

558 4386 777 4448 possent
797 4376 975 4430 dicere
997 4372 1187 4437 iudici,
1205 4388 1323 4428 cum
1348 4373 1597 4427 miracula
1623 4373 1820 4427 taceret
1848 4371 2120 4439 Dominus,

556 4470 705 4526 Fecit
732 4468 845 4524 lucc
863 4475 920 4522 et
942 4465 1167 4537 Moyses,
1200 4462 1324 4519 fecit
1348 4463 1521 4528 Elias,
1553 4464 1674 4518 fecit
1701 4463 1923 4518 EiiStBItS
1956 4481 1967 4515 :
2000 4480 2091 4533 pos
2163 4462 2172 4485 ‘

559 4571 679 4617 sent
705 4562 803 4616 sibi
827 4560 923 4614 ista
953 4557 1151 4621 dicere,
1174 4556 1293 4626 quia
1324 4554 1474 4608 etilli
1506 4566 1744 4608 mortuos
1773 4555 2121 4609 resuscitave—

561 4661 706 4719 runt,
733 4663 789 4708 et
811 4651 977 4706 multa
1008 4648 1259 4704 miracula
1291 4646 1527 4701 lect-runt
1561 4663 1574 4699 :
1608 4656 1881 4715 propterea
1911 4662 2027 4700 cum
2056 4648 2124 4701 ab

558 4742 652 4797 illo
704 4743 909 4812 signum
965 4748 1260 4811 peteretur;
1293 4737 1562 4806 proprium
1601 4735 1807 4803 signant
1856 4750 2123 4789 common-

558 4832 693 4887 dans
720 4832 859 4901 quod
890 4828 939 4886 in
967 4844 1024 4887 se
1046 4832 1160 4885 solo
1186 4829 1417 4883 futurum
1442 4835 1575 4888 erat,
1599 4824 1673 4878 ait
1706 4843 1719 4879 :
1747 4823 2009 4879 Genet-alio
2029 4820 2125 4882 ista

544 4940 715 4995 (prava
744 4933 791 4976 et
818 4924 1100 4978 amaricaus
1120 4923 1140 4954 ⁹
1161 4922 1359 4991 signum
1382 4919 1556 4990 quaerit
1570 4935 1591 4984 ;
1615 4928 1660 4972 et
1686 4918 1881 4986 signum
1910 4934 2008 4971 nou
2034 4918 2126 4971 dn-

556 5017 690 5070 bitur
715 5014 761 5068 si
783 5054 800 5078 ,
840 5013 936 5066 nisi
962 5013 1156 5083 signum
1178 5010 1328 5065 Jama
1376 5008 1649 5080 prop/tete.
1693 5007 1836 5062 Sicut
1872 5008 2002 5060 enim
2031 5010 2126 5079 fuit

554 5106 718 5159 Jonas
747 5102 798 5156 in
819 5111 983 5155 ventre
1002 5103 1096 5157 ceti
1121 5102 1274 5153 tribus
1289 5082 1499 5161 diebus,
1520 5107 1565 5152 et
1588 5096 1745 5151 tribus
1774 5098 2031 5160 noctibus;
2052 5099 2125 5153 sic

556 5198 652 5250 erit
679 5204 724 5249 et
748 5192 889 5260 ﬁlius
912 5192 1126 5261 hominis
1154 5191 1206 5243 in
1226 5190 1372 5243 corde
1396 5200 1542 5244 terra:
1565 5190 1722 5241 tribus
1744 5188 1934 5252 diebus,
1967 5197 2015 5241 et
2030 5188 2124 5242 tri-

559 5291 651 5342 bus
674 5282 899 5341 noctibus
930 5280 948 5352 (
973 5279 1155 5332 Matth.
1183 5294 1292 5343 xu,
1336 5279 1427 5344 '59,
1456 5279 1523 5333 40
1542 5287 1583 5348 ).
1615 5277 1890 5345 Quomodo
1918 5278 2014 5330 fuit
2034 5278 2122 5331 ,ιη-

558 5395 654 5434 uas
689 5378 744 5432 in
767 5382 950 5429 ventre
973 5369 1114 5424 ceti?
1154 5368 1339 5422 Nonne
1367 5377 1422 5421 ut
1451 5376 1629 5436 postea
1666 5368 1813 5420 vivus
1853 5382 2125 5421 evomere-

562 5467 809 5525 tur?Hoc
837 5464 932 5518 fuit
960 5458 1198 5515 infernus
1222 5456 1466 5523 Domino,
1484 5455 1623 5525 quod
1648 5455 1795 5509 Jonte
1821 5446 1987 5509 cetus.
2015 5457 2123 5510 lluc

559 5564 768 5632 signum
809 5554 1082 5629 proprium
1133 5545 1552 5609 commendavit;
1580 5545 1679 5599 hoc
1708 5555 1788 5601 est
1828 5547 2125 5616 potentissi-

618 5719 634 5749 ι
664 5716 848 5779 Aliquot
871 5723 994 5773 Mss“
1022 5711 1180 5763 duxit.
1246 5769 1275 5779 ,.
1374 5724 1377 5725 ν

619 5781 641 5814 ³
665 5768 883 5840 t‘lei'iquc
908 5768 1030 5826 mssa
1057 5769 1304 5827 concretio
1325 5769 1451 5820 mala
1470 5775 1517 5821 et
1545 5768 1780 5819 adultera.

1739 355 1793 410 s.
1835 313 2199 409 annosum
2240 352 2534 408 EPlSCOPl
3640 360 3730 420 τις

2216 480 2378 517 ιιιιιιη.
2408 466 2680 519 Potentius
2724 478 2802 519 est
2836 469 3086 521 revixisse
3117 485 3371 523 nui-tuum
3400 511 3415 536 ,
3463 487 3612 541 quam
3639 493 3731 533 non

2215 555 2379 610 fuisse
2409 565 2690 609 mortuum.
2724 557 3021 626 Magnitudo
3051 561 3292 626 potentia:
3338 561 3530 616 Domini
3569 579 3728 620 secun-

2213 646 2338 700 dutn
2360 646 2497 715 quod
2527 647 2874 702 bomol‘actus
2911 660 3013 714 est,
3058 651 3107 701 in
3152 651 3340 704 virtute
3368 654 3732 709 resurrectionis

2214 746 2449 806 apparet.
2472 737 2616 791 lianc
2639 739 2975 792 commendat
3000 742 3037 793 Λ
3048 741 3296 810 postulus,
3317 756 3431 795 cum
3450 742 3569 796 dicit
3589 762 3600 796 :
3632 743 3731 797 Non

2215 829 2398 880 habens
2426 844 2584 881 meum
2609 830 2859 897 justitiam
2885 846 2996 898 quae
3020 847 3081 883 e1:
3123 829 3253 899 Lege
3275 841 3346 883 est
3368 850 3386 895 ;
3413 833 3496 885 sed
3518 850 3620 886 eam
3643 850 3733 899 qua:

2214 930 2283 974 est
2313 938 2400 989 per
2445 922 2596 989 ﬁdem
2640 921 2825 975 Christi
2846 965 2859 987 ,
2886 939 2996 991 qua:
3024 934 3094 976 est
3121 940 3182 977 ea;
3210 924 3312 976 Deo
3340 926 3528 993 justitia
3548 927 3595 980 in
3620 928 3732 994 ﬁde,

2214 1011 2282 1062 ad
2321 1013 2714 1082 cognoscendum
2742 1029 2853 1065 eum
2881 1054 2895 1075 ,
2924 1023 2969 1066 et
3008 1015 3235 1066 virtutem
3261 1018 3615 1069 resurrectionis
3646 1020 3739 1088 €sz

2215 1100 2233 1167 (
2258 1099 2485 1170 Philipp.
2520 1117 2596 1163 ιιι,
2637 1101 2691 1164 9,
2722 1102 2788 1156 10
2808 1102 2847 1174 ).
2875 1104 2963 1157 Sic
2985 1106 3379 1158 cmuntaudatur
3413 1115 3463 1159 et
3488 1107 3583 1161 alio
3604 1107 3706 1163 loco
3721 1128 3740 1164 ε.

2219 1188 2282 1242 Et
2298 1190 2341 1243 si
2361 1192 2632 1258 cruciﬁxus
2657 1202 2729 1246 est
2753 1193 3138 1262 exin/inuitato,
3161 1194 3249 1246 sed
3269 1196 3381 1248 trivit
3407 1197 3457 1249 in
3481 1198 3642 1251 virtute
3664 1198 3737 1254 Dei

2217 1280 2233 1346 (
2269 1278 2309 1331 Il
2333 1278 2449 1334 Cor.
2477 1296 2588 1345 xm,
2620 1282 2655 1337 4
2675 1281 2718 1351 ).
2743 1281 2875 1336 Cum
2903 1298 3030 1352 ergo
3069 1284 3165 1337 ista
3209 1300 3391 1355 magna
3416 1269 3627 1356 potentia
3651 1289 3738 1343 Do-

2217 1367 2340 1421 mini
2378 1368 2428 1422 in
2460 1371 2845 1451 resurrectione
2882 1373 3219 1441 intelligatur,
3245 1375 3380 1431 unde
3404 1377 3597 1431 titulum
3624 1380 3737 1447 psalo

2216 1473 2332 1511 mus
2379 1458 2477 1513 iste
2522 1461 2754 1530 neocpit;
2784 1463 2906 1532 quid
2935 1465 3032 1516 sibi
3060 1465 3168 1518 vult
3190 1506 3206 1527 ,
3237 1467 3301 1517 In
3331 1467 3625 1520 utultitudine
3659 1485 3737 1538 po-

2215 1551 2383 1605 tentia:
2411 1560 2512 1606 tute
2535 1555 2834 1607 mentiemur
2860 1555 2948 1608 tibi
2971 1556 3158 1608 inimici
3191 1558 3283 1620 tui,
3316 1557 3415 1611 nisi
3445 1569 3497 1612 ut
3522 1560 3591 1613 sic
3615 1560 3739 1614 intel-

2216 1643 2347 1712 ligas
2378 1661 2391 1695 :
2424 1642 2548 1696 Ideo
2574 1644 2663 1697 tibi
2685 1644 3006 1710 mentientur
3030 1647 3225 1700 inimici
3256 1647 3328 1701 tui
3354 1657 3411 1701 ut
3436 1648 3735 1718 cruciligaris;

2216 1734 2335 1788 ideo
2364 1735 2687 1804 crueiligeris
2708 1744 2764 1789 ut
2785 1738 3062 1806 resurgas?
3082 1737 3411 1793 Mendacium
3431 1726 3548 1809 ergo
3565 1740 3736 1795 illorum

2215 1822 2280 1877 ad
2315 1824 2786 1880 commendandam
2829 1827 3045 1881 multam
3087 1830 3370 1896 potentiam
3400 1838 3532 1883 tuam
3560 1829 3734 1883 valebit.

2215 1914 2390 1981 Quare
2409 1917 2585 1971 solent
2614 1917 2807 1971 inimici
2836 1920 3085 1973 mentiri?
3110 1919 3175 1976 Ut
3204 1922 3485 1990 potentiam
3526 1921 3738 1992 cujusque

2219 2006 2458 2060 minuant
2481 2007 2549 2062 de
2576 2023 2682 2078 quo
2704 2008 3051 2063 mentiuntur.
3067 2010 3204 2076 Tibi,
3232 2011 3417 2080 inquit,
3437 2021 3602 2066 contra
3620 2014 3734 2067 ataci-

2217 2097 2312 2150 dit.
2341 2097 2474 2153 Nam
2499 2099 2671 2155 minus
2696 2112 2976 2170 appareret
3005 2103 3238 2170 putentia
3266 2113 3374 2169 tua,
3402 2104 3550 2158 sitibi
3575 2104 3635 2157 illi
3653 2120 3734 2159 non

2219 2189 2588 2243 mentirentur.

2295 2279 2347 2332 7.
2378 2278 2644 2334 Attendite
2667 2290 2721 2335 et
2747 2280 2918 2351 ipsum
2950 2281 3283 2349 mendacium
3308 2283 3543 2338 falsorum
3562 2283 3732 2339 testium

2222 2369 2272 2421 in
2317 2368 2636 2438 Evangelia,
2680 2379 2734 2425 et
2778 2371 2952 2426 videte
2987 2372 3108 2442 quia
3151 2370 3224 2427 de
3267 2376 3624 2429 resurrectione
3655 2384 3731 2428 est

2218 2458 2349 2541 (\Ium
2379 2460 2520 2513 enim
2549 2460 2770 2515 Domino
2792 2461 2990 2517 dictum
3017 2473 3194 2529 esset,
3230 2464 3377 2530 Quod
3399 2465 3579 2535 signum
3603 2475 3735 2519 osten-

2220 2552 2297 2604 dis
2325 2552 2466 2605 nobis
2488 2591 2502 2615 ,
2532 2553 2647 2622 quia
2670 2553 2766 2606 ista
2786 2555 2911 2624 facis
2932 2554 2957 2608 ?
2981 2565 3206 2624 excepto
3236 2571 3301 2612 eo
3325 2557 3459 2627 quod
3485 2558 3663 2612 dixerat
3683 2558 3736 2610 de

2220 2641 2349 2696 Jona
2369 2686 2383 2707 ,
2402 2659 2496 2711 per
2510 2644 2664 2698 aliam
2685 2644 3078 2701 similitudinem
3098 2646 3200 2702 hoc
3222 2649 3389 2719 ipsum
3408 2650 3523 2703 item
3539 2649 3675 2712 dixit,
3692 2657 3736 2701 ut

2220 2736 2473 2789 noveritis
2498 2736 2598 2791 hoc
2628 2737 2894 2807 proprium
2932 2739 3138 2808 signum
3178 2742 3406 2795 maxime
3444 2741 3727 2796 commenda-

2224 2837 2338 2887 tum
2362 2842 2377 2881 :
2410 2827 2600 2886 Solvite
2622 2829 2860 2898 templum
2879 2871 2893 2895 ,
2924 2828 3133 2899 inquit,
3156 2831 3256 2885 hoc
3276 2848 3296 2895 ;
3313 2844 3359 2887 et
3378 2832 3428 2885 in
3447 2833 3582 2886 tribus
3598 2831 3737 2884 diebus

2222 2916 2443 2971 excitabo
2467 2917 2615 2971 illud.
2650 2916 2715 2971 Et
2736 2919 2813 2972 illi
2843 2920 3078 2973 dixerunt
3099 2937 3119 2974 :
3146 2919 3489 2993 Quadraginta
3510 2931 3550 2976 et
3566 2937 3639 2975 ses
3659 2938 3734 2973 au-

2223 3010 2301 3062 uis
2320 3009 2623 3078 wdificatum
2642 3020 2716 3064 est
2738 3010 2979 3081 templum
3000 3011 3126 3079 hoc;
3147 3023 3197 3066 et
3223 3023 3279 3067 tu
3300 3014 3351 3067 in
3369 3015 3522 3068 triduo
3538 3013 3737 3068 excitabit

2222 3099 2393 3153 illud?
2437 3100 2503 3154 Et
2548 3102 2903 3171 evangelista,
2950 3103 3073 3172 quid
3118 3104 3253 3158 illud
3295 3117 3431 3160 esset
3471 3117 3735 3175 exponens:

2227 3189 2337 3243 [Ioc
2362 3201 2558 3251 autem,
2584 3192 2752 3261 inquit
2775 3233 2788 3253 .
2829 3193 3021 3247 dicebat
3059 3192 3214 3249 Iesus
3261 3199 3324 3250 de
3360 3197 3538 3265 templo
3555 3196 3737 3261 corporis

2223 3284 2300 3335 sui
2326 3282 2344 3354 (
2369 3282 2524 3336 Joan.
2562 3300 2598 3339 tl
2622 3326 2637 3348 ,
2675 3285 2832 3339 18-21
2869 3287 2911 3357 ).
2956 3286 3091 3341 Ecce
3136 3286 3279 3343 hanc
3321 3290 3583 3358 potentiam
3618 3303 3737 3340 suam

2224 3373 2526 3428 hominibus
2552 3390 2611 3429 se
2637 3374 3119 3431 demonstraturum
3149 3378 3360 3436 dicebat
3380 3421 3395 3445 ,
3427 3381 3553 3435 unde
3583 3379 3736 3434 simili-

2224 3463 2457 3518 tudinem
2494 3464 2560 3519 de
2605 3466 2800 3536 templo
2837 3467 3096 3530 dederat,
3146 3479 3366 3539 propter
3395 3486 3588 3524 carnem
3620 3482 3739 3523 strain

2223 3570 2340 3624 quae
2362 3564 2475 3608 erat
2504 3556 2754 3625 templum
2782 3557 2990 3612 latentis
3015 3558 3157 3613 intus
3183 3560 3488 3615 divinitatis.
3516 3558 3646 3614 Unde
3667 3555 3737 3611 Ju-

2222 3649 2324 3703 dtei
2354 3650 2602 3719 templum
2634 3649 2764 3705 foris
2791 3651 3077 3716 videbant;
3111 3669 3310 3708 nomen
3343 3655 3478 3709 intus
3504 3650 3736 3706 babitans‘

2225 3754 2329 3794 non
2356 3740 2622 3795 videbant.
2656 3742 2730 3795 Ex
2762 3742 2880 3797 istis
2908 3742 3085 3797 verbis
3118 3744 3326 3798 Domini
3350 3745 3741 3798 concinnaverunt

2226 3833 2345 3887 falsi
2375 3840 2536 3889 teSIes
2565 3820 2893 3888 mendacium
2919 3876 2934 3900 ,
2963 3834 3105 3903 quod
3133 3845 3320 3891 contra
3357 3852 3471 3892 eum
3507 3836 3708 3889 dicerent
3728 3870 3741 3895 ,

2226 3938 2288 3976 ex
2318 3923 2396 3977 bis
2426 3924 2554 3993 ipsis
2603 3923 2689 3979 ubi
2735 3924 3122 3979 commendavit
3162 3928 3586 3983 resurrectionem
3622 3935 3741 3979 suam

2227 4010 2455 4066 futuram
2482 4054 2496 4076 ,
2544 4014 2763 4083 loquens
2803 4014 2871 4068 de
2913 4015 3132 4083 templo.
3181 4016 3443 4071 Dixerunt
3484 4015 3610 4071 enim
3652 4009 3744 4064 falsi

2230 4112 2390 4158 testes
2413 4104 2667 4159 adversus
2695 4120 2815 4159 cum
2839 4148 2854 4168 ,
2885 4120 3004 4158 cum
3033 4117 3361 4175 quaereretur
3383 4108 3448 4161 ab
3472 4108 3544 4161 eis
3567 4102 3673 4174 quid
3698 4100 3746 4152 il-

2231 4194 2335 4248 lum
2373 4193 2645 4249 audissent
2690 4195 2885 4249 dixisse
2908 4198 2970 4247 ἐ
3017 4196 3313 4251 Audiuimus
3358 4190 3465 4252 eum
3504 4196 3743 4250 dicentem.

2229 4285 2433 4341 Salvam
2465 4286 2702 4354 templum
2724 4286 2815 4339 hoc
2833 4329 2849 4351 ,
2882 4298 2927 4340 et
2955 4299 3065 4357 post
3091 4289 3314 4341 triduum
3342 4285 3620 4341 resuscitabo
3644 4282 3749 4335 illud

2229 4377 2453 4442 (Matth.
2486 4394 2613 4432 xxvr
2638 4421 2653 4443 ,
2685 4378 2745 4433 6|
2781 4379 2818 4451 ).
2856 4379 3235 4443 Posttriduum
3274 4378 3561 4435 resuscitabo
3582 4418 3597 4443 ,
3622 4372 3745 4428 audi-

2229 4458 2382 4526 erant
2409 4484 2422 4520 :
2456 4468 2662 4522 Salvam
2686 4512 2701 4533 ,
2731 4485 2834 4523 non
2860 4470 3137 4525 audierant
3162 4488 3176 4533 ;
3208 4472 3302 4525 sed
3331 4470 3624 4529 audierant,
3651 4463 3747 4517 Sol-

2228 4562 2339 4612 uite.
2375 4559 2547 4615 Unum
2577 4561 2793 4614 verbum
2825 4557 3196 4626 mutaverunt,
3241 4574 3293 4616 ct
3326 4576 3507 4630 paucas
3544 4559 3746 4614 litteras,

2228 4664 2286 4706 ut
2314 4652 2503 4706 falsum
2528 4654 2884 4708 testimOninm
2906 4652 3238 4708 molirentur.
3263 4653 3364 4709 Sed
3383 4652 3463 4705 cui
3481 4658 3635 4704 mutas
3655 4658 3746 4696 vcr-

2231 4743 2351 4796 bum
2376 4783 2392 4808 ,
2424 4758 2456 4796 o
2488 4742 2715 4796 humana
2736 4745 2936 4796 vanitas
2961 4784 2974 4803 ,
3002 4758 3036 4796 0
3058 4742 3286 4798 humana
3312 4735 3616 4796 inﬁrmitas?
3643 4732 3745 4785 Ver-

2230 4834 2298 4888 bo
2345 4834 2759 4888 incommutabili
2805 4833 3029 4888 verbum
3080 4835 3290 4889 mutas!
3336 4834 3497 4887 Mutas
3537 4840 3588 4882 tu
3628 4834 3744 4877 tuum

2230 4923 2487 4987 verbum;
2536 4923 2788 4992 numquid
2833 4932 3007 4977 mutas
3050 4923 3138 4978 Dei
3186 4922 3455 4977 Verbum?
3484 4916 3621 4974 [inde
3662 4909 3746 4964 alio

2231 5014 2348 5067 loco
2371 5013 2561 5067 dicitur
2589 5031 2601 5065 :
2634 5013 2699 5067 Et
2719 5014 2923 5093 mentita
2946 5025 3017 5067 est
3046 5015 3280 5082 iniquitas
3296 5013 3427 5082 sibi(
3452 5008 3585 5063 Psal.
3610 5016 3711 5058 xxvi
3730 5039 3743 5063 ,

2233 5105 2301 5160 12
2325 5106 2365 5175 ).
2396 5105 2570 5173 Quare
2594 5122 2721 5177 ergo
2750 5107 2839 5159 tibi
2870 5107 3073 5161 mentiti
3101 5117 3223 5161 sunt
3251 5104 3444 5161 inimici
3476 5101 3542 5156 tui
3564 5140 3578 5161 ,
3604 5111 3633 5150 ο
3659 5094 3744 5147 DO-

2234 5196 2373 5250 mine
2397 5238 2412 5260 ,
2440 5196 2524 5251 cui
2550 5196 2741 5265 jubilat
2767 5197 2940 5250 omnis
2966 5196 3148 5252 terra?
3189 5195 3253 5250 In
3280 5192 3583 5249 multitudine
3602 5193 3743 5258 poten—

2232 5290 2753 5344 tiwtuaamentientur
2782 5289 2869 5342 tibi
2910 5289 3099 5343 inimici
3141 5291 3232 5343 tui.
3281 5289 3497 5350 Dicent,
3534 5279 3742 5336 Salvam;

2231 5397 2350 5434 cum
2381 5390 2437 5434 tu
2462 5382 2663 5435 dixeris
2683 5421 2700 5448 ,
2731 5381 2941 5435 Solvite.
2974 5381 3149 5448 Quare
3176 5390 3226 5436 te
3257 5379 3500 5435 dixerunt
3541 5369 3740 5427 dixisse.

2234 5472 2438 5525 Salvam
2463 5489 2479 5535 ;
2505 5481 2559 5526 et
2605 5488 2711 5526 non
2751 5470 2999 5526 dixerunt
3034 5471 3176 5542 quad
3216 5480 3270 5525 ιιι
3310 5466 3515 5529 dixisti,
3546 5450 3743 5517 Solsitt.’

2298 5650 2311 5677 ι
2343 5646 2524 5709 Aliquot
2546 5644 3008 5709 Mss..piahubitaus___
3204 5706 3227 5709 Α
3393 5700 3419 5709 η
3463 5700 3472 5708 ,

2287 5710 2315 5776 ,ε
2338 5685 3092 5769 ξίιέἳὶξὲ.’Ᾰῖ”ἐὶιὶἱῗ,“’ἧιὶόὶι“ἰιιωη
3114 5706 3346 5757 audissent
3371 5700 3539 5751 dixisse
3559 5685 3739 5752 διαπρίει·

2230 5782 2367 5819 unus.
