4022 6200
303 407 406 462 79⁸5

301 522 371 578 Ut
397 522 544 594 quasi
574 521 672 591 ipsi
699 535 756 576 se
785 533 813 574 a
843 517 1079 575 erimine-
1097 514 1253 572 soluti
1295 512 1476 584 templi
1517 508 1861 566 defenderent

305 617 418 669 sine
440 631 619 668 causa.
643 613 880 667 Christus
901 612 1040 666 enim
1066 653 1080 674 ,
1107 609 1227 679 quia
1256 607 1418 660 voluit
1443 647 1456 669 ,
1487 614 1724 658 mortuus
1741 610 1821 654 est
1846 615 1860 652 :

303 717 359 761 et
387 716 562 760 tamen
601 718 696 758 vos
737 703 1020 758 occidistis.
1063 702 1194 754 Ecce
1234 695 1573 751 concedimus
1613 691 1761 744 vobis
1787 730 1802 755 ,
1833 703 1864 743 0

298 795 587 851 mendaces
615 809 629 855 ;
663 794 772 862 ipse
801 792 954 846 solvit
984 789 1254 858 templum.
1289 787 1492 839 Dictum
1521 792 1603 838 est
1632 781 1772 836 enim
1799 778 1865 833 ab

307 884 601 955 Apostolo:
637 882 734 948 Qui
763 897 837 935 me
875 881 1046 934 dilexit
1084 889 1128 932 et
1170 876 1375 960 tradidit
1415 874 1730 942 semetipsum
1776 885 1864 935 pro

207 995 213 1001 '
305 997 386 1034 me
411 980 430 1051 (
456 978 570 1032 Gal.
605 994 638 1032 ιι
663 1019 677 1042 ,
705 976 774 1031 ‘20
793 977 833 1044 ).
868 975 1072 1028 Dictum
1101 981 1182 1027 est
1209 970 1274 1024 de
1303 970 1458 1023 Patre
1487 984 1500 1019 :
1538 965 1634 1031 Qui
1660 963 1863 1035 proprio

311 1069 445 1123 Filio
469 1086 557 1121 suo
579 1056 951 1136 non-pepercit;
980 1063 1064 1117 sed
1099 1079 1188 1131 pro
1226 1061 1363 1113 nobis
1396 1059 1622 1112 omnibus
1661 1053 1867 1108 tradidit

305 1161 449 1213 illuni
479 1157 494 1225 (
523 1157 666 1210 Rom.
697 1173 786 1209 vnt
809 1197 820 1216 .
848 1154 916 1209 52
941 1153 978 1224 ).
1005 1154 1058 1207 Si
1080 1167 1205 1222 ergo
1226 1151 1380 1204 Pater
1401 1147 1589 1202 Filium
1615 1141 1824 1208 tradidit
1847 1180 1865 1205 ,

306 1261 360 1307 et
390 1250 554 1305 Filius
583 1249 923 1313 semetipsum
956 1243 1200 1307 tradidit;
1228 1239 1392 1296 Judas
1417 1237 1538 1308 quid
1579 1234 1744 1290 fecit?
1773 1233 1870 1286 Pa-

307 1352 388 1396 ter
416 1327 669 1394 tradendo
697 1338 882 1391 Filium
904 1335 967 1387 ad
994 1342 1214 1386 mortem
1236 1347 1331 1401 pro
1353 1329 1502 1384 nobis
1521 1367 1537 1392 ,
1561 1327 1693 1379 bene
1712 1321 1863 1376 fecit:

307 1433 546 1487 Christus
591 1428 845 1483 tradendo
887 1426 1117 1494 seipsum
1159 1438 1254 1492 pro
1297 1421 1486 1483 nobis,
1529 1417 1651 1471 fecit
1693 1415 1866 1467 bene:

308 1523 566 1578 tradendo
617 1520 779 1573 .lndas
819 1517 1127 1586 magistrum
1174 1527 1268 1582 pro
1311 1510 1530 1565 avaritia
1573 1523 1702 1572 sua,
1748 1505 1869 1559 fecit

311 1618 465 1671 male.
498 1615 608 1669 Non
638 1615 777 1668 enim
809 1610 949 1681 quod
995 1609 1144 1663 nobis
1188 1607 1478 1677 prtestitum
1516 1613 1596 1656 est
1636 1601 1701 1655 de
1745 1613 1867 1668 pas-

312 1709 460 1762 sione
484 1705 672 1761 Christi
697 1745 712 1771 ,
743 1704 954 1757 malitia:
983 1699 1130 1756 Jud:e
1155 1698 1488 1768 deputabitur
1513 1713 1523 1748 :
1545 1693 1758 1748 habebit
1783 1691 1869 1744 ille

313 1797 608 1854 mercedem
637 1797 846 1849 malitia:
872 1811 886 1856 ;
916 1794 1153 1849 Christus
1179 1790 1384 1844 laudem
1415 1787 1612 1856 gratim.
1647 1785 1871 1839 Prorsus

310 1894 421 1961 ipse
451 1893 662 1945 solverit
693 1888 942 1957 templum
967 1903 981 1950 ;
1017 1886 1126 1954 ipse
1154 1881 1369 1936 solverit
1397 1880 1483 1950 qui
1512 1878 1642 1932 dixit
1672 1896 1685 1930 :
1720 1875 1870 1928 Pote-

309 1992 484 2036 statem
505 1981 659 2034 habeo
683 1977 897 2048 ponendi
924 1977 1141 2029 animum
1171 1989 1361 2034 meam;
1386 1982 1432 2025 et
1463 1977 1749 2037 potestatem
1773 1966 1868 2018 ha-

308 2076 396 2130 beo
423 2076 600 2127 iterum
619 2071 843 2125 sumendi
884 2083 1033 2122 eam:
1074 2081 1217 2120 nemo
1257 2063 1386 2118 tollit
1431 2077 1540 2113 eum
1578 2077 1609 2112 a
1646 2056 1872 2122 me;sed

309 2186 400 2236 ego
418 2167 525 2235 ipse
550 2181 678 2233 pono
708 2179 815 2216 eam
837 2178 868 2214 a
893 2177 970 2214 me
992 2201 1006 2224 ,
1037 2169 1083 2213 et
1106 2149 1284 2212 iterum
1310 2169 1452 2209 sumo
1476 2168 1583 2206 eam
1611 2149 1784 2221 (Joan.
1811 2163 1869 2211 ς,

312 2259 380 2312 18
407 2259 446 2324 ).
479 2257 593 2324 Ipse
621 2253 834 2308 solverit
865 2251 1113 2323 templum
1157 2247 1321 2318 gratia
1358 2260 1451 2298 sua
1478 2243 1520 2308 ³,
1553 2241 1754 2338 mallit-ia-
1783 2253 1873 2338 ve:

308 2359 439 2403 stra.
465 2345 529 2398 In
552 2345 867 2399 multitudine
886 2341 1120 2412 potentia:
1140 2349 1237 2392 tute
1258 2336 1556 2388 mentiemur
1576 2332 1662 2384 tibi
1685 2329 1873 2383 inimici

307 2441 401 2493 tui.
434 2440 572 2494 Ecce
598 2438 920 2492 mentiuntur
943 2475 957 2495 ,
985 2448 1108 2488 ecce
1133 2429 1362 2485 creditur
1387 2428 1468 2482 eis
1491 2465 1508 2492 ,
1536 2439 1660 2480 ecce
1687 2421 1871 2492 oppri-

307 2532 472 2585 meris
498 2572 511 2593 ,
545 2545 668 2584 ecce
695 2527 1020 2596 crueiligcris
1043 2567 1056 2589 .
1101 2539 1225 2579 ecce
1268 2521 1546 2575 insultatur
1589 2517 1680 2572 tibi
1706 2557 1721 2580 ,
1749 2529 1874 2570 ecce

306 2629 467 2690 Caput
495 2620 753 2689 agitatur:
801 2617 860 2672 Si
883 2615 1046 2669 Filius
1071 2612 1167 2667 Dei
1188 2622 1257 2666 est
1281 2653 1296 2676 ,
1338 2609 1600 2663 descendat
1636 2606 1696 2660 de
1732 2621 1878 2658 cruce

308 2713 326 2782 (
355 2711 544 2766 Matth.
575 2726 719 2765 xxvu
742 2749 759 2777 ,
779 2710 846 2764 40
870 2711 908 2774 ).
937 2708 1068 2762 Ecce
1094 2704 1303 2775 quando
1323 2703 1401 2755 vis
1424 2701 1650 2754 animam
1684 2696 1836 2768 ponis
1855 2739 1869 2760 ,

307 2814 361 2859 et
391 2804 568 2858 lancea
601 2803 733 2856 latus
765 2800 1054 2870 perculeris
1081 2796 1266 2868 (Joau.
1300 2809 1390 2848 XIX
1419 2835 1432 2855 ,
1457 2791 1526 2847 δι
1550 2791 1590 2862 ),
1614 2802 1664 2844 et
1685 2792 1875 2843 Sacra-

307 2905 489 2950 menta
519 2894 584 2947 de
613 2895 775 2949 latere
813 2903 903 2948 tuo
949 2890 1225 2950 deﬂuunt;
1270 2884 1552 2956 deponetis
1585 2882 1652 2937 de
1691 2883 1831 2950 ligno
1854 2921 1870 2944 ,

308 2987 597 3041 involvcris
618 2984 1009 3040 linteaminibus
1028 3023 1043 3048 ,
1069 2981 1278 3049 poneris
1299 2980 1352 3032 in
1373 2976 1614 3044 sepulcro
1634 3017 1647 3037 ,
1671 2973 1876 3028 addun-

309 3086 400 3130 tur
427 3075 671 3130 custodes
714 3090 780 3129 ne
828 3074 1011 3129 tollant
1053 3081 1103 3126 te
1149 3069 1389 3138 discipuli
1433 3069 1504 3122 ttti
1532 3085 1545 3132 ;
1575 3066 1719 3120 venit
1745 3064 1873 3117 hora

310 3165 716 3220 resurrectionis
765 3175 903 3222 tum,
961 3171 1098 3216 terra
1147 3161 1483 3224 concutitur,
1533 3165 1874 3210 monumenta

309 3255 623 3310 scinduntur
647 3295 663 3319 ,
706 3242 938 3321 resurgis
967 3251 1202 3305 occultus
1225 3291 1238 3311 ,
1282 3261 1504 3318 appares
1543 3244 1872 3299 manifestus.

311 3347 413 3403 Ubi
444 3355 566 3401 sunt
592 3361 718 3416 ergo
746 3343 820 3398 illi
847 3342 1127 3397 mendaces
1146 3340 1172 3394 ‘t
1197 3338 1281 3395 ubi
1309 3347 1390 3394 est
1419 3339 1603 3393 falsum
1635 3335 1874 3391 testimo-

311 3439 459 3492 nium
491 3436 873 3490 malevolentia:
897 3434 920 3488 ?
947 3433 1129 3487 Nonne
1156 3432 1209 3486 in
1251 3429 1586 3484 multitudine
1627 3426 1875 3497 potentia:

302 3537 425 3578 rw.
447 3527 648 3581 mentiti
680 3535 802 3579 sunt
831 3525 924 3579 tibi
955 3524 1151 3580 inimici
1177 3521 1292 3577 tui?

337 3608 352 3624 ’
382 3643 439 3673 ο.
481 3619 553 3670 Da
578 3628 632 3672 et
659 3618 776 3670 illos
802 3615 1029 3686 sepulcri
1058 3615 1302 3669 custodes
1329 3631 1343 3674 ;
1390 3609 1620 3666 referant
1644 3609 1767 3678 quid
1802 3608 1880 3659 vi-

308 3709 489 3764 derint
517 3726 530 3761 :
561 3708 818 3776 accipiant
845 3706 1116 3775 pecuniam
1141 3746 1156 3768 ,
1198 3713 1250 3758 et
1275 3703 1373 3773 ipsi
1405 3700 1762 3760 mentiantur;
1793 3697 1876 3750 di-

309 3808 438 3854 cant
467 3799 624 3851 etiam
655 3797 751 3866 ipsi
781 3797 962 3851 moniti
996 3795 1224 3863 perversi
1256 3809 1283 3846 a
1313 3795 1576 3863 perversis
1602 3831 1617 3856 ,
1650 3791 1825 3874 dicant
1848 3806 1878 3844 a

310 3889 512 3944 Judaeis
539 3887 770 3956 corrupti
795 3929 820 3952 ν
839 3886 926 3956 qui
953 3887 1004 3939 in
1032 3885 1244 3939 Christo
1286 3883 1566 3939 noluerunt
1589 3895 1708 3936 esse
1739 3881 1878 3933 inte-

235 4015 242 4022 -
309 3983 395 4052 gri
419 3998 432 4040 ξ
458 3979 665 4043 dicant,
691 3979 1012 4033 mentiantur
1034 3980 1189 4031 etiam
1212 3975 1480 4044 ipsi.Quid
1503 3973 1693 4029 dicturi
1721 3971 1881 4027 sunt?

313 4073 524 4136 Dicite;
554 4070 824 4125 videamus
850 4086 862 4123 :
892 4066 1214 4121 mentiemini
1245 4076 1296 4120 et
1323 4081 1415 4120 vos
1452 4065 1502 4118 in
1551 4064 1882 4121 multitudine

313 4165 570 4235 potentia:
600 4162 822 4216 Domini.
851 4159 983 4227 Quid
1011 4158 1196 4213 dicturi
1225 4158 1390 4212 estis?
1411 4157 1534 4212 Cum
1556 4158 1882 4212 dormiremns

313 4273 408 4308 nos
432 4295 446 4316 ,
475 4259 710 4307 venerunt
731 4252 963 4320 discipuli
985 4252 1093 4318 ejus
1116 4291 1129 4308 .
1155 4259 1198 4302 et
1221 4250 1524 4303 abstulerunt
1553 4265 1663 4301 eum
1684 4248 1744 4301 de
1773 4265 1884 4300 mo-

312 4356 554 4402 numento
587 4345 605 4418 (
635 4344 816 4397 Matth.
852 4359 1012 4397 xxvut
1037 4343 1150 4403 ,13
1174 4340 1217 4414 ).
1245 4341 1289 4397 O
1331 4357 1456 4395 vere
1496 4341 1713 4394 stultitia
1759 4341 1882 4392 dor-

314 4439 526 4494 miens!
583 4442 686 4491 Aut
733 4437 1024 4506 vigilabas;
1071 4443 1124 4489 et
1159 4434 1438 4503 prohibere
1478 4433 1746 4487 debuisti:
1796 4441 1885 4485 aut

313 4530 620 4585 dormiebas
643 4529 666 4595 ;"
691 4538 737 4583 et
770 4527 892 4598 quid
931 4529 998 4580 sit
1025 4536 1229 4597 gestum
1271 4525 1504 4580 nescisti.
1537 4527 1885 4578 Accesserunt
1913 4565 1920 4575 .
1989 4525 2090 4556 υδιο
2119 4525 2172 4555 ¹¹¹
2207 4525 2274 4607 ⁸⁵⁸.

1921 4624 1928 4632 -
1991 4609 2094 4647 non
2120 4609 2178 4648 se
2206 4601 2416 4660 mittat;
2448 4609 2571 4652 stet.
2602 4601 2665 4654 Et
2693 4604 2959 4668 quomodo
2987 4607 3221 4659 transibit
3245 4607 3547 4661 delectatio-

314 4635 369 4677 ct
409 4621 505 4690 ipsi
553 4619 822 4673 ntemlacio
869 4618 1236 4671 inimicorum:
1285 4626 1470 4669 auctus
1511 4624 1591 4668 est
1637 4629 1886 4666 muneras

315 4712 687 4769 mentientium
715 4752 730 4775 ,
764 4720 819 4763 ut
848 4718 1126 4775 augeretur
1151 4723 1354 4761 merces
1374 4706 1698 4760 credentium
1725 4721 1738 4768 ;
1763 4706 1884 4773 quia

313 4805 368 4856 in
393 4802 708 4855 multitudine
739 4800 969 4868 potentia:
993 4808 1092 4852 tum
1118 4799 1410 4851 mentiemur
1447 4797 1531 4848 tibi
1570 4796 1753 4848 inimici
1790 4796 1883 4850 ωε.

318 4894 464 4962 Ergo
517 4891 722 4945 mentiti
779 4898 938 4952 sunt;
993 4889 1043 4941 in
1099 4888 1431 4942 multitudine
1487 4888 1730 4955 potentia:
1785 4898 1885 4940 tua:

324 4981 532 5036 mentiti
564 4989 687 5034 sunt
713 4997 727 5033 :
759 4979 1044 5048 apparuisti
1073 4991 1252 5033 contra
1285 4978 1564 5032 mendaces
1590 4978 1861 5032 veracibns

317 5084 372 5130 et
403 5071 696 5141 apparuisti
724 5070 802 5124 eis
831 5069 1103 5122 veracibus
1128 5083 1260 5138 quos
1289 5078 1341 5121 tu
1369 5084 1581 5122 veraces
1613 5069 1797 5123 fecisti.

388 5166 446 5220 9.
481 5163 499 5234 [
530 5179 652 5215 vers.
682 5162 734 5216 4.
760 5159 781 5233 ]
809 5161 1131 5214 Retnaneant
1157 5159 1322 5213 Judaei
1351 5161 1400 5212 in
1424 5159 1708 5214 mendaciis
1732 5162 1841 5215 suis
1867 5178 1882 5216 :

315 5255 412 5310 tibi
442 5296 458 5320 ,
493 5252 612 5322 quia
642 5252 692 5304 in
724 5250 1055 5304 multitudine
1085 5251 1330 5319 potentiae
1361 5260 1464 5303 tua:
1495 5252 1696 5304 mentiti
1723 5262 1882 5315 sunt,

316 5347 408 5401 fiat
440 5344 580 5415 quod
608 5344 879 5412 sequitur:
916 5341 1090 5397 Omnis
1126 5352 1257 5396 terra
1296 5341 1470 5394 adoret
1503 5354 1547 5394 te
1569 5383 1586 5408 ,
1623 5354 1668 5395 et
1702 5345 1886 5412 psallat

317 5439 448 5504 tibi;
472 5437 654 5509 psallat
676 5435 862 5488 nomini
887 5443 972 5488 tuo
993 5475 1008 5500 ,
1036 5435 1306 5488 Altissime.
1333 5433 1496 5487 Paulo
1532 5445 1656 5487 ante
1698 5435 1887 5488 humil-

317 5533 447 5587 lime
471 5573 484 5594 ,
511 5527 668 5584 modo
696 5527 946 5582 Altissime
974 5544 988 5581 :
1023 5525 1311 5580 humillime
1337 5526 1471 5579 inter
1511 5542 1696 5580 manus
1739 5543 1888 5582 men-

320 5624 567 5680 ticntium
595 5623 965 5688 inimicorum;
994 5621 1246 5674 Altissime
1282 5635 1440 5689 super
1478 5623 1725 5676 verticem
1774 5624 1887 5680 Ian,

388 5825 404 5856 ⁸
431 5821 560 5881 Edd,
586 5835 675 5871 non
699 5819 878 5872 lautitia
902 5827 1070 5869 vestra.
1109 5819 1266 5878 AIICSI,
1292 5830 1398 5878 nou,
1423 5831 1448 5868 a
1477 5827 1575 5868 \iss.

1383 392 1774 452 ENABRATIO
1811 389 1873 444 IN
1911 389 2228 449 PSALMUM
2268 395 2425 450 LXV.

3422 407 3530 463 79-5

1971 503 2204 558 dantium
2236 507 2573 575 Angelorum.
2605 508 2780 564 Omnis
2801 522 2931 565 terra
2951 513 3122 569 adoret
3143 525 3188 568 tc
3212 555 3229 580 ,
3260 527 3306 569 et
3339 519 3524 585 psallat

1970 595 2059 648 tibi
2080 611 2098 657 ,°
2119 597 2303 665 psallat
2329 599 2516 652 nomini
2537 609 2620 654 tuo
2644 643 2658 665 ,
2681 602 2952 662 Altissime.

2003 731 2006 736 .
2041 686 2126 738 ll).
2169 685 2335 758 [vers.
2373 686 2468 762 5.]
2517 689 2721 756 Venite,
2758 703 2801 746 et
2837 695 2991 748 videte
3037 712 3188 764 opera
3229 695 3451 750 Domini.
3484 700 3527 754 Ο

1970 773 2200 840 Gentes,
2229 793 2261 831 o
2287 778 2480 833 ultima:
2510 783 2748 836 nationes
2771 824 2785 846 ,
2814 785 3092 854 relinquite
3131 785 3340 842 Jud:eos
3374 805 3525 842 tuen-

1970 866 2197 931 tientes,
2227 871 2422 930 venite
2469 874 2797 929 conﬁtentes.
2844 875 3050 942 Venite,
3091 889 3136 931 et
3177 880 3336 932 videte
3376 897 3527 948 opera

1968 955 2214 1012 Domini:
2253 960 2483 1014 terribilis
2531 964 2582 1015 in
2624 966 2842 1020 consiliis
2886 985 3037 1036 super
3081 970 3212 1037 ﬁlios
3250 971 3524 1026 hominum.

1971 1045 2135 1101 Filius
2173 1049 2402 1103 hominis
2441 1052 2650 1121 quidem
2690 1067 2744 1109 et
2785 1059 2896 1126 ipse
2932 1059 3098 1114 dictus
3144 1072 3263 1126 est,
3311 1073 3362 1116 ct
3405 1078 3529 1118 vero

1971 1139 2112 1194 ﬁlius
2140 1138 2367 1194 hominis
2395 1141 2560 1198 factus
2584 1156 2666 1200 est
2694 1167 2707 1201 :
2740 1165 2892 1204 verus
2932 1153 3094 1206 Filius
3136 1155 3223 1207 Dei
3269 1156 3318 1207 iu
3363 1156 3527 1210 forma

1972 1229 2096 1292 Dei;
2129 1246 2285 1295 verus
2316 1232 2451 1288 illius
2483 1233 2707 1290 hominis
2734 1239 2782 1291 in
2812 1239 2971 1294 forma
2999 1244 3135 1296 servi
3164 1245 3180 1311 (
3212 1243 3435 1313 Philipp.
3469 1263 3526 1310 ll,

1971 1319 2005 1373 6
2031 1321 2048 1390 )
2080 1337 2093 1372 :
2122 1321 2213 1376 sed
2242 1323 2402 1377 nolite
2434 1325 2650 1380 lormam
2693 1329 2841 1382 istam
2883 1334 3019 1385 servi
3047 1350 3111 1388 ex
3139 1336 3357 1388 aliorum
3385 1338 3531 1389 simi-

1969 1409 2100 1465 lium
2152 1413 2456 1469 eonditione
2503 1432 2757 1484 pensare;
2810 1423 3040 1475 terribilis
3091 1433 3172 1476 est
3212 1425 3262 1477 in
3313 1427 3532 1479 consiliis

1970 1518 2119 1573 super
2152 1504 2282 1571 ﬁlios
2317 1506 2592 1560 hominum.
2644 1509 2920 1564 Machinati
2965 1525 3086 1567 sunt
3126 1515 3213 1568 lilii
3263 1516 3528 1570 hominum

1971 1591 2248 1646 consilium
2276 1594 2340 1648 ad
2367 1598 2772 1666 rrttciligendum
2803 1601 3064 1656 Christum
3094 1621 3108 1666 ;
3137 1606 3415 1659 crucifixus
3441 1621 3531 1662 ex-

1978 1683 2194 1736 czecavit
2218 1686 2602 1756 crucifigentes.
2631 1688 2764 1755 Quid
2795 1706 2918 1760 ergo
2960 1691 3154 1746 fecistis
3177 1734 3192 1758 ,
3237 1696 3325 1748 lilii
3367 1697 3528 1749 homi-

1973 1786 2097 1824 num
2123 1813 2138 1834 ,
2171 1775 2517 1830 machinando
2545 1787 2694 1830 acuta
2725 1781 2942 1833 consilia
2973 1783 3224 1836 adversus
3256 1785 3530 1838 Dominqu

1973 1874 2207 1916 vesnum
2237 1904 2252 1928 ,
2311 1865 2361 1917 in
2414 1881 2518 1933 quo
2566 1867 2761 1922 latebat
2813 1871 3097 1936 majestas,
3152 1881 3221 1926 et'
3251 1876 3534 1943 apparebat

1975 1951 2293 2008 infirmitas?
2337 1954 2440 2008 Vos
2487 1958 2768 2012 machinati
2812 1962 2938 2014 estis
2979 1963 3193 2016 consilia
3243 1965 3533 2032 perdendi,

1975 2041 2061 2096 ille
2109 2045 2406 2098 excmcandi
2454 2056 2508 2100 et
2556 2049 2829 2113 salvandi;
2879 2053 3174 2106 exczecandi
3231 2057 3527 2122 superbos,

1973 2132 2207 2187 salvandi
2237 2133 2461 2188 humiles
2491 2154 2504 2190 :
2532 2135 2600 2190 ad
2639 2138 2738 2192 hoc
2779 2150 2950 2195 autem
2995 2143 3248 2210 superbos
3278 2145 3416 2211 ipsos
3445 2161 3537 2200 ex-

1975 2223 2206 2278 c:ecandi
2231 2225 2269 2288 ¹,
2298 2233 2355 2278 ut
2391 2227 2571 2280 caecati
2609 2220 3045 2294 humiliarentur,
3082 2231 3333 2286 humiliati
3368 2237 3534 2287 conti-

1979 2320 2213 2366 terentur
2234 2353 2248 2377 ,
2279 2313 2506 2369 confessi
2546 2317 2983 2372 illuminarentur.
3015 2320 3271 2375 Terribilis
3297 2323 3347 2375 in
3375 2326 3538 2376 consi-

1977 2401 2057 2456 liis
2082 2419 2230 2470 super
2251 2404 2384 2473 ﬁlios
2408 2407 2684 2462 hominum.
2710 2409 2844 2464 Vere
2870 2413 3115 2467 terribilis
3140 2417 3152 2467 ι
3178 2415 3310 2469 Ecce
3330 2417 3538 2470 carcitas

1977 2506 2040 2546 ex
2070 2502 2217 2563 parte
2245 2492 2404 2549 Israel
2432 2495 2563 2550 facta
2593 2507 2673 2552 est
2697 2514 2711 2551 :
2740 2513 2863 2554 ecce
2887 2500 3054 2554 δυόωί
3079 2519 3140 2556 ex
3169 2504 3356 2573 quibus
3384 2516 3536 2558 natus

1978 2593 2062 2639 est
2104 2586 2344 2642 Christus
2371 2631 2385 2655 ,
2431 2588 2559 2646 foris
2601 2601 2765 2646 sunt:
2811 2609 2934 2649 ecce
2974 2594 3168 2651 Gentes
3205 2614 3320 2667 qua:
3356 2609 3536 2653 contra

1978 2677 2214 2734 Judazam
2236 2690 2385 2735 erant
2411 2723 2425 2746 ,
2458 2682 2508 2735 in
2535 2681 2742 2738 Christo
2767 2684 2906 2739 intus
2925 2696 3047 2740 sunt
3073 2688 3089 2757 (
3117 2689 3261 2741 Rom.
3286 2706 3368 2752 χι,
3400 2690 3469 2744 25
3495 2697 3535 2758 ).

1981 2769 2232 2824 Terribilis
2258 2773 2308 2825 in
2338 2775 2557 2828 consiliis
2583 2792 2733 2844 super
2759 2777 2892 2844 ﬁlios
2917 2779 3190 2832 hominum.

2050 2863 2136 2917 11.
2179 2859 2345 2934 [νει-ε.
2374 2864 2426 2918 6.
2454 2862 2474 2936 ]
2515 2864 2797 2934 Propterea
2822 2868 2947 2937 quid
2975 2868 3094 2923 fecit
3113 2879 3310 2924 terrore
3333 2875 3537 2927 consilii

1979 2953 2103 3007 sui?
2131 2953 2398 3009 Convertit
2423 2971 2569 3010 mare
2596 2956 2648 3011 in
2678 2957 2897 3012 aridam.
2933 2960 3042 3014 Hoc
3085 2963 3223 3015 enim
3260 2965 3536 3034 sequitur:

1982 3041 2080 3108 Qui
2118 3045 2354 3098 convertit
2398 3062 2535 3100 mure
2575 3047 2628 3099 in
2672 3048 2884 3101 aridam.
2939 3043 3080 3105 Mare
3119 3063 3233 3106 erat
3274 3054 3538 3121 mundus;

1978 3148 2188 3187 amarus
2210 3134 2482 3199 sulsitate,
2532 3137 2860 3193 turbulentus
2914 3149 3224 3210 tempestate
3250 3185 3264 3208 ,
3319 3147 3539 3200 smviens

1977 3221 2226 3277 ﬂuctibus
2255 3227 2679 3293 persecutionum
2709 3268 2724 3293 ,
2754 3244 2898 3284 mare
2924 3240 3037 3284 erat
3059 3249 3072 3285 :
3097 3242 3238 3287 certe
3269 3235 3317 3288 in
3341 3236 3538 3292 aridam

1977 3326 2290 3368 conversum
2314 3325 2395 3369 est
2421 3331 2603 3383 mare;
2629 3317 2785 3372 modo
2806 3320 2914 3373 sitit
2943 3336 3130 3392 aquam
3159 3323 3363 3379 dulcem
3389 3329 3540 3379 inuu-

1964 3405 2110 3472 _dus,
2143 3408 2230 3476 qui
2259 3409 2396 3462 salsa
2426 3409 2613 3478 plenus
2639 3421 2770 3465 erat.
2798 3413 2924 3478 Quis
2951 3414 3052 3470 hoc
3078 3417 3239 3470 fecit?
3285 3418 3382 3484 Qui
3419 3437 3539 3473 con-

1979 3498 2122 3551 uertit
2150 3515 2287 3552 mare
2310 3499 2361 3552 in
2387 3501 2603 3556 aridam.
2646 3501 2762 3556 Jam
2809 3505 2982 3558 anima
3023 3505 3263 3560 Gentium
3305 3512 3538 3565 omnium

1979 3587 2103 3655 quid
2132 3586 2300 3640 dicit?
2322 3589 2501 3654 Anima
2525 3590 2790 3644 mea'velut
2814 3602 2945 3646 terra
2970 3597 3074 3648 sine
3098 3613 3230 3665 aqua
3252 3599 3338 3650 tibi
3359 3600 3376 3668 (
3395 3597 3538 3654 Psal.

1981 3691 2156 3739 CXLII,
2187 3675 2282 3746 6).
2316 3677 2412 3742 Qui
2437 3682 2672 3733 conuertit
2705 3699 2842 3736 mare
2879 3685 2930 3736 in
2972 3687 3183 3739 aridam.
3233 3687 3296 3741 In
3340 3691 3541 3757 [lumine

1983 3769 2350 3836 pertransibunt
2378 3771 2519 3839 pede.
2547 3770 2622 3825 llli
2655 3773 2752 3845 ipsi
2791 3776 2878 3848 qui
2922 3779 3163 3834 conversi
3207 3791 3327 3838 sunt
3353 3783 3403 3837 iu
3433 3785 3538 3839 ari-

1982 3857 2102 3911 dam
2122 3899 2138 3923 ,
2166 3873 2285 3911 cum
2315 3870 2494 3916 essent
2519 3872 2671 3919 antea
2702 3883 2847 3922 mare
2868 3871 2909 3933 ',
2937 3871 2987 3923 in
3020 3873 3224 3940 ﬂumine
3267 3876 3388 3943 pede
3424 3894 3540 3945 per-

1983 3950 2279 4003 transibunt.
2308 3951 2440 4021 Quid
2470 3965 2551 4010 est
2576 3957 2812 4012 ﬂumen?
2852 3960 3071 4017 Flumen
3103 3974 3184 4018 est
3207 3967 3377 4020 omnis
3404 3985 3544 4021 mor-

1986 4040 2160 4097 talitas
2186 4043 2386 4097 szeculi.
2417 4043 2600 4101 Videte
2638 4046 2829 4103 ﬂumen
2859 4067 2872 4105 :
2901 4051 3000 4105 alia
3022 4055 3237 4108 veniunt
3278 4069 3334 4110 et
3375 4067 3543 4112 trans-

1986 4149 2108 4193 eum
2139 4174 2152 4196 ,
2202 4133 2301 4189 alia
2360 4137 2639 4193 transitura
2693 4144 2998 4199 succedunt.
3045 4147 3225 4203 Nonne
3266 4151 3341 4204 sic
3390 4153 3447 4205 lit
3489 4153 3539 4206 in

1986 4239 2121 4296 aqua
2156 4227 2422 4296 llutuiuis,
2473 4247 2590 4299 quia:
2630 4231 2696 4286 de
2735 4244 2871 4288 terra
2917 4239 3183 4306 nascitur,
3233 4251 3285 4296 et
3328 4247 3543 4298 manat?

1987 4318 2169 4374 Omnis
2208 4322 2293 4389 qui
2341 4333 2494 4376 natus
2537 4335 2654 4389 cst,
2706 4328 2856 4381 cedat.
2891 4338 3098 4398 oportet
3134 4335 3396 4389 nascituro
3433 4354 3446 4390 :
3490 4347 3544 4392 et

1988 4411 2158 4464 omnis
2202 4411 2301 4466 iste
2344 4412 2476 4467 ordo
2518 4431 2690 4469 rerum
2733 4418 3056 4488 labentium,
3105 4421 3290 4477 fluvius
3334 4427 3542 4494 quidatu

1989 4511 2090 4556 est.
2118 4501 2172 4555 ln
2207 4503 2361 4556 istum
2393 4503 2606 4559 ﬂuvium
2645 4524 2747 4562 non
2793 4524 2850 4564 se
2895 4514 3065 4566 mittat
3103 4514 3285 4582 cupida
3329 4519 3496 4569 anima
3523 4558 3540 4582 ,

1991 4701 2084 4739 nes
2109 4702 2281 4741 rerum
2306 4690 2651 4756 periturorum
2668 4692 2690 4744 ?
2708 4691 2899 4747 Credat
2923 4695 2972 4748 in
2995 4696 3274 4758 Christum,
3296 4708 3344 4751 el
3374 4709 3541 4754 trans-

1990 4777 2084 4831 ibit
2108 4776 2241 4846 pede
2268 4795 2282 4834 :
2317 4781 2503 4833 transit
2554 4781 2641 4834 illo
2670 4783 2802 4836 duce
2822 4825 2836 4848 ,
2872 4785 3003 4852 pede
3032 4786 3232 4838 transit.
3262 4788 3394 4854 Quid
3421 4799 3500 4841 cst
3523 4830 3540 4857 ,

1991 4867 2123 4936 pede
2154 4871 2420 4924 transire?
2449 4869 2625 4925 Facile
2653 4875 2893 4927 transire.
2925 4874 3034 4927 Non
3066 4880 3248 4944 qtuerit
3273 4895 3462 4947 equum
3491 4892 3542 4934 ut

1991 4967 2260 5025 transeat;
2310 4977 2412 5014 non
2439 4963 2658 5032 erigitur
2682 4965 2922 5033 superbia
2953 4965 3016 5020 ad
3047 4969 3413 5024 transeundum
3441 4973 3538 5025 llu-

1991 5067 2110 5105 men
2147 5070 2160 5107 :
2191 5052 2402 5106 humilis
2430 5053 2656 5120 transit,
2697 5065 2748 5109 ct
2792 5056 2949 5110 tutius
2993 5058 3195 5112 transit.
3239 5057 3302 5112 In
3340 5062 3547 5129 [lumine

1991 5144 2358 5211 pertransibunt
2384 5143 2524 5212 pede.

2064 5233 2149 5286 12.
2192 5231 2270 5286 Ibi
2289 5233 2682 5301 jucundabimur
2707 5237 2756 5288 in
2782 5237 2889 5304 ipso
2910 5237 2949 5291 ³.
2973 5237 3015 5292 Ο
3040 5237 3203 5294 Iudici
3226 5256 3247 5303 ,'
3271 5243 3332 5299 de
3362 5243 3546 5295 vestris

1991 5324 2240 5392 Operibus
2263 5324 2552 5392 gloriamini
2580 5343 2591 5378 :
2639 5327 2815 5394 ponite
2854 5332 3152 5397 Superbiam
3201 5331 3451 5400 gloriandi
3480 5332 3541 5384 de

1992 5415 2177 5479 vobis;
2221 5416 2428 5494 ‘sumite
2480 5420 2697 5487 gratiam
2746 5419 3064 5487 jucundandi
3113 5425 3161 5476 in
3207 5423 3431 5476 Christo.
3475 5423 3544 5476 lhl

1991 5507 2131 5561 enim
2156 5507 2597 5576 jucundabimur:
2631 5511 2720 5564 sed
2749 5528 2851 5565 non
2881 5515 2928 5567 in
2957 5517 3106 5567 nobis
3131 5531 3144 5564 :
3170 5514 3235 5564 ibi
3251 5513 3547 5581 jucundubi

2057 5640 2072 5706 ξ
2098 5647 2197 5706 Duo
2213 5647 2315 5706 μεθ.
2325 5674 2340 5698 ,
2363 5641 2586 5706 superbos
2603 5657 2628 5692 ε
2640 5657 2665 5693 c
2681 5644 2797 5706 ipsis
2811 5645 3104 5696 cremandi.

2056 5703 2076 5732 ¹
2099 5703 2169 5750 sic
2184 5701 2364 5764 aliquot
2384 5701 2484 5752 MSs.
2514 5703 2596 5752 Alii
2621 5701 2728 5754 cum
2753 5707 2884 5763 Μὰ,
2909 5714 3046 5755 antea
3068 5705 3238 5755 amari.

2058 5764 2075 5791 ³
2100 5767 2175 5809 l-ltt'
2192 5759 2239 5810 in
2265 5759 2374 5830 i-:_dd.
2401 5767 2730 5830 interpositum
2755 5778 2854 5814 erat
2873 5759 2888 5815 ἐ
2915 5777 2964 5815 In
2988 5766 3114 5816 battis
3149 5767 3545 5830 operibusjncuna

1999 5822 2114 5872 dare
2137 5835 2152 5870 .'
2174 5824 2299 5887 quod
2324 5836 2349 5873 3
2377 5822 2615 5891 plerist'pte
2641 5835 2740 5877 Mss.
2770 5831 2920 5879 ullust.
