4022 6200
523 384 628 441 795

522 513 638 550 mur
683 497 736 547 in
785 494 913 562 ipso.
963 487 1183 557 Quando
1227 476 1672 555 jucundabimur"?
1712 483 1842 539 Cum
1888 481 2086 537 ﬂumen

525 584 887 639 trausierinms
914 579 1066 651 pede.
1102 576 1217 632 Vita
1262 586 1458 631 :ctcrna
1504 573 1863 645 promittitur,
1906 586 2085 626 resur-

522 675 687 730 rectio
717 671 1075 741 promittitur;
1110 669 1179 723 ibi
1205 684 1330 723 caro
1361 677 1538 722 nostra
1560 665 1668 735 jam
1707 680 1811 719 non
1848 663 1949 719 erit
1985 661 2085 717 ﬂu-

520 780 640 819 men
671 778 687 818 τ
715 763 915 818 ﬂumen
939 761 1079 816 eniut
1105 760 1368 815 tnodoest
1393 800 1407 821 ,
1435 754 1646 828 quando
1670 755 1962 839 mortalitas
1984 761 2085 808 est.

524 846 708 911 Videte
744 854 789 908 si
829 862 934 907 stat
975 851 1147 921 aliqua
1193 860 1342 904 aetas.
1390 848 1547 903 Pueri
1587 860 1828 903 crescere
1867 845 2082 909 volunt;

517 957 573 1002 et
600 947 841 1001 nesciunt
880 945 1110 1013 spatium
1166 943 1286 995 vita:
1329 954 1438 994 sum
1481 939 1634 992 annis
1683 936 2091 992 succedentibus

518 1037 702 1092 minui.
731 1036 848 1090 Non
878 1035 1019 1089 enim
1061 1033 1325 1087 adduntur
1366 1030 1530 1096 anui,
1573 1027 1667 1084 sed
1708 1026 2087 1082 subtrahuntur

517 1128 920 1183 crescentibus:
962 1126 1100 1180 sicut
1140 1139 1275 1193 aqua
1324 1120 1555 1175 ﬂuminis
1592 1134 1811 1189 prorsus
1847 1117 2081 1182 accedit,

490 1219 610 1282 ,sed
639 1235 670 1272 a
700 1218 844 1272 fonte
873 1215 1094 1272 recedit.
1123 1214 1193 1269 Et
1221 1214 1401 1267 volunt
1430 1226 1670 1267 crescere
1694 1210 1874 1279 pueri,
1919 1218 1976 1263 ut
1998 1223 2087 1262 ca-

481 1286 669 1365 ireant
693 1309 963 1374 dominatu
990 1308 1251 1379 majorum
1275 1322 1291 1371 ;
1313 1321 1436 1361 ecce
1458 1314 1702 1361 crescunt
1728 1345 1744 1369 ,
1767 1302 1938 1373 agitur
1956 1302 2081 1368 cito,

517 1402 833 1471 perveniunt
869 1400 933 1454 ad
970 1400 1303 1469 juventutem
1336 1412 1350 1450 :
1392 1397 1481 1466 qui
1525 1403 1879 1450 excesserunt
1905 1395 2085 1464 pueri-

517 1495 643 1547 tiam
674 1534 688 1557 ,
716 1495 760 1548 si
789 1502 1008 1562 possunt
1037 1501 1250 1546 teneant
1271 1489 1600 1560 juventutem
1626 1504 1640 1551 ;
1674 1488 1931 1542 transitet
1951 1487 2085 1556 ipsa.

517 1586 773 1640 Senectus
797 1583 1072 1646 succedit;
1113 1583 1194 1637 vel
1238 1590 1482 1636 senectus
1522 1590 1717 1634 aeterna
1754 1580 1822 1632 sit
1865 1596 1876 1632 :
1916 1586 2086 1633 morte

520 1678 777 1733 aufertur.
811 1677 953 1747 Ergo
981 1674 1170 1729 ﬂuvius
1196 1683 1279 1728 est
1304 1672 1480 1726 carnis
1510 1671 1793 1725 nascentis.
1829 1669 1979 1723 llunc
1998 1669 2086 1722 ﬂu-

520 1771 665 1823 vium
692 1767 1032 1823 mortalitatis
1054 1808 1069 1831 ,
1104 1780 1170 1821 ue
1197 1764 1496 1819 mortalium
1518 1776 1695 1816 rerum
1718 1761 2090 1830 concupiscen-

521 1863 593 1916 tia
624 1862 893 1916 subvertat
917 1868 970 1914 et
996 1858 1166 1926 rapiat
1195 1857 1234 1919 ί,
1267 1855 1419 1910 facile
1450 1854 1636 1908 transit
1662 1853 1750 1920 qui
1785 1852 2087 1918 humiliter,

524 1953 576 2008 id
608 1962 726 2018 est,
773 1951 906 2020 pede
942 1950 1165 2013 transit,
1214 1947 1348 2001 duce
1389 1946 1480 1999 illo
1524 1944 1610 2013 qui
1659 1944 1802 2013 prior
1843 1940 2085 2008 transiit,

521 2046 611 2116 qui
639 2045 706 2100 de
737 2051 969 2098 torrente
997 2042 1047 2094 in
1077 2040 1158 2092 via
1196 2054 1361 2107 usque
1388 2037 1453 2090 ad
1498 2046 1720 2089 mortem
1762 2033 1932 2098 bibit,
1963 2048 2084 2102 pro-

522 2147 701 2206 pterea
746 2133 993 2189 cxaltavit
1034 2139 1191 2198 caput
1241 2126 1425 2201 (Psat.
1454 2142 1574 2188 etx,
1603 2123 1698 2196 7).
1733 2124 2090 2194 Transeuntes

523 2243 650 2298 ergo
689 2226 820 2296 pede
859 2222 1073 2279 ﬂuvium
1114 2222 1270 2275 istum
1296 2260 1310 2282 ,
1354 2218 1406 2273 id
1442 2226 1523 2273 est
1564 2216 1715 2271 facile
1752 2224 2087 2270 transeuntes

522 2319 896 2373 mortalitatem
952 2316 1103 2369 istam
1147 2312 1397 2367 ﬂuentem
1425 2351 1438 2375 ,
1483 2310 1551 2364 ibi
1595 2305 1990 2378 jucundabimur
2031 2308 2087 2361 in

520 2412 650 2479 ipso.
678 2408 831 2462 Modo
856 2417 1030 2460 autem
1059 2405 1111 2458 in
1141 2418 1246 2473 quo
1265 2443 1279 2466 ,
1311 2401 1410 2455 nisi
1437 2401 1519 2455 vel
1545 2399 1598 2453 in
1625 2400 1737 2468 ipso
1762 2439 1778 2464 ,
1807 2398 1888 2451 vel
1915 2398 1965 2450 in
1992 2412 2086 2467 spe

520 2498 728 2570 ipsius?
758 2498 867 2552 Etsi
898 2497 1037 2552 enim
1061 2493 1415 2564 jucundamur
1442 2490 1636 2554 modo,
1684 2490 1736 2543 in
1776 2504 1870 2558 spe
1898 2488 2087 2556 jucun-

518 2594 745 2656 damur;
773 2599 898 2644 tunc
921 2599 1098 2642 autem
1126 2586 1177 2639 in
1226 2586 1341 2655 ipso
1379 2581 1802 2653 jucundabimur.
1836 2580 1901 2633 Et
1928 2578 2085 2631 modo

519 2682 572 2737 in
603 2684 718 2752 ipso
740 2723 753 2742 .
783 2681 876 2737 sed
921 2696 1014 2751 per
1051 2694 1198 2750 spem
1224 2693 1238 2743 ;
1284 2687 1406 2731 tunc
1443 2681 1619 2729 autetn
1646 2671 1778 2727 facie
1801 2671 1867 2725 ad
1899 2670 2080 2724 faciem

518 2782 537 2847 ί
568 2777 582 2829 l
612 2778 725 2831 (ἔον.
757 2792 844 2829 xm
869 2815 883 2839 ,
916 2773 982 2828 12

586 2869 672 2923 15.
703 2866 850 2939 [vers.
880 2863 955 2937 7.]
987 2863 1065 2918 Ibi
1083 2861 1477 2934 jucundab-imur
1499 2860 1551 2912 in
1576 2859 1705 2929 ipso.
1736 2857 1791 2911 in
1813 2856 1956 2928 quo?
1985 2854 2083 2919 Qui

512 2961 802 3015 dominatur
838 2959 890 3010 in
915 2957 1090 3010 virtute
1131 2971 1223 3008 sua
1248 2955 1301 3007 in
1334 2963 1595 3007 wternum.
1626 2949 1756 3004 Nam
1799 2963 1895 3001 nos
1923 2963 2079 3018 quam

512 3044 760 3103 virtutem
788 3045 1081 3124 habemus?
1104 3055 1157 3100 et
1200 3042 1456 3114 numquid
1484 3039 1774 3096 teternam?
1801 3040 1858 3094 Si
1883 3048 2078 3093 aeterna

510 3150 654 3194 esset
680 3148 853 3193 vrrtus
878 3149 1078 3201 nostra,
1110 3151 1211 3189 non
1257 3134 1389 3203 lapsi
1428 3148 1686 3196 essemus,
1713 3146 1817 3186 nou
1858 3130 2080 3186 cecidis-

509 3245 689 3284 semus
717 3229 766 3282 in
796 3239 1089 3297 peccatum,
1119 3240 1224 3279 non
1280 3224 1657 3277 meruissemns
1704 3221 2077 3297 mortalitatem
2098 3210 2115 3224 “

510 3323 792 3393 ptenalem.
824 3318 913 3373 llle
952 3319 1217 3373 voluntate
1261 3315 1516 3386 suscepit,
1548 3328 1654 3383 quo
1692 3329 1789 3368 nos
1831 3314 2077 3368 meritum

512 3424 750 3469 nostrum
781 3409 993 3479 dcjecit,
1015 3407 1114 3475 Qui
1142 3407 1433 3461 dominatur
1457 3406 1507 3458 in
1533 3405 1713 3457 virtute
1739 3419 1833 3457 sua
1859 3403 1911 3456 in
1933 3412 2080 3458 teter-

512 3523 656 3561 nnm.
687 3504 815 3573 Ejus
848 3502 1130 3572 participes
1168 3498 1480 3563 efficiamur,
1513 3497 1564 3550 in
1590 3496 1739 3562 cujus
1768 3496 1960 3550 virtute
1981 3510 2078 3549 nos

505 3599 705 3649 erimus
747 3593 940 3657 fortes;
969 3593 1056 3647 ille
1081 3601 1253 3647 autem
1286 3592 1335 3644 in
1360 3605 1477 3645 sua.
1506 3589 1612 3644 Nos
1656 3588 1965 3653 illuminati;
1989 3589 2078 3644 ille

506 3687 685 3741 Itttttctt
712 3686 1013 3739 illuminans
1033 3702 1045 3738 :
1066 3698 1161 3739 nos
1186 3683 1357 3737 aversi
1382 3682 1450 3736 ab
1475 3683 1582 3747 illo,
1602 3680 2072 3748 cuntenebramur;

506 3781 596 3834 ille
615 3779 780 3833 averti
810 3795 839 3831 a
869 3793 927 3832 se
966 3794 1068 3832 nun
1097 3786 1287 3847 potest.
1307 3774 1492 3830 Calore
1520 3775 1684 3844 ipsius
1704 3773 2073 3840 accendimur;

505 3872 646 3927 unde
694 3871 1002 3927 recedentes
1064 3869 1449 3940 frigueramus,
1495 3867 1811 3923 accedentes
1860 3883 2072 3924 rursum

508 3962 875 4016 accendimur.
923 3963 1059 4032 Ergo
1102 3962 1343 4016 dicamus
1385 3961 1434 4014 ei
1482 3968 1540 4013 ut
1576 3958 1838 4016 custodiat
1879 3974 1976 4015 nos
2017 3959 2071 4013 in

507 4055 704 4106 virtute
734 4069 846 4118 sua,
880 4053 999 4123 quia
1028 4053 1080 4106 in
1110 4052 1226 4121 ipso
1248 4050 1659 4122 jucundabimur
1678 4052 1763 4120 qui
1788 4051 2073 4104 dominatur

504 4146 554 4201 in
582 4147 756 4199 virtute
773 4161 864 4199 sua
892 4146 942 4198 in
970 4156 1231 4199 aeternum.

577 4238 661 4293 Η.
696 4237 799 4292 Sed
823 4252 925 4292 non
950 4237 1050 4290 hoc
1070 4238 1196 4291 solis
1236 4236 1438 4292 Judmis
1458 4244 1671 4306 pra:th
1710 4236 2067 4304 credentibus,

504 4333 634 4402 Quia
682 4331 902 4391 multum
956 4334 1017 4382 Se
1057 4328 1364 4382 extulerunt
1399 4327 1565 4383 Judtci
1622 4326 1690 4381 de
1726 4326 1918 4382 virtute
1976 4343 2069 4381 sua

507 4434 908 4497 praesumentes,
967 4429 1148 4490 postea
1194 4429 1558 4489 cognoverunt
1595 4422 1646 4475 iu
1686 4421 1838 4488 cujus
1880 4422 2071 4477 virtute

500 4515 711 4569 fuerunt
739 4513 1019 4567 salubriter
1058 4510 1238 4575 fortes,
1270 4520 1324 4563 et
1350 4510 1559 4580 quidam
1603 4526 1786 4566 eorum
1826 4510 2068 4567 credide-

505 4613 629 4657 runt
657 4621 671 4654 ε
704 4604 795 4658 sed
859 4618 961 4657 non
1001 4600 1195 4656 sufficit
1243 4600 1484 4667 Christo;
1532 4600 1751 4657 multum
1794 4611 1877 4657 est
1929 4602 2069 4670 quod

505 4695 666 4757 dedit,
698 4712 939 4765 magnum
987 4695 1211 4764 pretium
1234 4693 1398 4759 dedit,
1434 4711 1538 4748 non
1567 4710 1663 4763 pro
1706 4695 1835 4749 solis
1870 4695 2069 4751 ludatis

507 4783 688 4837 debuit
712 4786 885 4840 valere
927 4783 1067 4854 quod
1095 4783 1259 4838 dedit.
1291 4784 1439 4838 Oculi
1463 4785 1571 4853 ejus
1596 4800 1747 4853 super
1774 4783 1955 4840 Gentes
1992 4802 2070 4839 re-

503 4873 737 4942 spiciunt.
760 4874 913 4944 Ergo,
955 4875 1102 4929 Oculi
1130 4875 1238 4945 ejus
1274 4891 1425 4944 super
1462 4873 1640 4930 Gentes
1680 4875 1972 4946 respiciunt.
2005 4876 2072 4931 Et

503 4963 628 5033 quid
659 4962 913 5018 facimus?
942 4966 1345 5021 Murmurabunt
1382 4965 1580 5032 Judtei;
1613 4964 1802 5020 dicturi
1832 4979 1950 5021 sunt
1979 4968 2074 5022 Ju-

503 5056 604 5111 daei
634 5073 646 5108 :
677 5054 826 5121 Quod
854 5058 1022 5122 nobis,
1045 5059 1143 5114 boc
1162 5070 1214 5114 et
1245 5060 1376 5124 illis;
1401 5060 1554 5115 nobis
1578 5059 1941 5130 Evangelium,
1966 5061 2071 5117 illis

504 5145 1081 5216 Evangelium;'nobis
1132 5152 1351 5218 gratiam
1412 5152 1835 5218 resurrectionis,
1867 5162 1921 5208 et
1966 5152 2070 5206 illis

500 5237 721 5309 gratiam
752 5238 1153 5293 resurrectionis
1185 5240 1352 5294 :nihil
1382 5241 1534 5296 nobis
1561 5241 1781 5312 prodest
1801 5242 1940 5312 quod
1973 5258 2071 5298 nos

499 5327 695 5401 Legem
721 5326 1022 5398 accepimus
1041 5369 1055 5387 .
1090 5336 1143 5382 et
1184 5330 1234 5382 in
1260 5330 1725 5399 justifieationibus
1750 5331 1908 5402 Legis
1936 5333 2070 5387 vixi-

499 5436 639 5484 mus,
660 5428 717 5475 et
738 5418 1000 5475 tenuimus
1024 5429 1281 5488 przcccpta
1306 5427 1544 5489 patrum:
1571 5421 1701 5477 nihil
1725 5423 1916 5477 valebit
1932 5423 2066 5489 huc;

501 5514 606 5569 illis
636 5510 776 5584 quod
805 5509 990 5565 nobis!
1020 5508 1136 5564 Non
1170 5508 1408 5579 litigent,
1441 5526 1546 5566 non
1598 5511 1937 5567 contendant.
1972 5513 2072 5581 Qui

504 5674 508 5681 ’
565 5690 580 5716 ί
604 5689 676 5735 ~ic
700 5694 801 5734 Mss.
833 5693 882 5735 At
905 5684 1036 5734 Fdd.:
1070 5691 1122 5733 tn
1159 5682 1283 5745 hunc
1305 5680 1501 5745 ﬂuvium
1541 5682 1842 5735 mortalitatis
1862 5697 1998 5735 nemo
2021 5702 2071 5738 se

498 5748 767 5811 ntO'ftalt'ttm
804 5758 965 5811 rerum
1003 5744 1382 5811 concupiscentia
1426 5745 1680 5807 subrertat,
1710 5757 1768 5798 ne
1808 5747 2021 5811 rapiatur
2052 5764 2069 5801 :

499 5810 642 5871 {urile
664 5807 851 5869 transit,
871 5819 966 5860 etc.

1744 374 1800 429 S.
1841 367 2202 429 AUGUSTINI
2235 369 2535 429 EPISCUPI

3656 376 3757 435 796

2194 482 2493 548 amricant,
2524 500 2623 538 nou
2646 485 2926 540 excitentur
2949 485 3007 540 in
3027 486 3320 557 seutetipsis.
3342 487 3397 543 0
3415 502 3539 544 caro
3567 491 3751 547 misers

2191 579 2246 624 et
2274 571 2551 631 tabeSccns
2570 613 2587 636 ,
2621 590 2797 631 nonne
2838 576 3104 645 peccatrix
3131 578 3228 633 es?
3255 576 3392 644 Quid
3420 578 3612 637 clamat
3650 580 3746 635 lin-

2190 677 2291 732 sua
2320 664 2445 718 tua?
2471 664 2788 737 Attendatur
2810 668 3155 723 conscientia.
3185 667 3385 725 Omnes
3403 670 3546 726 enim
3572 685 3741 740 pecca-

2192 764 2416 820 verunt,
2447 764 2505 811 et
2532 766 2691 828 egent
2729 759 2897 829 gloria
2925 759 3018 817 Dei
3057 758 3231 825 (Rom.
3258 776 3346 826 tu,
3374 760 3488 833 2‘5).
3514 763 3749 833 Agnoscc

2191 853 2265 911 te,
2289 845 2567 903 inﬁrmitas
2594 849 2840 905 humana.
2862 850 3126 921 Accepisti
3152 851 3370 922 Legem,
3400 860 3458 907 ut
3483 862 3539 908 et
3559 868 3751 923 puera-

2190 935 2404 992 ricatrix
2432 938 2589 1009 Legis
2616 954 2795 1006 esses;
2844 956 2948 996 non
2984 942 3127 997 enim
3156 944 3371 998 tenuisti
3420 952 3475 1000 et
3522 944 3751 1015 implesti

2189 1029 2332 1107 quod
2355 1031 2628 1100 accepisti.
2667 1032 2908 1088 Accessit
2936 1033 3028 1088 tibi
3071 1049 3135 1089 ex
3164 1034 3339 1105 Lege,
3369 1049 3473 1090 non
3495 1035 3751 1105 justifies-

2191 1119 2266 1173 tio
2290 1136 2447 1189 quam
2479 1121 2591 1177 Lex
2617 1122 2769 1192 jubet
2792 1164 2807 1188 ,
2852 1124 2947 1180 sed
2976 1126 3346 1194 praevaricatio
3371 1143 3531 1198 quam
3576 1137 3632 1183 tu
3680 1127 3750 1184 fe-

2188 1210 2325 1265 cisti.
2345 1211 2401 1266 Si
2418 1228 2544 1283 ergo
2566 1212 2851 1269 abundavit
2873 1224 3168 1284 peccatum,
3189 1217 3314 1287 quid
3338 1217 3542 1275 invides
3567 1234 3753 1290 snper-

2153 1322 2159 1328 ο
2187 1301 2479 1358 abundanti
2507 1305 2689 1374 gratia:
2707 1304 2816 1376 (Id.
2866 1322 2920 1370 v,
2977 1306 3117 1377 20)?
3144 1306 3261 1361 Noli
3287 1309 3601 1374 amaricare,
3634 1311 3752 1380 quis

2187 1394 2272 1462 qui
2290 1396 2598 1462 amarit-ant,
2628 1414 2727 1451 non
2757 1399 3061 1454 exaltentur.
3104 1399 3265 1467 Quasi
3316 1401 3662 1458 maledisisse
3681 1402 3750 1456 vi»

2187 1483 2360 1550 detur,
2396 1485 2497 1553 Qui
2521 1484 2832 1553 ainaricaut,
2875 1506 2974 1543 non
3023 1490 3306 1544 esaitentur
3337 1508 3356 1545 :
3382 1492 3490 1546 imo
3519 1493 3753 1549 exulten-

2190 1583 2294 1641 tur,
2320 1575 2414 1630 sed
2446 1591 2549 1630 non
2589 1576 2643 1630 in
2666 1577 2865 1648 seipsis.
2898 1578 3252 1635 Humilientur
3278 1580 3330 1635 in
3352 1581 3576 1652 seips'ts;
3606 1584 3750 1639 exal-

2192 1673 2366 1719 tentur
2391 1665 2443 1720 in
2469 1666 2700 1722 Christo.
2731 1668 2829 1735 Qui
2858 1670 3002 1725 cnim
3027 1684 3090 1726 se
3111 1671 3372 1738 bumiliat,
3396 1674 3749 1739 exaltabitur;

2187 1766 2238 1810 et
2262 1756 2351 1826 qui
2370 1771 2430 1812 se
2457 1759 2672 1825 exultat,
2704 1758 3067 1817 bumiliabitur
3090 1761 3302 1835 (Matth.
3330 1781 3482 1831 χχιιι,
3512 1767 3628 1838 12).
3663 1769 3753 1837 Qui

2189 1849 2499 1913 amaricant,
2530 1866 2631 1904 non
2656 1852 2936 1906 mttentur
2959 1853 3014 1906 in
3040 1856 3339 1924 semetipsis.

2261 1940 2347 1995 i5.
2377 1938 2525 2012 [uers.
2556 1942 2610 2006 8,
2638 1940 2716 2015 9.]
2737 1940 3040 2009 Benedicite,
3065 1939 3266 2010 Gentes,
3316 1946 3486 2001 Deum
3513 1958 3752 2002 nostrum.

2191 2032 2330 2089 Ecce
2353 2034 2550 2105 repulsi
2576 2036 2807 2106 suntqui
2828 2038 3154 2102 amaricaut;
3186 2039 3391 2094 reddita
3422 2050 3508 2095 est
3540 2041 3651 2096 illis
3679 2057 3754 2096 ra-

2191 2127 2295 2181 tio:
2318 2127 2478 2198 aliqui
2501 2129 2745 2184 conversi
2766 2137 2919 2195 sunt,
2944 2130 3108 2202 aliqui
3130 2132 3343 2200 superbi
3361 2141 3751 2189 remanserunt.

2189 2216 2305 2272 Non
2343 2235 2437 2273 vos
2494 2228 2727 2275 terreant
2752 2219 2841 2290 qui
2887 2221 3107 2291 gratiam
3133 2222 3489 2293 evangelicam
3524 2223 3754 2280 invident

2189 2307 2476 2375 Gentibus;
2499 2311 2608 2379 jam
2642 2312 2788 2367 venit
2819 2327 3005 2369 semen
3031 2313 3259 2369 Abrahae
3281 2356 3295 2377 ,
3329 2315 3381 2369 in
3412 2331 3518 2386 quo
3545 2316 3754 2374 benedi-

2188 2411 2378 2454 cuntur
2405 2417 2592 2458 omues
2620 2404 2818 2459 Gentes
2861 2402 3014 2477 (Gen.
3060 2421 3158 2470 xu,
3189 2405 3269 2473 ὅ).
3306 2406 3616 2464 Benedicite
3644 2425 3753 2465 eum

2188 2495 2239 2547 in
2274 2509 2380 2564 quo
2418 2494 2831 2558 benedicimini;
2876 2495 3183 2568 Benedicite,
3211 2495 3413 2561 Gentes,
3462 2498 3635 2565 Deum
3675 2516 3756 2555 no-

2186 2596 2343 2639 atrum
2370 2599 2388 2639 :
2413 2596 2459 2639 et
2476 2585 2645 2640 audite
2671 2604 2839 2641 rorem
2859 2587 3025 2642 laudis
3039 2589 3169 2660 ejus.
3192 2588 3268 2644 Ne
3286 2605 3381 2646 vos
3407 2589 3554 2660 ipsos
3575 2591 3757 2649 laude-

2187 2680 2287 2744 tis;
2332 2680 2426 2735 sed
2475 2680 2648 2749 ipsum
2695 2680 2940 2735 laudetis.
2991 2681 3120 2749 Quae
3165 2692 3249 2737 est
3276 2697 3378 2736 vox
3406 2664 3577 2738 lau‘dis
3608 2683 3757 2753 ejus?

2185 2771 2316 2838 Quia
2341 2770 2509 2841 gratia
2545 2770 2712 2840 ipsius
2740 2786 2945 2836 sumus,
2974 2771 3227 2842 quidquid
3256 2772 3380 2828 boni
3421 2788 3635 2828 sumus.
3661 2775 3757 2842 Qui

2186 2861 2348 2928 posuit
2372 2860 2593 2913 animam
2617 2876 2777 2913 meum
2801 2860 2856 2914 in
2876 2862 3025 2914 vitam
3049 2862 3087 2914 ¹.
3117 2862 3256 2918 Ecce
3280 2878 3378 2917 vos
3409 2862 3578 2918 laudis
3598 2868 3748 2934 ejus:

2187 2950 2286 3014 Qui
2311 2949 2475 3021 possit
2497 2950 2714 3003 animum
2733 2966 2895 3003 meam
2918 2951 2970 3003 in
2993 2951 3164 3005 vitam.
3189 2951 3328 3022 Ergo
3346 2952 3398 3006 in
3425 2963 3597 3008 morte
3619 2966 3748 3014 erat:

2185 3042 2235 3094 in
2263 3051 2433 3096 morte
2458 3037 2651 3095 eratin
2693 3048 2745 3095 te
2785 3042 2829 3093 ἰ
2862 3040 2990 3096 inde
3036 3051 3118 3098 est
3166 3042 3308 3113 quod
3340 3059 3443 3098 non
3492 3043 3753 3101 debuistis

2182 3132 2402 3187 exaltari
2434 3134 2487 3187 in
2509 3134 2661 3189 vobis
2694 3133 2842 3204 ipsis.
2871 3134 3010 3190 Ecce
3036 3134 3086 3189 in
3116 3144 3289 3192 morte
3314 3146 3429 3192 erat
3457 3138 3510 3191 in
3542 3146 3597 3192 te
3630 3158 3643 3191 :
3668 3141 3750 3193 ubi

2183 3225 2286 3278 erit
2314 3225 2365 3278 in
2392 3224 2516 3288 vita,
2542 3225 2645 3279 nisi
2662 3225 2715 3280 in
2742 3225 2835 3280 illo
2854 3226 2942 3296 qui
2965 3225 3119 3293 dixit,
3150 3225 3261 3296 Ego
3283 3245 3395 3281 sunt
3421 3230 3521 3291 ria,
3546 3232 3749 3291 veritas,

2181 3317 2349 3370 et‘vita
2367 3316 2542 3385 (Joan.
2570 3333 2685 3381 xw,
2713 3315 2809 3388 6)?
2833 3318 3111 3385 Quomodo
3136 3320 3450 3390 quibusdam
3477 3323 3748 3382 credenti-

2181 3405 2279 3459 bus
2307 3408 2380 3460 ait
2407 3408 2687 3476 Apostolus
2726 3426 2740 3464 :
2784 3408 2975 3463 Fuistis
3027 3409 3300 3479 aliquando
3341 3416 3550 3470 teneone
3570 3436 3597 3483 ;
3627 3436 3755 3475 nunc

2180 3507 2345 3551 autem
2372 3498 2460 3553 tua:
2486 3499 2539 3552 in
2572 3498 2788 3554 Domino
2818 3500 3031 3572 (Ep/tes.
3067 3518 3121 3564 v,
3151 3503 3228 3573 8).
3260 3503 3520 3564 Tenebrae
3545 3526 3681 3582 ergo
3706 3513 3754 3566 in

2177 3587 2361 3653 vobis;
2384 3587 2469 3642 lus
2490 3588 2544 3642 in
2577 3589 2798 3643 Domino
2828 3608 2841 3643 :
2873 3591 2951 3645 sic
2978 3606 3123 3647 mors
3151 3592 3202 3644 in
3228 3599 3417 3662 vobis;
3440 3599 3544 3654 vita
3576 3600 3637 3657 in
3656 3600 3755 3656 Do—

2180 3681 2342 3735 mino.
2368 3680 2465 3747 Qui
2497 3684 2659 3753 posuit
2687 3684 2909 3743 animum
2945 3701 3105 3739 meum
3127 3688 3182 3744 in
3209 3697 3375 3745 vitam.
3411 3694 3549 3749 Ecce
3577 3698 3756 3766 posuit

2175 3772 2406 3825 animam
2435 3782 2668 3827 nostram
2696 3773 2748 3827 in
2774 3774 2956 3841 vitam,
2988 3775 3115 3847 quia
3142 3780 3408 3837 credimus
3431 3783 3485 3837 in
3504 3800 3636 3840 eum
3661 3804 3678 3849 ;
3704 3787 3752 3839 in

2177 3863 2335 3919 vitam
2363 3864 2384 3892 ³
2410 3866 2582 3933 posuit
2624 3866 2853 3921 animam
2901 3882 3139 3927 nostram
3174 3893 3186 3926 :
3228 3874 3507 3945 sed.un
3560 3877 3755 3933 deinde

2176 3970 2310 4024 opus
2337 3966 2452 4022 est,
2489 3955 2591 4012 nisi
2621 3966 2676 4011 ut
2702 3972 3106 4027 perseveremus
3152 3980 3321 4036 usque
3358 3966 3410 4020 in
3448 3966 3661 4024 tinem?
3691 3970 3775 4042 Et:

2176 4046 2277 4101 hoc
2303 4049 2427 4119 quis
2448 4046 2628 4114 dabit,
2661 4048 2763 4103 nisi
2783 4048 2849 4104 de
2873 4067 2981 4123 quo
3001 4067 3392 4125 consequenter
3419 4056 3627 4115 dictum
3652 4072 3751 4125 est,

2176 4137 2242 4193 Et
2270 4156 2371 4193 non
2396 4138 2531 4194 dedit
2555 4140 2609 4194 in
2638 4150 2832 4194 motum
2873 4144 3022 4213 pedes
3056 4146 3236 4200 meos?
3270 4145 3388 4216 ipse
3422 4150 3607 4217 posuit
3645 4152 3757 4205 ani-

2176 4243 2311 4284 mam
2349 4245 2396 4283 In
2422 4231 2580 4285 vitam
2601 4272 2616 4296 ,
2649 4232 2767 4301 ipse
2790 4235 2925 4304 regit
2951 4235 3136 4304 pedes,
3169 4252 3234 4291 ne
3279 4248 3466 4294 nutent
3486 4281 3501 4303 ,
3534 4256 3611 4296 ne
3635 4257 3749 4296 mo-

2173 4330 2411 4385 veantur,
2438 4328 2493 4375 et
2518 4319 2709 4377 dentur
2751 4324 2811 4391 in
2832 4334 3032 4379 motum
3058 4343 3072 4390 ;
3110 4327 3349 4396 ipsenos
3396 4330 3522 4383 facit
3546 4334 3753 4395 vivere,

2173 4411 2286 4482 ipse
2319 4427 2662 4481 perseverare
2689 4430 2858 4485 usque
2897 4417 2947 4470 in
2979 4417 3136 4473 ﬁnem
3163 4459 3177 4482 ,
3210 4428 3268 4473 ut
3304 4420 3355 4474 in
3386 4432 3656 4480 aeternum
3678 4425 3753 4478 vi-

2171 4519 2373 4558 vamus.
2402 4502 2469 4558 Et
2494 4522 2599 4561 non
2622 4508 2760 4561 dedit
2789 4510 2841 4562 in
2859 4521 3049 4563 motum
3065 4512 3213 4579 pedes
3238 4528 3391 4567 meos.

2244 4595 2330 4650 16.
2354 4594 2501 4668 [vers.
2537 4597 2748 4670 10-12.]
2775 4599 2947 4666 Quare
2966 4600 3065 4654 hoc
3093 4601 3292 4667 dixisti,
3328 4602 3394 4657 Et
3417 4621 3519 4659 non
3544 4606 3690 4661 dedit
3705 4610 3752 4660 iu

2172 4697 2362 4741 motum
2407 4688 2560 4755 pedes
2588 4690 2767 4744 meos?
2793 4689 2930 4759 Quid
2976 4692 3118 4746 enim
3145 4709 3331 4762 passus
3362 4711 3451 4757 es,
3484 4708 3581 4751 aut
3628 4700 3752 4767 quid

2173 4780 2280 4850 pati
2307 4780 2561 4849 potuisti,
2604 4790 2662 4835 ιιι
2687 4792 3028 4838 moverentur
3066 4787 3229 4854 pedes
3270 4790 3387 4842 tui?
3415 4789 3597 4854 Quid?
3625 4793 3750 4846 andi

2173 4886 2291 4941 qua:
2318 4881 2627 4942 sequantur.
2656 4872 2831 4939 Quare
2847 4874 2976 4939 dixi,
3005 4893 3107 4931 nou
3135 4878 3274 4933 dedit
3304 4881 3355 4933 in
3383 4893 3576 4937 motum
3601 4885 3754 4955 pedes

2173 4965 2348 5018 uicos?
2367 4965 2499 5030 Quia
2520 4965 2684 5018 multa
2709 4966 2846 5035 passi
2862 4981 3067 5034 sumus,
3096 4969 3164 5025 de
3189 4972 3378 5041 quibus
3406 4988 3754 5032 moverentur

2174 5055 2241 5110 de
2260 5054 2345 5109 via
2367 5055 2530 5126 pedes
2556 5058 2746 5119 nostri,
2777 5057 2876 5111 nisi
2899 5058 3012 5126 ipse
3039 5071 3277 5129 regeret,
3327 5073 3383 5117 et
3406 5079 3505 5121 eos
3548 5067 3605 5121 in
3635 5084 3750 5121 mo—

2177 5158 2286 5201 tum
2317 5163 2420 5201 non
2450 5147 2619 5203 daret.
2644 5148 2773 5217 Quae
2797 5160 2922 5204 sunt
2959 5152 3093 5206 ista?
3122 5152 3373 5219 Quoniam
3402 5159 3633 5228 probasti
3662 5179 3753 5216 nos

2181 5237 2320 5293 Deus
2343 5257 2360 5303 ;
2384 5240 2556 5310 igniin
2584 5255 2695 5307 nos,
2726 5242 2852 5294 sicut
2880 5242 3071 5312 ignitur
3096 5250 3380 5317 argentum.
3422 5249 3538 5305 Non
3568 5252 3751 5322 ignisﬁ

2177 5331 2312 5384 sicut
2354 5329 2560 5396 fenum,
2604 5331 2696 5385 sed
2743 5334 2879 5387 sicut
2904 5345 3180 5404 argentum
3215 5340 3558 5397 :adhibendo
3590 5345 3750 5398 nobis

2178 5422 2349 5490 ignem
2366 5463 2379 5482 ,
2408 5436 2511 5475 non
2531 5422 2581 5474 in
2602 5422 2833 5477 cinerem
2854 5428 3181 5490 eouvertisti,
3196 5429 3288 5484 sed
3306 5431 3491 5486 sordes
3504 5432 3751 5488 abluisti.

2178 5513 2361 5584 lgnisti
2397 5528 2487 5567 nos
2505 5554 2520 5578 ,
2551 5513 2677 5567 sicut
2704 5516 2890 5585 ignitur
2913 5532 3191 5591 argentum.
3224 5521 3295 5578 Et
3323 5524 3441 5580 vide
3474 5528 3758 5596 quomodo

2240 5627 2255 5655 ¹
2278 5631 2382 5673 Mss.
2409 5629 2703 5681 constanter,
2722 5631 2897 5675 murta.

2239 5690 2257 5717 ³
2282 5689 2352 5734 sic
2393 5692 2496 5733 MSS.
2534 5690 2590 5753 At
2608 5686 2738 5746 Edd.,
2765 5686 2813 5736 iu
2849 5695 2997 5739 morte
3020 5700 3142 5753 erat,
3183 5696 3293 5755 quia
3327 5693 3377 5745 in
3404 5701 3448 5745 te
3470 5701 3597 5755 erat,
3623 5696 3777 5746 inde.

2175 5757 2264 5841 3M;
2439 5808 2517 5872 qui
2544 5803 2596 5857 in
2618 5809 2725 5860 vita.
2748 5811 2910 5873 Abest,
2930 5813 3022 5876 7rd,
3044 5825 3075 5865 a
3096 5820 3198 5865 ms.

3574 5952 3687 5965 ομ...
