4022 6200
291 457 388 516 797

287 573 437 630 saavit
457 571 596 626 Deus
621 569 672 622 in
699 565 839 630 illos,
870 576 1093 634 quorum
1123 558 1352 615 animam
1384 557 1558 626 posuit
1584 554 1634 610 in
1665 555 1847 608 vitam.

289 662 544 720 Induxisti
560 676 648 714 nos
663 659 715 712 in
743 652 1076 724 muscipulam
1102 667 1120 704 :
1137 665 1238 706 non
1262 658 1318 702 ut
1338 647 1475 719 capti
1503 658 1848 706 morerentur,

289 758 384 813 sed
423 754 562 809 unde
606 748 812 807 liberati
840 728 1224 822 experirentur.
1254 739 1482 794 Posuisti
1511 736 1852 792 tribulationcs

287 851 341 904 in
382 851 528 902 dorso
556 853 742 897 nostra.
788 837 958 893 Erecti
989 836 1128 892 enim
1157 833 1324 899 male,
1356 831 1566 902 superbi
1598 842 1809 884 eramus
1836 843 1848 877 :

293 941 429 994 male
458 937 619 992 erecti
647 931 844 988 curvati
871 944 1074 990 sumus,
1115 936 1169 979 ιιι
1216 924 1414 979 curvati
1456 923 1589 976 bene
1615 921 1854 988 erigere-

292 1046 424 1086 mur.
458 1025 680 1081 Posuisti
708 1019 1050 1074 tribulationes
1080 1017 1129 1069 in
1157 1015 1305 1068 dorso
1331 1023 1501 1066 nostra
1529 1026 1548 1063 :
1577 1007 1852 1078 imposuisti

293 1120 515 1174 homines
535 1131 684 1177 super
709 1111 874 1178 capita
897 1118 1086 1161 nostra.
1115 1104 1238 1160 [late
1267 1101 1440 1156 omnia
1471 1115 1621 1171 passa
1651 1107 1731 1151 est
1753 1096 1854 1150 Ec-

289 1214 447 1267 clesia
470 1213 633 1266 variis
675 1213 727 1259 et
774 1199 1000 1255 diversis
1041 1195 1534 1269 persecutiouibus;
1592 1206 1742 1260 passa
1775 1196 1856 1241 est

291 1305 390 1358 hoc
416 1298 744 1369 singillatim,
772 1293 933 1351 etiam
966 1291 1123 1345 modo
1153 1290 1364 1359 patitur.
1393 1285 1504 1341 Non
1535 1285 1675 1339 enim
1706 1283 1856 1352 quisv

290 1409 444 1465 quam
476 1402 576 1452 est,
608 1387 698 1458 qui
723 1402 781 1441 se
806 1389 860 1441 in
890 1385 988 1438 hac
1011 1381 1111 1434 vita
1136 1379 1202 1433 ab
1232 1379 1314 1432 his
1345 1375 1715 1431 tentationibus
1737 1387 1858 1440 pos-

291 1487 360 1540 sit
409 1484 584 1537 dicere
635 1481 944 1532 immunem.
992 1475 1128 1544 Ergo
1159 1471 1501 1542 imponuntur
1530 1477 1582 1520 et
1617 1465 1855 1518 homines

292 1591 450 1644 super
477 1572 642 1640 capita
677 1583 853 1622 nostra
885 1584 897 1619 :
929 1565 1214 1620 toleramus
1238 1576 1370 1630 quos
1397 1560 1675 1622 nolumus,
1719 1555 1855 1622 pati-

294 1683 411 1721 tttur
465 1663 769 1731 superiores
821 1656 1101 1726 aliquando
1153 1669 1288 1723 quas
1340 1653 1579 1706 novimus
1628 1648 1855 1717 pejores.

297 1757 509 1812 Pet-cata
540 1763 712 1805 autem
761 1751 801 1802 si
848 1749 1015 1801 tit'Silli
1044 1788 1058 1807 ,
1109 1746 1241 1798 hrne
1274 1744 1513 1810 superior
1558 1750 1636 1792 est
1669 1740 1854 1801 homo;

293 1857 491 1917 quanto
519 1854 688 1897 autem
718 1843 860 1909 plura
893 1841 1103 1900 adsunt,
1129 1846 1271 1889 tanto
1299 1848 1373 1888 est
1413 1833 1648 1886 inferior.
1681 1831 1739 1884 iit
1767 1829 1858 1880 ho-

249 1957 252 1960 ·
293 1954 416 1990 tttutt
444 1946 521 1988 est
581 1920 635 1985 ui
663 1930 1058 1984 corsidcrctnus
1087 1941 1181 1978 nos
1213 1936 1512 1992 peccatores
1537 1937 1679 1982 esse,
1706 1927 1756 1972 et
1781 1918 1856 1971 sic

294 2029 581 2082 toleremus
626 2025 899 2092 impositos
943 2037 1100 2089 super
1126 2021 1294 2088 eapita
1343 2028 1553 2078 nostra;
1584 2026 1634 2068 ιιι
1677 2026 1724 2068 et
1762 2028 1858 2066 nos

293 2121 767 2175 Dco'tumliteatnur
795 2117 912 2186 lllliJ
945 2114 1099 2183 digne
1130 2111 1372 2182 patimur.
1403 2107 1538 2176 Quid
1585 2108 1722 2160 enim
1776 2106 1856 2159 itt-

289 2213 444 2281 digttc
495 2210 688 2280 pati-ris
716 2199 852 2278 quod
890 2206 1006 2258 facit
1053 2205 1138 2272 qtti
1165 2203 1338 2272 jUstns
1365 2201 1484 2255 est?
1516 2197 1737 2252 Posuisti
1767 2199 1857 2251 tri—

289 2305 568 2356 bulationrs
614 2302 663 2353 in
713 2303 864 2352 dorso
893 2308 1059 2351 nostro
1088 2313 1106 2349 :
1133 2293 1414 2362 imposuisti
1456 2292 1682 2345 homines
1710 2308 1860 2359 super

288 2395 456 2461 capita
485 2403 668 2445 nostra.
703 2390 900 2445 Sarrire
927 2389 1130 2441 vdelur
1159 2387 1449 2447 Dctts,cum
1478 2383 1574 2436 ista
1606 2365 1765 2436 facit:
1795 2396 1860 2434 ne

290 2496 525 2547 tttcluas;
557 2485 802 2553 quoniam
861 2481 1015 2534 Pater
1056 2487 1157 2537 est,
1192 2490 1457 2545 nunquam
1498 2475 1574 2528 sic
1607 2471 1756 2526 smvit
1801 2481 1859 2525 ut

290 2577 492 2647 perdat.
526 2573 745 2642 Quando
775 2565 1056 2626 ittztle'riris
1079 2611 1096 2635 ,
1128 2571 1170 2624 si
1213 2569 1416 2637 parcit,
1441 2567 1558 2635 plus
1589 2565 1852 2620 irascitur.

288 2669 517 2724 Omnino
550 2668 660 2718 ista!
692 2664 1055 2717 tribulationes
1093 2660 1293 2728 flagella
1339 2668 1461 2711 sunt
1506 2654 1856 2724 corrigentis,

291 2777 356 2813 tte
406 2760 472 2813 sit
523 2755 778 2810 sententia
823 2751 1105 2822 paniculis.
1158 2749 1376 2803 Posuisti
1423 2748 1767 2802 tribulatioues
1808 2747 1861 2799 in

290 2852 440 2902 dorso
468 2857 633 2899 nostra
665 2861 683 2898 .'
709 2843 988 2912 imposuisti
1009 2841 1232 2894 homines
1261 2855 1412 2906 super
1435 2838 1602 2908 capita
1631 2845 1822 2890 nostra.

362 2940 448 2992 17.
485 2936 822 2989 Transivimus
848 2951 934 3004 per
959 2936 1122 3002 ignem
1147 2941 1192 2984 et
1217 2946 1418 3002 aquam.
1447 2927 1586 2998 Ignis
1617 2938 1668 2982 et
1692 2941 1860 2996 aqua,

290 3042 572 3096 nti-nmque
602 3027 954 3096 periculosum
984 3035 1065 3078 est
1093 3024 1146 3075 in
1192 3021 1291 3076 hac
1317 3023 1439 3075 vita.
1471 3019 1625 3074 Certe
1657 3019 1862 3073 videtur

291 3135 426 3188 aqua
461 3119 628 3187 ignem
659 3117 1014 3183 exstinguere,
1047 3122 1099 3164 et
1146 3113 1277 3181 ignis
1306 3110 1512 3164 videtur
1538 3125 1726 3180 aquam
1753 3109 1860 3165 sic-

290 3227 436 3263 care.
471 3207 538 3260 Ita
561 3215 614 3261 et
635 3207 760 3274 ipsa:
784 3205 1096 3258 teutationes
1114 3212 1254 3263 sunt,
1283 3201 1472 3270 quibus
1496 3199 1724 3255 abundat
1752 3199 1864 3253 hinc

291 3304 419 3355 vita.
452 3303 587 3368 Ignis
611 3302 710 3352 ttrit
733 3339 748 3362 ,
780 3314 910 3367 aqua
941 3296 1233 3366 corrumpit
1265 3313 1278 3348 :
1311 3304 1593 3365 utrumque
1618 3305 1860 3348 metuen-

290 3393 450 3452 dntn;
500 3404 551 3444 et
599 3391 734 3442 ustio
766 3388 1148 3453 tribulationis,
1199 3397 1252 3441 et
1297 3401 1431 3459 aqua
1475 3384 1855 3455 corruptionis.

291 3483 514 3552 Quando
536 3490 658 3534 sunt
687 3497 768 3534 res
799 3490 1055 3550 attgnstze,
1077 3488 1130 3533 ct
1149 3477 1321 3549 aliqua
1347 3493 1465 3546 qua:
1491 3475 1774 3530 infelicitas
1793 3474 1866 3528 di-

290 3579 432 3629 citur
461 3576 510 3628 in
537 3575 636 3628 hoc
663 3573 879 3637 mutulo,
903 3571 1050 3640 quasi
1093 3569 1226 3640 ignis
1251 3581 1331 3625 cst
1354 3586 1367 3621 :
1396 3568 1608 3637 quando
1633 3577 1754 3621 sunt
1778 3579 1868 3620 res

294 3685 587 3736 prosperos,
633 3673 687 3718 et
736 3663 1054 3716 abrodantia
1103 3659 1283 3714 seculi
1331 3659 1670 3723 circumﬂuit,
1716 3654 1865 3725 qttasi

291 3774 431 3826 aqua
460 3766 559 3808 est.
597 3755 723 3808 Vide
750 3767 814 3820 ne
861 3763 911 3806 te
940 3753 1073 3819 ignis
1115 3758 1330 3812 exurat,
1361 3765 1427 3801 ne
1467 3764 1601 3817 aqua
1623 3761 1864 3801 corrum-

295 3861 408 3920 put.
446 3845 649 3899 Firmus
675 3852 789 3897 esto
813 3842 1064 3894 adversus
1101 3840 1273 3906 ignem
1299 3856 1313 3903 ;
1346 3839 1499 3907 coqui
1530 3848 1582 3891 te
1609 3844 1818 3905 Oportet
1844 3850 1865 3893 ;

297 3950 550 4005 tattqttattt
585 3949 672 3985 vas
702 3933 877 3985 ﬁctura
925 3930 1150 3983 tuittcris
1191 3930 1242 3982 itt
1296 3929 1560 3981 caminum
1609 3926 1775 3995 ignis,
1810 3935 1868 3978 ιιι

294 4029 541 4081 ﬁrmetur
569 4024 704 4092 quod
735 4021 1016 4075 formatum
1050 4027 1150 4072 est.
1187 4018 1287 4072 Vas
1314 4033 1440 4092 ergo
1481 4017 1588 4085 jam
1619 4017 1737 4084 igne
1781 4015 1867 4068 lir-

297 4128 498 4170 tnatnm
546 4129 733 4180 aquam
784 4128 886 4164 non
936 4109 1115 4173 timet;
1149 4121 1240 4160 vas
1287 4089 1462 4160 autem
1501 4104 1546 4158 si
1584 4101 1864 4160 solidatam

298 4208 423 4276 igne
465 4223 564 4258 non
617 4204 800 4258 fuerit.
833 4211 1077 4269 tanquam
1109 4200 1270 4268 lutum
1297 4207 1430 4265 aqua
1462 4195 1718 4249 solvetur.
1750 4193 1866 4247 Noli

300 4298 555 4352 festinare
585 4293 650 4346 ad
679 4308 900 4362 aquam;
933 4307 1026 4358 per
1051 4291 1220 4358 ignem
1254 4288 1416 4341 transi
1445 4286 1510 4338 ad
1552 4300 1737 4355 aquam
1764 4326 1778 4350 ,
1814 4291 1870 4337 ut

299 4402 542 4444 transeas
571 4397 620 4440 ct
650 4402 856 4454 aquam.
892 4384 1178 4452 Propterea
1212 4389 1264 4434 et
1311 4380 1361 4433 in
1393 4377 1748 4436 Sacramentis
1771 4417 1786 4439 ,
1817 4385 1869 4429 et

301 4482 353 4534 in
379 4478 751 4533 eatccl‘tizando
775 4517 788 4538 ,
836 4485 888 4527 et
929 4473 978 4526 itt
1011 4471 1389 4534 exoreizando,
1423 4468 1702 4523 adhibetur
1727 4467 1870 4536 prius

302 4574 463 4640 ignis.
497 4570 622 4624 Nam
671 4568 808 4621 unde
847 4567 1155 4636 plerumque
1204 4561 1456 4616 immundi
1502 4561 1716 4630 spiritus
1757 4560 1868 4612 ela-

302 4674 472 4727 riunt,
501 4662 691 4723 Ardea,
723 4663 764 4713 si
796 4660 884 4713 ille
912 4658 1044 4727 ignis
1075 4673 1176 4711 non
1197 4657 1321 4710 est?
1346 4655 1460 4707 l’ost
1495 4656 1664 4724 ignem
1696 4659 1870 4705 autem

303 4756 588 4815 exorcisnti
644 4753 846 4807 venitur
891 4751 958 4804 ad
1013 4747 1372 4818 Baptismum;
1425 4755 1481 4799 ιιι
1528 4747 1592 4799 ab
1643 4745 1760 4814 igne
1805 4743 1870 4796 ad

305 4863 501 4918 aquam
528 4887 542 4907 ,
573 4844 637 4896 ab
658 4859 792 4913 aqua
823 4841 876 4895 itt‘
909 4839 1267 4908 refrigerium.
1307 4837 1457 4903 Quod
1478 4844 1651 4888 autem
1693 4835 1742 4887 in
1771 4834 1874 4886 Sa-

301 4937 592 4995 (‘t'MttCltliS
618 4937 656 4997 ‘,
682 4933 780 4986 hoc
826 4934 875 4983 in
923 4929 1306 4984 tentationibus
1333 4925 1488 4994 hujus
1534 4924 1712 4978 επιβουιί
1740 4940 1752 4974 :
1781 4937 1868 4975 att-

306 5032 480 5100 gostia
513 5027 712 5079 timoris
741 5023 944 5078 accedit
965 5021 1154 5090 prima,
1185 5019 1300 5071 vice
1330 5017 1496 5087 ignis;
1529 5024 1708 5084 postea
1731 5015 1874 5067 abla-

310 5135 362 5178 to
398 5123 610 5181 timore,
645 5114 983 5170 metuendum
1012 5119 1092 5167 est
1119 5127 1182 5163 ne
1211 5108 1434 5163 felicitas
1465 5105 1725 5158 mundana
1753 5119 1876 5157 cor-

309 5219 544 5280 rumpat.
581 5206 713 5260 Cutn
736 5213 907 5259 autem
944 5211 993 5256 te
1026 5201 1163 5270 ignis
1187 5212 1406 5266 crepare
1445 5210 1549 5249 non
1581 5194 1797 5257 fecerit,
1825 5201 1877 5246 et

309 5307 363 5360 itt
393 5313 585 5372 aquam
618 5311 721 5350 non
759 5294 1022 5359 merseris,
1045 5290 1136 5346 sed
1168 5287 1494 5353 enataveris;
1529 5301 1621 5356 per
1645 5285 1878 5353 discipli-

312 5412 438 5450 nain
473 5390 666 5446 transis
709 5386 773 5442 ad
799 5389 1066 5455 requiem,
1109 5393 1162 5438 et
1193 5381 1452 5436 transiens
1498 5395 1590 5449 per
1613 5378 1788 5448 ignem
1826 5389 1879 5430 et

309 5499 508 5554 aquam
536 5479 774 5534 eduecris
802 5477 854 5530 in
882 5474 1228 5544 refrigerium.
1269 5472 1499 5540 Quarum
1533 5470 1672 5524 enim
1704 5483 1878 5523 rerum

312 5579 466 5644 signa
495 5581 617 5626 sunt
646 5571 696 5623 itt
723 5566 1096 5629 Sacratae-tuis,
1129 5564 1255 5633 ipsae
1295 5576 1379 5616 res
1403 5571 1526 5640 sunt
1554 5561 1604 5614 itt
1635 5560 1722 5614 illa
1754 5574 1873 5628 per-

314 5665 546 5719 fectione
577 5661 694 5714 vita:
721 5667 954 5711 aeternas.
981 5654 1098 5709 Jam
1125 5667 1243 5709 cum
1273 5637 1638 5706 transierimus
1664 5649 1728 5702 ad
1752 5649 1878 5702 illud

381 5800 396 5827 ι
421 5797 502 5844 ttic
524 5797 569 5844 iit
592 5793 702 5844 edd.
720 5792 929 5843 additum
945 5788 1120 5850 fuerat,
1142 5800 1267 5852 aqua
1297 5783 1558 5851 Baptismi;
1586 5782 1712 5848 quod
1731 5795 1756 5833 a
1778 5789 1884 5834 Mss.

316 5859 476 5908 abest.

1371 441 1763 500 ENARRATIO
1802 437 1864 492 IN
1903 436 2220 494 PSALMUM
2261 437 2420 493 LXV.

1957 551 2307 622 refrigerium,
2333 552 2518 605 fratres
2542 549 2857 608 chartSsuttt,
2888 546 3085 599 nullum
3117 544 3188 598 ibi
3219 545 3525 601 timebimus

1957 642 2258 708 inimicum,
2328 641 2525 696 nullum
2582 649 2934 698 tentatorem.
2999 635 3199 690 nullum
3246 636 3524 697 iit-vidum,

1958 733 2156 786 nullum
2189 733 2395 802 ignem,
2428 733 2619 784 nullam
2653 744 2840 798 aquam
2867 745 2880 791 ;
2916 735 3228 795 perpetuum
3261 725 3329 777 ibi
3371 727 3526 778 refri-

1957 826 2158 894 gerium
2212 830 2329 876 erit.
2384 820 2734 890 Rel’rigct-iunt
2784 828 2995 888 propter
3039 817 3267 884 quietem
3315 815 3524 879 dicitur.

1959 915 2088 970 Nam
2118 915 2160 968 si
2187 914 2350 977 dicas,
2385 913 2539 966 Calor
2564 924 2664 971 est,
2708 926 2890 965 rerum
2928 921 3006 962 est
3040 927 3053 961 :
3083 909 3124 960 si
3155 907 3322 972 diras,
3359 907 3530 960 “ciri-

1959 1007 2181 1076 gerinm,
2207 1021 2385 1060 verum
2408 1016 2507 1058 est.
2528 1001 2581 1057 Si
2603 1003 2744 1064 enim
2772 1001 3100 1070 refrigeritnn
3123 999 3258 1051 male
3277 998 3526 1078 accipias,
3542 983 3553 996 ’

1943 1099 2107 1166 quasi
2141 1097 2488 1164 torpescimus
2521 1095 2609 1148 ibi.
2650 1094 2765 1148 Non
2799 1101 2972 1147 autem
3019 1091 3368 1160 torpescit-tius
3416 1088 3526 1152 ibi,

1961 1189 2050 1242 sed
2083 1185 2464 1256 requiescimus
2495 1203 2504 1237 :
2533 1201 2631 1238 nec
2651 1185 2773 1253 quia
2794 1184 2938 1236 Calor
2959 1181 3168 1246 dicitur,
3189 1180 3529 1234 :t-stualiimtts

1963 1281 2066 1343 ibi,
2103 1280 2192 1333 sed
2225 1279 2541 1334 fervebitntts
2581 1277 2783 1345 spiritu.
2815 1274 3039 1328 Attende
3080 1276 3251 1342 ipsum
3293 1275 3526 1325 calorem

1963 1372 2011 1424 itt
2045 1373 2147 1424 alio
2178 1372 2378 1440 psalmo
2413 1387 2425 1421 :
2456 1368 2567 1421 Nec
2594 1378 2666 1421 est
2696 1367 2782 1436 qui
2814 1383 2866 1420 se
2889 1365 3163 1417 abscondat
3187 1382 3215 1414 (ι
3237 1366 3402 1415 calore
3421 1364 3528 1432 ejus

1963 1463 2128 1532 (Psal.
2156 1478 2301 1528 XVIII,
2330 1462 2406 1531 7).
2451 1459 2736 1534 Quid-dicit
2775 1468 2827 1512 et
2856 1457 3142 1525 Apostolus
3159 1459 3181 1501 ’ἐ
3208 1456 3396 1522 Spiritu
3427 1458 3529 1522 fvr—

1962 1566 2126 1608 ventes
2157 1553 2326 1624 (Rom.
2362 1569 2452 1616 xu,
2486 1553 2592 1618 11).
2624 1553 2778 1620 Ergo,
2813 1549 3159 1602 Transirimns
3191 1565 3277 1617 per
3305 1547 3464 1616 igntm
3487 1554 3530 1596 et

1962 1664 2143 1716 aquam
2165 1661 2184 1698 :
2209 1645 2272 1698 Et
2297 1645 2517 1699 eduxiin
2548 1661 2638 1696 nos
2667 1643 2716 1694 in
2747 1640 3079 1711 refrigerium.

2037 1737 2120 1791 18.
2155 1734 2303 1807 [vers
2340 1731 2449 1806 αἱ]
2494 1735 2722 1786 Attende
2751 1731 2870 1800 quia
2906 1746 3007 1782 non
3041 1737 3240 1780 tantum
3270 1726 3336 1778 de
3378 1723 3531 1778 refri-

1963 1827 2128 1895 gerio,
2157 1826 2248 1881 sed
2283 1843 2378 1879 nec
2419 1825 2484 1878 de
2519 1825 2632 1893 ipso
2660 1824 2777 1892 igne
2803 1821 3018 1890 optabili
3055 1820 3218 1872 tacuit
3258 1835 3270 1868 :
3305 1815 3532 1887 Introibo

1965 1922 2011 1971 in
2037 1921 2236 1972 domum
2261 1928 2398 1969 tuam
2428 1916 2476 1969 in
2508 1916 2830 1967 holocaustis.
2857 1911 2990 1978 Quid
3019 1921 3095 1964 est
3122 1908 3484 1960 Ιιωῐοςίιιιειιιιιι
3509 1905 3533 1957 ?

1963 2010 2154 2064 Totum
2180 2009 2473 2070 int-ensum,
2505 2006 2596 2078 sed
2623 2006 2741 2076 igne
2767 2004 2964 2058 divino.
2999 2001 3373 2055 “olm-aestiuo
3391 1997 3532 2050 enint

1962 2103 2154 2154 dii-itur
2179 2102 2520 2164 sacrificium,
2549 2113 2666 2151 cum
2699 2105 2866 2150 totum
2895 2093 3218 2148 accenditur.
3253 2091 3381 2144 Alize
3412 2098 3534 2141 sunt

1966 2203 2141 2262 partes
2161 2191 2574 2254 sacriliciorum;
2602 2188 2743 2242 aliud
2771 2187 3141 2240 holocaustum
3169 2200 3180 2235 :
3211 2180 3422 2252 quando
3451 2191 3532 2232 to.

1966 2293 2072 2335 tutn
2105 2282 2284 2344 ardet,
2319 2291 2370 2335 et
2396 2289 2558 2334 totum
2589 2278 2920 2332 consumitur
2964 2277 3081 2345 igne
3131 2273 3310 2328 divino
3332 2313 3345 2335 ,
3376 2271 3530 2324 holo-

1963 2386 2202 2430 caustum
2227 2373 2439 2437 dicitur;
2459 2371 2671 2443 quando
2694 2385 2835 2439 pars,
2865 2367 3196 2423 sacrificium.
3226 2366 3395 2419 Omne
3419 2364 3535 2432 qui-

1964 2465 2083 2520 dem
2114 2464 2477 2517 holocaustum
2508 2460 2824 2515 sacriftcitttn
2852 2477 2866 2525 ;
2899 2457 2993 2512 sed
3025 2473 3129 2511 non
3157 2471 3322 2509 omne
3363 2454 3528 2508 sacri-

1966 2556 2139 2611 [icium
2166 2554 2546 2608 holocaustum.
2570 2549 2881 2606 llolocausta
2901 2563 3024 2619 ergo
3044 2545 3320 2617 promittit;
3340 2557 3534 2612 corpus

1964 2645 2161 2702 Christi
2192 2646 2446 2714 loquitur,
2477 2643 2656 2696 unitas
2693 2641 2886 2695 Christi
2929 2639 3161 2708 loquitur
3190 2655 3202 2690 :
3233 2633 3458 2688 Introibo
3481 2633 3531 2684 in

1965 2739 2168 2791 domum
2197 2745 2335 2788 tuam
2363 2736 2412 2788 in
2443 2733 2765 2787 holocaustis.
2805 2730 2994 2785 Totum
3039 2743 3221 2783 meum
3259 2735 3535 2780 constituat

1967 2831 2102 2901 ignis
2128 2840 2282 2893 tuus;
2311 2827 2441 2882 nihil
2473 2827 2574 2881 mei
2606 2833 2881 2880 remaneat
2911 2822 3038 2875 mihi
3063 2862 3078 2888 ,
3128 2830 3292 2874 totum
3324 2819 3392 2870 sit
3418 2817 3530 2869 tibi.

1967 2919 2080 2976 Hoc
2113 2929 2289 2974 autem
2318 2918 2419 2972 erit
2464 2917 2516 2970 in
2547 2915 2936 2970 resurrectione
2970 2913 3238 2982 justorum
3261 2911 3300 2971 ι,
3331 2907 3534 2978 quando

1966 3022 2012 3066 et
2041 3009 2359 3080 corrttptibile
2395 3009 2487 3061 hoc
2512 3006 2746 3060 induelur
2784 3006 3190 3074 incorruptione,
3230 3011 3276 3054 et
3322 2999 3534 3051 mortale

1967 3103 2058 3157 hoc
2079 3102 2312 3156 induatur
2339 3097 2732 3161 immortalitate;
2756 3105 2873 3149 tunc
2897 3095 2982 3166 ﬁet
3009 3093 3143 3163 quod
3159 3091 3397 3159 scriptum
3423 3099 3494 3142 rst
3517 3101 3537 3142 :

1965 3196 2216 3263 Absorpta
2241 3201 2312 3247 est
2338 3209 2470 3246 mors
2494 3192 2546 3244 in
2572 3190 2829 3244 victoriam
2859 3188 2900 3258 (l
2926 3188 3042 3242 Cor.
3075 3201 3168 3250 xv,
3200 3182 3310 3250 54).
3355 3182 3531 3236 Victo—

1967 3288 2042 3344 ria
2070 3290 2220 3360 quasi
2248 3289 2382 3359 ignis
2403 3286 2614 3341 divinus
2651 3293 2733 3340 est
2761 3301 2774 3336 :
2803 3299 2924 3338 cum
2951 3281 3198 3336 absorbet
3227 3288 3281 3334 et
3308 3283 3534 3331 mortem

1939 3393 2224 3462 \nostram,
2249 3381 2610 3435 holocaustum
2635 3386 2736 3434 est.
2777 3376 2889 3431 Non
2921 3383 3158 3430 remanet
3187 3370 3409 3427 mortale
3437 3369 3536 3422 ali—

1967 3473 2090 3544 quid
2131 3473 2182 3527 in
2209 3487 2389 3538 carne,
2423 3487 2525 3527 non
2556 3481 2794 3526 remanet
2819 3469 3012 3539 aliquid
3045 3465 3305 3535 culpabile
3337 3465 3386 3516 itt
3424 3461 3536 3528 spi-

1966 3564 2104 3628 ritu;
2136 3571 2302 3616 totum
2334 3578 2398 3616 ex
2424 3561 2632 3614 mortali
2664 3560 2765 3612 vita
2794 3567 3154 3619 consumetur,
3183 3565 3238 3607 ut
3264 3555 3315 3606 in
3339 3563 3537 3605 tulerim

1970 3655 2074 3706 vita
2101 3659 2494 3705 consutnmetur
2515 3651 2536 3681 ³
2571 3667 2584 3702 :
2617 3658 2774 3702 erunt
2799 3663 2924 3714 ergo
2953 3647 3036 3699 illa
3068 3645 3390 3698 holocausta.
3458 3709 3466 3717 .

2042 3742 2128 3797 19.
2169 3741 2316 3813 [νει-ε.
2349 3740 2460 3813 Μ.]
2501 3740 2568 3795 Ει
2591 3740 2713 3810 quid
2743 3741 2844 3794 erit
2868 3739 2889 3770 ⁸
2909 3780 2922 3804 ,
2946 3739 2998 3791 in
3034 3735 3376 3790 holocaustis?
3407 3734 3540 3787 Red-

1971 3834 2086 3886 dam
2106 3832 2192 3884 tibi
2218 3841 2329 3885 vota
2353 3848 2481 3896 mea,
2509 3846 2620 3900 qua:
2643 3831 2975 3883 distinxerunt
2999 3827 3132 3881 labia
3155 3841 3283 3878 mea.
3311 3828 3439 3892 Qua:
3459 3831 3541 3878 est

1971 3925 2236 3982 distinctio
2264 3925 2313 3980 in
2345 3925 2514 3979 votis?
2540 3924 2662 3980 llaec
2691 3933 2771 3977 cst
2797 3921 3065 3976 distinctio
3088 3960 3102 3984 ,
3136 3926 3192 3972 ut
3221 3929 3272 3973 te
3297 3932 3535 3980 accuses,

1972 4017 2117 4072 illum
2154 4014 2366 4080 laudes;
2412 4023 2464 4070 te
2502 4013 2764 4084 intelligas
2793 4019 3109 4073 creaturam,
3141 4008 3288 4063 illunt
3331 4016 3538 4062 creato-

1971 4123 2118 4170 rem;
2152 4117 2202 4162 te
2253 4107 2519 4169 tenebras,
2565 4107 2706 4160 illum
2761 4105 3192 4170 illutninatorcm,
3229 4101 3312 4157 cui
3355 4100 3537 4155 dicas:

1971 4197 2050 4253 τυ
2080 4196 2383 4251 illuntinabis
2412 4197 2664 4251 lucernam
2693 4212 2870 4260 meam,
2906 4194 3158 4256 Domine;
3188 4191 3330 4246 Deus
3381 4207 3538 4252 meus,

1973 4289 2279 4343 illuminabis
2336 4288 2560 4342 tenebras
2629 4304 2762 4341 meas
2811 4285 2982 4356 (Psal.
3037 4301 3142 4341 xvu
3173 4327 3188 4351 ,
3239 4281 3356 4354 ‘29).
3407 4273 3539 4336 Nam

1975 4380 2188 4452 quando
2227 4380 2444 4444 dixeris,
2491 4395 2522 4429 ο
2560 4381 2754 4444 anima,
2800 4379 2920 4447 quia
2950 4392 3013 4431 ex
3046 4387 3096 4430 te
3125 4377 3215 4429 tibi
3248 4376 3405 4436 lucet,
3439 4388 3542 4426 non

1945 4465 1948 4468 ’
1975 4471 2290 4540 distingues.
2314 4471 2366 4524 Si
2395 4485 2498 4523 non
2522 4469 2832 4539 distingues,
2865 4485 2968 4523 non
2997 4467 3189 4522 reddes
3213 4477 3331 4520 vota
3359 4464 3548 4518 distin-

1976 4573 2079 4616 cta.
2112 4560 2290 4615 Redde
2315 4569 2433 4612 vota
2464 4559 2706 4614 distincta
2729 4577 2752 4624 ;_
2772 4562 3024 4616 conﬁtere
3054 4571 3103 4612 te
3135 4549 3458 4618 tttutabilerit,
3485 4555 3546 4608 il-

1977 4653 2082 4707 lum
2101 4652 2580 4706 incommutabilem
2605 4667 2618 4703 :
2643 4653 2893 4707 Confitere
2923 4662 2972 4706 te
3001 4652 3114 4706 sine
3141 4650 3229 4704 illo
3253 4644 3375 4702 nihil
3404 4663 3542 4711 esse,

1979 4747 2146 4816 ipsum
2177 4754 2352 4800 autem
2385 4745 2498 4800 sine
2522 4755 2571 4800 te
2601 4745 2888 4816 perfectum
2918 4760 3071 4808 esse;
3099 4753 3149 4798 te
3179 4741 3411 4811 indigere
3432 4740 3543 4803 illo,

1980 4837 2123 4890 illum
2155 4848 2330 4891 autem
2363 4838 2433 4891 ltli
2467 4854 2568 4891 non
2596 4838 2856 4905 indigere.
2883 4833 3060 4890 Clama
3086 4834 3152 4888 ad
3195 4833 3342 4888 illum
3377 4850 3390 4884 :
3425 4831 3546 4886 Dixi

1980 4928 2217 4986 Domino.
2259 4929 2398 4983 Deus
2424 4945 2558 4983 meus
2584 4944 2635 4980 es
2665 4937 2736 4989 tu,
2773 4927 3008 4993 quoniam
3049 4919 3288 4980 bonorum
3325 4939 3548 4978 meorum

1980 5037 2081 5074 non
2105 5019 2295 5089 indiges
2318 5021 2487 5086 (Psal.
2511 5034 2595 5082 xv,
2624 5015 2701 5079 2i.
2731 5017 2847 5072 .lam
2878 5034 2941 5072 co
2961 5017 3099 5087 quod
3133 5025 3183 5071 te
3211 5017 3261 5070 in
3289 5015 3546 5071 holocau-

1981 5125 2118 5168 stum
2148 5113 2367 5166 assumit
2395 5112 2550 5175 Deus,
2579 5127 2680 5165 non
2715 5113 2801 5166 ille
2829 5114 3037 5179 crescit,
3070 5127 3174 5166 non
3203 5111 3288 5166 ille
3309 5119 3548 5180 augetur,

1984 5224 2088 5262 non
2134 5207 2224 5260 ille
2267 5205 2444 5269 ditior,
2473 5219 2576 5258 non
2606 5204 2691 5259 ille
2722 5205 3022 5258 instructior
3050 5203 3104 5258 fit
3137 5221 3150 5257 :
3193 5203 3285 5258 tibi
3324 5212 3404 5257 est
3432 5213 3548 5253 me-

1986 5297 2087 5351 lius
2111 5293 2360 5366 quidquid
2387 5295 2452 5348 de
2475 5305 2526 5348 te
2552 5310 2647 5364 pro
2674 5306 2722 5350 te
2745 5295 2898 5358 facit;
2931 5308 3031 5348 non
3060 5295 3107 5349 ei
3133 5293 3219 5363 qni
3253 5291 3394 5346 facit.
3425 5287 3548 5341 “me

1987 5390 2028 5441 si
2057 5387 2359 5443 discerttas.
2397 5385 2572 5438 reddis
2610 5396 2723 5438 vota
2759 5385 2866 5438 Deo
2909 5392 3018 5451 tuo,
3052 5400 3168 5453 qua:
3197 5379 3553 5436 distinxerunt

1987 5477 2121 5531 labia
2166 5483 2271 5528 tua.
2312 5473 2537 5528 It'eddam
2583 5474 2667 5528 tibi
2713 5483 2824 5528 vota
2867 5491 3003 5540 mea,
3053 5488 3164 5545 qua:
3213 5469 3552 5524 distinxerunt

1989 5569 2121 5622 labia
2146 5571 2274 5620 mea.

2053 5662 2069 5690 ι
2095 5661 2168 5708 sic
2188 5664 2296 5706 Mss.
2324 5655 2523 5712 sitadd,
2549 5663 2859 5706 mortuorum.

2051 5722 2072 5751 ³
2095 5705 2176 5768 itte
2198 5705 2308 5786 tutd.
2333 5705 2525 5786 addunt;
2550 5725 2598 5766 ut
2622 5731 2654 5766 a
2674 5705 2822 5768 morte
2861 5728 3102 5768 serventur
3125 5716 3171 5763 in
3212 5711 3352 5763 titan:
3383 5723 3397 5760 :
3431 5705 3560 5772 quod

1991 5783 2130 5833 abest
2152 5794 2178 5828 a
2199 5780 2462 5841 potioribus
2482 5786 2583 5827 Mss.

2061 5845 2081 5876 ³
2105 5841 2288 5908 Aliquot
2306 5843 2468 5905 ιιι-ουκ
2492 5851 2614 5890 noue
2638 5847 2764 5900 3155.,
2780 5846 2933 5890 erunt.

3423 433 3525 489 τιμε
3608 457 3614 466 ’
