4022 6200
488 400 589 455 199

543 512 633 567 9.0.
673 509 819 582 [item
852 504 957 577 l5.)
998 501 1060 556 Et
1099 503 1316 555 locutum
1349 508 1421 551 est
1454 512 1509 549 os
1543 509 1705 546 meum
1743 492 1795 543 in
1825 488 2031 541 tribula-

477 604 608 657 tione
650 615 777 653 mea.
822 596 987 662 Quam
1030 592 1199 648 dulcis
1226 600 1308 646 est
1345 603 1485 657 saepe
1533 584 1830 640 tribulatio!
1871 595 2027 650 quam

478 690 801 745 necessaria!
828 687 960 753 Quid
986 686 1054 739 ibi
1092 685 1319 737 locutum
1344 688 1426 734 est
1449 692 1508 731 os
1537 677 1702 746 ipsius
1731 674 1780 727 iu
1809 671 2028 726 tribula-

478 783 616 836 tione
644 780 773 833 sua?
803 777 1104 832 Holocausta
1122 774 1390 827 medullam
1407 768 1613 835 offeram
1635 767 1738 820 tibi.
1766 764 1898 833 Quid
1926 774 2030 837 est,

476 843 790 925 ntiduIlata?
828 870 969 922 Intus
998 877 1201 921 teneam
1243 862 1552 919 charitatcm
1583 860 1758 920 tuam‘;
1790 870 1891 908 non
1931 854 2033 907 erit

456 960 533 1013 'iu
583 959 891 1028 superficie,
939 959 987 1011 in
1032 955 1273 1010 medullis
1303 944 1436 1007 meis
1460 950 1559 1004 erit
1592 947 1730 1018 quod
1772 945 1930 1014 diligo
1961 952 2031 996 te.

378 1062 388 1070 '
476 1028 615 1106 ﬁihil
646 1052 786 1106 enim
822 1050 1038 1104 interius
1079 1046 1320 1102 medullis
1357 1042 1549 1097 nostris
1581 1057 1595 1094 :
1635 1038 1882 1091 interiora
1912 1049 2031 1087 ossa

475 1156 595 1198 sunt
643 1158 819 1206 carne,
853 1141 1095 1196 medullae
1142 1137 1419 1191 interiores
1465 1142 1585 1186 sunt
1629 1131 1754 1199 ipsis
1804 1128 2029 1183 ossibus.

477 1234 724 1303 Quisquis
751 1248 876 1304 ergo
902 1234 952 1286 in
981 1229 1258 1300 superlicie
1282 1228 1408 1281 colit
1434 1226 1618 1284 Deum,
1643 1221 1806 1290 magis
1828 1218 2035 1286 placere

474 1325 585 1378 vhlt
637 1324 967 1383 hominibus;
1024 1320 1161 1374 aliud
1204 1328 1379 1373 autem
1429 1317 1567 1369 intus
1612 1314 1879 1371 sentiens,
1928 1325 2031 1362 non

475 1418 628 1472 oll‘crt
657 1418 956 1472 holocausta
1000 1413 1340 1470 medullarum
1391 1428 1405 1464 :
1448 1408 1596 1476 cuius
1625 1413 1798 1459 autem
1827 1401 2032 1456 medul.

477 1508 578 1561 lam
610 1508 836 1577 inspicit,
870 1508 1036 1574 ipsum
1066 1514 1231 1558 totum
1256 1502 1461 1569 accipit.
1502 1498 1803 1552 llolocausta
1836 1493 2029 1545 medul-

476 1600 579 1652 lata
604 1599 811 1665 o/feram
834 1598 939 1662 tibi,
962 1613 1070 1650 cum
1090 1596 1285 1648 incenso
1306 1603 1351 1645 et
1376 1589 1626 1645 arietibus.
1655 1587 1859 1642 Arietes
1871 1584 2033 1637 duces

477 1688 759 1745 Ecclesiae:
784 1697 944 1743 totum
974 1702 1162 1756 corpus
1187 1684 1375 1737 Chriin
1399 1680 1652 1749 loquitur;
1683 1677 1782 1730 hoc
1799 1672 2031 1744 estquod

475 1781 627 1833 oll‘ert
665 1782 790 1834 Deo.
841 1780 1113 1833 lnceusum
1140 1774 1264 1845 quid
1294 1772 1410 1827 est?
1447 1770 1647 1824 Oratio.
1686 1767 1811 1821 Cum
1836 1767 2036 1818 incenso

475 1881 522 1924 et
545 1871 814 1924 arietibus?
843 1870 1061 1923 Maxime
1090 1869 1228 1921 enim
1253 1867 1447 1919 arietes
1472 1870 1624 1914 orant
1652 1875 1744 1926 pro
1767 1857 2030 1927 gregibus.

479 1961 701 2027 ("feram
731 1961 816 2014 tibi
838 1961 979 2014 boves
1003 1976 1115 2012 cum
1155 1958 1325 2009 hircis.
1369 1950 1534 2007 Boves
1560 1950 1855 2003 invenimus
1886 1947 2035 2001 tritu—

476 2063 671 2118 rautes,
700 2061 752 2106 et
781 2052 875 2121 ipsi
902 2050 1187 2103 oli'eruntur
1212 2048 1336 2099 Deo.
1369 2042 1649 2112 Apostolus
1672 2039 1740 2094 de
1759 2038 2036 2092 annuntia-

478 2141 676 2195 toribus
712 2124 978 2208 Evangelii
1015 2138 1145 2191 dixit
1181 2131 1572 2203 intelligendum
1602 2128 1740 2198 quod
1781 2128 2030 2195 scriptum

474 2239 557 2283 est
585 2246 600 2282 :
627 2229 751 2283 Bovi
775 2210 1027 2282 trituranti
1050 2244 1105 2280 os
1131 2243 1229 2279 non
1255 2221 1544 2294 infrenabis.
1576 2217 1835 2287 Numquid
1858 2218 1921 2271 de
1945 2218 2034 2270 bo-

475 2322 566 2375 bus
605 2324 812 2392 pertinet
837 2322 903 2374 ad
932 2320 1091 2373 Deum
1122 2317 1141 2389 (
1168 2318 1187 2371 l
1210 2316 1327 2373 Car.
1360 2332 1432 2379 Ix,
1465 2314 1565 2383 9)?
1756 2310 1929 2380 magni
1961 2310 2032 2412 illi

474 2414 695 2475 arietes.
730 2413 899 2481 magni
928 2412 1106 2466 boves.
1134 2409 1266 2477 Quid
1300 2407 1483 2475 reliqui
1509 2446 1524 2470 ,
1566 2404 1652 2471 qui
1681 2405 1812 2456 forte
1836 2404 2032 2455 conscii

474 2515 598 2559 sunt
619 2505 911 2575 aliquorum
946 2513 1273 2573 peccatorum
1303 2514 1317 2563 ;
1348 2498 1434 2567 qui
1462 2495 1593 2550 forte
1626 2495 1676 2548 in
1708 2494 1822 2562 ipso
1847 2491 2034 2544 itinere

474 2596 605 2667 lapsi
657 2604 818 2662 sunt,
864 2605 916 2651 et
962 2594 1174 2648 sauciati
1222 2608 1314 2659 per
1344 2587 1703 2660 penitentiam
1748 2581 2033 2638 sanantur?

473 2684 735 2757 Numquid
778 2695 830 2741 et
860 2684 955 2754 ipsi
987 2682 1352 2745 remanebunt,
1398 2688 1451 2732 et
1491 2677 1554 2730 ad
1594 2675 1895 2730 holocausta
1929 2686 2030 2724 nou

474 2779 845 2847 pertinebunt?
876 2777 949 2831 Ne
978 2777 1074 2847 ipsi
1107 2776 1343 2835 timeant,
1371 2770 1570 2826 addidit
1594 2777 1647 2823 et
1673 2768 1846 2861 hircos
1875 2784 1888 2818 :
1924 2764 2033 2817 llo-

472 2872 715 2934 locansta,
748 2871 933 2939 inquit,
964 2868 1236 2922 medullula
1259 2863 1467 2931 oﬂ'eram
1488 2863 1593 2924 tibi,
1632 2877 1744 2915 cum
1770 2860 1966 2912 intrenso
1988 2867 2033 2910 et

472 2961 703 3015 arietibus
731 2977 748 3013 :
772 2959 979 3026 o/I'eram
1016 2958 1102 3011 tibi
1130 2959 1271 3010 boves
1311 2970 1425 3007 cum
1462 2951 1630 3005 hircis.
1686 2946 2033 3019 Adjnnetiouc

473 3052 581 3117 ipsa
622 3051 891 3104 Salvantur
933 3048 1061 3102 hirci
1112 3065 1124 3099 :
1172 3061 1264 3119 per
1291 3059 1348 3097 se
1382 3060 1483 3096 non
1516 3049 1769 3110 possunt;
1800 3036 2030 3106 adjuncti

474 3141 639 3194 bobus
666 3139 1014 3206 accipiuntur.
1062 3137 1323 3191 Fecerunt
1356 3135 1498 3189 enim
1529 3132 1728 3219 amicos
1763 3130 1830 3185 de
1861 3146 2029 3182 mam-

477 3248 632 3286 mona
682 3231 998 3299 iniquitatis,
1055 3237 1111 3281 ut
1160 3227 1258 3296 ipsi
1311 3215 1564 3294 recipiant
1607 3215 1701 3275 eos
1742 3222 1796 3274 in
1835 3229 2030 3273 adorna

474 3322 812 3377 tabernacula
868 3318 1037 3395 (Luc.
1084 3335 1210 3381 xvi,
1263 3316 1358 3380 9).
1398 3310 1551 3386 'Ergo
1602 3313 1688 3367 iSIi
1742 3314 1868 3367 hirci
1926 3327 2028 3365 non

470 3425 623 3470 erunt
648 3430 675 3468 a
706 3415 931 3470 sinistris
952 3456 966 3478 ,
1000 3414 1119 3482 quia
1152 3411 1389 3465 fecerunt
1412 3410 1510 3464 sibi
1537 3408 1736 3461 amicos
1770 3406 1834 3459 de
1863 3421 2030 3458 mam—

471 3521 624 3558 mona
650 3503 955 3575 iniquitatis.
985 3503 1083 3570 Qui
1114 3510 1286 3555 autem
1318 3501 1446 3554 hirci
1477 3499 1541 3553 ad
1565 3497 1869 3551 sinistram?
1894 3495 2030 3562 Qui-

471 3599 568 3652 bus
595 3598 817 3664 dicetur,
864 3597 1080 3661 Esuriri,
1131 3606 1176 3649 et
1207 3613 1303 3648 non
1331 3595 1535 3647 dedistis
1576 3592 1696 3644 mihi
1730 3591 2034 3644 manducare

471 3689 679 3761 (Matth.
720 3706 806 3752 xv,
846 3689 933 3760 42)
978 3690 992 3741 ξ
1040 3705 1141 3741 non
1184 3686 1270 3757 qui
1310 3696 1520 3757 peccata
1560 3698 1650 3737 sua
1682 3681 2028 3752 eleemmynis

471 3783 823 3837 redemerunt.

537 3876 624 3929 2|.
686 3873 832 3947 [vers.
886 3873 993 3937 16,
1043 3872 1149 3945 17.]
1198 3872 1400 3933 Venite,
1452 3871 1650 3932 audite,
1701 3877 1747 3922 et
1793 3867 2027 3931 narrabo,

472 3982 640 4021 omnes
681 3968 766 4037 qui
802 3966 983 4021 timetis
1023 3966 1202 4019 Deum.
1256 3963 1557 4026 Veniamus,
1597 3961 1870 4014 audiamus
1905 3958 2030 4028 quid

473 4067 784 4112 narraturus
823 4066 921 4111 est.
956 4056 1164 4119 “Venite,
1212 4055 1377 4107 audite
1400 4094 1415 4117 ,
1459 4062 1502 4105 et
1529 4052 1759 4104 narrabo.
1787 4051 1889 4104 Sed
1919 4050 2027 4119 qui,

490 4149 657 4203 Venite
685 4159 730 4203 et
758 4149 971 4202 audite?
1020 4148 1201 4203 Omnes
1241 4148 1326 4216 qui
1353 4145 1529 4198 timetis
1555 4143 1734 4196 Deum.
1775 4142 1829 4197 Si
1868 4142 2030 4195 Deum

471 4258 575 4295 non
608 4241 823 4304 timetis,
867 4256 968 4292 non
1012 4238 1256 4292 narrabo.
1293 4236 1405 4291 Non
1448 4243 1529 4290 est
1552 4234 1741 4304 quibus
1769 4241 2029 4295 narretur,

473 4332 560 4387 ubi
589 4332 675 4386 Dei
708 4332 864 4384 timor
886 4346 987 4383 non
1016 4338 1117 4382 est.
1152 4328 1241 4399 Dei
1272 4329 1427 4381 timor
1454 4327 1658 4396 aperiat
1679 4340 1853 4389 aures,
1886 4332 1942 4377 ut
1963 4324 2032 4377 sit

471 4425 607 4494 quod
625 4426 799 4482 intret.
814 4432 867 4478 et
882 4437 981 4491 qua
996 4420 1302 4488 intretquod
1322 4428 1624 4472 narraturus
1636 4433 1770 4469 sum.
1788 4414 1893 4469 Sed
1907 4414 2029 4482 quid

452 4492 548 4566 .cst
571 4512 904 4568 narraturus?
932 4511 1131 4578 Quanta
1151 4510 1263 4580 fecit
1287 4509 1467 4561 animat
1490 4524 1626 4561 mete.
1657 4508 1791 4561 Ecce
1816 4520 2031 4559 narrare

473 4608 609 4671 \‘uil;
632 4608 722 4661 sed
739 4607 862 4677 quid
880 4614 959 4661 est
980 4604 1309 4673 narraturus?
1330 4604 1403 4653 Au
1431 4600 1563 4656 forte
1584 4609 1832 4668 quantum
1860 4607 2034 4667 pateat

475 4706 632 4761 terra,
659 4707 908 4766 quantum
947 4693 1275 4749 distendatur
1319 4693 1532 4753 cmlum,
1567 4699 1620 4744 et
1647 4700 1774 4759 quot
1813 4691 1919 4744 sint
1958 4690 2032 4743 si-

473 4785 620 4847 dera,
659 4795 711 4839 et
735 4805 850 4855 qme
880 4788 987 4841 sint
1015 4786 1156 4840 vices
1180 4783 1309 4838 solis
1349 4791 1413 4841 ct,
1443 4781 1618 4834 luam?
1649 4780 1752 4834 Ista
1791 4790 2033 4834 creatura

477 4874 675 4942 peragit
701 4876 935 4931 ordinem
956 4890 1105 4929 suum
1132 4893 1144 4927 :
1173 4873 1258 4942 qui
1284 4873 1500 4925 multum
1527 4886 1641 4925 eam
1667 4872 1870 4924 curiose
1890 4885 2034 4938 qum-

474 4966 673 5018 sierunt
697 5006 712 5027 ,
760 4967 872 5033 ejus
900 4977 1191 5021 creatorem
1238 4966 1609 5034 ignoraverunt
1636 4960 1786 5033 (δίη).
1810 4977 1920 5024 xm,
1952 4960 2029 5030 9).

477 5053 607 5109 lllud
663 5054 859 5121 audite,
911 5057 1036 5110 illud
1086 5058 1324 5125 accipite.
1380 5071 1412 5110 ο
1449 5058 1465 5086 ¹
1496 5055 1582 5122 qui
1625 5055 1801 5106 timetis
1854 5052 2032 5118 Deum,

474 5157 663 5219 quanta
692 5147 805 5216 fecit
828 5149 1007 5202 animt:
1032 5165 1152 5202 mea:
1176 5150 1249 5202 :si
1282 5150 1457 5211 vultis,
1481 5155 1535 5202 ct
1562 5147 1806 5221 νιεςιιιιιξί⁷
1835 5145 2034 5232 Quanta

475 5241 592 5312 fecit
630 5239 813 5293 anima:
840 5256 980 5293 mete.
1020 5241 1097 5292 Ad
1131 5243 1295 5309 ipsum
1323 5258 1408 5295 ore
1435 5257 1542 5294 meo
1570 5240 1798 5293 clamavi.
1840 5238 1905 5291 Et
1935 5237 2033 5290 hoc

477 5314 648 5399 ipsum
676 5328 867 5382 lactant
895 5329 1023 5381 dicit
1049 5330 1236 5382 animm
1262 5344 1370 5382 suae
1397 5347 1409 5381 :
1443 5337 1499 5381 ut
1525 5328 1589 5381 ad
1622 5329 1789 5396 ipsum
1819 5341 1912 5380 ore
1939 5340 2035 5379 suo

474 5423 746 5485 clamaret,
771 5419 961 5473 factum
986 5433 1103 5473 esse
1124 5418 1248 5472 dicit
1268 5418 1454 5471 anima:
1479 5433 1607 5471 sum.
1639 5418 1792 5480 Ecce,
1826 5416 2032 5477 fratres.

475 5512 672 5569 Gentes
696 5525 926 5575 eramus,
962 5508 1060 5565 etsi
1089 5523 1191 5561 non
1225 5509 1273 5560 in
1318 5508 1489 5567 nobis,
1525 5508 1575 5560 iu
1608 5506 1909 5576 parentibus
1938 5522 2034 5558 uo-

544 5734 556 5763 ⁸
582 5740 680 5780 nuo
701 5739 827 5790 Mss,
849 5728 970 5780 illud
991 5723 1208 5784 accipite,
1230 5736 1390 5773 manes
1423 5722 1523 5786 qui,
1549 5730 1641 5771 etc.

545 5815 562 5843 ι
589 5816 658 5862 sic
673 5813 851 5873 aliquot
876 5820 978 5862 Mss.
1007 5809 1090 5862 ,ιιιι
1112 5822 1220 5859 cum
1249 5812 1377 5870 Low,
1402 5812 1446 5857 et
1465 5811 1616 5855 rcstru
1642 5810 1728 5854 est.

1693 377 1748 430 S.
1790 371 2147 428 AUGUSTINI
2172 372 2473 431 EPISCOPI

3597 374 3697 428 800

2140 488 2282 541 stris.
2313 488 2379 543 Et
2403 489 2525 560 quid
2551 489 2678 545 dicit
2705 489 3028 559 Apostolus?
3074 491 3226 546 Scitis
3248 533 3268 558 ,
3293 492 3494 561 quando
3518 490 3701 545 Gentes

2136 580 2306 644 eratis,
2341 589 2407 633 ad
2433 582 2701 635 simulacra
2724 584 2831 636 sine
2858 598 2973 637 voce
2987 582 3233 652 quomodo
3259 582 3595 636 ascendebatis
3619 584 3697 635 iu-

2137 670 2272 726 ducti
2292 673 2334 743 (l
2364 673 2480 729 Cor.
2510 691 2601 739 xu,
2622 675 2698 744 2).
2730 677 2874 731 Dicat
2902 692 3040 730 nunc
3068 676 3322 744 Ecclesia,
3355 677 3554 745 Quanta
3577 678 3701 746 fecit

2135 765 2315 817 anima:
2334 781 2473 819 mete.
2496 765 2574 818 Ad
2597 769 2757 835 ipsum
2780 784 2865 821 ore
2889 784 2996 821 meo
3024 769 3252 822 clamavi.
3283 768 3452 822 Homo
3482 771 3497 801 ⁸
3530 769 3596 823 ad
3625 770 3701 822 lac

2139 852 2311 920 pidem
2332 855 2643 921 clamabam,
2669 856 2735 909 ad
2753 856 2944 926 lignum
2960 857 3177 910 surdum
3197 859 3510 921 clamabam,
3532 858 3701 912 simu-

2118 943 2288 1021 Jlucris
2312 946 2485 1000 surdis
2510 948 2665 1000 mutis
2686 947 2934 1017 loquebar
2957 965 2971 1003 :
2996 949 3103 1018 jam
3131 950 3300 1020 imago
3328 951 3417 1005 Dei
3441 966 3707 1007 conversa

2136 1042 2214 1086 est
2259 1034 2323 1086 ad
2366 1035 2668 1091 Creatorem
2713 1053 2889 1095 suum.
2933 1039 3030 1106 Qui
3073 1039 3309 1094 dicebam
3341 1042 3497 1112 ligno,
3542 1042 3697 1097 Pater

2137 1140 2271 1177 meus
2295 1141 2344 1179 es
2375 1135 2427 1178 tu
2445 1141 2466 1189 ;
2503 1139 2547 1179 et
2582 1126 2761 1198 lapidi,
2795 1128 2871 1183 Tu
2898 1147 2975 1183 me
2998 1131 3212 1200 genuisti
3241 1130 3448 1201 (Jerem.
3480 1150 3537 1197 ιι,
3565 1134 3699 1205 27);

2135 1218 2291 1271 modo
2317 1218 2456 1285 dico,
2490 1217 2645 1273 Pater
2665 1231 2844 1285 noster,
2866 1224 2949 1291 qui
2972 1240 3022 1276 es
3047 1225 3096 1276 in
3122 1225 3256 1278 caelis
3276 1225 3484 1294 (Matth.
3516 1244 3590 1289 vt,
3615 1228 3698 1297 9).

2134 1308 2216 1360 Ad
2253 1308 2418 1378 ipsum
2462 1327 2548 1363 ore
2586 1328 2694 1365 meo
2739 1312 2967 1366 clamavi.
3022 1313 3121 1368 Ore
3148 1332 3257 1369 meo
3290 1317 3420 1385 jam.
3467 1335 3572 1372 non
3604 1336 3703 1375 ore

2135 1400 2326 1454 alieno.
2355 1400 2574 1467 Quando
2598 1403 2886 1459 clamabam
2914 1405 2980 1460 ad
3010 1406 3209 1474 lapides
3237 1408 3287 1462 in
3318 1425 3450 1465 vana
3473 1426 3704 1466 conver-

2135 1491 2337 1544 satione
2365 1502 2594 1560 paterua:
2628 1494 2921 1548 traditionis
2953 1496 2992 1565 (Ι
3027 1495 3162 1550 Petr.
3193 1514 3230 1556 ι.
3261 1500 3368 1569 l8),
3397 1516 3492 1554 ore
3520 1501 3700 1557 alieno

2134 1580 2423 1635 clamabam
2456 1598 2470 1634 :
2500 1584 2710 1653 quando
2742 1587 2963 1641 clamavi
2988 1588 3053 1642 ad
3087 1589 3384 1657 Dominum,
3416 1593 3554 1663 quod
3585 1596 3700 1664 ipse

2134 1670 2368 1737 donavit,
2394 1674 2531 1743 quod
2558 1674 2999 1749 ifginstiiravit,
3037 1671 3290 1749 ad'ipsum
3327 1699 3413 1736 ore
3451 1701 3560 1737 meo
3585 1686 3696 1738 cla—

2136 1764 2284 1823 mavi,
2307 1774 2354 1817 et
2378 1755 2899 1839 mltavi'mngua
2926 1787 3053 1822 mea.
3085 1772 3217 1838 Quid
3245 1784 3348 1840 est,
3374 1775 3588 1828 clamavi
3613 1794 3701 1831 ore

2136 1870 2264 1920 meo,
2294 1865 2343 1908 et
2367 1855 2582 1909 exaltari
2609 1858 2697 1911 sub
2720 1860 2892 1930 lingua
2918 1878 3043 1915 mea.
3078 1862 3249 1932 ipsum
3277 1866 3484 1935 publice
3506 1868 3700 1936 pra-di-

2135 1944 2270 2009 cavi,
2322 1944 2490 2014 ipsum
2547 1949 2598 2001 in
2637 1960 2841 2004 secreto
2886 1951 3161 2007 confessus
3200 1971 3338 2009 sum.
3383 1956 3573 2011 Parum
3614 1968 3700 2013 est

2137 2034 2300 2089 Deum
2339 2038 2571 2092 exaltare
2614 2040 2819 2109 lingua;
2859 2043 3036 2099 sedﬂct
3066 2044 3166 2099 sub
3202 2046 3397 2116 lingua,
3450 2058 3506 2101 ut
3554 2050 3697 2118 quod

2134 2125 2580 2207 certus,loqueris,
2611 2129 2709 2184 hoc
2736 2131 2923 2187 tacitus
2950 2135 3166 2216 cogites.
3195 2136 3276 2190 Ad
3298 2138 3458 2209 ipsum
3479 2156 3566 2193 ore
3588 2157 3705 2193 meo

2134 2213 2344 2268 clamavi
2362 2257 2377 2280 ,
2407 2229 2453 2271 et
2479 2220 2693 2273 exaltavi
2719 2222 2808 2274 sub
2830 2223 3000 2294 lingua
3024 2213 3150 2279 nica.
3186 2225 3318 2282 Vide
3345 2244 3501 2296 quam
3532 2231 3583 2283 in
3611 2246 3700 2285 se—

2134 2316 2280 2360 creto
2322 2308 2430 2362 vult
2475 2325 2592 2365 esse
2619 2311 2817 2383 integer
2841 2315 2926 2384 qui
2969 2316 3124 2371 oﬂ'crt
3154 2319 3458 2374 holocausta
3490 2323 3696 2377 medul-

2136 2397 2260 2450 lata.
2311 2398 2422 2455 Hoc
2463 2402 2620 2472 agite.
2668 2403 2873 2469 fratres,
2908 2406 3009 2462 hoc
3050 2409 3346 2477 imitamini,
3388 2422 3444 2467 ut
3485 2413 3701 2479 dicatis,

2146 2487 2333 2552 Venite,
2381 2494 2548 2547 audite
2584 2506 2771 2566 quanta
2802 2497 2917 2567 fecit
2944 2502 3126 2554 anintw
3166 2519 3307 2557 mete.
3343 2504 3529 2560 Omnia
3555 2509 3698 2562 enim

2133 2596 2257 2648 quae
2308 2594 2537 2645 enarrat,
2582 2586 2747 2653 ipsius
2789 2591 2953 2659 gratia
2998 2592 3125 2646 liunt
3179 2593 3229 2647 in
3280 2596 3451 2651 anima
3494 2609 3697 2652 nostra.

2135 2671 2318 2726 Videte
2343 2675 2440 2727 alia
2469 2693 2583 2745 quae
2614 2677 2773 2733 dicat.

2201 2762 2289 2816 22.
2333 2762 2477 2836 [vers.
2513 2766 2622 2840 18.]
2661 2768 2982 2836 Iniquitatem
3007 2776 3051 2827 si
3072 2779 3305 2845 conspexi
3324 2779 3374 2832 in
3392 2782 3542 2834 corde
3564 2800 3696 2851 meo,

2133 2871 2232 2908 non
2269 2848 2506 2911 exaudiat
2542 2862 2563 2892 ⁸
2598 2861 2859 2919 Dominus.
2901 2863 3242 2925 Considerate
3294 2872 3449 2926 modo
3482 2848 3696 2942 luntres,

2132 2960 2288 3012 quam
2316 2946 2486 3010 facile,
2515 2966 2669 3019 quam
2704 2955 2937 3023 quotidie
2969 2957 3207 3015 homines
3234 2963 3611 3023 erubescentes
3642 2968 3694 3022 in

2134 3034 2429 3093 hominibus
2473 3040 2771 3111 iniquitates
2805 3058 3056 3103 accusant
3101 3064 3114 3103 :
3159 3051 3290 3107 Male
3317 3053 3460 3119 fecit,
3490 3059 3699 3126 perdite

2131 3123 2277 3193 fecit,
2319 3130 2603 3185 sceleratus
2632 3131 2792 3189 homo
2834 3148 2916 3192 est
2944 3156 2957 3191 ε
2990 3139 3088 3195 hoc
3114 3141 3248 3197 forte
3276 3123 3694 3215 propter—homi-

2134 3231 2228 3273 nes
2256 3218 2400 3273 dicit.
2429 3221 2560 3275 Vide
2589 3224 2632 3277 si
2674 3241 2777 3279 non
2807 3228 2857 3280 in
2887 3230 3047 3285 corde
3086 3242 3174 3286 tuo
3200 3238 3462 3305 conspicis
3498 3241 3695 3308 iniqui-

2135 3313 2325 3372 tatem;
2355 3325 2419 3364 ne
2447 3308 2585 3367 forte
2622 3317 2762 3383 quod
2805 3320 3149 3387 reprehendis
3177 3324 3229 3377 in
3273 3327 3461 3395 altero,
3491 3332 3700 3402 cogites

2132 3393 2305 3451 facere
2325 3438 2338 3459 ,
2370 3408 2424 3452 et
2453 3400 2572 3456 ideo
2614 3403 2667 3458 in
2709 3407 2853 3463 illum
2880 3412 3108 3477 clames,
3142 3432 3247 3470 non
3273 3420 3392 3487 quia
3424 3420 3566 3486 fecit,
3599 3427 3695 3480 sed

2132 3485 2250 3551 quia
2282 3487 2521 3544 inventus
2559 3503 2657 3548 est.
2691 3496 2822 3552 Redi
2858 3501 2921 3554 ad
2968 3513 3049 3568 te;
3083 3506 3221 3559 intus
3247 3485 3367 3563 esto
3390 3512 3479 3564 tibi
3505 3485 3692 3579 judcx.

2132 3575 2268 3632 Ecce
2305 3579 2355 3632 in
2396 3583 2751 3641 cubiculo‘tuo
2774 3591 3102 3661 abscondito,
3136 3597 3184 3650 in
3212 3598 3321 3668 ipsa
3354 3618 3481 3656 vena
3512 3606 3695 3661 intima

2132 3669 2328 3736 cordis,
2362 3673 2445 3727 ubi
2475 3685 2526 3728 tu
2558 3678 2704 3732 solus
2723 3697 2800 3746 es,
2826 3693 2878 3736 et
2906 3685 2991 3739 ille
3015 3690 3102 3757 qui
3136 3690 3308 3753 videt,
3341 3694 3444 3748 illic
3469 3696 3560 3750 tibi
3585 3697 3698 3752 dis-

2135 3761 2326 3830 pliceat
2373 3764 2649 3836 iniquitas,
2699 3780 2758 3826 ut
2802 3774 3010 3842 placeas
3050 3779 3174 3834 Deo.
3209 3781 3322 3837 Noli
3356 3785 3494 3840 illam
3527 3791 3697 3858 respi-

2131 3874 2274 3927 cere,
2306 3859 2359 3916 id
2384 3872 2506 3930 est,
2537 3866 2643 3921 noli
2673 3868 2812 3923 illam
2840 3871 3085 3943 diligere;
3127 3877 3217 3931 sed
3248 3880 3419 3946 potius
3455 3882 3692 3952 deSpice,

2134 3950 2313 4021 idest,
2337 3966 2636 4024 contemne,
2669 3972 2721 4015 et
2744 3974 2982 4020 avertere
3008 3966 3077 4022 ab
3105 3985 3188 4023 ea.
3221 3972 3483 4039 Quidquid
3516 3950 3693 4029 [zelum

2133 4048 2449 4115 promiserit,
2478 4060 2534 4103 ut
2561 4051 2741 4107 illiciat
2764 4053 2829 4107 ad
2856 4057 3180 4123 peccandum
3206 4075 3220 4124 ;
3250 4062 3503 4133 quidquid
3542 4067 3693 4119 triste

2134 4138 2324 4192 minata
2353 4139 2539 4198 fuerit.
2582 4152 2639 4196 ut
2666 4144 2898 4213 impellat
2924 4147 2988 4200 ad
3016 4150 3481 4218 malefaciendum,
3527 4166 3691 4211 totth

2134 4229 2258 4283 nihil
2286 4240 2387 4295 est,
2411 4239 2574 4286 totum
2605 4235 2790 4288 transit
2817 4252 2831 4300 ;
2874 4236 3071 4309 despici
3106 4239 3318 4309 dignum
3347 4253 3462 4308 est,
3497 4254 3553 4298 ut
3579 4247 3692 4298 cal-

2132 4330 2313 4385 cetur;
2365 4338 2467 4376 non
2512 4325 2769 4395 conspici,
2801 4336 2860 4381 ut
2886 4341 3209 4397 accepletur.
3259 4332 3521 4405 [Suggerit
3547 4342 3691 4391 enim

2132 4414 2411 4483 aliquando
2438 4432 2529 4485 per
2553 4406 2917 4486 cogitationes,
2947 4423 3031 4476 vel
3063 4440 3153 4492 per
3189 4426 3343 4481 verba
3382 4428 3690 4499 colloquen-

2135 4494 2260 4558 tium
2290 4502 2565 4561 malorum.
2591 4508 2944 4581 Corrumpunt
2967 4515 3105 4569 enim
3133 4532 3304 4573 olores
3327 4519 3513 4585 bonos,
3533 4524 3695 4577 collo-

2133 4597 2254 4666 quia
2281 4599 2414 4655 mala
2454 4616 2466 4651 :
2511 4607 2565 4652 tu
2592 4603 2697 4655 noli
2721 4618 2783 4656 ea
2813 4602 3074 4672 respicere
3104 4605 3143 4677 (l
3177 4608 3290 4661 Cor.
3321 4625 3412 4674 xv,
3448 4610 3560 4684 55).
3589 4612 3692 4668 Sed

2134 4704 2318 4758 parum
2353 4698 2434 4744 est
2463 4691 2513 4744 in
2539 4693 2720 4757 vultu,
2766 4711 2944 4763 parum
2974 4707 3057 4752 est
3096 4699 3147 4752 in
3178 4700 3349 4770 lingua
3389 4718 3402 4754 :
3452 4704 3503 4757 in
3534 4707 3694 4759 corde

2136 4780 2242 4834 noli
2276 4782 2558 4851 respicere,
2593 4783 2643 4836 id
2673 4795 2772 4850 est,
2815 4787 2919 4839 noli
2959 4786 3199 4858 diligere,
3248 4793 3351 4847 noli
3395 4805 3693 4863 acceptare.

2134 4870 2266 4924 Nam
2292 4880 2587 4939 respectum
2619 4889 2712 4943 pro
2735 4875 3014 4932 dilectione
3043 4880 3161 4946 poni
3181 4882 3539 4950 quotidianum
3564 4895 3647 4941 est
3677 4904 3691 4941 :

2137 4961 2305 5029 primo
2330 4962 2452 5030 quia
2489 4962 2555 5015 de
2582 4963 2688 5018 Deo
2725 4964 2965 5027 dicimus,
2998 4967 3247 5037 Respexit
3278 4986 3383 5026 me.
3425 4974 3561 5042 Quid
3591 4986 3701 5046 est,

2137 5052 2388 5121 Respexit
2407 5054 2532 5108 me?
2557 5057 2691 5110 Ante
2711 5056 2852 5110 enim
2877 5067 2926 5111 te
2951 5072 3055 5112 non
3083 5060 3334 5116 videbat?
3355 5064 3459 5118 Aut
3482 5082 3696 5121 sursum

2137 5143 2458 5207 attendebat,
2495 5153 2550 5199 et
2571 5146 2812 5214 precibus
2843 5147 2945 5201 tuis
2968 5152 3319 5205 commonitus
3351 5162 3451 5216 est,
3480 5157 3616 5210 utin
3650 5166 3698 5212 te

2138 5237 2317 5291 oculos
2351 5238 2620 5292 mitteret?
2668 5238 2887 5294 Videbat
2932 5249 2982 5294 te
3023 5251 3076 5294 et
3104 5252 3258 5306 ante;
3290 5245 3380 5298 sed
3400 5288 3416 5313 ,
3447 5246 3696 5318 Respexit

2140 5342 2245 5390 me,
2275 5327 2424 5391 dicis,
2452 5328 2642 5383 Dilcxit
2662 5345 2766 5384 me.
2794 5331 2858 5384 Et
2876 5331 3071 5386 homini
3097 5334 3183 5402 qui
3214 5343 3263 5387 te
3283 5337 3443 5402 videt,
3460 5346 3515 5392 et
3546 5355 3705 5411 rogas

2139 5436 2282 5483 eum,
2315 5420 2465 5485 dicis,
2494 5431 2550 5475 ut
2575 5422 2883 5477 misereatur
2909 5424 3000 5486 tui,
3039 5424 3257 5492 Respice
3290 5444 3393 5486 me.
3428 5429 3585 5486 Videt
3612 5443 3701 5498 te;

2140 5520 2194 5565 et
2219 5511 2352 5566 dicis
2369 5552 2383 5577 ,
2416 5511 2639 5582 Respice
2667 5528 2770 5566 me.
2809 5513 2942 5579 Quid
2967 5524 3049 5568 cst
3068 5557 3083 5581 ,
3111 5516 3331 5587 Respice
3359 5521 3484 5575 me?
3510 5522 3700 5594 Dilige,

2140 5601 2370 5665 attende,
2400 5602 2647 5656 miserere
2676 5604 2794 5658 mei.
2829 5604 2965 5676 Ergo
2988 5608 3241 5669 non_idco
3264 5609 3412 5674 dixit,
3443 5609 3696 5680 Iniqua“.

2209 5739 2222 5768 ι
2250 5738 2320 5785 sic
2343 5745 2445 5786 Mss.
2475 5745 2527 5787 Αι
2548 5737 2680 5792 ΒΜ..
2698 5736 2811 5789 olim
2832 5739 2897 5790 ad
2919 5741 3145 5800 lapidem.

2207 5801 2224 5830 ³
2250 5801 2318 5848 sic
2339 5805 2443 5848 Mss.
2461 5800 2596 5861 juxta
2621 5809 2763 5850 tu'asc.
2801 5807 2921 5849 LXX.
2950 5811 3001 5851 st
3019 5802 3151 5862 ﬁdit,
3175 5806 3416 5855 exaudiet.
