4022 6200
319 369 425 422 ‘80!
1410 377 1803 434 FNARRATIO
1845 380 1876 433 Ιὲ

1979 382 2259 437 ιςλωιιηι
2305 385 2480 439 LXVI.

332 497 428 535 tem
455 484 496 535 si
524 485 695 560 aspexi
723 484 770 537 in
797 486 941 539 corde
969 503 1073 540 meo
1094 531 1106 551 ,
1139 488 1253 556 quia
1285 492 1500 543 omnino
1531 494 1670 546 nulla
1695 493 1882 562 iniqui-

333 583 412 626 tas
439 561 729 643 suggeritur
747 577 892 629 cordi
923 577 1168 630 humano.
1197 578 1268 632 lbi
1295 584 1606 650 suggeritur,
1633 601 1735 638 non
1769 561 1886 638 ces-

328 674 410 715 sat
435 667 728 732 suggestio;
762 665 851 716 sed
877 682 975 718 non
1001 669 1088 720 fiat
1116 671 1394 736 respecuo.
1421 670 1474 725 Si
1502 674 1642 726 enim
1674 674 1888 742 respicis

332 753 674 822 iniquitatem.
706 766 845 808 retro
875 757 1097 825 aspicis,
1129 768 1182 811 et
1203 759 1427 814 incurris
1462 763 1772 816 sententiam
1806 763 1887 816 di-

327 846 495 898 contis
521 845 720 899 Domini
744 847 796 901 in
823 847 1106 917 Evangelia
1131 868 1142 901 :
1179 849 1339 904 Nemo
1363 870 1552 921 ponens
1576 872 1774 906 manum
1803 873 1888 908 su-

329 953 416 1002 per
437 946 656 988 aratrum
683 949 726 990 et
742 941 1005 1008 respiciens
1025 952 1174 1008 retro,
1198 953 1342 1011 aptus
1366 955 1437 997 est
1458 962 1608 1013 regno
1627 945 1718 998 Dei
1738 943 1891 1015 (Lur.

329 1043 400 1091 Ix,
425 1027 535 1092 62).
569 1029 700 1092 Quid
724 1045 851 1098 ergo
871 1030 1040 1084 debeo
1068 1031 1278 1086 facere?
1310 1033 1457 1101 Quod
1478 1036 1550 1088 ait
1573 1036 1848 1103 Apostolus
1873 1053 1886 1088 :

327 1120 454 1185 Qua’
475 1131 602 1172 retro
630 1121 826 1182 oblitus,
851 1123 901 1174 in
922 1141 978 1176 ea
998 1141 1108 1194 qua:
1129 1134 1242 1178 ante
1257 1139 1370 1178 sunt
1392 1135 1614 1180 extentus
1636 1125 1887 1194 (Philipp.

324 1210 541 1278 m,13).
594 1211 754 1264 Retro
780 1213 918 1265 enim
950 1223 1126 1266 nostra
1171 1217 1344 1268 onmia
1389 1231 1504 1284 qua)
1548 1217 1885 1282 transierunt,

326 1299 496 1367 iniqua
520 1311 659 1354 sunt.
690 1300 857 1356 Nemo
873 1319 934 1356 ex
959 1305 1097 1357 bouo
1114 1305 1254 1358 venit
1281 1305 1343 1358 ad
1367 1306 1633 1360 Christum
1666 1323 1677 1357 :
1706 1321 1890 1360 omnes

333 1405 711 1456 peccaverunt;
760 1393 1022 1446 credendo
1061 1394 1415 1467 justificantur
1459 1395 1633 1464 (Rom.
1668 1412 1741 1459 tu,
1772 1395 1884 1467 22).

325 1481 562 1534 Perfecta
591 1481 789 1549 justitia
834 1500 936 1536 non
960 1485 1075 1546 crit,
1116 1485 1222 1538 nisi
1254 1485 1303 1538 in
1347 1464 1429 1538 illa
1457 1486 1592 1550 vita;
1625 1496 1797 1541 tamen
1822 1487 1887 1540 ad

313 1584 648 1641 provectum,
680 1585 734 1627 et
765 1591 936 1629 mores
956 1577 1075 1629 boni
1101 1577 1296 1646 abipso
1323 1578 1661 1648 inspirantur,
1687 1579 1754 1633 ab
1775 1581 1888 1648 ipso

323 1664 600 1718 donantur.
633 1665 746 1720 Noli
774 1681 899 1736 ergo
928 1677 1012 1721 tua
1042 1669 1223 1721 merita
1246 1678 1570 1736 computare,
1603 1669 1728 1721 noli.
1759 1669 1886 1722 Etsi

321 1755 827 1824 suggeritinit‘ptitas,
850 1758 952 1810 noli
970 1758 1286 1811 consentire.
1310 1757 1442 1824 Quid
1465 1759 1602 1812 enim
1634 1759 1745 1812 ait?
1771 1757 1788 1830 ]
1813 1759 1886 1828 (α)

319 1845 640 1915 lniquitatem
670 1848 714 1900 si
739 1850 977 1917 conspexi
1001 1851 1048 1902 in
1072 1849 1220 1904 corde
1245 1866 1370 1915 meo,
1396 1866 1492 1902 non
1519 1850 1756 1903 exaudiat
1785 1849 1888 1902 Do-

319 1938 499 1990 minus.

382 2030 471 2083 εδ.
514 2028 801 2103 [vers.19.]
844 2031 1114 2100 Propterea
1149 2031 1398 2084 exaudivit
1433 2047 1510 2082 me
1555 2030 1704 2090 Deus.
1747 2032 1878 2098 Quia

314 2120 641 2188 iniquitatem
683 2139 784 2176 non
830 2123 1074 2191 conspexi
1120 2124 1169 2175 in
1210 2122 1370 2176 corde
1409 2138 1546 2176 meo.
1583 2122 1644 2175 Et
1675 2123 1885 2176 intendit

310 2214 420 2266 voci
443 2215 682 2268 orationis
711 2232 848 2269 mete.
933 2225 936 2228 ’
1451 2239 1454 2242 ‘
1637 2280 1641 2284 .

381 2305 473 2361 24.
513 2306 661 2379 [vcrs.
703 2309 818 2380 ‘20.]
870 2307 1157 2360 Benedictus
1201 2307 1333 2361 Deus
1369 2326 1502 2361 meus
1542 2310 1559 2340 ¹
1585 2350 1600 2374 ,
1649 2309 1732 2377 qui
1786 2327 1885 2364 non

308 2399 496 2450 amovit
531 2398 925 2465 deprecationem
955 2415 1142 2460 meam,
1185 2408 1228 2451 et
1269 2401 1660 2451 misericordiam
1688 2417 1828 2452 suam
1853 2417 1885 2466 ᾳ

310 2505 407 2542 me.
441 2489 605 2543 Tenet
626 2505 838 2544 sensum
869 2490 935 2543 ab
963 2506 1026 2544 eo
1046 2491 1164 2544 loco
1188 2533 1200 2551 ,
1230 2490 1319 2544 ubi
1347 2492 1436 2552 ait,
1474 2490 1662 2554 Venite,
1693 2493 1879 2556 audite,

308 2591 352 2632 et
385 2581 602 2633 narrabo
629 2583 782 2641 vobis,
819 2598 987 2634 omnes
1016 2582 1102 2651 qni
1131 2582 1304 2634 timetis
1339 2581 1529 2647 Deum,
1559 2593 1754 2651 quanta
1769 2585 1884 2653 fecit

306 2672 494 2723 aninue
523 2688 679 2733 metu;
718 2681 771 2725 et
812 2672 942 2724 dixit
981 2688 1098 2740 qua:
1135 2671 1379 2736 audistis,
1424 2683 1474 2724 et
1519 2674 1581 2725 ad
1615 2672 1768 2725 linem
1814 2673 1881 2728 ita

304 2763 567 2814 conclusit
592 2781 603 2816 :
633 2761 930 2816 Benedictus
950 2761 1084 2814 Deus
1106 2779 1262 2826 meus,
1286 2764 1368 2831 qui
1393 2779 1489 2815 non
1514 2763 1694 2816 amovit
1715 2763 1881 2834 depre-

303 2856 550 2908 cationem
576 2871 764 2918 meam,
797 2865 842 2910 et
866 2856 1258 2908 misericordiam
1285 2873 1425 2909 suam
1449 2873 1479 2907 a
1509 2873 1602 2908 me.
1629 2854 1715 2910 Sic
1741 2856 1879 2909 enim

305 2947 550 3016 pervenit
570 2947 632 2998 ad
663 2946 1104 3000 resurrectionem
1131 2946 1228 3000 iste
1251 2947 1336 3015 qui
1372 2946 1623 3015 loquitur,
1659 2945 1744 2998 ubi
1771 2946 1878 3013 jam

302 3049 358 3092 «ξι
395 3055 490 3093 IIOS
529 3055 622 3108 spe
650 3054 832 3092 sumus
863 3055 877 3092 ἓ
911 3039 1017 3092 imo
1045 3048 1098 3091 Cl.
1127 3053 1223 3092 llOS
1250 3052 1431 3090 SUlllllS
1456 3054 1470 3100 ;
1503 3046 1555 3090 Cl
1583 3044 1756 3089 llOSll‘ﬂ
1781 3052 1880 3090 VOX

305 3135 404 3185 ista
454 3141 554 3186 est.
598 3131 855 3198 Quamdiu
908 3145 1035 3198 ergo
1079 3131 1162 3183 hic
1211 3143 1429 3191 sumus,
1491 3127 1589 3180 hoc
1636 3143 1881 3196 rogemus

305 3225 496 3288 Deum,
539 3235 594 3276 ut
642 3240 742 3275 non
787 3239 816 3276 a
852 3222 1002 3276 nobis
1045 3230 1284 3274 amoveat
1319 3219 1740 3288 deprecationem
1783 3233 1880 3271 no-

302 3327 489 3379 stram,
522 3323 573 3368 et.
601 3313 1014 3382 miseriCordiam
1045 3327 1227 3375 suam;
1262 3310 1310 3364 id
1338 3318 1438 3372 est,
1466 3319 1520 3363 ut
1540 3325 1878 3379 perseveran-

304 3417 385 3461 ter
415 3393 629 3460 oremus
654 3448 668 3469 ,
695 3416 747 3460 et
773 3415 1172 3475 perseveranter
1197 3403 1526 3460 misereatur.
1571 3402 1712 3456 Multi
1737 3403 1876 3457 enim

303 3497 649 3566 languescunt
679 3497 728 3551 in
757 3497 974 3561 orando,
1007 3505 1057 3549 et
1088 3495 1138 3549 in
1181 3495 1409 3549 novitate
1436 3509 1544 3547 sua:
1573 3496 1876 3549 conversio-

299 3590 384 3644 nis
415 3587 676 3643 ferventer
700 3601 872 3651 orant,
919 3597 1097 3656 postea
1133 3586 1408 3656 languide,
1458 3595 1635 3653 postea
1669 3583 1874 3654 frigide,

301 3688 484 3747 postea
513 3659 874 3747 negligenter:
907 3677 1052 3745 quasi
1075 3677 1244 3729 sreuri
1277 3676 1422 3727 fiunt.
1453 3675 1635 3742 Vigilat
1667 3673 1830 3727 hostis
1859 3689 1872 3725 :

292 3770 504 3823 dormis
527 3778 598 3821 tu.
627 3767 742 3836 Ipse
771 3768 1020 3819 Dominus
1041 3767 1294 3836 princepit
1323 3765 1372 3818 in
1405 3765 1726 3834 Evangelii);
1759 3765 1876 3832 quia

297 3869 495 3929 oportet
519 3875 709 3927 semper
728 3874 890 3920 orare,
917 3867 960 3909 et
992 3873 1091 3908 non
1111 3857 1338 3924 deficere.
1379 3855 1444 3908 Et
1470 3855 1557 3906 dat
1579 3854 1874 3908 similitudi-

297 3967 424 4006 nem
452 3950 517 4005 de
546 3951 633 4004 illo
658 3949 835 4018 iniquo
857 3947 1052 4016 judice,
1082 3947 1168 4015 qui
1199 3961 1293 3999 nec
1317 3945 1477 3998 Deum
1507 3945 1744 4010 timebat,
1779 3960 1875 3998 nec

299 4046 570 4097 hominem
603 4043 973 4107 reverebatur;
1015 4055 1170 4110 quem
1205 4037 1575 4105 interpellabat
1601 4037 1686 4090 illa
1718 4038 1872 4091 vidua

289 4134 536 4206 quotidie
574 4144 628 4186 ut
662 4133 865 4186 audiret
888 4148 1001 4185 eam
1038 4149 1050 4184 :
1082 4142 1133 4184 et
1158 4131 1316 4184 cessit
1347 4128 1502 4183 ta:d;o
1527 4130 1612 4198 qui
1642 4145 1744 4181 non
1776 4132 1871 4183 lle-

296 4228 540 4281 ctebatur
570 4225 923 4279 IIllSl‘l’lCONllﬂ
945 4242 958 4288 ;
983 4234 1036 4277 et
1062 4224 1135 4277 ait
1156 4223 1428 4292 sibijudex
1459 4238 1682 4292 nequam
1709 4240 1721 4274 :
1757 4240 1774 4272 ς
1815 4223 1868 4277 Si

286 4336 400 4375 .nec
429 4320 589 4373 Deum
618 4319 792 4380 timeo,
823 4332 920 4371 nec
962 4318 1200 4370 homines
1239 4332 1516 4379 revercor;
1547 4314 1628 4370 vel
1657 4325 1871 4384 propter

290 4413 513 4467 .ta-diom
555 4412 692 4482 quod
719 4411 844 4464 mihi
876 4410 1108 4480 quotidie
1145 4409 1266 4463 facit
1293 4410 1403 4462 lucc
1442 4409 1616 4467 vidua.
1660 4408 1867 4462 audiam

292 4520 512 4556 causam
551 4503 684 4571 ejus,
710 4511 763 4556 et
798 4502 1070 4556 vindicabo
1100 4518 1238 4555 eam.
1292 4500 1358 4555 Et
1384 4501 1454 4553 ait
1497 4499 1782 4553 Dominus:
1813 4500 1865 4553 Si

288 4594 454 4662 judex
497 4608 718 4662 nequam
754 4593 852 4646 hoc
882 4593 1022 4659 fecit,
1056 4593 1213 4646 Pater
1250 4603 1424 4644 vester
1455 4607 1555 4645 non
1587 4590 1868 4645 vindicabit

293 4686 497 4739 electos
522 4699 646 4738 suos
665 4685 750 4754 qui
779 4685 842 4738 ad
865 4702 983 4738 eum
1005 4685 1231 4737 clamant
1250 4683 1334 4736 die
1359 4698 1419 4735 ac
1449 4683 1636 4736 nocte?
1661 4682 1731 4736 Ita
1751 4683 1865 4737 dico

293 4775 478 4834 vobis;
505 4772 659 4826 faciet
681 4775 930 4842 judicium
960 4789 1141 4826 eorum
1164 4773 1268 4826 cito
1299 4791 1316 4822 ι
1352 4770 1501 4839 (Luc.
1539 4788 1664 4824 xvm
1687 4814 1702 4836 ,
1729 4774 1860 4843 1-8).

287 4865 440 4934 Ergo
463 4880 564 4916 non
591 4863 896 4917 deficianms
927 4866 974 4916 in
1002 4867 1260 4917 oratione.
1291 4863 1383 4916 llle
1409 4864 1548 4932 quod
1581 4879 1864 4918 concessu-

250 5010 259 5016 ,
292 4972 385 5010 rus
407 4963 510 5018 est,
531 4955 626 5008 etsi
649 4953 840 5017 dill'ert,
868 4969 970 5006 nou
993 4954 1159 5007 aufert
1186 4973 1198 5006 :
1224 4954 1395 5008 securi
1412 4952 1476 5006 de
1494 4953 1863 5023 pollicitatione

282 5045 462 5116 ipsius
503 5059 605 5098 non
653 5044 958 5098 deﬁciamus
1004 5045 1237 5107 orando;
1282 5054 1333 5098 et
1380 5045 1477 5098 hoc
1505 5059 1569 5098 ex
1611 5045 1862 5100 beneficio

288 5138 463 5205 ipsius
484 5143 582 5186 est.
617 5133 896 5202 PrOpterca
919 5133 1050 5187 dixit
1080 5152 1092 5186 :
1123 5133 1415 5186 Benedictus
1445 5133 1580 5186 Deus
1599 5151 1753 5199 meus,
1778 5137 1862 5206 qui

284 5247 388 5282 non
423 5226 609 5278 amovit
633 5226 1022 5294 deprecationem
1042 5243 1218 5288 meum,
1245 5241 1287 5279 et
1308 5225 1693 5280 misericordiam
1720 5244 1860 5281 suam

281 5341 310 5368 ιι
348 5337 452 5372 me.
498 5315 626 5370 Cum
655 5317 848 5388 videris
876 5327 977 5371 non
1018 5334 1046 5369 a
1079 5328 1128 5370 te
1167 5327 1394 5370 amotam
1434 5317 1858 5385 deprecationem

286 5420 458 5471 mam,
491 5423 706 5461 securus
731 5419 864 5471 esto,
901 5409 1019 5477 quia
1060 5423 1164 5460 non
1204 5417 1281 5460 cst
1307 5423 1334 5460 a
1367 5415 1418 5462 te
1439 5417 1612 5460 amota
1653 5409 1858 5463 miseri-

285 5501 469 5553 cordia
497 5500 629 5569 ejus.

354 5616 369 5644 ¹
394 5616 468 5662 sic
494 5616 707 5676 potiores
740 5619 842 5662 Mss.
866 5621 920 5661 Al.
950 5612 1060 5661 Edd.
1086 5627 1180 5662 nou
1197 5613 1389 5673 addunt,
1416 5627 1564 5675 meus,
1585 5616 1672 5664 nisi
1691 5613 1858 5665 ultimo

288 5673 412 5724 loco.

306 5687 428 5796 υ(ἴτ’)
454 5742 618 5798 Plures
641 5745 691 5786 et
713 5737 873 5798 proba:
896 5744 1030 5798 noue.
1047 5744 1150 5787 Mss.
1177 5746 1341 5787 carent
1373 5739 1593 5788 omnibus
1618 5738 1675 5788 iis
1710 5739 1858 5788 versi-

287 5795 384 5846 bus
403 5795 486 5861 qui
510 5795 851 5848 concluduntur
874 5796 1066 5848 ansulis.

3453 400 3626 488 802,

1999 517 3358 542 .______.___________________________

2321 564 2324 566 ’
2404 595 2481 654 1N
2519 596 2892 660 PSALMUM
2925 601 3120 662 LXVI

2549 718 2959 775 ENARRATIO.

2497 845 2669 886 SEBMO
2707 849 2774 886 AD
2817 849 3036 888 PLEBESI.

2065 943 2114 994 ‘l.
2158 939 2302 1012 [vers.
2334 940 2410 1012 2.]
2447 943 2680 998 Meminit
2726 945 2962 1000 Charitas
2994 947 3198 1014 Vestia,
3256 951 3306 1003 in
3348 951 3551 1007 duobus

1993 1032 2206 1099 psalmis
2244 1032 2330 1107 qui
2370 1032 2476 1100 jam
2508 1036 2710 1088 tractati
2744 1047 2883 1099 sunt,
2917 1038 3222 1092 exhortatos
3264 1055 3357 1095 nos
3390 1041 3552 1098 fuisse

1991 1122 2217 1174 animam
2259 1131 2491 1175 nostram
2533 1133 2590 1176 ut
2631 1125 2961 1180 benediceret
3005 1129 3278 1184 Dominum
3308 1174 3322 1195 ,
3365 1143 3416 1185 et
3464 1135 3548 1200 pio

1992 1220 2146 1263 cantu
2168 1210 2363 1265 dixisse
2395 1228 2407 1262 :
2434 1210 2648 1265 Benedic
2673 1215 2839 1266 anima
2863 1233 2966 1268 mea
2990 1217 3256 1272 Demittunt
3273 1221 3545 1288 (Psal.cn.

1991 1301 2044 1362 l,
2077 1309 2120 1353 et
2145 1315 2253 1363 cm,
2289 1300 2362 1370 l).
2396 1302 2450 1355 Si
2485 1317 2610 1371 ergo
2653 1302 2843 1356 hortati
2881 1319 3066 1359 sumus
3103 1308 3151 1361 in
3201 1309 3301 1363 illis
3337 1311 3547 1378 psalmis

1991 1391 2217 1444 animam
2259 1400 2489 1444 nostram
2532 1403 2587 1445 ut
2624 1392 2957 1450 benediceret
3004 1399 3311 1464 Dominum;
3351 1402 3402 1454 in
3448 1402 3548 1456 hoc

1992 1484 2194 1552 psalmo
2219 1496 2360 1538 recte
2386 1485 2575 1540 dicitur
2603 1504 2618 1538 :
2651 1486 2784 1541 Deus
2807 1490 3093 1544 misereatur
3120 1496 3296 1560 nostri,
3325 1505 3370 1547 et
3400 1498 3548 1550 benc-

1989 1573 2125 1652 dicat
2153 1590 2260 1628 nos.
2292 1575 2575 1629 Beuedicat
2601 1578 2773 1629 anima
2804 1593 2980 1636 nostra
3011 1581 3307 1647 Dominum,
3328 1593 3380 1637 et
3409 1584 3547 1638 Deus

1993 1664 2266 1720 benedicat
2291 1682 2406 1720 nos.
2431 1667 2563 1722 Cum
2599 1667 2860 1722 benedicit
2885 1685 2980 1722 nos
3007 1672 3141 1725 Deus
3160 1715 3174 1737 ,
3208 1689 3303 1727 nos
3349 1676 3548 1728 cresci-

1991 1771 2136 1820 mus;
2165 1767 2218 1811 et
2245 1773 2364 1812 cum
2395 1757 2755 1814 benedicimus
2782 1776 2876 1813 nos
2899 1762 3195 1829 Dominum,
3234 1781 3328 1819 nos
3351 1770 3546 1822 cresci-

1993 1847 2108 1901 mus
2149 1864 2162 1898 :
2204 1857 2484 1917 utrumque
2537 1849 2688 1902 nobis
2742 1837 2968 1919 prodest.
3032 1853 3144 1906 Ntzn
3193 1864 3410 1924 augetur
3461 1857 3547 1912 ille

1991 1938 2353 1994 benedictione
2390 1952 2563 1995 nostra
2587 1981 2600 2001 ,
2631 1958 2727 1996 nec
2773 1945 3021 1998 minuitur
3060 1946 3419 2002 maledictione
3453 1965 3547 2002 no-

1989 2039 2114 2084 stra.
2144 2030 2240 2098 Qui
2262 2033 2534 2086 maledicit
2564 2034 2801 2095 Domino.
2830 2035 2940 2105 ipse
2967 2037 3244 2102 minuitur;
3275 2039 3362 2108 qui
3391 2039 3548 2094 bene-

1987 2118 2113 2173 dicit
2135 2119 2432 2185 Dominum,
2457 2122 2567 2190 ipse
2595 2133 2830 2192 augetur.
2864 2124 3013 2178 Prior
3038 2135 3118 2178 est
3140 2125 3190 2178 in
3215 2127 3367 2181 nobis
3390 2129 3548 2181 benc-

1989 2208 2149 2262 dictio
2181 2210 2405 2276 Domini,
2433 2220 2484 2265 et
2511 2227 2840 2282 consequens
2869 2223 2947 2266 est
2977 2224 3041 2266 ut“
3059 2224 3113 2268 et
3141 2231 3236 2269 nos
3261 2215 3544 2270 benedica-

1989 2315 2105 2352 mus
2143 2301 2439 2354 Dominum.
2481 2301 2567 2354 Illa
2621 2301 2812 2370 pluvia,
2865 2303 2962 2356 iste
3015 2302 3214 2357 fructus
3259 2315 3360 2359 est.
3407 2305 3547 2378 Ergo

1987 2389 2223 2442 redditur
2266 2399 2508 2460 tanquam
2547 2391 2745 2446 fructus
2773 2392 3012 2461 agricola:
3053 2393 3192 2459 Deo,
3231 2399 3545 2464 contpuienti

1989 2496 2082 2534 nos
2109 2490 2159 2534 et
2179 2481 2390 2558 colenti.
2419 2480 2705 2537 Cantemus
2746 2483 2839 2537 ista
2881 2483 3160 2540 devotione
3201 2502 3301 2539 non
3342 2487 3542 2551 sterili,

1987 2589 2091 2626 non
2121 2573 2260 2628 inani
2297 2589 2445 2638 voce,
2478 2575 2569 2629 sed
2607 2591 2734 2628 vero
2787 2577 2966 2630 corde.
3022 2577 3363 2646 Apertissimc
3403 2579 3540 2631 enim

1987 2663 2123 2716 Deus
2156 2663 2307 2717 I’ater
2325 2663 2494 2717 dictus
2531 2673 2612 2718 est
2646 2665 2893 2733 agricola.
2935 2667 3217 2735 Apostolus
3251 2667 3377 2720 dicit
3409 2686 3423 2720 :
3450 2665 3543 2720 Dei

1984 2753 2294 2823 agricultura
2326 2756 2458 2818 estis,
2490 2754 2868 2823 Deitedi/icatio
2907 2757 3042 2810 estis.
3090 2756 3142 2810 lu
3192 2759 3348 2811 rebus
3391 2758 3544 2826 hujus

1986 2847 2166 2900 mundi
2196 2847 2500 2910 visibilibus,
2527 2848 2646 2901 vitis
2682 2863 2784 2901 non
2815 2856 2896 2902 est
2922 2847 3195 2902 aedilicium
3217 2890 3232 2915 ,
3280 2859 3332 2903 et
3374 2851 3540 2904 tedili-

1983 2939 2121 2992 cium
2153 2955 2255 2992 non
2285 2949 2368 2994 est
2390 2941 2539 2994 vinea
2572 2958 2586 2995 :
2611 2955 2706 2994 nos
2726 2949 2902 2993 autem
2931 2940 3082 2995 vinea
3113 2941 3315 2998 Domini
3337 2957 3540 3006 sumus,

1984 3027 2103 3098 quia
2130 3029 2255 3083 colit
2281 3045 2376 3083 nos
2397 3031 2462 3084 ad
2491 3030 2750 3095 fructum;
2775 3029 3051 3083 aedilicium
3082 3031 3170 3084 Dei
3200 3047 3402 3095 sunms,
3421 3033 3540 3102 quia

1983 3120 2071 3190 qui
2120 3120 2245 3173 colit
2290 3135 2388 3173 nos
2444 3119 2640 3173 habitat
2687 3119 2740 3173 in
2782 3119 2952 3174 nobis.
2999 3119 3065 3173 Et
3111 3119 3230 3189 quid
3283 3121 3356 3174 ait
3403 3122 3540 3176 idem

1983 3211 2302 3282 Apostolus?
2341 3204 2457 3280 Ego
2505 3209 2748 3280 plautavi,
2793 3209 2977 3280 Apollo
3017 3211 3228 3282 rigavit;
3276 3212 3365 3265 sed
3405 3210 3541 3265 Deus

1980 3303 2336 3356 incrementum
2361 3303 2515 3355 dedit.
2550 3300 2686 3373 Ergo
2715 3319 2871 3372 neque
2891 3301 2980 3372 qui
3010 3302 3200 3371 plantat
3223 3313 3294 3358 est
3327 3304 3535 3373 aliquid,

1983 3410 2137 3460 neque
2167 3395 2252 3464 qui
2275 3394 2444 3463 rigat;
2465 3393 2552 3447 sed
2582 3395 2668 3462 qui
2699 3393 3050 3446 incrementum
3071 3394 3156 3446 dat
3176 3392 3314 3447 Deus
3341 3394 3390 3470 _(I
3423 3394 3540 3448 Cor.

1981 3501 2060 3548 Ill.
2083 3485 2224 3557 6-9).
2255 3484 2345 3538 Ille
2369 3499 2495 3554 ergo
2537 3485 2916 3538 incrementum
2957 3483 3065 3538 dat.
3101 3483 3358 3554 Numquid
3403 3485 3535 3537 forte

1982 3576 2068 3629 isti
2095 3587 2216 3629 sunt
2243 3575 2487 3645 agricola:
2508 3575 2532 3624 ?
2552 3574 2793 3643 Agricola
2821 3574 2960 3628 enim
2987 3573 3177 3626 dicitur
3199 3575 3283 3642 qui
3317 3574 3532 3641 plantat,

1979 3668 2065 3736 qui
2094 3666 2227 3735 rigat
2254 3682 2267 3718 :
2299 3665 2431 3719 dixit
2448 3662 2624 3718 autem
2641 3664 2942 3734 Apostolus,
2962 3661 3072 3732 Ego
3094 3663 3314 3731 plantavi
3332 3663 3534 3730 Apollo,

1980 3759 2173 3828 rigavit.
2199 3757 2494 3825 Qumrimus
2522 3756 2659 3810 unde
2697 3756 2806 3825 ipse
2841 3755 2942 3809 hoc
2975 3755 3200 3810 fecerit?
3240 3755 3538 3824 Respondet

1979 3849 2300 3917 Apostolus:
2335 3845 2455 3900 Non
2501 3862 2591 3918 ego
2636 3856 2842 3909 autent;
2889 3845 2975 3899 sed
3013 3845 3175 3916 gratia
3210 3844 3302 3897 Dei
3348 3861 3538 3899 mecum

1979 3939 2163 4008 (Ibid.,
2183 3954 2276 4004 xv,
2304 3937 2412 4006 10).
2433 3937 2574 4008 Ergo
2596 3951 2926 4006 quocumque
2957 3943 3007 3990 te
3025 3935 3279 4001 verteris;
3311 3935 3420 3990 sive
3445 3951 3538 4005 per
3613 3951 3616 3954 ‘

1978 4033 2224 4102 Angelos,
2268 4032 2431 4086 Deum
2475 4029 2709 4084 invenies
2743 4028 3020 4098 agricolam
3064 4035 3241 4090 tuum;
3281 4027 3392 4082 sive
3445 4043 3536 4098 per

1977 4125 2287 4195 l’r0phetas,
2319 4125 2432 4194 ipse
2469 4130 2552 4177 est
2574 4121 2801 4191 agricola
2833 4130 2983 4184 tuus;
3026 4120 3136 4174 sive
3181 4134 3275 4188 per
3307 4121 3535 4189 Aposto-

1976 4220 2076 4282 los,
2105 4217 2349 4275 eumdem
2389 4217 2557 4287 ipsum
2599 4229 2823 4285 agnosce
2862 4214 3140 4284 agricolam
3191 4223 3355 4268 tuum.
3399 4215 3534 4280 Quid

1974 4326 2100 4380 ergo
2126 4309 2263 4364 nos?
2286 4309 2530 4362 Fortasse
2559 4304 2784 4375 cperarii
2815 4319 2996 4359 sumus
3023 4304 3266 4374 agricola:
3293 4304 3448 4366 illius,
3480 4313 3533 4358 et

1973 4402 2073 4458 hoc
2100 4403 2267 4471 ipsum
2288 4401 2353 4455 ab
2380 4401 2492 4469 ipso
2513 4397 2791 4466 impartitis
2819 4396 3032 4461 viribus,
3053 4396 3182 4450 etab
3203 4396 3317 4465 ipso
3341 4394 3530 4448 donata

1971 4495 2156 4565 gratia.
2188 4494 2301 4562 Ipse
2325 4507 2450 4561 ergo
2488 4501 2540 4545 et
2571 4491 2714 4554 colit,
2743 4499 2798 4544 et
2827 4489 3204 4542 incrementum
3235 4487 3344 4542 dat.
3379 4488 3530 4556 Agri-

1969 4586 2084 4640 cola
2109 4595 2283 4639 autem
2309 4583 2466 4638 homo
2494 4583 2699 4636 vineam
2727 4580 2850 4634 colit
2875 4579 3144 4645 hactenus,
3185 4589 3242 4633 ut
3265 4588 3378 4634 aret
3397 4620 3410 4642 ,
3439 4596 3529 4648 pu-

1970 4685 2061 4740 tet,
2091 4675 2336 4730 adhibeat
2368 4685 2558 4728 caetera
2595 4687 2714 4742 qua:
2759 4670 3025 4740 pertinent
3071 4669 3135 4721 ad
3183 4670 3526 4738 agricolarum

1968 4769 2286 4838 diligentiam
2317 4784 2329 4820 :
2358 4767 2538 4837 pluere
2563 4765 2731 4818 vinea:
2769 4777 2878 4816 sure
2919 4777 3021 4816 non
3066 4769 3254 4828 potest.
3295 4760 3442 4826 Quod
3483 4761 3526 4814 si

1969 4858 2103 4913 forte
2141 4858 2356 4927 irrigare
2383 4864 2574 4926 potest,
2621 4856 2687 4907 de
2723 4852 2871 4920 cujus
2907 4849 3118 4920 potest?
3159 4848 3273 4918 ipse
3314 4849 3525 4918 quidem

1966 4949 2110 5003 ducit
2137 4949 2186 5002 in
2219 4949 2386 5001 rivum
2415 4947 2455 5010 ⁸,
2484 4945 2578 4999 sed
2607 4945 2743 4996 Deus
2783 4941 2965 5009 implet
3000 4939 3215 4993 fontem.
3253 4939 3526 4994 Postremo

1967 5041 2018 5094 in
2047 5041 2198 5095 vinea
2222 5054 2315 5093 sua
2347 5039 2726 5092 incrementum
2754 5032 2881 5091 dare
2906 5031 3186 5086 sarmentis
3202 5047 3304 5086 non
3333 5042 3519 5102 potest.

1965 5133 2192 5187 formare
2241 5132 2439 5185 fructus
2480 5143 2585 5182 non
2617 5133 2805 5196 potest,
2847 5122 3148 5178 modiﬁcare
3183 5123 3379 5178 semina
3420 5137 3519 5177 non

1964 5231 2156 5295 potest.
2189 5233 2423 5292 tempora
2445 5217 2689 5291 gignendi
2717 5225 3009 5286 temperare
3039 5229 3142 5268 non
3166 5222 3354 5284 potest.
3385 5213 3514 5266 Deus

1963 5325 2138 5370 autem
2167 5313 2255 5384 qui
2287 5312 2461 5366 omnia
2488 5318 2676 5380 potest,
2708 5306 2934 5376 agricola
2977 5317 3156 5360 noster
3194 5315 3309 5368 est;
3349 5303 3516 5357 securi

1963 5406 2170 5462 sumus.’
2203 5407 2360 5460 Forte
2389 5405 2460 5457 ait
2479 5402 2696 5471 aliquis,
2722 5401 2799 5455 Tu
2827 5399 2958 5455 dicis
2978 5399 3255 5468 agricolam
3284 5405 3517 5450 nostrum

1961 5513 2078 5552 esse
2113 5498 2275 5552 Deum
2316 5497 2461 5549 :imo
2501 5508 2598 5562 ego
2640 5491 2919 5560 Apostolos
2951 5488 3206 5559 agricolas
3249 5485 3388 5550 dico,
3433 5486 3521 5553 qui

1961 5590 2226 5652 dixerunt,
2260 5584 2368 5656 Ego
2407 5584 2645 5652 plantavi,
2687 5581 2868 5652 Apollo
2904 5579 3100 5650 rigavit.
3145 5573 3196 5628 Si
3231 5590 3326 5642 ego
3368 5574 3519 5635 dico,

1963 5695 2119 5738 nemo
2141 5678 2321 5751 credat
2349 5695 2363 5731 :
2392 5677 2436 5733 si
2465 5676 2704 5731 Christus
2736 5674 2896 5738 dicit,
2937 5687 3014 5724 va:
3061 5667 3148 5736 qui
3192 5681 3294 5718 non
3332 5665 3518 5729 credit,

2027 5798 2041 5828 ¹
2069 5795 2142 5844 sic
2163 5799 2234 5841 Er.
2263 5799 2316 5843 et
2336 5790 2501 5853 plures
2524 5794 2627 5837 Mss.
2652 5766 2855 5844 Atto“,
2874 5781 3002 5833 ducit
3026 5777 3277 5840 irriguum.
