4022 6200
480 134 493 169 ς

459 341 563 400 8οἲ

462 460 601 527 Quid
628 472 754 530 ergo
779 456 1031 512 Dominus
1059 453 1301 511 Christus
1327 452 1432 510 ait?
1458 452 1572 524 Ego
1610 468 1721 507 sum
1751 452 1894 525 vitis,
1938 465 2024 503 vos

459 522 727 617 scrutanti,
757 548 914 603 Pater
935 563 1072 603 meus
1091 546 1316 618 agricola
1348 522 1525 618 (locu;
1562 560 1655 608 xv,
1683 543 1717 599 5
1734 583 1749 607 ,
1777 522 1857 604 l).
1875 540 2028 596 Sitiat

412 694 413 699 η
459 659 588 716 ergo
614 653 771 705 terra,
802 651 855 697 et
884 640 999 696 edat
1034 654 1188 693 voces
1205 639 1320 693 sitis
1347 635 1752 706 suae;quoniam
1772 632 2027 700 scriptum

465 743 549 791 est
577 753 593 790 :
626 736 805 787 Anima
825 749 934 786 mea
956 732 1081 786 sicut
1101 740 1229 785 terra
1256 730 1361 785 sine
1380 746 1509 797 aqua
1538 728 1624 781 ubi
1667 724 1834 796 (Psal.
1865 738 2026 787 CXLII,

461 830 542 896 6).
572 828 721 881 Dicat
743 842 868 893 ergo
893 836 1031 879 terra
1052 834 1253 886 nostra,
1286 836 1383 876 nos
1409 821 1529 890 ipsi,
1560 818 1789 888 pluviam
1816 815 1906 871 Dei
1933 814 2028 868 de-

460 920 702 972 siderans
734 935 745 968 :
776 916 911 970 Deus
927 916 1221 969 misereatur
1240 913 1416 976 nostri,
1439 922 1484 965 et
1509 908 1767 964 benedicta
1790 922 1903 960 nos.

534 1010 585 1064 Ξ.
630 1008 890 1062 Ιιιωηὶηρι
908 1009 1099 1063 uultum
1115 1024 1259 1061 suum
1280 1021 1428 1075 super
1443 1020 1556 1059 nos.
1576 1001 1903 1069 Qita-sittu'us
1913 1012 2032 1052 eras

464 1106 686 1157 inlaese
706 1101 829 1171 quid
852 1110 951 1161 est,
981 1100 1232 1155 benedicat
1255 1115 1362 1152 nos.
1384 1096 1558 1151 Multis
1578 1093 1750 1151 modis
1770 1108 1829 1151 se
1849 1091 2033 1167 volunt

469 1194 710 1249 homines
741 1191 979 1247 nautici
1003 1207 1030 1245 a
1060 1192 1166 1245 Deo
1199 1190 1375 1243 :alius
1408 1185 1647 1241 benedici
1689 1198 1749 1238 se
1787 1183 1930 1245 vult,
1976 1190 2035 1235 ut

468 1288 654 1340 habent
694 1286 900 1356 plenam
931 1284 1143 1338 domum
1190 1280 1500 1335 necessariis
1538 1278 1696 1331 rebus
1733 1275 1853 1330 huic
1882 1274 2030 1337 vitae;

462 1380 601 1435 alius
626 1377 866 1436 benedici
897 1393 959 1430 se
984 1374 1148 1445 cupit,
1170 1382 1229 1429 ut
1255 1373 1496 1427 obtineat
1529 1370 1752 1425 salutem
1791 1365 2031 1437 corporis

464 1473 582 1525 sine
604 1472 757 1531 labe;
782 1469 915 1525 alius
947 1468 1180 1522 benedici
1207 1481 1265 1520 se
1290 1464 1418 1528 vult,
1445 1464 1487 1518 si
1524 1461 1662 1518 forte
1683 1467 1903 1530 tegrotat
1926 1499 1942 1523 ,
1971 1464 2029 1511 ut

466 1572 677 1630 reparet
706 1550 1014 1619 menstrva;
1058 1558 1189 1611 alius
1222 1554 1528 1610 desiderans
1570 1551 1740 1612 illius,
1788 1557 1845 1605 et
1901 1547 2037 1602 forte

464 1651 807 1705 conuiuatus
834 1647 972 1717 quod
993 1665 1101 1701 non
1137 1654 1451 1704 nascantur.
1484 1641 1719 1698 benedici
1747 1656 1804 1695 se
1834 1639 1946 1694 vult
1973 1646 2035 1694 ut

468 1741 662 1794 habeat
684 1741 1071 1810 posteritatem.
1094 1737 1164 1793 Et
1185 1736 1302 1804 quis
1339 1743 1613 1789 euumeret
1650 1731 1862 1786 diversa
1908 1736 2029 1785 vota

466 1835 742 1887 inanimum
796 1846 856 1886 se
904 1847 934 1884 τι
985 1820 1205 1884 Domino
1254 1828 1363 1882 Deo
1402 1822 1641 1879 benedici
1681 1819 2038 1891 cupientium?

472 1924 602 1992 Quis
616 1933 801 1981 autem
836 1932 1078 1989 noster
1102 1919 1337 1973 dicturus
1363 1924 1444 1971 cst
1473 1930 1575 1968 non
1609 1927 1733 1967 esse
1762 1910 1903 1965 illam
1948 1907 2041 1965 Dei

468 2013 912 2075 ltettedictimteut,
939 2012 982 2065 si
1012 2010 1092 2065 vel
1120 2007 1434 2078 agricultura
1456 2003 1746 2059 eifructum
1768 2000 1924 2063 ferat,
1950 1999 2033 2054 vel

476 2105 668 2159 domus
694 2105 950 2173 cujusque
988 2099 1219 2155 abundet
1249 2098 1399 2167 ecpia
1427 2110 1604 2151 rerum
1651 2090 2039 2161 temporalium,

480 2196 560 2250 vel
590 2196 701 2265 ipsa
723 2194 958 2263 corporis
968 2192 1141 2255 salus,
1170 2199 1263 2243 aut
1286 2196 1523 2243 teneatur
1547 2200 1614 2241 ne
1632 2184 1931 2247 amittatur,
1955 2189 2047 2235 aut

481 2289 675 2343 amissa
700 2285 1017 2356 reparetnr?
1050 2280 1374 2359 Fecunditas
1413 2279 1569 2335 etiam
1609 2276 1955 2336 feminarum.
1992 2279 2047 2328 et

472 2391 621 2437 casm
659 2388 779 2433 veta
824 2377 966 2432 ﬁlios
1002 2373 1433 2436 desiderantium,
1475 2369 1543 2425 ad
1585 2383 1742 2441 quem
1782 2366 2049 2437 pertinent

488 2471 672 2526 nisiut!
699 2469 978 2525 Dominum
999 2468 1164 2522 Deum
1178 2466 1206 2519 .?
1225 2464 1324 2532 Qui
1342 2464 1483 2520 enim
1508 2456 2050 2538 creavitquandouen

476 2571 614 2629 erait,
641 2561 755 2632 ipse
772 2557 935 2631 prolis
956 2572 1204 2615 successu
1231 2555 1353 2611 facit
1388 2565 1705 2625 permanere
1736 2548 1878 2620 quod
1914 2562 2051 2603 cou-
2086 2620 2089 2625 ὗ

488 2656 639 2709 didit.
680 2653 827 2708 Facit
866 2653 983 2706 tunc
1010 2650 1170 2715 Deus,
1192 2648 1358 2703 donat
1386 2650 1498 2701 haec
1541 2645 1700 2699 Deus.
1739 2640 1933 2697 Parnm
1971 2646 2054 2694 est

487 2747 639 2802 nobis
659 2746 853 2811 dicere,
888 2744 1032 2800 Facit
1058 2743 1174 2798 lta-c
1214 2743 1369 2807 Deus,
1400 2739 1564 2795 donat
1597 2737 1709 2791 hanc
1740 2735 1919 2797 Deus;
1956 2731 2054 2789 sed

482 2841 636 2895 solus
661 2839 801 2905 facit,
821 2838 973 2893 solus
997 2836 1178 2891 donat.
1208 2832 1343 2903 Quid
1368 2832 1416 2888 si
1438 2831 1584 2887 enim
1606 2828 1730 2887 facit
1755 2826 1871 2882 huc
1889 2825 2053 2890 Deus,

478 2934 581 2989 sed
601 2931 868 2993 :facitltate
887 2942 942 2985 et
968 2929 1279 3000 aiiquisnon
1309 2925 1484 2982 Deus?
1513 2922 1661 2979 Facit
1676 2921 1813 2984 ita-c,
1841 2927 1896 2974 et
1912 2916 2058 2972 solus

486 3023 632 3079 facit.
676 3023 739 3077 Et
785 3022 901 3077 sine
940 3033 1096 3074 causa
1122 3019 1227 3073 ista
1253 3023 1502 3087 petuntur
1524 3013 1605 3069 vel
1638 3012 1707 3066 ab
1731 3008 2055 3073 hominibus,

479 3116 571 3170 'vel
599 3130 629 3168 a
649 3112 977 3171 danntonitms
1007 3126 1024 3165 :
1049 3119 1104 3165 et
1130 3122 1362 3179 quaeque
1398 3106 1535 3161 bona
1556 3103 1825 3173 accipiunt
1854 3097 2059 3155 inimici

496 3203 609 3269 Dei,
637 3202 703 3257 ab
749 3201 840 3256 illo
865 3200 1162 3269 accipiunt;
1197 3207 1397 3253 etcum
1442 3195 1508 3249 ab
1544 3193 1659 3247 aliis
1700 3198 1900 3260 petunt,
1938 3203 2059 3243 cum

497 3293 779 3362 accipiunt,
805 3291 1103 3346 nescientes
1133 3289 1200 3367 ab
1228 3287 1318 3341 illo
1332 3286 1617 3356 accipiunt.
1640 3280 1921 3350 Quomodo
1936 3294 2062 3334 cum

497 3386 880 3455 pmtiuntur,et
902 3389 1087 3453 putant
1120 3395 1182 3435 se
1194 3378 1268 3434 ab
1303 3377 1421 3432 aliis
1449 3374 1641 3449 puniri,
1669 3371 1972 3431 nescientes
1997 3370 2064 3447 ab

496 3479 590 3534 illo
616 3442 950 3549 puniuntur':
976 3473 1061 3529 sic
1103 3480 1167 3528 et
1210 3486 1334 3527 cum
1380 3442 1713 3541 vegetamur,
1760 3442 2062 3534 implentur,

488 3571 782 3635 salvantur,
808 3566 1138 3630 liberantur;
1165 3562 1264 3618 etsi
1288 3561 1397 3617 hoc
1427 3559 1766 3625 nescientes,
1789 3556 1873 3613 vel
1893 3555 2065 3610 homi-

498 3661 674 3726 nibus,
718 3659 803 3713 vel
842 3654 1174 3714 dtemonibus
1199 3696 1215 3721 ,
1257 3652 1344 3708 vel
1386 3648 1906 3722 Angelistribuunt,
1961 3661 2066 3701 non

500 3753 697 3809 habent
720 3750 821 3807 nisi
844 3749 1045 3813 abillo,
1069 3761 1234 3819 penes
1254 3758 1415 3816 quem
1444 3749 1682 3815 potestas
1705 3748 1787 3795 est
1802 3739 2066 3795 omnium.

501 3844 581 3900 Ad
603 3840 1017 3901 bocdiserimus
1044 3838 1178 3901 lmc,
1207 3834 1418 3899 fratres,
1442 3842 1503 3888 ut
1526 3829 1764 3903 quisquis
1784 3830 1949 3886 etiam
1971 3828 2070 3883 ista

496 3948 714 3992 terrena
753 3935 913 4001 forte,
939 3932 1022 3988 vel
1050 3937 1275 4002 propter
1302 3926 1675 3998 supplementa
1712 3921 2068 3987 nweSSitatis,

498 4028 587 4083 vel
619 4034 834 4097 propter
870 4026 1100 4096 aliquam
1141 4021 1496 4079 inﬁrmitatem
1527 4017 1824 4083 desiderat,
1860 4013 2073 4071 nonnisi

505 4118 574 4173 ab
602 4118 692 4173 ille
724 4115 1008 4183 desideret,
1038 4116 1131 4184 qui
1164 4122 1247 4169 est
1288 4113 1407 4168 fons
1431 4111 1669 4167 omnium
1708 4109 1990 4175 bonorum,
2021 4115 2077 4162 et

502 4221 717 4268 creator
741 4216 799 4265 et
814 4216 1084 4264 recreatur
1098 4206 1492 4262 universorum.

581 4304 633 4358 5.
673 4299 777 4356 Sed
802 4298 907 4353 alia
929 4305 1051 4353 sunt
1094 4296 1230 4351 dona
1275 4310 1390 4364 quae
1427 4293 1522 4348 dat
1568 4292 1705 4348 Deus
1751 4299 1804 4345 et
1852 4288 2079 4345 inimicis

509 4394 642 4458 suis,
664 4390 766 4445 alia
801 4402 920 4459 qua:
946 4401 1053 4442 non
1086 4393 1266 4440 servas
1284 4383 1391 4438 nisi
1417 4383 1604 4439 amicis
1626 4381 1759 4437 suis.
1800 4379 1930 4447 Quae
1954 4386 2082 4434 sunt

504 4486 649 4541 dona
670 4480 898 4556 quaedat
921 4478 1146 4535 inimicis
1164 4477 1318 4531 suis?
1353 4476 1431 4530 Ea
1475 4491 1592 4546 quat
1636 4472 1931 4529 numeravi.
1965 4471 2079 4527 Non

514 4578 656 4633 enim
680 4575 781 4631 soli
800 4573 920 4630 boni
942 4572 1130 4643 (plenas
1148 4568 1342 4625 habent
1353 4567 1539 4622 domos
1550 4566 1712 4622 oebus
1733 4562 2080 4629 necessariis;

512 4677 608 4723 aut
627 4669 725 4724 soli
754 4665 897 4732 boni,
929 4664 1016 4720 vel
1036 4662 1167 4719 salvi
1196 4662 1214 4694 ⁸
1242 4668 1384 4725 sunt,
1412 4659 1494 4713 vel
1526 4659 1595 4714 ab
1620 4657 1927 4729 aegritudine
1952 4671 2081 4711 cnn-

516 4757 824 4820 valescunt;
853 4763 943 4810 aut
966 4753 1069 4809 soli
1089 4749 1380 4807 Iboniﬁlios
1398 4747 1610 4812 habent,
1641 4746 1739 4801 soli
1768 4744 1895 4801 boni
1925 4754 2087 4813 pecu-

521 4848 662 4901 niam
688 4888 704 4912 ,
746 4846 848 4900 soli
892 4844 1018 4900 boni
1063 4855 1254 4901 caetera
1299 4849 1417 4910 apta
1468 4838 1592 4892 huic
1644 4836 1765 4891 vitae
1813 4835 2085 4906 temporali

519 4946 683 5008 atque
709 4935 1021 4991 transeunti.
1054 4934 1275 4991 ﬂuitent
1301 4931 1415 4986 haec
1443 4938 1495 4985 et
1518 4928 1666 4994 mali,
1717 4935 1771 4982 et
1810 4924 2092 4996 aliquando

515 5029 719 5085 desum
734 5025 895 5081 tbouis
923 5042 937 5079 :
960 5024 1058 5080 sed
1083 5024 1278 5082 desunt
1298 5033 1358 5078 et
1383 5021 1560 5086 malis,
1588 5029 1642 5075 et
1657 5015 2093 5089 plerumqueistis

516 5119 697 5190 magis
749 5133 906 5188 quam
943 5117 1080 5180 illis;
1119 5115 1401 5185 aliquando
1433 5114 1533 5168 illis
1573 5126 1729 5181 quam
1765 5109 1883 5164 istis
1922 5107 2096 5177 potius

519 5209 819 5269 abundant.
842 5207 1105 5263 Permixta
1132 5206 1233 5260 ista
1265 5205 1575 5276 temporalia
1598 5204 1741 5265 Dens
1761 5216 1878 5257 esse
1890 5199 2094 5264 voluit;

519 5304 651 5376 quia
678 5300 725 5356 si
748 5297 910 5354 bonis
932 5296 1065 5351 solis
1088 5311 1156 5351 ea
1179 5295 1349 5359 daret,
1382 5303 1625 5365 putarem
1648 5304 1701 5349 et
1740 5292 1861 5348 tua-li
1882 5300 2098 5361 propter

530 5399 647 5453 tunc
667 5390 950 5450 colendum
980 5389 1182 5448 Deum;
1213 5401 1398 5441 rursus
1425 5387 1470 5442 si
1495 5402 1561 5443 ea
1586 5386 1715 5441 solis
1752 5384 1901 5439 nudis
1925 5383 2096 5447 daoet,

534 5488 785 5544 timerent
814 5480 944 5538 boni
990 5476 1182 5534 inﬁrmi
1220 5476 1462 5531 cutverti
1484 5517 1499 5540 ,
1546 5492 1614 5530 ne
1667 5476 1764 5531 ista
1800 5475 1912 5529 illis
1958 5474 2101 5529 fonte

524 5579 803 5636 deessent.
831 5574 927 5630 Est
946 5571 1096 5629 enim
1121 5567 1294 5623 adhuc
1314 5567 1488 5621 eniam
1510 5566 1715 5620 inﬁrma
1739 5566 1914 5622 minus
1937 5579 2102 5633 capax

524 5672 683 5742 segni
713 5668 841 5735 Dei;
869 5664 1073 5723 nutrire
1098 5660 1240 5717 illam
1270 5656 1428 5713 debet
1460 5657 1600 5712 Deus
1633 5656 1863 5727 agricvda
1897 5664 2102 5713 uoster.

505 5878 513 5885 _
604 5770 1529 5847 teddqsalolﬂlctistmtntbesgfaai,
1552 5783 1578 5819 τι
1602 5776 1708 5821 uss.

1678 338 1740 396 s.
1778 331 2142 411 sucnsrta't
2180 326 2481 388 EPlSCOl‘l

3594 292 3692 348 806

2138 444 2270 499 Nam
2300 451 2354 497 et
2368 454 2490 511 quae
2510 435 2667 492 arbor
2703 431 2812 503 jam
2863 427 3199 493 tempestates
3237 412 3427 470 robore
3452 407 3699 471 sustinet,

2136 551 2256 591 cum
2287 533 2353 587 de
2375 542 2512 587 terra
2539 532 2864 583 nasceretur,
2892 516 3051 571 lterba
3089 518 3222 566 crat.
3259 505 3417 585 Novit
3452 514 3579 571 ergo
3613 499 3701 551 ille

2136 627 2362 700 agricola
2412 640 2515 678 non
2550 620 2721 675 solum
2773 613 3013 667 robustas
3048 604 3266 659 arbores
3313 606 3500 671 putare
3544 603 3705 660 atque

2140 730 2398 789 purgare;
2438 712 2532 768 sed
2565 710 2721 764 etiant
2767 714 2974 759 teneras
3003 699 3055 751 in
3100 690 3301 749 recenti
3344 696 3464 741 ortu
3505 683 3701 752 sepire.

2140 813 2450 881 Propterea,
2477 797 2824 864 dilectissimi,
2849 804 2905 849 ut
2932 793 3109 846 dicere
3141 796 3440 853 cmperatn,
3490 823 3530 836 ,,
3575 772 3708 828 solis

2140 905 2293 959 bonis
2317 902 2569 956 darentur
2596 896 2713 953 ista,
2744 902 2929 945 omnes
2978 890 3191 954 propter
3241 875 3356 929 lucc
3399 864 3711 937 accipienda

2137 997 2335 1051 vellent
2352 988 2587 1048 converti
2602 987 2666 1041 ad
2688 986 2855 1039 Deum
2883 998 2897 1032 :
2926 990 3108 1033 rursus
3132 972 3175 1026 si
3196 968 3323 1024 solis
3343 963 3493 1019 malis
3508 960 3711 1016 daren-

2141 1096 2226 1141 tur
2254 1124 2270 1149 ,
2334 1083 2586 1137 timerent
2631 1074 2824 1130 inl‘trtni
2859 1111 2873 1133 ,
2928 1082 2995 1121 ne
3052 1077 3172 1117 cum
3231 1058 3711 1112 converterentur.

2141 1178 2442 1242 amitterent
2469 1167 2611 1242 quod
2656 1164 2753 1221 soli
2798 1159 2919 1216 mali
2960 1156 3235 1211 haberent.
3277 1146 3544 1203 Perntixte
3585 1138 3714 1192 data

2138 1276 2265 1322 sunt
2288 1274 2343 1320 et
2358 1233 2510 1318 bonis
2535 1267 2587 1315 et
2610 1254 2786 1311 malis.
2809 1251 3012 1307 Rursus
3038 1244 3082 1298 si
3107 1241 3234 1297 solis
3258 1237 3410 1293 bonis
3436 1233 3717 1286 auferren-

2143 1365 2250 1424 tttr,
2274 1354 2414 1409 idem
2443 1351 2533 1405 ille
2575 1347 2733 1403 timor
2768 1348 2908 1398 esset
2944 1335 3271 1391 inﬁrmorum
3292 1369 3308 1391 ,
3337 1342 3403 1379 nc
3431 1328 3717 1378 convento-

2144 1457 2327 1504 rentur
2351 1443 2417 1499 ad
2448 1442 2655 1497 Deum:
2683 1445 2865 1490 rursus
2903 1429 2946 1484 si
2988 1425 3118 1482 solis
3150 1420 3301 1475 malis
3338 1414 3713 1471 auferrentur,

2144 1499 2396 1609 ipsasola
2431 1544 2585 1603 paena
2609 1532 2885 1598 putaretur
2917 1533 3017 1590 qua
3042 1513 3169 1571 mali
3199 1512 3520 1599 plectuntur.
3559 1499 3718 1567 Quod

2145 1591 2272 1697 ergo
2295 1627 2386 1682 dat
2499 1591 2688 1683 bonis,
2712 1612 3015 1671 consolatur
3052 1594 3366 1660 itinerantes
3394 1613 3408 1650 :
3439 1593 3578 1666 quod
3623 1591 3720 1645 dat

2147 1690 2302 1774 ea'et
2330 1714 2503 1777 malis,
2538 1710 2790 1765 admonet
2814 1705 2982 1759 bonos
3008 1708 3063 1752 ut
3100 1695 3197 1775 alia
3237 1690 3563 1746 desiderent.
3594 1697 3719 1751 quae

2148 1824 2255 1864 non
2283 1805 2478 1860 habent
2492 1817 2610 1857 cum
2631 1797 2783 1853 malis
2802 1789 3118 1849 communia.
3148 1785 3352 1839 Rursus
3374 1778 3527 1833 bouis
3542 1774 3723 1829 aufert

2149 1900 2212 1954 ea
2237 1894 2448 1968 quando
2472 1891 2606 1958 vult,
2637 1897 2696 1944 ut
2723 1887 3047 1952 interrogent
3082 1892 3141 1932 se
3161 1875 3228 1930 de
3252 1873 3362 1928 suis
3394 1868 3627 1931 viribtts;
3663 1873 3725 1918 ct

2150 1956 2426 2044 inveniant
2449 1999 2528 2050 se,
2551 1956 2640 2052 qui
2661 1978 2798 2035 forte
2825 1972 3057 2029 latebant
3080 1983 3160 2032 se,
3189 1973 3360 2019 utrum
3380 1960 3488 2030 jam
3512 1956 3727 2027 possint

2151 2079 2330 2134 dicere
2360 2093 2373 2130 :
2396 2044 2642 2129 Dominus
2669 2068 2826 2133 dedit,
2852 2061 3097 2116 Dominus
3124 2055 3365 2114 abstulit;
3385 2050 3511 2102 sicut
3544 2044 3722 2099 Domi-

2153 2186 2218 2224 no
2240 2166 2448 2239 placuit,
2484 2164 2555 2218 ita
2580 2166 2770 2233 factum
2812 2165 2884 2212 est
2913 2171 2929 2209 :
2958 2154 3023 2208 sit
3053 2164 3246 2204 momen
3280 2141 3486 2198 Domini
3515 2137 3728 2193 benedi-

2152 2228 2286 2316 clunt
2329 2228 2448 2333 (tot
2485 2273 2523 2322 ι,
2573 2228 2685 2325 st).
2711 2246 2996 2312 Benedixit
3026 2242 3166 2299 enim
3195 2247 3253 2294 .ct
3276 2236 3367 2292 illa
3397 2233 3575 2288 anima
3610 2228 3727 2285 Do-

2155 2323 2380 2419 minum,
2417 2359 2471 2407 et
2494 2323 2719 2405 reddidit
2742 2342 2941 2398 fructus
2975 2336 3239 2405 compluta
3269 2328 3449 2399 sagitta
3500 2323 3731 2379 benedi-

2138 2416 2374 2505 'ctionis.‘
2408 2443 2653 2498 Dominus
2689 2436 2845 2499 dedit,
2901 2431 3147 2487 Dominus
3186 2422 3385 2479 abstulit
3414 2435 3434 2474 :
3459 2416 3731 2474 subtraxit

2158 2539 2312 2603 data;
2342 2535 2437 2592 sed
2474 2548 2577 2589 non
2613 2526 2874 2586 subtraxit
2907 2523 3171 2579 datorem.
3216 2515 3403 2570 Anima
3446 2507 3730 2565 benedicta

2157 2629 2331 2686 omnis
2354 2625 2595 2695 simplex,
2624 2636 2728 2677 non
2753 2620 2961 2673 tta-rens
2982 2614 3140 2671 rebus
3169 2605 3417 2668 terrenis,
3444 2616 3543 2657 nec
3573 2600 3727 2654 visco

2161 2722 2438 2794 intplicatis
2461 2715 2647 2790 pennis
2662 2714 2865 2784 iacens.
2897 2707 2991 2765 sed
3020 2712 3230 2760 exserto
3261 2699 3433 2754 nitore
3449 2695 3729 2756 virtutum,

2163 2814 2215 2869 in
2246 2812 2473 2884 geminis
2496 2808 2597 2862 alis
2624 2806 2851 2876 geminas
2889 2792 3190 2852 dilectionis
3213 2786 3441 2844 exsultat
3472 2784 3523 2836 itt
3570 2797 3735 2837 auras

2166 2871 2388 2968 liberas;
2410 2908 2465 2956 et
2487 2871 2758 2954 vidct'sibi
2788 2889 3115 2946 subtractum
3143 2894 3261 2936 esse
3302 2875 3442 2948 quod
3470 2871 3735 2937 calcabat,

2167 3009 2275 3050 non
2298 2991 2386 3048 ubi
2416 2984 2781 3046 incumbebat;
2810 2989 2866 3034 et
2892 2976 3021 3032 dicit
3044 2985 3229 3027 secura
3255 2987 3267 3022 :
3296 2964 3538 3020 Dominus
3557 2961 3737 3025 dedit,

2166 3084 2415 3139 Dominus
2439 3078 2680 3140 abstulit;
2702 3073 2828 3128 sicut
2857 3066 3072 3123 Domino
3102 3059 3311 3133 placuit,
3334 3059 3403 3110 ita
3419 3056 3608 3125 factum
3626 3062 3699 3105 est
3719 3066 3744 3106 :

2166 3181 2232 3235 sit
2250 3192 2429 3233 nomen
2459 3168 2661 3226 Domini
2696 3162 3027 3220 benedictum.
3051 3154 3223 3233 Dedit,
3250 3161 3305 3207 ct
3327 3146 3582 3210 abstulit;
3625 3159 3745 3197 ma-

2168 3280 2261 3327 net
2284 3268 2371 3340 qui
2399 3265 2560 3330 dedit,
2593 3270 2647 3317 ct
2675 3256 2890 3314 abstulit
2922 3249 3065 3324 quod
3105 3246 3251 3303 dedit
3278 3262 3290 3298 :
3314 3243 3383 3297 sit
3404 3243 3519 3311 ejus
3543 3253 3743 3292 nomen

2170 3328 2526 3417 benedictum.
2547 3328 2635 3410 ἠΑά
2664 3352 2767 3405 hoc
2786 3361 2911 3418 ergo
2945 3344 3043 3399 ista
3072 3339 3382 3395 auferuntur
3422 3332 3595 3387 bonis.
3634 3328 3746 3384 Sed

2170 3466 2240 3508 ne
2272 3449 2391 3521 quis
2410 3445 2547 3501 forte
2569 3441 2808 3498 inﬁrmus
2827 3437 3064 3492 diceret:
3093 3427 3313 3499 Quando
3337 3440 3438 3496 ego
3468 3437 3588 3478 esse
3614 3435 3747 3490 pos-

2166 3513 2465 3598 rsum'tantte
2495 3533 2726 3599 virtutis,
2752 3536 2961 3601 quanta:
2986 3530 3198 3579 sanctus
3224 3517 3356 3574 Job?
3382 3515 3562 3570 Robur
3578 3513 3751 3567 mira-

2174 3633 2248 3689 ris
2267 3629 2494 3695 arboris,
2518 3626 2639 3699 quia
2667 3621 2824 3678 modo
2859 3628 2980 3673 nata
3026 3631 3085 3671 es
3106 3615 3121 3646 ¹
3151 3628 3165 3666 :
3194 3612 3309 3665 hinc
3346 3622 3533 3677 magna
3583 3609 3751 3675 quam

2172 3722 2405 3787 miraris,
2429 3695 2698 3786 sub—cujus
2724 3710 2885 3766 ramis
2904 3717 2959 3764 et
2977 3704 3161 3761 umbra
3185 3697 3516 3770 refrigeratis
3531 3697 3577 3761 ’,
3598 3695 3753 3763 virga

2179 3817 2296 3872 fuit.
2332 3786 2439 3869 Sed
2476 3811 2630 3866 times
2659 3820 2727 3861 ne
2778 3802 2873 3859 tibi
2917 3799 3221 3855 auferantur
3270 3792 3408 3853 bare,
3458 3802 3581 3844 eum
3627 3786 3754 3839 talis

2174 3906 2383 3965 fueris?
2401 3902 2629 3963 Attende
2652 3897 2776 3969 quia
2802 3894 3111 3949 auferuntur
3125 3895 3178 3943 et
3198 3885 3367 3940 malis.
3392 3880 3527 3950 Quid
3553 3890 3603 3932 te
3623 3892 3757 3947 ergo

2177 4001 2360 4059 diﬂ‘ers
2393 4013 2422 4052 a
2450 3987 2837 4051 conversione?
2885 3981 3037 4054 Quod
3082 3981 3251 4035 bonus
3285 3975 3442 4030 times
3479 3973 3756 4030 amittere.

2178 4091 2318 4148 forte
2345 4088 2517 4143 malus
2545 4082 2835 4141 amissurus
2874 4089 2952 4129 es.
3005 4073 3060 4128 Si
3108 4071 3277 4125 bonus
3326 4080 3385 4120 ea
3433 4061 3758 4132 perdideris,

2183 4182 2334 4237 adest
2376 4176 2681 4234 consolator
2726 4168 2816 4240 qui
2868 4163 3081 4220 abstulit
3122 4180 3135 4215 :
3184 4174 3304 4213 arca
3355 4153 3623 4210 exinanita
3674 4160 3766 4206 est

2182 4285 2338 4337 auro,
2364 4282 2457 4323 eor
2485 4264 2694 4335 plenum
2715 4267 2796 4315 est
2818 4257 2953 4321 (ide;
2985 4253 3110 4308 foris
3137 4264 3334 4321 pauper
3358 4262 3417 4302 es
3440 4285 3455 4305 .
3483 4243 3578 4299 sed
3617 4243 3767 4296 intus
3844 4282 3845 4285 η

2185 4364 2334 4418 dives
2359 4374 2456 4415 es:
2490 4355 2696 4412 divitias
2726 4359 2899 4406 tecum
2944 4354 3119 4416 portas
3158 4356 3286 4410 quas
3314 4353 3422 4393 non
3449 4335 3762 4397 amitteres.

2187 4453 2393 4512 etiamsi
2415 4450 2482 4505 de
2504 4444 2776 4513 naufragio
2819 4438 2990 4496 nudus
3028 4435 3221 4491 exit-es.
3261 4429 3411 4499 Quod
3450 4442 3580 4497 ergo
3627 4424 3767 4479 forte

2190 4544 2493 4619 perditurus
2517 4553 2575 4593 es
2603 4536 2796 4600 malus,
2823 4547 2917 4586 cur
2942 4520 3047 4583 non
3089 4526 3282 4579 bonum
3316 4530 3368 4575 te
3416 4517 3626 4573 invenit
3662 4514 3768 4570 da-

2193 4609 2398 4700 ianum,
2422 4627 2847 4706 quandoquidem
2877 4622 3025 4678 vides
3037 4611 3102 4675 'ct
3130 4617 3294 4672 malos
3333 4612 3436 4684 pati
3465 4610 3719 4665 damnum
3743 4609 3771 4659 ἲ

2194 4727 2303 4789 Sed
2329 4703 2527 4798 majore
2563 4722 2638 4779 illi
2667 4720 2861 4776 damno
2887 4714 3149 4771 feriuntur
3176 4728 3190 4763 :
3222 4709 3394 4765 inanis
3428 4714 3510 4761 est
3542 4703 3770 4768 domus,

2196 4794 2754 4881 iuaniorvronscientia
2781 4820 2883 4867 est.
2917 4805 3167 4875 Quisquis
3192 4800 3362 4857 malus
3388 4798 3487 4853 ista
3516 4794 3771 4866 perdide-

2196 4916 2289 4981 rit,
2316 4927 2423 4968 non
2446 4909 2610 4964 habet
2634 4904 2761 4959 loris
2789 4899 2930 4972 quod
2957 4905 3154 4960 teneat,
3185 4909 3290 4949 non
3320 4890 3482 4945 habet
3508 4889 3651 4942 intus
3677 4884 3770 4939 ubi

2197 4977 2511 5079 requiescat.
2538 4999 2693 5070 Fugit
2718 4996 2804 5051 hic
2832 4994 2854 5026 ⁸
2881 4992 2970 5048 ubi
2995 4990 3244 5046 damnum
3263 4997 3452 5055 passus
3475 4989 3578 5046 est,
3598 4977 3684 5033 ubi
3709 4991 3777 5031 se

2200 5071 2291 5154 ad-
2340 5094 2524 5152 oculos
2580 5089 2852 5144 hominum
2918 5082 2987 5138 de
3043 5079 3342 5135 divitiarum
3410 5071 3773 5129 ostentatione

2196 5187 2467 5262 iactabat;
2512 5183 2621 5255 jam
2676 5183 2736 5234 ’se
2782 5179 2834 5232 in
2887 5173 3052 5255 oculis
3104 5157 3376 5225 hominum
3426 5165 3629 5234 jactare
3667 5174 3778 5213 non

2206 5252 2379 5354 potest
2405 5296 2418 5331 :
2440 5252 2599 5332 ad'sc
2626 5274 2766 5328 intro
2798 5252 2913 5326 non.
2949 5264 3107 5327 redit,
3135 5262 3256 5333 quia
3283 5258 3413 5314 nihil
3444 5256 3623 5312 habet.
3658 5252 3779 5309 Non

2202 5351 2289 5430 est
2311 5370 2544 5426 imitatus
2569 5363 2847 5421 formicam
2871 5375 2886 5427 ;
2912 5372 3017 5413 non
3044 5354 3144 5411 sibi
3176 5351 3390 5421 collegit
3416 5361 3612 5420 grana,
3654 5358 3780 5400 cum

2208 5474 2365 5522 aestas
2390 5467 2537 5518 esset
2561 5456 2741 5529 (Prov.
2769 5468 2842 5519 vt,
2865 5450 2920 5516 6,
2949 5459 2995 5504 et
3015 5462 3141 5513 xxx,
3170 5442 3284 5515 ‘15).
3307 5441 3452 5511 Quid
3479 5438 3626 5504 dixi,
3655 5449 3780 5491 cum

2273 5578 2290 5610 ι
2310 5576 2384 5626 sic
2415 5579 2547 5630 Mss,
2572 5566 2666 5617 nisi
2686 5562 2818 5630 quod
2839 5557 3154 5616 unushabet,
3175 5558 3315 5605 nam
3335 5564 3406 5604 es.
3438 5546 3650 5609 studi,
3672 5555 3787 5610 qua

2273 5702 2294 5732 ²
2318 5704 2446 5762 illis.»
2467 5693 2745 5762 ηιρτθεξςιι·
2788 5755 2800 5762 .
2830 5757 2943 5762 η---
2969 5747 3057 5762 ,μ-
3126 5738 3154 5762 ις

2276 5762 2297 5794 ³
2310 5738 2451 5822 iii}:
2467 5738 2810 5814 aliquot
2828 5757 2950 5800 vero
2969 5747 3097 5806 llas,
3120 5738 3216 5792 hic.
