4022 6200
263 375 362 432 80⁸5
930 364 954 391 ⁴

261 498 416 543 aestas
446 484 618 540 esset?
646 483 933 537 Cumiesset
966 484 1084 536 vitae
1127 479 1475 550 tranquillitas
1498 520 1512 537 .
1539 493 1658 531 eum
1685 483 1827 531 esset

261 585 436 636 Steculi
465 579 618 646 hujus
639 591 762 646 erga
791 577 933 629 illutn
975 576 1316 645 prosperitas,
1363 573 1573 642 quando
1603 573 1649 624 ei
1679 584 1831 624 vaca-

265 674 372 735 bat,
405 671 616 737 quattdo
637 669 760 722 felix
786 669 1074 722 vocabatur
1095 669 1160 719 ab
1194 666 1459 731 omnibus,
1489 675 1642 718 testas
1669 663 1832 731 ipsius

263 764 722 824 erat.lmitaretur
748 760 1042 824 formicam,
1092 761 1134 812 si
1185 757 1391 810 audiret
1444 755 1658 809 verbum
1701 754 1829 817 Dei;

262 847 535 925 colligeret
562 869 743 924 grana,
762 887 764 890 ν
784 864 835 908 et
863 854 1003 906 iuttts
1030 852 1356 906 reconderet.
1399 849 1629 903 Venerat
1667 845 1834 900 tetita-

266 949 342 1001 tio
405 947 754 1000 tribulaIiOnis
785 988 798 1007 .
854 952 1228 1013 supervenerat
1283 942 1451 995 hiems
1503 939 1729 1003 torporis
1773 939 1787 968 ¹
1817 978 1834 1001 ,

269 1046 557 1105 tempestas
603 1036 846 1101 timoris,
894 1035 1055 1104 frigus
1101 1035 1327 1088 tristitim
1358 1074 1370 1092 ,
1425 1034 1535 1086 sive
1585 1031 1834 1084 damnum

264 1135 446 1185 esset,
499 1126 609 1178 sive
650 1125 859 1193 aliquod
901 1127 1082 1178 salutis
1125 1123 1455 1192 perieulum,
1508 1122 1617 1176 sive
1666 1121 1836 1189 aliqua

268 1218 468 1271 orbitas
508 1232 744 1282 Sl_l0t‘llitt,
774 1218 884 1271 sive
918 1219 1087 1286 aliqua
1123 1217 1471 1271 exliouoratio
1508 1224 1558 1269 et
1594 1215 1840 1268 humilia-

270 1309 376 1371 tio;
412 1307 589 1360 'hietns
631 1317 743 1360 erat
776 1325 789 1359 :
819 1308 952 1360 redit
995 1307 1208 1360 formica
1256 1308 1318 1360 ad
1365 1307 1413 1360 id
1461 1307 1599 1376 quod
1653 1315 1838 1360 :estate

269 1399 508 1467 collegit;
538 1408 590 1452 et
631 1399 771 1452 intus
829 1400 878 1452 in
924 1409 1128 1452 secreto
1180 1415 1294 1456 suo.
1339 1399 1422 1451 tibi
1475 1411 1629 1451 nemo
1675 1397 1837 1462 videt,

273 1489 469 1541 :rstivis
500 1488 767 1541 laboribus
793 1500 1078 1542 recreatur.
1121 1490 1341 1556 Quaudo
1363 1491 1460 1542 sibi
1503 1491 1599 1543 ista
1629 1490 1842 1558 collige-

275 1581 363 1633 bat
389 1589 588 1645 aestate,
620 1581 1072 1636 videbantomues
1101 1602 1114 1637 :
1146 1599 1262 1636 cum
1287 1583 1366 1637 his
1396 1585 1623 1652 pascitur
1647 1584 1841 1648 hieme,

275 1674 452 1727 nullus
486 1673 643 1728 videt.
673 1674 806 1740 Qttid
836 1684 919 1728 est
938 1675 1078 1728 hoc?
1101 1676 1230 1729 Vide
1259 1675 1529 1730 formicam
1561 1677 1648 1730 Dei
1679 1693 1691 1728 :
1721 1690 1841 1728 sur-

277 1767 355 1834 git
379 1767 628 1835 quotidie,
653 1768 819 1820 currit
843 1768 906 1820 ad
938 1769 1212 1822 ecclesiam
1246 1769 1371 1831 Dei,
1403 1778 1556 1834 orat,
1588 1769 1732 1821 audit
1770 1769 1844 1822 le-

276 1858 506 1910 ctionem
534 1899 546 1922 ,
597 1857 848 1928 hymnum
895 1845 1106 1922 ean-tat,
1147 1861 1375 1912 ruminat
1420 1863 1556 1928 quod
1609 1861 1840 1924 audivit,

277 1947 413 2015 apud
438 1963 494 1999 se
510 1949 719 2017 cogitat,
740 1949 980 2003 reetmdit
1007 1951 1145 2003 intus
1171 1966 1329 2020 grana
1361 1951 1580 2004 collecta
1606 1951 1671 2004 de
1695 1968 1841 2005 area.

280 2038 402 2092 lltec
431 2040 538 2108 ipsa
566 2057 682 2110 qtae
705 2042 862 2096 modo
881 2042 1127 2096 dicuntur
1154 2044 1241 2112 qui
1273 2043 1557 2113 prudenter
1595 2045 1805 2100 audiqu
1827 2085 1841 2108 ,

249 2123 379 2182 "hoc
418 2139 609 2199 agunt,
657 2142 711 2184 et
755 2133 821 2184 ab
870 2135 1111 2186 omnibus
1166 2133 1407 2189 videntur
1453 2130 1736 2204 procedere
1779 2137 1844 2192 ad

276 2222 596 2286 ecclesiam,
648 2223 821 2278 redire
863 2225 928 2278 de
968 2227 1230 2288 ecclesia,
1279 2226 1461 2281 audire
1508 2243 1842 2294 sermonem,

277 2314 462 2370 audire
490 2315 790 2383 lectionem,
825 2317 1063 2373 invenire
1086 2320 1300 2384 librum,
1327 2321 1530 2390 aperire
1551 2331 1604 2376 et
1626 2323 1801 2392 legere
1827 2340 1842 2377 :

278 2409 456 2463 omnia
488 2409 583 2463 ista
609 2411 874 2476 videntur,
909 2427 1025 2465 cum
1052 2413 1201 2466 littnt.
1233 2413 1474 2468 Formica
1504 2415 1587 2468 illa
1611 2425 1690 2469 est
1719 2431 1848 2470 con-

281 2509 458 2554 terens
505 2501 620 2564 iter,
651 2512 863 2571 portans
887 2514 941 2557 et
974 2504 1271 2558 recondens
1313 2505 1364 2558 in
1401 2515 1687 2574 ςοηειιρρῑυ
1732 2523 1850 2561 cer-

281 2593 541 2646 nentium.
571 2593 727 2648 Venit
749 2595 917 2648 hiems
937 2596 1254 2665 aliquando;
1280 2599 1361 2650 cui
1384 2599 1522 2651 enim
1543 2614 1645 2652 non
1670 2598 1852 2654 venit?

280 2684 487 2737 Accidit
509 2685 778 2749 damnum,
821 2687 1011 2740 accidit
1049 2688 1246 2742 orbitas
1281 2691 1495 2745 :c:etcri
1533 2693 1851 2747 miserantur

281 2774 420 2828 forte
447 2784 500 2827 ut
523 2777 795 2841 miserum,
825 2777 910 2846 qui
939 2795 1043 2831 nott
1086 2789 1281 2832 norunt
1307 2781 1430 2849 quid
1475 2782 1613 2836 intus
1663 2783 1852 2838 habeat

282 2868 501 2921 formica
529 2865 666 2937 quod
692 2867 955 2935 comedat,
984 2878 1036 2923 et
1062 2870 1264 2935 diettttt,
1299 2871 1453 2925 Miser
1497 2873 1584 2927 ille
1624 2874 1706 2926 cui
1751 2873 1852 2932 hoc

280 2959 495 3024 accidit,
523 2969 610 3013 aut
642 2958 727 3014 ille
747 2960 831 3014 cui
860 2959 958 3014 hoc
985 2961 1176 3014 accidit
1205 2979 1217 3014 :
1246 2962 1370 3030 qttid
1401 2950 1473 3016 illi
1492 2962 1663 3017 credis
1688 2964 1848 3017 animi

283 3050 445 3104 esse?
486 3049 752 3120 quomodo
783 3051 1056 3106 confectus
1082 3063 1166 3106 est
1196 3055 1208 3107 !
1241 3053 1469 3107 Metitur'
1491 3069 1553 3107 ex
1585 3069 1664 3119 se,
1703 3070 1850 3108 com-

285 3141 482 3209 patitur
509 3157 573 3195 ex
598 3141 796 3196 viribus
822 3144 949 3206 suis,
993 3152 1047 3197 et
1089 3144 1208 3198 ideo
1234 3144 1459 3210 fallitur;
1489 3147 1608 3214 quia
1642 3160 1853 3199 mensu-

282 3247 399 3284 ram
448 3247 548 3300 qua
579 3247 637 3285 se
666 3233 898 3297 metitur,
923 3234 1033 3286 vult
1059 3233 1249 3288 aiferre
1284 3235 1350 3287 ad
1382 3250 1500 3288 eum
1549 3251 1702 3303 quem
1748 3251 1851 3290 non

285 3322 451 3375 novit.
477 3321 642 3376 Vides
668 3323 812 3377 illum
844 3338 1056 3392 passum
1087 3324 1366 3388 damnum,
1387 3337 1476 3379 aut
1497 3327 1848 3392 humilialum,

283 3415 377 3466 aut
418 3413 646 3468 orbitate
675 3429 1030 3483 percussum:
1064 3416 1189 3484 quid
1234 3417 1454 3472 credis?
1506 3417 1610 3472 lste
1656 3419 1851 3488 aliquid

284 3505 411 3558 mali
441 3504 582 3572 fecit,
617 3516 671 3561 ut
700 3506 801 3561 hoc
830 3507 902 3562 illi
929 3510 1278 3580 contingeret.
1313 3509 1438 3565 Tale
1465 3527 1557 3564 cor
1590 3510 1849 3575 habeant,

285 3599 446 3653 talem
473 3600 705 3654 animum
735 3601 932 3656 initnici
958 3602 1079 3656 mei.
1112 3602 1344 3673 Ignoras,
1369 3618 1401 3657 o
1432 3603 1619 3664 homo;
1654 3619 1774 3658 vere
1799 3612 1852 3656 ttt

286 3691 379 3744 tibi
425 3690 668 3743 inimicus
710 3705 789 3756 es,
821 3692 907 3759 qui
949 3707 1042 3760 per
1085 3701 1320 3746 :estatem
1362 3693 1452 3746 tibi
1506 3707 1608 3745 non
1654 3692 1855 3760 colligis

282 3780 428 3849 quod
453 3782 548 3833 iste
571 3780 800 3849 collegit.
824 3781 978 3834 Modo
1004 3783 1142 3834 intus
1165 3784 1376 3836 formica
1399 3783 1630 3837 comedit
1649 3783 1855 3848 labores

284 3872 489 3926 aestatis
519 3888 532 3924 :
560 3871 652 3925 sed
682 3888 795 3924 eam
826 3873 1162 3941 colligentem
1203 3871 1379 3928 videre
1412 3883 1657 3942 poteras;
1707 3888 1856 3926 man-

285 3967 774 4021 (lucantemvidere
803 3983 908 4022 non
958 3975 1127 4037 potes.
1178 3965 1302 4030 Ista,
1353 3967 1562 4031 fratres,
1605 3975 1854 4036 quantum

291 4058 547 4111 Dominus
567 4057 731 4121 dedit,
755 4069 1010 4128 quantum
1033 4074 1313 4129 suggerere
1339 4069 1388 4113 et
1423 4058 1657 4113 imbuere
1685 4059 1858 4128 digna-

292 4159 377 4202 tus
392 4159 470 4202 est
501 4147 859 4202 infirmitatem
887 4159 939 4204 et
960 4149 1316 4204 humilitatem
1340 4159 1593 4215 nostram,
1609 4157 1854 4220 quantum

241 4297 252 4303 _
289 4239 529 4305 capimus
554 4221 654 4310 pro
684 4239 898 4293 modulo
926 4249 1126 4302 nostro,
1157 4239 1404 4306 diximus,
1429 4255 1590 4310 quare
1608 4240 1697 4294 det
1723 4240 1857 4294 Deus

293 4331 469 4384 omnia
501 4332 597 4384 iSIa
620 4338 873 4400 permata
901 4340 954 4387 et
982 4332 1132 4386 bonis
1171 4343 1224 4386 et
1248 4334 1419 4399 malis,
1446 4341 1498 4388 et
1521 4348 1681 4404 quare
1713 4333 1859 4386 aufe-

296 4433 379 4476 rat
431 4433 483 4476 et
525 4423 677 4477 bonis
715 4433 769 4478 et
803 4425 972 4479 mulis.
1025 4425 1174 4478 Dedit
1219 4425 1342 4489 tibi;
1390 4443 1490 4480 non
1548 4424 1855 4480 extollaris:

297 4515 514 4568 abstulit
539 4515 657 4579 tibi;
686 4530 789 4568 non
819 4515 1092 4584 franguris.
1122 4517 1301 4572 Times
1339 4533 1404 4570 ne
1447 4516 1673 4582 auferat;
1721 4515 1860 4570 bono

303 4605 778 4673 potestauferre-et
816 4608 952 4662 malo
981 4624 993 4659 :
1027 4608 1214 4662 melius
1250 4624 1376 4678 ergo
1404 4608 1570 4662 bonus
1598 4607 1736 4677 quod
1770 4607 1858 4660 Dei

303 4707 384 4750 est
412 4699 630 4763 amittis,
659 4697 752 4752 sed
783 4698 945 4752 Deum
984 4708 1154 4753 tenes.
1185 4699 1273 4753 Sic
1302 4715 1426 4769 ergo
1462 4708 1514 4752 et
1541 4700 1626 4753 ille
1652 4698 1818 4752 malus
1845 4716 1859 4761 ;

303 4790 475 4858 ipsum
529 4790 803 4845 hortamur
831 4810 843 4844 :
873 4792 1126 4846 Passurus
1169 4808 1226 4847 es
1268 4792 1717 4864 damuum;(quis
1759 4808 1861 4844 non

302 4895 555 4948 passurus
592 4893 672 4935 est
696 4883 975 4939 orbitatem
995 4882 1037 4954 Ἰ)
1061 4884 1248 4954 aliquis
1283 4899 1434 4938 casus
1476 4883 1656 4947 irruet,
1683 4884 1864 4954 aliqua

301 4976 576 5028 calamitas
627 4975 693 5030 de
746 4987 1085 5043 transverso,
1140 4977 1498 5046 undecumque
1552 4975 1736 5044 plenus
1785 4987 1866 5030 est

304 5068 552 5132 mundus,
585 5067 821 5135 exempla
845 5083 948 5120 non
967 5077 1188 5121 cessant
1217 5085 1228 5119 :
1265 5069 1448 5137 loquor
1473 5068 1562 5120 tibi
1588 5068 1637 5120 in
1660 5076 1862 5132 aestate,

303 5176 466 5231 grana
491 5175 606 5230 qua:
626 5161 843 5231 colligas
873 5177 974 5213 non
1002 5161 1221 5214 desunt:
1254 5160 1466 5214 attende
1491 5160 1552 5212 ad
1572 5159 1862 5220 fot'tnit'attt,

306 5270 341 5309 ο
365 5252 702 5325 piger(Prov.
735 5269 806 5315 vt,
837 5251 900 5316 6,
932 5252 1271 5320 etsxxﬂﬁ);
1309 5253 1493 5321 collige
1528 5261 1712 5306 testate
1748 5267 1866 5306 cum

309 5358 486 5412 potes;
522 5344 689 5402 hiems
717 5343 960 5412 colligere
983 5353 1041 5395 te
1070 5356 1170 5394 non
1205 5341 1360 5402 sinet,
1409 5341 1499 5395 sed
1553 5341 1868 5398 manducare

287 5438 446 5508 ,quod
496 5437 786 5506 Collegeris.
840 5436 1003 5502 Quam
1041 5433 1188 5489 multi
1217 5435 1354 5488 enim
1383 5423 1864 5490 tribulationem'ita

311 5533 596 5603 patiuntur,
632 5538 686 5583 tit
720 5546 823 5584 non
850 5529 926 5582 eis
959 5537 1122 5590 vacet,
1169 5545 1265 5584 nec
1313 5529 1487 5598 legere
1519 5529 1736 5599 aliquid,
1770 5545 1866 5584 nec

312 5623 490 5677 audire
533 5619 760 5690 aliquid;
811 5635 906 5674 nec
954 5619 1085 5672 forte
1129 5618 1474 5674 admittuntur
1521 5619 1584 5672 ad
1623 5635 1714 5674 eos
1767 5622 1863 5690 .qui

377 5823 394 5847 ι
413 5819 530 5879 Vox,
548 5817 767 5880 torporis',
791 5818 926 5866 abest
943 5829 970 5864 a
995 5823 1098 5866 Mss.

1309 361 1702 420 ENARRATIO
1741 358 1805 415 IN
1846 357 2167 416 PS—ALMUM
2208 361 2386 417 LXVI.

3394 375 3497 430 806

1935 487 2027 525 eos
2076 474 2431 529 couSoIentttr.
2476 476 2747 532 Rcmausit
2783 478 2998 535 formica
3031 482 3082 536 iu
3121 497 3375 552 caverna;
3415 483 3502 542 ~vi-

1935 563 2058 617 deat
2083 565 2124 617 si
2161 566 2373 635 eollegit
2417 567 2610 636 aliquid
2641 580 2848 633 testate,
2883 589 2986 640 quo
3013 589 3070 628 se
3098 587 3283 631 avocet
3311 577 3503 634 hieme.

2008 656 2059 707 4.
2093 655 2193 708 Sed
2227 657 2383 709 tuodo
2420 661 2540 728 quia
2588 661 2861 718 benedicet
2887 679 2982 718 nos
3013 667 3148 720 Deus
3171 705 3188 732 ,
3218 683 3380 737 quare
3408 671 3503 725 be—

1937 745 2143 798 nedieet
2171 746 2304 799 nos?
2331 763 2485 816 quam
2517 749 2932 807 benedictionem
2968 756 3095 822 petit
3141 757 3253 810 it:th
3279 774 3378 812 vox
3398 801 3412 823 ,
3441 760 3509 814 Ut
3593 761 3599 766 ’

1938 835 2192 887 benedicat
2220 852 2309 889 nos
2337 837 2514 891 Deus?
2539 840 2964 897 Benedictiouem
2997 863 3151 916 quam
3179 861 3354 903 servat
3371 852 3502 906 ami-

1936 924 2012 976 cis
2038 925 2148 978 suis
2167 967 2181 988 ,
2207 941 2361 993 quam
2389 929 2517 982 solis
2547 933 2698 986 bonis
2723 935 2829 987 dat.
2852 935 2927 988 Ne
2945 952 3043 1007 pro
3073 954 3261 1008 magno
3290 953 3507 1010 appetas

1935 1015 2075 1085 quod
2093 1026 2146 1068 et
2174 1018 2294 1071 mali
2313 1019 2575 1090 accipiunt
2599 1041 2611 1077 :
2636 1025 2751 1092 quia
2777 1025 2943 1080 bouus
2970 1037 3051 1081 est
3069 1030 3226 1094 Deus,
3252 1030 3372 1086 facit
3399 1034 3505 1095 illa,

1939 1114 2025 1182 qui
2056 1115 2219 1183 solem
2246 1130 2400 1170 suum
2432 1115 2549 1170 facit
2578 1117 2706 1170 oriri
2731 1133 2890 1186 super
2927 1121 3093 1175 bonos
3119 1133 3172 1176 et
3203 1123 3368 1178 malos
3387 1166 3402 1190 ,
3455 1135 3507 1180 et

1939 1205 2072 1274 pluit
2113 1222 2273 1274 super
2312 1206 2484 1276 justos
2521 1217 2574 1261 et
2623 1206 3092 1280 injustes(Hatt'h.
3123 1228 3176 1278 v,
3207 1215 3335 1283 45-).
3363 1214 3504 1280 Quid

1939 1311 2065 1366 ergo
2096 1297 2355 1367 praecipue
2387 1298 2577 1351 bouis?
2598 1301 2719 1369 quid
2750 1303 3010 1371 praecipue
3029 1304 3219 1373 jnstis?
3247 1304 3509 1360 litanti-vet

1939 1391 2132 1442 vultum
2174 1407 2318 1444 suum
2352 1408 2503 1461 super
2531 1410 2643 1450 uos.
2669 1395 2804 1449 Solis
2831 1395 2985 1464 hujus
3014 1398 3215 1452 vultum
3248 1401 3508 1455 illuminas

1940 1490 2100 1551 Super
2130 1483 2295 1537 bonos
2324 1495 2374 1537 et
2405 1485 2604 1551 malos;
2639 1487 2838 1541 vultum
2887 1497 3032 1542 tuum
3079 1489 3312 1551 illumina
3352 1508 3508 1562 super

1943 1591 2058 1630 nos.
2095 1576 2284 1631 Vident
2327 1577 2477 1630 istam
2524 1578 2692 1632 lucem
2732 1595 2850 1633 cum
2898 1583 3174 1649 pecoribus
3204 1595 3258 1636 ct
3289 1584 3412 1637 boni
3459 1595 3505 1638 et

1941 1668 2066 1721 mali
2095 1685 2107 1720 :
2147 1670 2283 1724 beati
2315 1679 2488 1724 autem
2521 1671 2716 1724 mundo
2741 1673 2922 1738 corde,
2944 1675 3190 1743 quoniam
3223 1677 3317 1744 ipsi
3346 1679 3508 1751 Deum

1942 1759 2195 1814 videbunt
2240 1759 2410 1833 (Ibid.
2442 1778 2494 1828 γ,
2528 1752 2620 1834 8).
2652 1761 2912 1816 “lumine!
2941 1767 3131 1818 vultum
3169 1785 3314 1820 suum
3359 1785 3516 1838 super

1945 1868 2054 1905 nos.
2086 1851 2340 1908 Geminus
2371 1855 2666 1908 intellectus
2704 1865 2811 1918 est;
2859 1866 3078 1924 uterque
3116 1857 3372 1911 dicendus
3405 1870 3504 1913 est.

1948 1943 2183 1996 lllumiua
2209 1985 2223 2008 ,
2273 1944 2474 2012 inquit,
2523 1944 2720 1997 vultum
2751 1955 2893 1998 tuum
2922 1962 3086 2014 super
3123 1963 3245 2010 nos;
3287 1950 3506 2002 oSIcnde

1946 2034 2098 2087 nobis
2127 2029 2338 2088 vultum
2372 2050 2544 2088 suum.
2578 2035 2690 2089 Non
2740 2038 2877 2089 enim
2926 2039 3206 2106 aliquando
3255 2042 3508 2095 iilttminat

1945 2125 2144 2179 vultum
2178 2135 2322 2179 tuum
2351 2127 2507 2191 Deus,
2537 2128 2684 2197 quasi
2713 2127 2992 2197 aliquando
3024 2128 3179 2184 fuerit
3210 2132 3323 2186 sine
3352 2133 3508 2185 lumi-

1947 2233 2013 2272 ne
2038 2235 2050 2269 :
2083 2219 2174 2272 sed
2205 2219 2438 2274 illumtna
2468 2235 2626 2286 super
2655 2235 2771 2284 nos,
2802 2230 2855 2273 ut
2880 2221 3018 2290 quod
3041 2238 3142 2275 nos
3171 2224 3364 2278 latebat
3389 2241 3512 2294 ape-

1947 2310 2111 2363 riatur
2138 2310 2292 2363 nobis
2315 2350 2330 2374 ,
2363 2321 2416 2364 et
2451 2310 2589 2379 quod
2617 2321 2730 2364 crat
2755 2353 2769 2376 ,
2815 2313 2908 2364 sed
2956 2312 3103 2366 nobis
3149 2314 3513 2369 absconditum

1947 2411 2064 2455 erat
2086 2445 2098 2464 ,
2129 2403 2576 2473 reveletur-super
2609 2419 2702 2457 nos
2723 2445 2737 2467 ,
2780 2404 2886 2456 hoc
2916 2413 2998 2458 est
3037 2405 3376 2460 illutttiuetur.
3411 2412 3513 2462 Aut

1949 2504 2115 2561 certe,
2166 2495 2444 2563 imaginem
2495 2504 2634 2547 luant
2681 2495 2916 2548 illumina
2943 2511 3103 2565 super
3147 2514 3283 2551 nos:
3317 2509 3373 2552 ut
3409 2499 3513 2552 'lioc

1949 2585 2178 2650 dixerit,
2209 2585 2446 2638 Illuutina
2478 2585 2675 2639 vultum
2721 2594 2864 2638 tuum
2895 2602 3054 2655 super
3082 2602 3177 2640 nos
3201 2603 3215 2651 ;
3241 2588 3512 2657 Impressi-

1951 2678 2015 2730 sti
2047 2679 2198 2731 nobis
2226 2678 2426 2732 vultum
2469 2688 2653 2743 tuum,
2687 2678 2852 2732 fecisti
2884 2694 2980 2733 nos
3008 2679 3092 2759 ‘ad
3137 2681 3416 2750 imaginem
3461 2694 3512 2738 et

1951 2769 2344 2824 similitudinem
2388 2781 2526 2824 tuam
2555 2769 2718 2841 (Gen.
2750 2787 2795 2836 ι,
2827 2770 2971 2840 26),
3021 2773 3186 2826 fecisti
3219 2791 3314 2828 nos
3359 2793 3512 2829 unm-

1953 2875 2097 2914 mum
2127 2870 2272 2913 tuum
2298 2877 2312 2924 ;
2345 2860 2439 2914 sed
2467 2875 2569 2913 non
2600 2860 2756 2915 debet
2787 2861 2958 2932 imago
2986 2873 3070 2916 tua
3095 2864 3144 2918 iu
3172 2865 3403 2920 tenebris
3431 2884 3514 2920 re-

1953 2963 2205 3014 manere;
2234 2949 2381 3004 mitte
2408 2949 2611 3003 radium
2636 2951 2907 3020 sapientia:
2937 2962 3041 3007 tua:
3061 2994 3080 3018 ,
3119 2956 3344 3024 expellat
3373 2967 3514 3012 tene-

1955 3041 2075 3096 bras
2104 3055 2336 3105 nostras,
2366 3050 2419 3095 et
2445 3041 2642 3110 fulgeat
2670 3043 2720 3095 in
2769 3042 2922 3098 nobis
2950 3046 3122 3115 imago
3169 3059 3290 3112 tua;
3319 3064 3515 3118 cogno-

1953 3146 2161 3186 scatnus
2189 3145 2284 3186 nos
2314 3130 2594 3202 imaginem
2620 3139 2763 3187 tuam
2783 3173 2798 3200 ,
2835 3134 3120 3190 audiamus
3159 3139 3294 3207 quod
3321 3137 3515 3194 dictum

1956 3233 2034 3277 est
2081 3224 2129 3276 in
2167 3221 2400 3277 Camicis
2446 3223 2772 3280 canticorum
2801 3243 2816 3280 :
2850 3225 2968 3280 Nisi
3017 3233 3303 3298 cognoveris
3349 3241 3516 3285 temet—

1953 3313 2135 3383 ipsam,
2164 3329 2194 3366 ο
2223 3314 2436 3382 pulchra
2473 3315 2604 3369 inter
2632 3316 2871 3371 mulieres
2899 3321 2914 3385 (
2929 3316 3084 3373 Cant.
3123 3336 3170 3382 ι.
3201 3323 3289 3387 7).
3319 3322 3518 3376 Dii-itur

1921 3419 1926 3422 '
1954 3406 2092 3459 enim
2113 3405 2363 3459 ‘Et‘clesi:c
2394 3425 2406 3458 :
2454 3404 2570 3459 Nisi
2609 3411 2895 3478 cognoveris
2922 3413 3232 3478 temetipsum
3278 3415 3409 3482 Quid
3440 3428 3520 3471 est

1953 3497 2100 3552 hoc?
2126 3495 2235 3552 Nisi
2261 3498 2572 3566 cognoveris
2605 3498 2672 3553 ad
2709 3501 2992 3569 imaginem
3023 3502 3116 3557 Dei
3145 3513 3197 3558 te
3223 3503 3431 3560 factam.
3472 3497 3518 3560 ἰ)

1954 3590 2126 3644 anima
2168 3588 2423 3650 Ecclesia:
2447 3592 2720 3660 pretiosa“
2746 3635 2761 3660 ,
2795 3593 3066 3665 redempta
3101 3598 3354 3666 sanguine
3388 3599 3518 3668 Agat

1957 3683 2274 3737 itnmaculati
2299 3725 2315 3750 ,
2357 3683 2572 3738 attende
2601 3687 2780 3754 quanti
2815 3687 3035 3751 valeas;
3067 3689 3190 3757 quid
3221 3703 3316 3758 pro
3347 3699 3398 3743 te
3422 3690 3520 3742 da-

1956 3782 2065 3826 tum
2107 3773 2174 3826 sit
2214 3774 2407 3841 cogita.
2436 3774 2684 3829 Dicamus
2711 3791 2837 3844 ergo
2863 3785 2916 3830 et
2942 3788 3186 3843 aptemus
3210 3819 3224 3844 ,
3267 3777 3521 3833 Illumiuet

1955 3862 2144 3918 vultum
2171 3879 2316 3916 suum
2352 3879 2503 3934 super
2526 3881 2636 3918 nos.
2666 3865 2947 3920 Gestamus
2975 3867 3174 3921 vultum
3203 3869 3317 3938 ejus
3343 3887 3355 3919 τ
3384 3885 3514 3939 quo-

1957 3953 2114 4008 modo
2151 3953 2400 4008 dicuntur
2457 3955 2631 4010 vultus
2683 3956 3094 4025 imperatorum,
3140 3976 3264 4015 vere
3309 3961 3520 4031 quidam

1956 4062 2109 4102 sacer
2129 4047 2304 4103 vultus
2323 4047 2418 4103 Dei
2443 4057 2524 4104 est
2550 4049 2602 4104 in
2633 4050 2860 4120 imagine
2889 4051 3083 4121 ipsius;
3108 4054 3200 4108 sed
3228 4056 3390 4127 iniqui
3418 4072 3522 4111 nou

1957 4153 2283 4212 cognoscunt
2310 4143 2359 4195 in
2388 4156 2446 4197 se
2473 4142 2752 4212 imaginem
2779 4143 2976 4200 Dei.Ut
3003 4146 3327 4202 illuminetur
3349 4151 3525 4203 vultus

1959 4234 2058 4288 Dei
2090 4249 2249 4305 super
2275 4235 2420 4304 illos,
2466 4235 2592 4306 quid
2631 4235 2824 4291 debent
2853 4238 3080 4294 dicere?
3116 4237 3189 4293 Tu
3218 4243 3527 4296 illmuitmbis

1959 4325 2211 4380 lucernam
2258 4343 2416 4380 meam
2441 4368 2456 4392 ,
2503 4326 2761 4391 Domine;
2806 4327 2940 4382 Deus
2990 4347 3126 4384 meus
3150 4374 3165 4397 ,
3221 4333 3526 4385 illumimtbis

1959 4419 2182 4474 tenebras
2209 4436 2343 4472 meas
2365 4417 2532 4492 (Psal.
2555 4436 2659 4474 xvn
2679 4462 2694 4487 ,
2719 4420 2839 4492 9.9).
2859 4421 2983 4476 Sum
3009 4423 3058 4476 in
3093 4423 3322 4477 tenebris
3343 4438 3526 4492 pecca-

1961 4525 2133 4570 torum
2157 4529 2171 4580 ;
2199 4511 2293 4568 sed
2323 4511 2468 4567 radio
2495 4513 2766 4583 sapientia:
2798 4523 2898 4569 tua:
2924 4513 3268 4568 discutiantur
3298 4514 3526 4569 teuebrzu

1961 4622 2131 4661 meae:
2177 4615 2430 4674 appareat
2465 4604 2640 4659 vultus
2667 4611 2818 4670 tuus,
2861 4613 2914 4658 et
2941 4603 2986 4658 si
3015 4605 3149 4658 forte
3187 4615 3402 4674 apparet
3429 4620 3526 4674 per

1965 4713 2048 4751 me
2085 4695 2470 4767 aliquantulum
2513 4695 2767 4750 deformis
2796 4694 3014 4748 effectus
3033 4735 3046 4758 ,
3075 4710 3102 4746 a
3135 4703 3185 4748 te
3214 4697 3528 4750 reformetur

1965 4786 2105 4858 quod
2135 4804 2165 4842 a
2194 4796 2244 4841 te
2272 4786 2554 4842 formatum
2582 4795 2681 4841 est.
2720 4784 2976 4838 Illuminet
3000 4801 3128 4856 ergo
3160 4785 3346 4840 vultum
3380 4805 3529 4840 suum

1966 4896 2115 4951 super
2144 4895 2252 4932 nos.

2038 4971 2090 5025 5.
2121 4967 2260 5042 [vers
2288 4967 2376 5038 5.]
2424 4971 2491 5022 Ut
2535 4983 2890 5038 cognoscamus
2925 4969 2977 5021 in
3024 4977 3157 5020 terra
3192 4970 3320 5022 viam
3366 4983 3522 5024 (imm.

1969 5059 2033 5112 In
2061 5069 2212 5123 terra,
2231 5059 2336 5125 hic,
2355 5059 2405 5112 in
2429 5058 2527 5111 hac
2549 5059 2675 5122 vita,
2695 5074 3048 5127 cognoscamus
3073 5060 3199 5114 viam
3217 5070 3372 5115 luant.
3390 5062 3525 5129 Quid
3614 5132 3619 5136 1

1968 5162 2080 5224 est,
2122 5153 2254 5204 viam
2285 5151 2462 5206 tuam?
2489 5151 2617 5217 Qua:
2645 5150 2790 5206 ducit
2815 5150 2879 5205 ad
2923 5161 2991 5205 te.
3022 5153 3383 5224 Agnoscamus
3423 5171 3528 5224 quo
3597 5147 3606 5166 ”

1969 5255 2150 5296 eamus
2174 5282 2188 5305 ,
2230 5255 2580 5310 agnoscamus
2609 5256 2708 5311 qua
2752 5255 2965 5308 eamus;
2999 5252 3272 5313 utrumque
3298 5246 3347 5299 in
3373 5229 3520 5299 tene-

1971 5335 2079 5390 bris
2107 5350 2211 5389 non
2243 5349 2538 5404 possumus.
2556 5334 2733 5404 Loage
2757 5349 2818 5390 es
2837 5351 2865 5388 a
2884 5337 3362 5406 peregrinantibus;
3385 5337 3525 5388 viam

1970 5428 2120 5482 nobis
2171 5427 2448 5496 porrexisti
2501 5443 2590 5497 per
2640 5443 2795 5498 quam
2843 5429 3166 5484 redeundum
3209 5431 3276 5484 sit
3316 5427 3380 5480 ad
3422 5437 3472 5481 te
3508 5446 3522 5482 :

1967 5520 2310 5591 Agnoscamus
2342 5520 2412 5576 iu.
2438 5529 2569 5572 terra
2597 5526 2726 5574 vtam
2772 5529 2925 5572 tuam.
2949 5521 3078 5588 Qua:
3105 5529 3184 5574 est
3216 5519 3288 5572 via
3320 5519 3482 5588 ipsius
3507 5561 3524 5585 ,
3601 5555 3607 5565 ι

1968 5612 2087 5682 quia
2132 5612 2232 5665 hoc
2273 5610 2599 5679 optavimus,
2648 5621 2702 5663 ut
2729 5627 3087 5682 cognoscamus
3132 5614 3180 5663 iu
3226 5619 3357 5663 terra
3398 5613 3525 5666 viam

2030 5819 2044 5847 ι
2073 5820 2146 5861 Er.
2167 5819 2222 5862 et
2239 5813 2335 5863 duo
2360 5813 2438 5864 vel
2463 5820 2564 5865 tres
2586 5821 2710 5873 Mss,
2729 5809 2946 5874 pretioso.
