4022 6200
485 357 580 414 807
1697 343 1754 396 S.
1795 333 2156 395 AUCL‘STINI
2197 331 2495 390 EPISCOPI

486 473 667 524 tuam?
699 465 973 537 Quaesitnri
1004 477 1186 518 sumus
1214 475 1332 516 eam
1359 473 1455 527 nos
1475 500 1488 521 ,
1519 471 1622 512 non
1650 469 1745 524 per
1771 467 1867 507 nos
1886 449 2047 504 disci-

491 563 611 614 turi.
655 561 938 614 Possumus
963 570 1079 609 eam
1105 553 1168 607 de
1199 550 1479 622 Evangelio
1509 547 1711 602 discere
1736 562 1750 597 :
1798 542 1907 613 Ego
1937 555 2048 592 smn

488 654 595 715 via,
627 649 876 703 Dominus
916 647 1005 699 ait.
1037 644 1276 698 Christus
1311 640 1476 696 dixit:
1511 637 1621 707 Ego
1665 651 1772 690 sum
1801 635 1898 686 via.
1944 629 2047 683 Sed

492 741 643 793 limes
672 753 735 792 ne
763 736 944 791 erres?
973 733 1210 802 Adjecit:
1245 731 1310 784 Et
1340 730 1536 782 veritas.
1565 726 1692 794 Quis
1719 733 1861 779 errat
1887 723 1936 774 in
1962 735 2050 775 ve-

490 829 679 884 ritate?
696 828 847 880 Errat
861 827 875 856 ¹
891 823 979 894 (ιιιὶ
997 823 1313 876 rccesserita
1329 815 1776 871 veritate.Veritas
1788 811 2048 873 Christus,

491 921 569 972 via
586 919 824 972 Clll‘lsltls
844 935 855 967 :
879 914 1291 970 ambula.'l‘imes
1309 926 1372 965 ne
1391 907 1630 962 moriaris
1645 914 1922 974 antequam
1943 916 2054 970 per-

492 1009 707 1064 venias?
726 1009 830 1078 Ego
850 1023 958 1060 sum
977 1008 1073 1058 rita
1097 1021 1114 1056 :
1139 1003 1244 1073 Ego
1261 1017 1388 1065 sum,
1406 999 1592 1066 inquit,
1612 997 1708 1058 via,
1728 1004 1770 1048 et
1791 994 1988 1055 veritas,
2006 999 2053 1044 et

491 1103 591 1156 vita
606 1099 891 1171 (Joan..vtv,
909 1096 1150 1166 6).Quasi
1167 1093 1382 1154 diceret,
1397 1089 1528 1156 Quid
1547 1086 1725 1141 times?
1741 1085 1840 1139 l’er
1857 1098 1938 1168 me
1951 1097 2054 1134 am-

495 1191 667 1253 bulas,
686 1190 735 1242 in
755 1191 868 1241 mc’
886 1177 1214 1246 ambulas,'in
1235 1197 1317 1234 me
1336 1177 1638 1247 requiescis.
1656 1174 1789 1241 Quid
1808 1187 1933 1242 ergo
1958 1172 2051 1236 ait,

491 1279 861 1350 Cognoscamus
891 1279 941 1329 in
970 1287 1100 1328 terra
1128 1275 1255 1326 viam
1278 1281 1434 1332 tuam,
1454 1267 1575 1332 nisi,
1600 1277 1979 1335 cognoscztmus
2002 1261 2052 1314 in

495 1383 636 1428 terra
657 1373 918 1425 Christum
949 1367 1131 1438 tuum?
1159 1364 1262 1419 Sed
1285 1365 1396 1432 ipse
1419 1361 1656 1432 psalmus
1699 1355 2014 1428 respondeat
2037 1370 2052 1407 :

497 1480 564 1520 ne
586 1463 778 1532 putetis
795 1478 858 1516 ex
879 1460 994 1513 aliis
1020 1456 1303 1526 Scripturis
1323 1451 1678 1508 adhibendmn
1695 1464 1812 1504 esse
1830 1451 2058 1502 testimo-

502 1557 642 1608 nium
669 1553 804 1623 quod
837 1551 971 1605 forte
1020 1550 1103 1603 hic
1131 1548 1310 1612 deest,
1343 1543 1632 1615 repetendo
1667 1540 1898 1596 ostendit
1932 1538 2056 1608 quid

498 1647 724 1710 dixerit,
756 1644 821 1699 Ut
850 1658 1203 1712 cognoscamus
1232 1641 1282 1692 in
1312 1649 1444 1692 terra
1472 1637 1600 1688 viam
1632 1645 1768 1686 tuam
1793 1649 1810 1693 ;
1835 1641 1887 1686 et
1908 1631 2054 1700 quasi

498 1746 550 1791 tu
580 1749 874 1805 quaereres,
922 1732 974 1785 In
1003 1747 1100 1800 qua
1143 1739 1278 1783 terra
1305 1769 1318 1791 ,
1346 1742 1499 1796 quam
1528 1723 1706 1777 viam?
1745 1721 1808 1774 In
1832 1720 2058 1774 omnibus

495 1826 717 1897 gentibus
743 1826 960 1877 salutare
985 1831 1142 1874 tuum.
1185 1820 1239 1873 lu
1277 1833 1376 1887 qua
1424 1825 1563 1870 terra
1608 1812 1842 1882 qumris?
1880 1809 2055 1863 Audi:

495 1917 562 1971 In
589 1915 812 1970 omnibus
836 1914 1078 1985 gentibus.
1099 1910 1264 1978 Quam
1288 1909 1422 1962 viam
1448 1903 1680 1976 qumris?
1702 1901 1837 1957 Audi
1859 1917 1871 1953 :
1903 1901 2058 1955 Salu-

497 2020 601 2061 tare
627 2019 784 2060 tuum.
816 2009 892 2058 An
921 2003 1054 2057 forte
1077 2017 1178 2056 non
1208 2010 1288 2054 est
1326 1997 1567 2052 Christus
1595 1995 1824 2049 salutare
1853 1991 2057 2061 ipsius?

498 2098 567 2152 Et
593 2096 717 2167 quid
745 2109 824 2150 est
853 2094 989 2164 quod
1016 2092 1148 2146 dixit
1177 2105 1338 2144 senex
1368 2089 1454 2142 ille
1479 2087 1726 2148 Simeon;
1757 2100 1918 2138 senex
1945 2083 2054 2150 ille,

498 2190 730 2258 inquam,
750 2190 800 2239 in
821 2184 1120 2254 Evangelio,
1136 2193 1372 2237 servatus
1385 2195 1616 2234 annosus
1633 2193 1796 2247 usque
1811 2176 1877 2231 ad
1892 2176 2059 2230 infan-

497 2281 623 2334 tiam
653 2278 805 2332 Verbi
827 2278 850 2329 ’ἒ
878 2275 1093 2344 Accepit
1120 2273 1258 2328 enim
1287 2287 1449 2326 senex
1481 2270 1568 2324 ille
1594 2271 1644 2323 in
1671 2268 1912 2323 manibus
1947 2267 2056 2321 suis

498 2369 748 2423 infantem
785 2366 1010 2420 Verbum
1053 2365 1166 2418 Dei.
1207 2362 1304 2430 Qui
1331 2372 1383 2416 et
1411 2361 1465 2414 in
1491 2369 1644 2414 utero
1673 2373 1790 2413 esse
1815 2358 2056 2427 dignatus

495 2469 608 2526 est,
632 2460 683 2512 in
712 2457 949 2512 manibus
977 2455 1119 2509 senis
1147 2469 1266 2508 esse
1285 2441 1695 2521 dedignaretur?
1720 2449 1811 2502 Ille
1837 2447 1886 2501 in
1909 2457 2057 2502 utero

500 2549 743 2620 virginis,
776 2548 862 2617 qui
897 2547 945 2599 in
988 2545 1228 2599 manibus
1261 2545 1435 2607 senis;
1483 2541 1720 2596 infirmus
1751 2539 1923 2593 infans
1948 2580 1963 2604 ,
2003 2547 2058 2592 et

497 2640 632 2693 intra
664 2637 863 2691 viscera
883 2676 896 2697 ,
919 2644 972 2689 et
998 2635 1046 2687 in
1073 2633 1312 2687 manibus
1339 2632 1480 2687 senis
1501 2673 1515 2695 ,
1556 2630 1871 2712 ad‘dandam
1905 2627 2057 2682 nobis

497 2730 796 2785 firmitatem
818 2771 831 2792 ,
863 2742 956 2797 per
980 2741 1136 2796 quem
1159 2725 1290 2779 facta
1324 2733 1446 2778 sunt
1469 2723 1675 2784 omnia;
1700 2732 1754 2777 et
1783 2721 1825 2775 si
1853 2721 2052 2787 omnia,

493 2834 547 2879 et
574 2825 681 2894 ipsa
709 2831 908 2882 mater;
947 2819 1092 2873 venit
1121 2818 1350 2882 humilis,
1382 2816 1525 2870 venit
1552 2814 1816 2878 infirmus,
1855 2813 1945 2868 sed
1979 2813 2058 2867 in-

494 2915 654 2969 dutus
683 2913 984 2968 infirmitate
1013 2910 1259 2964 mutanda
1284 2926 1297 2962 :
1340 2910 1454 2978 quia
1483 2909 1571 2962 etsi
1596 2908 1862 2975 cruciﬁxus
1887 2916 1960 2962 est
1998 2921 2060 2962 ea:

497 3009 822 3076 inﬁrmitate;
853 3004 939 3056 sed
967 3005 1080 3056 vivit
1116 3019 1176 3056 ea:
1203 3002 1379 3054 virtute
1399 2999 1511 3053 ~Dei
1553 2999 1628 3070 (ll
1658 3000 1776 3054 Cor.
1810 3015 1930 3061 xui,
1963 2999 2057 3071 4).

501 3097 784 3165 Apostolus
817 3093 910 3147 ait.
944 3093 1071 3146 Erat
1112 3105 1238 3160 ergo
1269 3091 1318 3143 in
1356 3089 1600 3144 manibus
1629 3090 1790 3142 senis.
1829 3089 1890 3142 Et
1933 3088 2058 3159 quid

496 3187 569 3238 ait
597 3201 758 3239 senex
780 3183 892 3236 ille?
914 3165 1035 3250 quid
1062 3181 1163 3244 ait,
1187 3179 1456 3249 gratulans
1482 3178 1619 3247 quod
1643 3178 1751 3248 jam
1775 3179 2058 3234 solvendus

500 3278 622 3330 hinc
646 3285 806 3338 esset,
834 3273 1015 3326 videns
1041 3272 1152 3326 suis
1179 3271 1419 3324 manibus
1444 3270 1704 3323 contineri
1735 3284 1764 3322 a
1793 3285 1896 3339 quo
1924 3280 1975 3324 et
2005 3271 2056 3324 iu

497 3386 600 3441 quo
630 3369 771 3424 salus
799 3367 912 3437 ejus
931 3341 1335 3420 continebatur?
1371 3382 1389 3414 ‹
1413 3361 1528 3417 Jam
1554 3361 1797 3428 dimittis,
1830 3381 1847 3413 ι
1872 3362 2054 3430 inquit,

505 3480 523 3513 ι
563 3460 814 3526 Domine,
842 3473 1052 3513 servum
1088 3465 1232 3510 tuum
1265 3456 1315 3509 in
1355 3469 1516 3524 pace;
1543 3458 1792 3524 quoniam
1821 3454 2062 3509 viderunt

497 3551 634 3605 oculi
667 3549 765 3604 mei
803 3549 1034 3602 salutare
1083 3557 1228 3601 tuum
1265 3565 1282 3598 ι
1310 3544 1472 3615 (Luc.
1507 3561 1569 3610 ιι,
1595 3545 1694 3609 29,
1725 3546 1791 3600 50
1811 3545 1849 3611 ).
1876 3544 2015 3615 Ergo
2041 3587 2056 3612 ,

425 3661 428 3664 ’
500 3664 521 3694 ι
551 3641 945 3696 Benedic-aluos
969 3639 1124 3704 Deus,
1154 3649 1206 3693 et
1231 3637 1544 3691 misereatur
1569 3636 1732 3690 nostri
1763 3653 1778 3688 :
1805 3636 2062 3691 illuminet

499 3737 698 3789 vultum
740 3749 889 3787 suum
936 3747 1091 3801 super
1137 3745 1262 3791 nos,
1296 3738 1352 3783 ut
1394 3742 1775 3799 cognoscamus
1826 3728 1876 3781 in
1919 3736 2059 3783 terra

499 3828 633 3882 viam
663 3835 825 3880 tuam.
856 3843 874 3876 ι
904 3824 957 3876 1η
989 3838 1086 3889 qua
1110 3821 1281 3875 terra?
1313 3839 1330 3872 ι
1361 3820 1415 3874 lu
1458 3818 1705 3873 omnibus
1739 3818 2002 3888 gentibus.
2037 3836 2055 3870 ι

497 3918 664 3982 Quam
694 3913 864 3968 viam?
898 3933 916 3963 ‹
953 3913 1195 3968 Salutare
1223 3921 1385 3963 tuum.
1428 3929 1445 3960 ι

573 4006 625 4060 6.
657 4004 813 4077 [vers.
841 4000 936 4075 4.]
974 4002 1109 4068 Quid
1162 4000 1435 4071 sequitur;
1469 3999 1587 4068 quia
1633 3999 1966 4067 cognoscitur
2009 3997 2060 4051 in

504 4107 642 4151 terra
683 4096 763 4149 via
808 4096 936 4158 Dei,
988 4096 1106 4164 quia
1162 4091 1496 4162 cognoscitur
1533 4091 1583 4144 in
1631 4091 1876 4145 omnibus
1931 4105 2062 4158 gen-

501 4187 644 4242 tibus
673 4185 902 4238 salutare
950 4185 1082 4238 Dei?
1121 4183 1466 4251 Couﬁteantur
1502 4182 1588 4234 tibi
1639 4181 1835 4252 populi,
1886 4181 2061 4243 Deus;

498 4279 836 4346 conﬁteantur
897 4276 982 4328 tibi
1016 4316 1030 4336 ,
1086 4275 1305 4341 inquit,
1378 4272 1550 4342 populi
1621 4287 1808 4324 omnes.
1872 4269 2065 4323 Existit

503 4369 808 4433 luereticus,
856 4376 908 4422 et
950 4366 1106 4428 dicit,
1149 4365 1258 4435 Ego
1299 4365 1348 4417 in
1389 4365 1559 4417 Africa
1603 4363 1824 4432 populos
1853 4361 2058 4415 habeo:

499 4472 555 4516 et
598 4461 730 4515 alius
782 4474 844 4512 ex
892 4459 990 4510 alia
1030 4465 1178 4524 parte
1211 4495 1224 4517 ,
1277 4456 1342 4508 Et
1406 4469 1504 4524 ego
1547 4455 1596 4507 in
1638 4453 1839 4508 Galatia
1897 4467 2064 4522 popu-

499 4555 584 4608 los
642 4553 829 4606 habeo.
874 4549 951 4604 Tu
1026 4549 1076 4602 in
1139 4547 1358 4610 Africa,
1416 4546 1502 4599 ille
1556 4547 1606 4598 in
1658 4543 1856 4600 Galatia
1903 4562 1915 4598 :
1966 4559 2063 4613 ego

500 4642 645 4697 illum
692 4656 868 4712 quer
911 4639 995 4710 qui
1029 4637 1218 4708 ubique
1269 4636 1442 4690 habet.
1491 4635 1646 4691 Certe
1684 4637 1747 4688 ad
1779 4637 1928 4690 istam
1965 4650 2062 4688 vos

503 4749 617 4787 cem
648 4736 911 4788 exsultare
928 4747 1022 4786 vos
1042 4731 1154 4786 ausi
1185 4729 1332 4795 estis,
1354 4727 1600 4798 quoniam
1627 4728 1865 4792 audistis,
1895 4725 2066 4795 Conﬁ-

501 4835 698 4879 tcantur
719 4829 804 4879 tibi
833 4826 1033 4895 populi,
1058 4822 1212 4876 Deus.
1241 4820 1430 4875 Audite
1468 4826 1771 4889 sequentem
1811 4834 2018 4872 versum
2045 4859 2059 4884 ,

501 4917 620 4987 quia
649 4933 752 4970 non
777 4917 842 4970 de
885 4927 1032 4985 parte
1062 4915 1290 4985 loquitur
1319 4911 1739 4979 :‘Conﬁtebantur
1765 4909 1853 4962 tibi
1893 4908 2064 4979 populi

499 5025 692 5063 omnes.
721 5008 994 5062 Ambulate
1025 5009 1076 5060 in
1107 5009 1187 5060 via
1214 5022 1333 5060 cum
1365 5003 1608 5058 omnibus
1633 5002 1873 5072 gentibus
1897 5044 1910 5066 ,
1953 5018 2066 5055 am-

423 5125 428 5132 ι
466 5083 682 5158 ἰιιιΙτιιθ
719 5100 770 5153 in
800 5099 878 5152 via
909 5115 1026 5154 cum
1071 5099 1312 5153 omnibus
1340 5097 1542 5167 populis
1565 5137 1579 5158 ,
1609 5110 1642 5150 o
1665 5094 1753 5149 filii
1783 5095 1944 5167 pacis,
1973 5093 2065 5148 lilii

501 5195 668 5250 uniete
690 5190 1004 5252 Catholiczc;
1034 5191 1294 5245 ambulate
1330 5191 1379 5244 in
1410 5189 1492 5243 via
1513 5230 1526 5253 ,
1563 5199 1770 5242 cantate
1793 5187 2068 5241 amlmlarr-

501 5299 601 5344 tes.
626 5285 847 5342 Faciunt
876 5283 976 5336 hoc
995 5283 1223 5336 viatores
1245 5283 1306 5337 ad
1335 5283 1568 5337 solamen
1599 5281 1814 5336 laboris.
1842 5280 2065 5334 Cantate

500 5398 596 5435 vos
623 5382 674 5435 in
706 5379 803 5432 hac
828 5375 944 5430 via:
986 5373 1205 5428 obsecro
1229 5391 1320 5427 vos
1348 5390 1438 5443 per
1464 5357 1629 5443 ipsam
1660 5374 1794 5427 viam
1814 5414 1828 5438 ,
1856 5381 2065 5426 cantate

498 5471 555 5528 in
587 5471 682 5525 hac
708 5469 790 5522 via
820 5485 833 5522 :
866 5468 1126 5520 canticmn
1154 5480 1344 5518 novum
1394 5473 1638 5528 cantate;
1668 5478 1823 5517 nemo
1866 5463 1934 5518 ibi
1968 5479 2066 5518 ve-

492 5573 615 5620 tera
644 5571 818 5618 cantet
846 5581 858 5614 :
887 5572 1094 5615 cantate
1140 5555 1390 5609 amatoria
1427 5554 1608 5624 patria:
1644 5563 1866 5617 vestrm;
1909 5568 2065 5609 nemo

566 5717 580 5747 '
608 5717 683 5764 ilic
713 5718 758 5764 tr.
781 5713 913 5771 Fdd.,
939 5707 1141 5764 additur,
1167 5707 1215 5759 in
1240 5707 1432 5760 veritate
1457 5719 1469 5757 :
1495 5705 1621 5770 Quod
1643 5705 1779 5754 abest
1801 5717 1828 5754 a
1855 5712 1955 5754 Mss.

565 5779 584 5808 ⁸
606 5778 678 5826 sic
701 5789 761 5829 ex
789 5782 892 5824 Mss.
913 5774 982 5838 [in
1006 5773 1118 5834 me.)

3711 303 3750 324 Ὤ

3612 332 3715 388 808

2158 457 2354 500 vetera.
2386 443 2481 496 Via
2530 457 2666 496 nova
2693 482 2708 507 ,
2764 441 2932 494 viator
2963 455 3128 496 novus
3149 481 3164 505 ,
3197 441 3460 497 canticum
3505 457 3724 498 novum.

2153 536 2288 591 Audi
2317 534 2623 604 Apostolum
2658 533 2954 587 hortantem
2988 542 3038 587 te
3077 532 3143 586 ad
3171 535 3436 588 canticum
3488 549 3678 588 novum
3707 551 3724 587 :

2155 626 2215 682 Si
2239 643 2337 696 qua
2355 626 2506 694 igitur
2521 625 2570 678 in
2586 621 2783 680 Christo
2805 641 2932 678 nova
2945 635 3196 690 creatura,
3214 635 3377 679 vetera
3400 627 3730 688 transierunt;

2155 734 2262 770 ecce
2289 721 2424 788 facta
2447 725 2560 772 sunt
2589 731 2715 768 nova
2741 714 2821 786 (ll
2851 715 2968 768 Cor.
2999 731 3051 780 ν,
3080 717 3201 786 l7).
3229 714 3505 770 Canticum
3535 733 3730 769 novum

2154 818 2360 864 cantate
2388 808 2440 862 in
2460 808 2544 861 via
2568 822 2722 875 quam
2750 807 3068 875 cognovistis
3097 807 3148 860 in
3171 816 3322 860 terra.
3347 807 3398 860 In
3420 823 3520 876 qua
3545 818 3683 862 terra
3713 808 3732 860 ἐ

2156 897 2221 951 1η
2251 897 2476 952 omnibus
2519 895 2764 966 gentibus.
2794 895 3081 964 Propterea
3131 904 3185 950 et
3223 896 3486 949 canticum
3536 913 3737 949 novunt

2157 1005 2261 1042 non
2292 989 2519 1059 pertinet
2545 987 2610 1040 ad
2645 995 2867 1055 partem.
2899 985 2996 1052 Qui
3045 985 3095 1038 in
3137 995 3289 1056 parte
3333 995 3549 1050 cantat,
3579 994 3740 1039 vetus

2157 1088 2366 1134 cantat:
2397 1077 2668 1148 quodlibet
2709 1084 2885 1130 cantet
2907 1117 2923 1143 ,
2954 1085 3101 1130 vetus
3125 1085 3304 1131 cantat
3331 1116 3347 1142 ,
3377 1088 3525 1130 vetus
3573 1076 3743 1130 homo

2157 1178 2351 1233 cantat;
2382 1168 2580 1221 divisus
2607 1174 2704 1231 est,
2730 1167 2956 1220 carnalis
2975 1175 3074 1220 est.
3099 1166 3252 1221 Certe
3269 1166 3320 1219 in
3343 1178 3598 1236 quantum
3620 1183 3744 1220 car-

2161 1258 2292 1312 nalis
2329 1267 2430 1320 est,
2462 1258 2512 1310 in
2537 1266 2739 1311 tantum
2768 1267 2936 1320 vetus,
2959 1265 3013 1311 et
3042 1257 3093 1310 in
3121 1263 3372 1326 quantum
3399 1257 3695 1327 Spiritualis
3723 1298 3740 1320 ,

2162 1355 2210 1407 in
2237 1362 2435 1414 tantum
2467 1366 2651 1406 novus.
2671 1351 2800 1405 Vide
2825 1351 2948 1420 quid
2981 1351 3121 1405 dicat
3145 1352 3428 1421 Apostolus
3453 1370 3464 1404 :
3495 1349 3618 1404 Non
3647 1368 3745 1418 po-

2159 1445 2234 1497 tui
2258 1445 2391 1497 vobis
2422 1442 2556 1514 loqui
2575 1442 2717 1512 quasi
2743 1441 3106 1511 spiritualibus,
3137 1442 3224 1494 sed
3251 1442 3396 1511 quasi
3424 1443 3746 1495 carnalibus.

2163 1533 2315 1588 Unde
2345 1533 2460 1585 illos
2490 1531 2674 1599 probat
2699 1530 2973 1584 carnales?
2999 1529 3121 1584 Cum
3141 1531 3272 1583 enim
3297 1547 3424 1582 unus
3449 1530 3590 1594 dicit,
3623 1528 3744 1600 Ego

2161 1639 2269 1674 sunt
2301 1620 2453 1674 Pauli
2472 1639 2488 1683 ;
2513 1620 2642 1673 alter
2693 1637 2827 1687 vero,
2863 1619 2970 1690 Ego
2996 1620 3179 1688 Apollo
3223 1636 3240 1672 :
3288 1636 3450 1674 nonne
3482 1662 3498 1683 ,
3532 1621 3704 1689 inquit
3725 1663 3742 1684 ,

2161 1713 2386 1766 carnales
2413 1717 2530 1767 estis
2553 1713 2595 1782 (Ι
2627 1711 2745 1766 Cor.
2775 1729 2846 1776 nt,
2886 1713 2937 1775 1,
2971 1713 3069 1784 4)?
3100 1713 3236 1782 Ergo
3276 1712 3327 1766 in
3353 1714 3540 1781 spiritu
3565 1716 3745 1767 canti-

2160 1819 2277 1857 cum
2344 1818 2535 1857 novum
2592 1813 2745 1856 canta
2793 1803 2846 1856 in
2897 1803 2978 1856 via
3033 1818 3239 1856 secura.
3298 1802 3443 1858 Sicut
3509 1805 3747 1859 viatores

2160 1904 2374 1948 cantant
2404 1937 2419 1960 ,

2161 1984 2272 2037 losa
2315 1985 2755 2052 circumstrepunt
2783 1983 2955 2038 omnia
2981 2025 2997 2051 ,
3044 1985 3126 2038 vel
3155 1986 3458 2053 potiusnon
3507 1988 3747 2040 circum-

2161 2086 2436 2146 strepunt,
2477 2078 2568 2130 sed
2611 2077 3003 2142 circumsileut;
3035 2087 3087 2131 et
3133 2088 3328 2147 quanto
3365 2080 3531 2147 magis
3577 2080 3748 2133 silen-

2163 2171 2230 2222 tia
2261 2209 2276 2234 ,
2307 2178 2452 2222 tanto
2481 2169 2645 2238 magis
2672 2168 3010 2225 formidolosa
3037 2185 3050 2233 ;
3089 2179 3304 2222 cantant
3342 2180 3514 2222 tamen
3555 2179 3611 2223 et
3649 2170 3748 2238 qui

2161 2259 2391 2312 latrones
2445 2259 2648 2312 timent.
2695 2259 2904 2326 Quanto
2962 2259 3196 2313 securius
3242 2269 3425 2313 cautas
3468 2259 3520 2313 in
3581 2261 3744 2314 Chri-

2159 2351 2274 2404 sto?
2314 2349 2426 2404 Non
2473 2349 2628 2404 habet
2670 2349 2751 2402 via
2787 2350 2884 2403 ista
2918 2349 3213 2414 latronem,
3254 2349 3300 2403 si
3344 2359 3396 2403 tu
3441 2367 3544 2403 non
3585 2351 3748 2405 dese-

2161 2441 2326 2496 rcndo
2354 2441 2488 2495 viam
2517 2441 2704 2495 incidis
2745 2441 2793 2494 in
2827 2441 3100 2495 latronem.
3136 2439 3330 2508 Canta,
3363 2443 3576 2512 inquam
3601 2485 3616 2506 ,
3642 2459 3740 2498 sc-

2158 2547 2316 2587 curus
2362 2535 2622 2586 canticum
2676 2548 2866 2585 novum
2921 2531 3086 2585 invia
3141 2549 3293 2602 quam
3345 2535 3640 2602 cognovisti
3685 2533 3745 2587 in

2160 2632 2290 2675 terra
2314 2663 2329 2687 ,
2361 2620 2462 2675 hoc
2491 2627 2572 2676 est
2615 2622 2668 2674 in
2697 2622 2924 2674 omnibus
2952 2621 3198 2691 gentibus.
3232 2621 3359 2676 Vide
3401 2623 3522 2692 quia
3567 2624 3745 2692 ipsum

2160 2714 2423 2769 canticum
2450 2728 2641 2767 novum
2680 2729 2782 2766 non
2825 2721 2997 2766 tecum
3043 2721 3221 2766 cantat
3244 2714 3331 2782 qui
3363 2713 3414 2767 ia
3444 2723 3594 2781 parte
3621 2729 3755 2771 esse

2160 2803 2346 2858 Vulull.
2375 2801 2580 2858 Cantate
2609 2845 2621 2866 ,
2650 2802 2820 2872 inquit
2848 2843 2862 2867 ,
2896 2801 3113 2856 Domino
3159 2805 3405 2856 canticum
3436 2820 3619 2858 novum
3641 2824 3661 2868 ,-
3685 2817 3747 2860 et

2160 2895 2415 2965 sequitur,
2447 2895 2652 2948 Caritate
2677 2893 2924 2958 Domino,
2957 2895 3116 2949 omnis
3147 2904 3277 2948 terra
3306 2893 3475 2967 (Psal.
3508 2911 3628 2961 xcv,
3659 2899 3744 2968 1).

2162 2985 2507 3056 Conﬁteantur
2526 2985 2610 3038 tibi
2633 2986 2826 3056 pepuli,
2855 2984 3007 3039 Deus.
3040 2985 3359 3040 invenerunt
3384 2988 3520 3041 viam
3552 2996 3695 3041 tuam
3723 3005 3742 3053 ;

2162 3077 2529 3131 confiteantur.
2561 3074 2675 3145 Ipsa
2719 3076 2952 3129 cantatio
2991 3075 3255 3130 confessio
3299 3086 3419 3140 est;
3470 3077 3747 3132 confessio

2164 3177 2496 3236 peccatorum
2533 3175 2762 3231 tuorum,
2786 3176 2838 3220 et
2852 3167 3063 3221 virtutis
3086 3168 3194 3220 Dei.
3213 3165 3378 3220 Tuam
3405 3168 3746 3238 iniquitatem

2162 3257 2434 3320 confitere,
2464 3257 2684 3326 gratiam
2710 3257 2801 3310 Dei
2822 3256 3108 3321 confitere;
3140 3265 3190 3310 te
3212 3272 3422 3324 accusa,
3454 3259 3597 3314 illum
3618 3260 3749 3330 ειυ-

2165 3347 2344 3411 ritica;
2370 3359 2420 3402 te
2448 3347 2799 3418 reprehende,
2830 3348 2975 3402 illum
3003 3348 3154 3402 lauda
3181 3366 3194 3401 :
3224 3358 3352 3404 utet
3377 3350 3488 3418 ipse
3512 3352 3746 3407 veniens

2165 3440 2390 3495 inveniat
2419 3451 2468 3494 te
2495 3440 2789 3510 punitorem
2808 3448 2976 3505 tuum,
2995 3450 3047 3493 ct
3070 3439 3320 3494 exhibeat
3349 3455 3407 3495 se
3440 3441 3531 3494 tibi
3559 3442 3745 3495 salva-

2167 3542 2330 3586 torem
2377 3542 2542 3584 tuum.
2589 3530 2720 3598 Quid
2749 3533 2890 3585 enim
2937 3531 3130 3584 timetis
3155 3529 3394 3584 confiteri
3420 3572 3434 3594 ,
3465 3531 3555 3600 qui
3587 3530 3740 3585 itm:-

2166 3623 2315 3676 nistis
2368 3622 2503 3676 hanc
2529 3621 2666 3674 viam
2696 3621 2748 3674 in
2777 3620 3022 3674 omnibus
3065 3620 3346 3690 gentibus?
3375 3621 3498 3691 quid
3541 3624 3751 3676 timetis

2165 3711 2398 3766 confiteri
2423 3752 2436 3771 .
2473 3719 2536 3763 et
2567 3712 2615 3763 in
2659 3709 2992 3764 confessione
3018 3721 3192 3764 vestra
3231 3721 3444 3765 cantare
3471 3713 3746 3766 canticum

2166 3817 2356 3855 novum
2383 3816 2502 3854 cum
2533 3801 2674 3854 omni
2704 3811 2865 3865 terra,
2891 3800 2943 3855 in
2969 3802 3110 3854 omni
3138 3809 3298 3867 terra,
3323 3802 3372 3855 in
3402 3818 3530 3872 pace
3555 3804 3750 3857 catho—

2168 3892 2309 3946 lica?
2343 3892 2592 3946 Conliteri
2624 3892 2778 3946 times
2807 3891 2913 3945 Deo
2932 3933 2947 3958 ,
2978 3908 3044 3946 ue
3068 3893 3369 3948 confessum
3395 3894 3656 3949 damnet?
3683 3896 3751 3951 Si

2168 3996 2271 4035 non
2288 3982 2558 4036 confessus
2569 3982 2700 4035 lates
2714 3982 2753 4048 ί,
2768 3981 3040 4035 confessus
3060 3981 3599 4039 damnaberis.Times
3609 4000 3713 4038 con
3725 4016 3750 4027 ο

2171 4073 2300 4125 titeri
2319 4073 2549 4140 ,quinon
2581 4070 2880 4126 confitendo
2901 4085 3019 4126 esse
3049 4087 3153 4125 non
3187 4075 3583 4141 potesoccultus
3611 4075 3750 4129 :da-

2169 4163 2431 4217 mnaberis
2467 4163 2674 4226 tacitus,
2707 4163 2795 4231 qui
2813 4176 2995 4233 posses
3025 4163 3235 4218 liberari
3253 4163 3546 4219 confessus.
3567 4167 3751 4235 Conﬁ-

2169 4263 2362 4306 teantur
2383 4253 2465 4306 tibi
2494 4253 2686 4322 populi,
2707 4252 2874 4317 Deus;
2903 4253 3240 4322 conﬁteantur
3255 4253 3340 4306 tibi
3360 4257 3532 4325 populi
3548 4273 3748 4312 euntes.

2239 4344 2289 4396 7.
2321 4342 2468 4416 [rers.
2510 4342 2588 4415 8.]
2615 4343 2682 4396 Et
2710 4344 2830 4411 quia
2860 4343 2956 4397 ista
2984 4344 3251 4399 confessio
3288 4361 3391 4399 non
3429 4345 3495 4400 ad
3534 4349 3750 4416 suppli-

2169 4434 2305 4488 cium
2333 4434 2472 4487 ducit
2496 4475 2510 4499 ,
2543 4434 2809 4502 sequitur,
2850 4443 2903 4487 et
2930 4433 3056 4488 dicit
3087 4453 3099 4488 :
3126 4432 3382 4489 Laetcntur
3421 4446 3466 4489 et
3495 4443 3750 4490 exsultent

2168 4535 2354 4598 gentes.
2400 4525 2451 4579 Si
2486 4525 2736 4594 plangunt
2759 4535 2879 4579 ante
2907 4526 3172 4581 hominem
3203 4527 3432 4581 confessi
3461 4528 3700 4582 latrones
3725 4571 3744 4594 ,

2170 4618 2413 4671 ltnlellllﬂ‘
2437 4627 2556 4670 ante
2587 4618 2745 4672 Deum
2773 4617 2998 4672 confessi
3021 4617 3217 4674 ﬁdeles.
3244 4618 3298 4674 Si
3324 4621 3481 4673 homo
3506 4622 3742 4689 iudicet,

2169 4709 2330 4778 exigit
2369 4725 2398 4762 a
2437 4709 2640 4764 latrone
2670 4709 3059 4765 confessionem
3103 4720 3271 4766 tortor
3305 4724 3358 4766 et
3400 4715 3596 4778 timor;
3629 4715 3744 4769 imo

2170 4800 2453 4870 aliquando
2481 4801 2861 4855 confessionem
2891 4801 3080 4870 premit
3111 4805 3298 4868 timor,
3343 4804 3504 4872 exigit
3531 4804 3688 4858 dolor
3723 4823 3738 4858 :
3802 4792 3808 4800 ’

2171 4901 2224 4946 et
2254 4892 2340 4946 ille
2364 4891 2452 4960 qui
2485 4891 2682 4962 plangit
2722 4893 2771 4945 in
2810 4893 3115 4959 tormentis,
3160 4894 3309 4947 timet
3345 4903 3522 4947 autem
3569 4897 3745 4950 ονε-ιιιί

2170 4981 2461 5049 confessus,
2495 4992 2666 5050 portat
2690 4993 2947 5036 tormenta
2974 4992 3224 5052 quantum
3253 4993 3462 5053 potest;
3494 4995 3549 5039 et
3585 4987 3630 5038 si
3659 4988 3746 5038 vi-

2171 5083 2286 5128 ctus
2315 5073 2498 5126 dolore
2528 5073 2720 5138 fuerit,
2753 5059 2949 5144 profert
2988 5074 3052 5128 ad
3095 5085 3317 5129 mortem
3349 5092 3535 5130 vocem
3564 5094 3738 5129 suam.

2172 5165 2439 5234 Nusquam
2469 5179 2596 5233 ergo
2624 5165 2794 5228 laetus,
2826 5180 3084 5234 nusquam
3112 5167 3378 5220 exsultans
3411 5185 3424 5218 :
3452 5179 3741 5236 antequam

2175 5259 2523 5321 confiteatur,
2572 5267 2751 5310 exarat
2794 5258 3020 5326 ungula;
3064 5271 3182 5313 cum
3226 5259 3498 5313 confessus
3543 5260 3726 5323 fuerit,

2173 5349 2475 5403 damnatum
2502 5347 2728 5402 carnifex
2750 5347 2893 5401 ducit
2926 5366 2938 5400 :
2970 5350 3129 5402 miser
3156 5350 3343 5418 ubique
3366 5352 3408 5405 ¹.
3437 5351 3538 5404 Sed
3568 5353 3750 5404 (teten-

2175 5452 2255 5495 tur
2279 5450 2325 5493 et
2353 5439 2594 5493 exsultent
2621 5449 2807 5509 gentes.
2853 5437 3038 5494 Unde?
3088 5441 3189 5495 Per
3231 5441 3397 5510 ipsam
3441 5442 3742 5496 coafessio-

2175 5549 2317 5588 nem.
2347 5531 2557 5600 Quare?
2585 5530 2715 5595 Quia
2745 5530 2913 5584 bonus
2938 5541 3020 5586 est
3044 5533 3126 5587 cui
3152 5534 3468 5587 confitentur
3501 5553 3514 5586 :
3545 5533 3611 5587 ad
3642 5518 3747 5586 Hoc

2203 5647 2254 5754 δι
2277 5643 2412 5754 ιῗιιιὶί
2434 5653 2525 5690 non
2555 5642 2792 5703 confessus
2823 5641 3144 5694 damnaberis.
3189 5650 3440 5708 Expunge,
3478 5657 3587 5704 non,
3615 5649 3746 5715 quod

2238 5720 2296 5754 es
2335 5719 2387 5753 a.
2418 5717 2482 5753 ss.

2174 5717 2314 5755 abest
2335 5719 2362 5753 a
2379 5717 2412 5751 .\l
2418 5717 2482 5753 SS.

2241 5771 2259 5798 ²
2280 5769 2351 5815 Sic
2371 5763 2474 5814 Mss.
2496 5772 2550 5814 Αι
2563 5763 2672 5812 ωδ.
2689 5799 2704 5826 ,
2721 5764 2915 5815 damma
2929 5765 3163 5830 carnifex,
3180 5765 3367 5816 ducitur
3383 5766 3530 5818 miser
3549 5769 3736 5831 ubique.

2491 1903 2545 1949 ct
2598 1894 2903 1964 plerumque
2964 1901 3118 1948 noete
3169 1906 3400 1948 cantant.
3459 1893 3749 1950 Formido-
3841 1896 3853 1906 '
