4022 6200
319 321 422 377 869

310 437 474 508 exigit
499 433 906 494 confessionem,
933 442 990 485 ut
1022 413 1208 484 liberet
1240 428 1522 489 humilem;
1551 427 1615 480 ad
1646 427 1746 480 hoc
1773 424 1868 477 da-

310 538 459 583 tanat
482 543 589 580 non
608 523 974 586 conﬁtentem,
1004 532 1057 574 ut
1080 518 1581 590 puniatsuperhnm.
1610 517 1748 586 Ergo
1776 515 1871 569 tri-

311 622 406 674 stis
431 627 543 672 esto
563 606 839 686 antequam
862 614 1190 676 conﬁtearis;
1219 610 1490 664 confessus
1513 607 1739 672 cxsulta,
1764 606 1874 675 jam

311 711 599 766 sanaberis.
629 707 963 762 Conscientia
1001 715 1083 758 tua
1112 706 1128 736 ί
1161 703 1360 758 saniem
1387 703 1707 772 collegerat,
1736 714 1871 770 apo-

310 814 477 856 stema
509 807 790 863 tumuerat,
821 796 1184 859 cruciabatte,
1214 793 1549 862 requiescere
1577 807 1682 846 non
1723 792 1867 846 sine-

311 894 400 948 bat
443 911 456 946 :
499 891 712 946 adhibet
759 889 995 943 medicus
1046 886 1276 940 fornenta
1326 885 1632 949 verborum,
1678 892 1730 936 et
1774 880 1872 935 ali-

309 983 517 1055 quando
531 991 670 1037 secat
687 998 702 1046 ;
720 981 929 1034 adhibet
945 976 1252 1032 medicinale
1263 976 1454 1029 ferrum
1473 975 1526 1028 in
1541 974 1871 1055 correptione

307 1073 660 1130 tribulationis
687 1081 773 1124 :tu
802 1083 1027 1140 agnosce
1059 1067 1246 1122 medici
1271 1081 1520 1130 manum;
1571 1047 1825 1120 conﬁtere
1851 1106 1866 1130 ,

305 1176 460 1224 exeat
497 1171 545 1223 in
591 1169 926 1224 confessione
964 1179 1016 1223 et
1057 1168 1254 1220 tlcllttal.
1296 1166 1467 1220 omnis
1511 1165 1688 1218 sanies
1717 1179 1729 1214 :
1757 1161 1867 1230 jam

305 1263 506 1317 exsulta
530 1303 543 1322 ,
567 1262 674 1328 jam
702 1261 911 1323 Izetare;
942 1259 1079 1327 quod
1106 1260 1366 1324 reliquum
1407 1266 1488 1311 cs‘t
1516 1255 1667 1310 facile
1710 1267 1867 1305 sana-

311 1355 468 1406 bitur.
491 1349 835 1420 Conﬁteantur
863 1350 950 1403 tibi
975 1351 1150 1419 populi
1173 1392 1188 1415 ,
1219 1343 1388 1409 Deus;
1414 1348 1742 1415 confiteantur
1781 1340 1868 1394 tibi

307 1446 481 1514 populi
520 1461 706 1497 names.
737 1444 799 1496 Et
836 1443 954 1510 quia
981 1443 1300 1494 confitentur
1325 1482 1338 1500 ,
1368 1440 1597 1492 (tutentur
1626 1447 1672 1490 et
1701 1434 1868 1488 exsul-

301 1548 402 1592 tent
429 1547 629 1605 gentes;
656 1535 888 1605 quoniam
907 1534 1105 1602 judico:
1128 1531 1339 1601 populos
1358 1531 1408 1583 in
1431 1529 1676 1600 trquitate.
1699 1523 1865 1580 Nemo

308 1639 356 1683 tc
399 1628 567 1680 fallit:
596 1624 818 1694 gntnleat
851 1622 1196 1694 judicandns,
1258 1620 1347 1690 qui
1388 1619 1561 1673 timuit
1597 1617 1864 1687 judicatu-

304 1736 439 1773 rmu.
471 1717 712 1772 Prmvidit
737 1717 900 1780 enim,
933 1723 982 1768 ct
1012 1713 1268 1782 praevenit
1293 1710 1481 1765 faciem
1508 1709 1622 1778 ejus
1651 1709 1703 1761 in
1733 1721 1862 1761 con-

303 1813 526 1868 fessione
551 1810 717 1881 (I’sal.
745 1825 880 1871 xcw,
907 1804 978 1878 ‘2)
1013 1825 1023 1860 :
1057 1807 1143 1861 ille
1169 1815 1340 1859 autem
1369 1819 1489 1857 cmn
1516 1802 1737 1862 venerit,
1764 1815 1861 1868 po-

301 1906 452 1976 pulos
482 1905 530 1956 in
563 1903 810 1972 :rquitate
831 1899 1108 1970 judicabit.
1137 1897 1271 1963 Quid
1293 1896 1361 1950 ibi
1386 1894 1580 1950 valebit
1605 1891 1862 1947 calliditas

297 1998 642 2059 accusatoris,
674 1996 759 2048 ubi
787 2004 865 2049 est
888 1995 1043 2048 testis
1076 1990 1399 2047 conscientia
1422 2031 1435 2055 ,
1467 1988 1555 2042 ubi
1597 1997 1649 2041 tu
1679 1986 1783 2041 eris
1808 1994 1862 2040 et

297 2105 452 2143 causa
484 2098 566 2142 tua
587 2131 601 2152 ,
631 2087 718 2141 ubi
741 2086 899 2156 judcx
928 2100 1030 2138 non
1059 2083 1250 2154 quaerit
1277 2081 1504 2137 testem?
1534 2079 1858 2134 Advocatum

296 2179 438 2232 misit
471 2178 558 2232 tibi
593 2193 606 2229 :
638 2183 852 2246 propter
874 2175 1040 2239 illum,
1071 2182 1124 2227 et
1157 2188 1250 2242 per
1271 2172 1415 2225 illum
1437 2171 1728 2233 conﬁtere;
1763 2175 1859 2238 age

293 2281 508 2322 causam
540 2277 678 2320 tuam
701 2308 715 2332 ,
745 2275 800 2320 et
827 2265 1077 2319 defensor
1106 2273 1186 2319 est
1216 2262 1520 2332 pmnitentis
1543 2303 1557 2324 ,
1586 2270 1639 2315 ct
1667 2261 1860 2330 petitor

280 2361 462 2414 ‘venice
491 2357 792 2413 conﬁtentis
815 2398 829 2420 ,
873 2367 926 2412 et
949 2355 1110 2424 judex
1159 2353 1473 2409 innocentis.
1509 2353 1644 2407 Vere
1672 2352 1858 2404 timere

293 2452 497 2520 poteris
535 2463 747 2503 Causam
777 2458 938 2511 tuam,
972 2446 1058 2500 ubi
1107 2446 1392 2499 advocatus
1418 2452 1538 2498 tuus
1567 2443 1667 2497 erit
1698 2441 1857 2510 judex

289 2543 456 2598 tuus?
489 2541 736 2596 Lwtentnr
757 2557 881 2610 ergo
903 2583 917 2606 ,
948 2550 993 2592 et
1019 2539 1264 2594 exsultent
1288 2547 1488 2608 gentes;
1517 2536 1750 2604 quoniam
1767 2535 1858 2603 ju-

289 2635 430 2688 dicas
455 2634 664 2704 populos
684 2633 734 2684 in
755 2633 999 2699 wquitate.
1025 2629 1129 2685 Sed
1152 2630 1337 2684 timere
1360 2635 1606 2696 pOtcrunt
1631 2641 1696 2680 ne
1721 2625 1856 2678 male

287 2726 588 2795 iudicentur
621 2743 633 2776 :
667 2723 791 2776 dent
821 2737 878 2776 sc
904 2721 1265 2790 corrigendos,
1294 2719 1420 2773 dent
1453 2734 1510 2772 sc
1551 2716 1856 2787 dirigendos

276 2809 334 2873 ‘e'i
364 2817 456 2886 qui
484 2815 622 2868 videt
646 2813 978 2883 judicandos.
1019 2811 1115 2865 llic
1144 2809 1504 2878 corrigantur,
1556 2815 1610 2861 ct
1651 2821 1754 2859 non
1786 2807 1855 2859 ti—

288 2915 470 2963 meant
515 2923 635 2961 cum
673 2905 1068 2975 judicabantur.
1116 2901 1247 2955 Vide
1297 2899 1420 2969 quid
1468 2898 1609 2952 dicat
1651 2897 1701 2950 in
1751 2897 1854 2952 alio

286 3001 493 3069 psalmo
527 3017 538 3052 :
572 2995 726 3064 Dens,
748 2997 800 3050 in
831 2996 1028 3049 nomine
1048 3004 1132 3047 tuo
1160 2993 1350 3047 salvum
1380 3007 1458 3045 me
1481 2991 1582 3059 fac,
1611 2998 1654 3042 et
1680 2988 1732 3041 in
1756 2988 1856 3041 vir-

287 3098 392 3143 tute
424 3099 506 3142 tua
521 3087 698 3158 judica
731 3103 809 3140 me
838 3085 1004 3158 (Psal.
1033 3099 1145 3149 Litt,
1169 3084 1243 3153 ὅ).
1268 3081 1400 3150 Quid
1429 3081 1537 3135 ait?
1560 3081 1616 3136 Si
1643 3095 1748 3134 non
1770 3095 1856 3135 me

286 3183 436 3252 prius
471 3182 642 3235 salvas
679 3181 730 3234 in
776 3181 986 3234 nomine
1017 3187 1138 3242 tuo,
1181 3177 1349 3232 debeo
1392 3177 1578 3230 timere
1617 3190 1736 3228 cum
1765 3187 1854 3228 me

285 3271 626 3343 judicahis‘in
659 3270 850 3324 virtute
879 3280 965 3322 tua
998 3287 1010 3320 :
1040 3268 1084 3322 si
1111 3276 1284 3322 autem
1313 3282 1395 3320 mc
1424 3265 1566 3336 prius
1594 3265 1771 3320 salvas
1798 3265 1854 3319 in

285 3366 500 3419 nomine
529 3373 636 3428 tuo,
667 3363 791 3431 quid
821 3362 1016 3416 timebo
1038 3356 1359 3430 judicantem
1386 3359 1439 3412 in
1465 3359 1675 3423 virtute,
1703 3358 1853 3426 cujus

285 3457 433 3510 salus
461 3455 727 3525 praecessit
768 3455 819 3508 in
846 3452 1098 3507 nomine?
1122 3451 1208 3506 Sic
1235 3451 1392 3505 etiam
1421 3451 1521 3503 hoc
1549 3449 1683 3511 loco,
1717 3447 1849 3501 Con-

286 3549 525 3616 ﬁteantur
564 3547 650 3600 tibi
688 3545 861 3615 papuli
888 3561 1075 3598 omnes.
1120 3544 1190 3598 Et
1238 3558 1302 3597 ne
1327 3542 1523 3612 putetis
1551 3539 1744 3610 aliquid
1783 3541 1850 3592 ti-

282 3640 533 3692 mendum
562 3639 613 3691 in
638 3637 990 3697 confessione,
1016 3635 1293 3697 Lwtentur,
1320 3635 1506 3702 inquit,
1533 3643 1578 3686 et
1604 3632 1851 3686 exsultent

282 3741 474 3802 gentes.
507 3730 680 3795 Quare
701 3769 714 3791 ,
749 3728 978 3780 ltetentnr
1004 3738 1050 3779 et
1073 3727 1363 3781 exsultent?
1387 3727 1636 3792 Quoniam
1648 3725 1852 3794 judicas

283 3823 504 3894 populus
530 3821 580 3873 in
619 3820 865 3888 tvquitate.
896 3819 1061 3872 Nemo
1090 3827 1275 3871 contra
1301 3831 1400 3870 uos
1427 3817 1697 3884 praemium
1723 3815 1848 3878 dat,

283 3931 448 3970 nemo
475 3921 525 3966 te
560 3912 868 3979 corrumpit,
895 3925 1052 3963 nemo
1078 3917 1129 3963 te
1170 3908 1318 3961 fallit.
1348 3909 1484 3977 Ergo
1510 3923 1727 3961 securus
1756 3908 1849 3961 sis.

283 4003 394 4061 Sed
415 4002 535 4072 quid
553 4002 617 4056 de
633 4017 787 4056 causa
813 4010 893 4054 tua
916 3999 939 4052 ?
964 3998 1130 4054 Nemo
1149 3997 1440 4066 corrumpit
1458 3997 1619 4050 Deum
1641 4013 1655 4063 ;
1687 3997 1854 4050 mani-

284 4097 480 4152 festum
510 4102 590 4148 est
620 4111 632 4147 :
666 4108 732 4147 ne
758 4091 892 4146 forte
920 4091 1038 4145 ideo
1078 4090 1245 4160 magis
1281 4087 1548 4142 timendus
1585 4087 1689 4152 sit,
1729 4088 1850 4158 quia

282 4185 555 4254 corrumpi
586 4184 730 4237 tmllo
752 4182 909 4236 modo
942 4191 1132 4251 potest.
1165 4179 1445 4248 Quomodo.
1472 4193 1598 4248 ergo
1633 4193 1849 4232 securus

283 4295 344 4335 es
367 4279 391 4332 ?
418 4278 713 4332 Secundum
745 4273 870 4329 illud
909 4273 1049 4344 quod
1085 4273 1191 4342 jam
1221 4271 1417 4325 dicltnn
1449 4279 1529 4324 est
1560 4287 1572 4322 :
1605 4269 1758 4329 Deus,
1799 4269 1852 4322 in

283 4371 490 4425 nomine
515 4380 596 4422 tuo
621 4369 813 4421 salvum
839 4383 916 4419 me
943 4367 1023 4433 [ac
1042 4407 1057 4429 ,
1085 4374 1130 4416 tt
1155 4365 1206 4416 in
1235 4365 1412 4417 virtute
1435 4371 1519 4414 tua
1542 4362 1722 4431 judica
1757 4378 1850 4413 me.

281 4463 374 4518 Sic
405 4471 457 4517 et
483 4461 565 4515 hic
599 4479 610 4514 :
641 4459 891 4513 Lwtentttr
916 4467 960 4510 et
979 4458 1224 4510 exsultent
1249 4465 1433 4524 gentes,
1463 4453 1696 4521 (maniam
1710 4451 1854 4520 judi-

283 4571 373 4607 eas
400 4552 610 4622 papulas
639 4551 690 4604 in
730 4550 977 4619 a'quitate.
1012 4547 1074 4600 Et
1105 4562 1169 4599 ne
1198 4545 1415 4598 timeant
1439 4543 1600 4613 iniqui
1630 4585 1644 4608 ,
1686 4543 1857 4610 subje-

283 4647 360 4700 cit
392 4663 406 4697 :
439 4643 503 4696 Et
532 4652 698 4713 gentes
724 4642 774 4694 in
805 4652 935 4693 terra
960 4638 1134 4708 dirigis
1159 4639 1200 4688 '.
1230 4635 1410 4690 Pravcc
1453 4643 1605 4688 erant
1641 4643 1852 4703 gentes,

283 4746 341 4792 ct
375 4745 621 4789 tortuose
641 4743 791 4787 erant.
815 4741 1017 4800 gentes,
1042 4744 1308 4798 perversa:
1329 4736 1480 4781 erant
1504 4737 1720 4795 gentes;
1746 4741 1857 4780 mc-

285 4827 394 4880 rito
429 4824 696 4894 pravitatis
726 4833 780 4877 et
817 4821 1151 4874 distorsionis
1175 4828 1228 4873 et
1254 4818 1613 4887 perversitatis
1644 4833 1752 4870 sua:
1772 4817 1857 4886 ju-

285 4921 464 4972 dlCCtIl
494 4915 789 4968 venientem
818 4911 1069 4965 timebant
1102 4927 1115 4960 :
1148 4910 1291 4962 venit
1316 4923 1501 4960 manus
1532 4907 1695 4975 ipsius
1717 4949 1731 4972 ,
1760 4922 1856 4960 cx-
1935 4931 1946 4953 ι

286 5019 437 5065 tenta
485 5014 566 5060 est
612 5002 1022 5057 misericorditer
1065 5001 1115 5054 in
1161 4999 1418 5070 populos;
1459 4998 1758 5068 diriguntur
1801 5009 1860 5053 ut

287 5097 783 5152 τιῐῐιὺυιοηῐτοοιαιη
816 5093 950 5143 viam
983 5108 998 5146 :
1029 5089 1152 5159 quid
1183 5091 1402 5143 timeant
1428 5099 1704 5142 venturum
1737 5091 1757 5120 ³
1781 5090 1862 5158 ju-

284 5193 488 5248 dicent,
521 5186 609 5255 qui
645 5185 814 5254 primo
838 5193 1164 5254 agnoverunt
1190 5183 1590 5236 correctorem?
1621 5182 1860 5236 Manibus

285 5283 410 5350 ejus
441 5277 567 5332 dent
611 5291 703 5339 sc;
749 5276 860 5344 ipse
902 5283 1082 5344 gentes
1125 5273 1174 5325 in
1216 5284 1354 5326 terra
1393 5272 1592 5341 dirigit.
1637 5273 1860 5326 Directa:

286 5385 474 5427 autem
504 5379 708 5438 gentes,
732 5367 1060 5420 ambulantes
1086 5364 1136 5418 in
1169 5363 1288 5428 ﬁde,
1317 5365 1642 5418 exsultantes
1665 5364 1714 5416 in
1745 5365 1856 5431 illo,

358 5505 373 5536 ι
400 5504 477 5566 sic
607 5497 840 5547 Fdd.vcro
853 5504 978 5566 _:..\'.on
987 5493 1246 5566 conﬁtentis
1256 5493 1540 5545 conscientia
1550 5495 1751 5566 sordem.
1764 5506 1859 5546 etc.

354 5569 375 5599 ²
403 5563 628 5624 Plerique
661 5569 794 5618 Mss.,
828 5558 1038 5622 diriges,
1076 5558 1234 5608 luturo
1269 5565 1512 5619 tempore,
1542 5558 1681 5620 juxta
1712 5565 1860 5609 Graec.

291 5636 594 5748 "animum
616 5690 741 5748 uss,
783 5688 1030 5744 velatarum
1060 5687 1288 5732 rectomr
1313 5678 1520 5742 iudicem
1545 5692 1562 5730 :
1592 5679 1717 5732 forte

295 5746 782 5808 rectoruntjudicem.

607 5836 875 5894 PATROL.
914 5838 1196 5900 XXXVI.

1757 5693 1858 5744 Pro:

1326 309 1712 365 ENARRATIO
1751 307 1812 362 IN
1856 305 2170 361 PSAIMUM
2211 305 2389 361 LXVI.

3438 310 3542 376 81-0

1981 420 2231 476 facientes
2253 436 2412 491 opera
2441 421 2574 474 bona
2607 437 2621 482 ;
2655 430 2706 475 et
2734 421 2778 473 si
2813 435 2914 490 qua
2949 424 3080 476 forte
3103 462 3117 486 ,
3161 424 3407 492 quoniam
3445 442 3539 495 per

1979 528 2124 566 mare
2153 513 2434 580 navigant,
2473 512 2630 566 intrat
2654 528 2788 581 aqua
2816 528 2913 582 per
2939 509 3317 570 minutissimas
3348 533 3535 572 caver-

1976 619 2092 667 nas,
2123 619 2216 672 per
2241 603 2455 657 rimulas
2481 605 2546 657 ad
2575 604 2833 657 sentinam
2859 647 2873 670 ,
2903 604 3270 659 exhauriendo
3293 624 3408 663 eam
3440 625 3537 679 per

1977 711 2134 764 opera
2163 695 2318 758 bona,
2349 712 2415 750 nc
2441 695 2555 764 plus
2581 696 2823 750 intrando
2850 697 3115 750 eumulam
3146 698 3316 761 faciat,
3361 710 3415 754 et
3441 717 3536 756 na-

1973 801 2090 840 vcm
2136 786 2424 855 deprimat;
2470 787 2830 840 exhauriendo
2861 789 2877 818 ί
2905 787 3168 856 quotidie,
3212 789 3536 858 jejunando,

1973 874 2194 938 orando,
2225 877 2588 946 elceumsynas
2621 877 2858 932 faciendo
2881 918 2896 942 ,
2931 877 3156 932 dicendo
3182 894 3314 947 puro
3342 882 3536 949 corde,

1980 968 2188 1022 Dimitte
2214 968 2354 1023 nobis
2373 969 2534 1022 debita
2559 979 2745 1033 nostra,
2775 971 2901 1023 sicut
2929 980 2973 1022 et
2999 987 3088 1024 nos
3117 971 3408 1026 dimittimus
3448 973 3538 1027 de.

1973 1057 2210 1110 bitat-ibus
2238 1060 2420 1112 nostris
2443 1053 2652 1128 (Matth.
2678 1075 2753 1124 vi,
2779 1059 2866 1128 l9.)
2892 1077 2904 1111 :
2929 1060 3152 1115 dicendo
3180 1062 3295 1122 ista,
3327 1063 3535 1119 ambula

1949 1162 2188 1202 securus
2213 1191 2228 1214 ,
2263 1157 2315 1203 et
2341 1153 2542 1204 cxsulta
2572 1148 2622 1202 in
2649 1151 2728 1201 via
2757 1190 2770 1212 ,
2813 1160 2963 1202 canta
2995 1151 3047 1203 in
3075 1153 3178 1205 via.
3206 1151 3320 1205 Noli
3351 1153 3539 1209 timere

1966 1239 2234 1306 judicem;
2283 1250 2568 1307 antequam
2610 1247 2756 1293 esScs
2805 1239 2992 1304 ﬁdelis,
3035 1241 3277 1296 invenisti
3305 1244 3537 1297 salvato—

1969 1347 2082 1385 rem
2113 1330 2155 1383 ³.
2188 1332 2406 1400 lmpium
2440 1341 2489 1385 te
2516 1332 2756 1400 qumsivit
2783 1340 2837 1383 ut
2865 1331 3174 1395 redimeret;
3203 1333 3536 1404 redemptum

1969 1424 2179 1479 deseret
2206 1433 2262 1477 ut
2291 1423 2518 1492 perdat?
2546 1422 2613 1475 Et
2641 1433 2806 1493 gentes
2829 1423 2880 1474 in
2907 1431 3037 1475 terra
3063 1423 3257 1492 dirigis.

2039 1515 2091 1568 8.
2123 1512 2272 1586 [vers.
2311 1514 2364 1578 6,
2398 1513 2476 1586 7.]
2509 1513 2768 1575 Exsultat,
2799 1512 3009 1581 gaudet.
3044 1511 3313 1577 hortatur,
3343 1515 3536 1582 repetit

1967 1604 2182 1659 eosdem
2222 1619 2406 1660 versus
2437 1593 2487 1658 in
2523 1604 2910 1658 exhortatione.
2959 1603 3302 1672 Conﬁteantur
3328 1607 3416 1660 tibi
3445 1623 3536 1672 pa-

1967 1696 2093 1764 puli,
2127 1694 2307 1758 Deus;
2330 1698 2664 1762 conﬁteantur
2692 1693 2777 1746 tibi
2805 1695 2979 1762 populi
3001 1711 3165 1748 omnes
3195 1711 3214 1748 :
3239 1705 3369 1750 terra
3398 1696 3536 1750 dedit

1951 1817 1956 1820 -
1967 1785 2182 1853 fructum
2209 1803 2376 1841 suum.
2421 1787 2588 1852 Quem
2635 1786 2860 1839 fructum
2881 1784 2902 1836 ?
2927 1783 3274 1848 Conﬁteantur
3315 1788 3403 1841 tibi
3432 1805 3529 1855 po-

1966 1878 2075 1946 puli
2116 1895 2304 1932 omnes.
2352 1879 2518 1933 Terra
2561 1886 2711 1941 erat;
2757 1879 2920 1946 spinis
2950 1878 3100 1947 plena
3132 1888 3245 1932 erat
3273 1896 3286 1932 :
3314 1880 3536 1934 accessit

1965 1969 2280 2024 eradicantis
2310 1985 2518 2032 manus,
2543 1968 2767 2023 accessit
2792 1969 2997 2022 vocatio
3027 1968 3315 2037 majesratis
3341 1969 3454 2039 ejus
3481 1981 3536 2024 et

1957 2059 2380 2123 misericordias;
2428 2059 2590 2127 coepit
2630 2066 2771 2112 terra
2815 2057 3077 2122 conﬁteri,
3111 2059 3220 2126 jam
3264 2058 3353 2112 dat
3396 2069 3535 2114 terra

1965 2147 2190 2203 fructum
2220 2164 2394 2203 suum.
2424 2150 2582 2203 Daret
2625 2150 2845 2203 fructum
2875 2163 3063 2212 suum,
3111 2149 3208 2202 nisi
3247 2159 3370 2204 ante
3393 2166 3533 2205 com~

1964 2241 2272 2308 plueretur?
2298 2241 2450 2296 daret
2475 2250 2618 2295 terra
2642 2239 2870 2295 fructum
2896 2256 3073 2303 suum,
3098 2241 3197 2295 nisi
3226 2249 3351 2312 ante
3378 2241 3533 2297 misc-

1963 2330 2189 2385 ricordia
2233 2331 2322 2388 Dei
2353 2333 2554 2386 veniret
2581 2331 2855 2399 desuper?
2883 2331 3083 2399 chant
3124 2330 3250 2384 mihi
3278 2373 3292 2396 ,
3337 2331 3530 2400 inquis.

1961 2419 2104 2487 quod
2146 2421 2409 2490 compluta
2458 2419 2664 2474 dederit
2710 2427 2848 2473 terra
2901 2419 3129 2476 fructum
3175 2435 3348 2473 suum.
3398 2421 3535 2476 Audi

1962 2510 2353 2580 compluentem
2401 2511 2684 2566 Dominum
2717 2529 2728 2564 :
2760 2511 2905 2580 Agite
2929 2512 3307 2579 paenitentiam;
3348 2527 3535 2581 appro-

1962 2603 2216 2672 pinquavit
2239 2604 2370 2657 enim
2399 2620 2608 2672 regnum
2633 2603 2873 2656 calorum
2905 2601 3014 2674 (Id.
3055 2617 3133 2667 ιιι,
3163 2601 3242 2672 9.).
3269 2602 3411 2656 Pluit
3431 2643 3448 2670 ,
3474 2613 3529 2657 et

1961 2694 2075 2768 ipsa
2108 2697 2279 2766 pluvia
2322 2696 2549 2749 tonitrus
2575 2706 2685 2760 est;
2733 2704 2897 2749 terret
2928 2713 2940 2747 :
2973 2692 3102 2748 time
3142 2702 3409 2748 tonantem
3433 2735 3450 2761 ,
3478 2706 3534 2751 et

1960 2790 2146 2858 excipe
2170 2788 2458 2858 plucntem.
2488 2787 2628 2842 Ecce
2659 2796 2777 2857 post
2817 2787 2958 2840 illam
3001 2800 3184 2840 vocem
3215 2787 3446 2840 tonantis
3471 2795 3528 2842 et

1959 2881 2193 2950 pluentis
2222 2880 2350 2938 Dei:
2385 2887 2502 2949 post
2524 2879 2662 2932 illam
2696 2893 2876 2933 vocem
2897 2877 3093 2946 aliquid
3121 2877 3186 2931 de
3217 2877 3331 2948 ipso
3357 2878 3528 2932 Evan-

1957 2974 2096 3042 gelio
2125 2972 2418 3028 videamus.
2452 2972 2590 3027 Ecce
2621 2971 2709 3026 illa
2747 2957 3007 3026 'meretrix
3033 3011 3047 3034 ,
3094 2970 3284 3024 malam
3330 2969 3527 3025 famam

1955 3063 2162 3119 habens
2185 3064 2238 3117 iu
2263 3064 2496 3130 civitate,
2524 3062 2712 3132 irrupit
2737 3063 2787 3114 in
2815 3061 3038 3117 alienam
3060 3061 3274 3114 domum
3296 3075 3400 3131 quo
3421 3062 3527 3114 nbn

1956 3165 2072 3211 erat
2101 3155 2317 3209 invitata
2345 3154 2412 3209 ab
2443 3153 2669 3222 hospite,
2701 3151 2793 3207 sed
2821 3152 2888 3207 ab
2926 3152 3144 3206 invitato
3174 3159 3388 3216 vocata;
3419 3165 3527 3228 non

1959 3245 2155 3316 lingua,
2182 3245 2272 3299 sed
2300 3244 2485 3315 gratia.
2512 3243 2738 3298 Noverat
2762 3257 2901 3313 mgra
2930 3241 3125 3297 habere
3147 3241 3214 3296 ibi
3235 3257 3295 3297 se
3319 3241 3518 3306 locum,

1959 3335 2045 3389 ubi
2077 3335 2338 3389 medicum
2371 3349 2522 3388 suum
2550 3332 2884 3389 discumbere
2910 3332 3132 3387 sciebat.
3174 3331 3413 3400 lngrcssa
3445 3340 3529 3387 est

1956 3441 2075 3495 qua:
2103 3435 2214 3479 erat
2243 3425 2538 3494 peccatrix;
2567 3439 2672 3477 non
2698 3422 2858 3477 audet
2895 3422 3149 3477 accedere
3177 3423 3280 3476 nisi
3319 3421 3384 3475 ad
3427 3436 3525 3490 pe-

1955 3517 2050 3572 des
2082 3535 2093 3569 :
2125 3515 2217 3570 llet
2239 3515 2304 3568 ad
2343 3514 2524 3583 pedes,
2555 3514 2736 3582 irrigat
2767 3513 3035 3582 lacrymis,
3070 3513 3225 3581 tergit
3248 3512 3484 3566 crinibus
3508 3552 3524 3575 ,

1956 3609 2138 3673 ungttit
2159 3614 2425 3674 unguento
2442 3603 2590 3674 (an.
2605 3620 2697 3668 vn,
2713 3603 2800 3663 37.
2824 3602 3077 3672 38).Quid
3099 3603 3347 3657 miraris?
3369 3600 3526 3656 Terra

1944 3697 2083 3750 dedit
2109 3701 2327 3766 fructum
2352 3712 2517 3748 suum.
2549 3695 2688 3764 Ergo
2720 3694 2820 3748 hoc
2843 3694 3037 3748 factum
3069 3704 3169 3755 est,
3201 3695 3269 3748 ibi
3313 3694 3528 3763 pluente

1959 3789 2184 3841 Domino
2234 3803 2326 3856 per
2366 3803 2427 3842 os
2467 3803 2660 3848 Sllttm;
2702 3785 2838 3840 facta
2880 3797 3003 3840 sunt
3045 3803 3164 3856 qua:
3209 3788 3430 3857 legimus
3471 3789 3524 3844 in

1957 3880 2241 3949 Evangelia
2273 3896 2287 3933 :
2317 3895 2421 3948 quo
2450 3880 2668 3949 pluente
2694 3893 2790 3948 per
2813 3879 2979 3932 nubes
3003 3893 3143 3941 suas,
3176 3879 3350 3934 missis
3381 3881 3524 3950 Apo-

1956 3971 2108 4024 stoiis
2126 4011 2141 4034 ,
2169 3980 2223 4025 et
2249 3969 2657 4040 praedicantibus
2683 3970 2956 4024 veritatem
2978 4011 2993 4035 ,
3025 3979 3159 4024 terra
3184 3971 3409 4041 amplius
3438 3972 3527 4025 de-

1957 4065 2031 4116 dit
2052 4067 2266 4132 fructum
2291 4077 2467 4126 suum;
2507 4071 2560 4116 ct
2587 4060 2684 4114 ista
2722 4075 2874 4130 seges
2909 4060 3019 4130 jam
3067 4061 3525 4131 implevitorbem

1958 4163 2234 4208 terrarum.

2027 4245 2078 4299 9.
2110 4242 2257 4316 [vers.
2289 4240 2367 4314 8.]
2405 4240 2535 4296 Vide
2577 4241 2698 4310 quid
2739 4239 2930 4296 deinde
2977 4241 3182 4296 dicatur
3213 4260 3226 4296 :
3258 4241 3526 4300 Benedicat

1958 4350 2048 4390 nos
2077 4334 2232 4399 Deus,
2265 4332 2399 4386 Deus
2424 4341 2626 4396 noster;
2653 4331 2908 4386 benedicat
2930 4348 3022 4389 nos
3045 4333 3202 4388 Deus.
3229 4333 3518 4394 Benedicat,

1957 4423 2214 4492 sicutjam
2245 4423 2352 4477 dixi
2375 4423 2565 4493 ;e_tiam
2591 4430 2750 4492 atque
2778 4424 2932 4477 etiam
2960 4425 3256 4489 benedicat,
3281 4425 3528 4494 multipli-

1957 4527 2042 4571 cct
2071 4515 2450 4570 benedicendo.
2485 4515 2737 4570 Attendat
2778 4515 3020 4570 Charitas
3062 4515 3248 4584 Vestra
3273 4517 3521 4584 quoniam
3573 4537 3578 4542 ν

1955 4607 2062 4676 jam
2095 4607 2361 4674 praecessit
2387 4606 2586 4660 fructus
2617 4615 2772 4660 terra:
2800 4606 2851 4659 in
2875 4605 3187 4666 Jerusalem.
3232 4604 3356 4662 Inde
3383 4606 3524 4662 enim

1959 4699 2118 4768 etrapit
2141 4699 2376 4752 Ecclesia
2411 4716 2424 4752 :
2456 4699 2601 4752 venit
2628 4699 2697 4752 ibi
2727 4697 2954 4767 Spiritus
2979 4678 3228 4760 sanctus,
3253 4706 3306 4752 et
3336 4698 3526 4768 imple-

1960 4791 2035 4842 vit
2053 4797 2262 4850 sanctos
2283 4789 2333 4842 in
2354 4805 2516 4843 unum
2537 4799 2883 4858 congregatos
2909 4804 2924 4852 ;
2950 4786 3088 4842 facta
3108 4796 3231 4842 sunt
3253 4788 3526 4855 miracula,

1964 4880 2152 4948 linguis
2193 4881 2427 4933 omnium
2470 4879 2634 4934 locuti
2676 4887 2802 4932 sunt
2833 4877 2964 4948 (Act.
3013 4895 3089 4943 ιι,
3142 4878 3278 4949 Μ).
3322 4879 3527 4948 impleti

1961 4982 2084 5026 sunt
2108 4970 2304 5040 Spiritu
2331 4971 2444 5035 Dei,
2473 4969 2718 5024 conversi
2748 4978 2869 5023 sunt
2894 4970 2981 5038 qui
3014 4970 3082 5026 ibi
3111 4978 3296 5030 erant;-
3332 4971 3524 5024 timen-

1967 5071 2080 5123 tes,
2128 5070 2182 5115 ct
2223 5061 2569 5129 suscipientes
2613 5059 2835 5113 imbrem
2866 5059 3099 5114 divinum
3126 5101 3143 5125 ,
3188 5059 3447 5124 dederunt
3473 5061 3525 5114 in

1963 5152 2291 5206 confessione
2328 5161 2529 5204 tantum
2571 5148 2795 5203 fructum
2817 5190 2833 5215 ,
2863 5159 2919 5203 ut
2943 5150 3119 5204 omnia
3159 5164 3252 5203 sua
3295 5150 3346 5203 in
3381 5165 3526 5203 com-

1965 5257 2124 5296 mune
2147 5241 2466 5304 conferrent,
2495 5241 2873 5296 distribuentes
2903 5243 3252 5311 pauperibus;
3288 5252 3345 5294 ut
3369 5256 3526 5295 nemo

1963 5331 2164 5386 diceret
2184 5331 2376 5400 aliquid
2405 5331 2674 5401 proprium
2694 5371 2709 5394 ,
2737 5331 2830 5385 sed
2851 5342 3032 5386 essent
3058 5331 3160 5385 illis
3180 5331 3354 5384 omnia
3378 5344 3523 5382 com-

1965 5421 2161 5487 munia,
2195 5431 2249 5476 et
2283 5421 2537 5476 haberent
2567 5421 2793 5476 animam
2834 5437 2992 5477 unam
3031 5431 3084 5477 et
3127 5437 3218 5476 cor
3260 5434 3419 5473 unum
3470 5417 3527 5473 in

2030 5617 2045 5680 ξ
2067 5621 2139 5680 ετ.
2163 5621 2213 5663 et
2229 5615 2362 5677 pauci
2499 5614 2592 5672 hic,
2616 5599 2919 5666 exhauriant.
2998 5671 3020 5680 ,
3047 5673 3056 5680 ,
3091 5672 3120 5680 ,,
3213 5669 3224 5680 .

1977 5737 1988 5748 .
2028 5678 2049 5707 ³
2071 5679 2144 5744 sjc
2167 5671 2354 5748 uss".__st
2373 5677 2505 5748 tfdd_.:
2541 5671 2800 5741 Antequam
2839 5689 2963 5727 esses
2984 5671 3160 5738 ﬁdelis,
3187 5671 3419 5732 timebas;
3439 5673 3522 5723 sed

1962 5737 2068 5803 jam
2090 5737 2302 5788 inrenisti
2323 5737 2637 5788 salvatorem.

2760 5817 3193 5901 [νίψαι-εει]
