4022 6200
503 244 596 297 RH

507 357 673 411 Deum
701 357 833 424 (Act.
867 371 935 418 ιγ,
966 355 1077 421 52).
1114 354 1346 408 Donatus
1385 354 1525 406 enim
1560 355 1662 408 illis
1701 363 1812 406 erat
1857 349 2070 418 sanguis

508 449 713 502 Domini
745 463 900 517 quem
932 448 1211 506 fuderant;
1240 445 1464 497 donatus
1494 458 1606 499 erat
1634 445 1937 514 ignoscente
1967 441 2070 492 llu-

501 545 668 606 mino,
701 551 755 593 ιιι
776 540 884 608 jam
914 539 1053 608 quod
1088 539 1330 592 fuderant
1363 541 1520 591 etiam
1563 539 1743 591 bibere
1781 536 2070 589 discerent.

504 635 718 702 Magnus
744 632 813 685 ibi
845 631 1046 686 fructus
1078 649 1090 684 :
1125 643 1258 685 terra
1284 632 1421 683 dedit
1451 634 1670 700 fructum
1695 644 1858 691 suum,
1884 635 1937 679 et
1962 640 2074 678 ma-

501 741 659 791 gnum
697 723 922 778 fructum
945 765 958 786 ,
991 733 1044 776 et
1069 725 1325 792 optiunnn
1359 723 1606 775 fructum.
1639 717 1900 789 Numquid
1933 726 2070 770 terra

501 817 589 869 illa
616 816 725 870 Sola
769 817 950 870 debuit
988 815 1115 869 dare
1158 814 1382 868 fructum
1429 813 1628 866 suum?
1677 810 1944 864 Benedicat
1983 825 2073 861 nos

499 908 665 972 'Deus,
700 907 830 960 Deus
852 919 1053 970 noster;
1075 907 1326 960 benedicat
1352 922 1441 958 nos
1464 904 1616 957 Deus.
1646 903 1830 955 Adhuc
1852 897 2070 954 benedi-

460 1009 465 1014 '
500 1011 620 1062 rat;
651 999 949 1052 benedictio
977 999 1116 1051 enim
1140 998 1190 1050 in
1213 995 1657 1064 multiplicatione
1679 993 1814 1046 solet
1841 990 2070 1044 maxime

501 1101 553 1142 ct
584 1090 791 1158 pmprie
833 1089 1072 1156 intelligi.
1113 1088 1406 1141 Probemus
1450 1085 1550 1139 huc
1589 1085 1638 1138 in
1681 1082 1875 1138 Genesi
1909 1099 1921 1134 :
1952 1081 2072 1135 vide

497 1197 659 1249 opera
694 1181 805 1233 Dei.
849 1180 995 1233 Fecit
1025 1179 1161 1232 Deus
1193 1179 1397 1239 lucem;
1443 1187 1496 1231 et
1531 1176 1709 1230 divisit
1753 1176 1893 1228 Deus
1933 1174 2071 1227 inter

500 1275 693 1337 lucem,
725 1282 779 1326 et
805 1273 1050 1326 tenebras
1083 1289 1096 1324 :
1129 1270 1296 1323 lucem
1326 1270 1525 1323 vocavit
1551 1269 1712 1328 diem,
1744 1276 1799 1321 et
1825 1265 2070 1320 tenebras

499 1366 705 1420 vocavit
735 1374 962 1418 noctem.
1009 1363 1122 1417 Non
1167 1363 1362 1416 dictum
1391 1372 1506 1427 cst,
1553 1360 1831 1416 Benedixit
1871 1359 2067 1414 lucem.

502 1456 706 1509 litenim
735 1457 918 1509 eadem
952 1455 1036 1508 lux
1064 1453 1198 1507 redit
1225 1462 1279 1507 et
1309 1453 1534 1507 alternat
1573 1451 1762 1505 diebus
1802 1465 1866 1505 ac
1895 1449 2067 1504 nocti—

499 1548 618 1602 bus.
671 1547 891 1601 Vocavit
936 1546 1129 1600 cmlum
1187 1548 1575 1599 firmamentum
1629 1546 1766 1598 inter
1809 1558 1972 1613 aquas
2014 1551 2069 1597 ct

492 1653 701 1706 aquas:
737 1653 840 1690 non
868 1637 1064 1690 dictum
1106 1646 1218 1702 est,
1251 1635 1528 1690 Benedixit
1562 1635 1776 1690 caelum.
1811 1635 2068 1690 Discrevit

497 1743 645 1782 mare
674 1728 740 1782 ab
771 1728 936 1788 arida,
964 1736 1017 1781 et
1045 1727 1336 1780 nominavit
1365 1737 1680 1794 utrumque;
1704 1724 1928 1789 aridam,
1961 1734 2069 1778 ter-

484 1831 608 1870 ram
634 1859 649 1881 ,
694 1827 748 1871 et
785 1817 1246 1886 congregationem
1285 1831 1574 1885 aquarum,
1616 1830 1761 1872 mare
1794 1831 1806 1866 :
1847 1829 1944 1869 nec
1984 1814 2068 1868 hic

417 1895 424 1904 ’
493 1911 691 1964 dictum
723 1919 805 1965 est
828 1953 842 1976 ,
881 1910 1158 1964 Benedixit
1189 1909 1348 1962 Deus.
1391 1907 1616 1961 Ventum
1645 1915 1726 1960 est
1759 1905 1824 1958 ad
1856 1921 1916 1959 ea
1947 1921 2066 1974 qua:

479 2000 832 2054 {ecunditatis
867 2000 1107 2053 habitura
1148 2009 1298 2054 erant
1336 2011 1552 2058 semen,
1593 2005 1646 2050 et
1675 2012 1738 2050 ex
1773 1997 1925 2065 aquis
1949 1996 2065 2050 exi-

485 2092 707 2144 stentia.
735 2091 854 2158 Ipsa
889 2091 1028 2144 enim
1057 2089 1340 2143 maximam
1373 2088 1820 2158 multiplicationis
1847 2087 2064 2142 uberta-

479 2192 601 2235 tem
632 2182 862 2245 habent;
908 2191 963 2235 et
1002 2180 1269 2235 benedixit
1298 2195 1358 2235 ea
1396 2179 1652 2234 Dominus
1685 2178 1868 2234 dicens
1901 2197 1915 2209 -
1940 2178 2062 2233 Cre-

483 2273 634 2337 scite,
676 2282 722 2326 et
746 2273 1185 2340 multiplicamini,
1215 2281 1259 2325 et
1286 2272 1471 2342 replete
1493 2288 1649 2340 aquas
1677 2273 1866 2334 maris;
1899 2282 1944 2324 et
1974 2288 2062 2325 vo-

483 2364 653 2416 latilia
677 2363 1068 2432 multiplicemur
1105 2379 1258 2432 super
1283 2374 1486 2415 terram.
1518 2363 1606 2416 Sic
1643 2371 1698 2416 et
1737 2377 1857 2416 cum
1887 2362 2062 2416 omnia

486 2456 714 2524 subjecit
746 2455 964 2518 homini,
993 2471 1148 2525 quem
1173 2455 1297 2509 fecit
1324 2455 1387 2509 ad
1419 2455 1696 2523 imaginem
1726 2469 1897 2518 suam,
1928 2455 2060 2509 scri-

490 2557 634 2614 ptum
669 2556 786 2600 est:
824 2545 888 2598 Et
929 2545 1177 2599 benedixit
1223 2562 1306 2598 eos
1351 2544 1490 2598 Deus
1525 2545 1693 2599 dicens
1725 2543 1982 2598 :Crescite
2015 2555 2062 2598 et

484 2635 916 2706 multiplicamini,
954 2646 1000 2688 et
1030 2636 1231 2704 implete
1259 2635 1439 2704 faciem
1473 2645 1618 2688 terra:
1645 2632 1790 2704 (Gen,
1824 2635 1884 2703 ι).
1921 2633 2061 2704 Ergo

486 2727 788 2781 benedictio
832 2729 1040 2797 proprie
1077 2727 1143 2781 ad
1185 2726 1673 2795 multiplicatiouem
1714 2724 1882 2791 valet,
1911 2735 1967 2780 et
1994 2725 2060 2780 ad

487 2817 806 2884 implendam
854 2818 1042 2872 faciem
1089 2827 1263 2872 teme.
1309 2817 1443 2871 Audi
1484 2826 1538 2871 et
1581 2816 1631 2870 in
1668 2817 1769 2870 hoc
1807 2817 2010 2886 psalmo
2043 2834 2056 2870 :

488 2908 754 2962 llenedicat
784 2927 873 2962 nos
903 2908 1070 2973 Deus,
1101 2908 1240 2963 Deus
1265 2920 1467 2973 noster;
1497 2909 1752 2962 benedicat
1779 2925 1868 2962 nos
1900 2908 2056 2963 Deus.

487 3002 555 3056 Et
579 3017 684 3071 quo
710 3003 847 3056 valet
880 3004 976 3056 ista
1009 3002 1306 3057 benedictio
1333 3002 1356 3055 ?
1401 3003 1464 3054 Et
1495 3013 1713 3056 metuant
1739 3020 1851 3056 eum
1888 3020 2058 3058 omnes

486 3093 609 3156 ﬂues
636 3101 799 3144 terraz.
834 3091 990 3160 Ergo,
1028 3092 1214 3146 fratres
1245 3093 1367 3153 mei,
1411 3094 1487 3145 sic
1515 3092 1847 3146 abundanter
1871 3095 1924 3147 in
1957 3109 2056 3147 no-

487 3183 627 3236 mine
659 3182 855 3236 Christi
903 3183 1174 3238 benedixit
1215 3198 1313 3238 uos
1356 3185 1524 3248 Deus,
1571 3194 1628 3238 ut
1665 3185 1782 3239 filiis
1811 3187 1928 3242 suis
1951 3184 2056 3240 im-

487 3272 626 3340 pleat
665 3274 962 3329 universam
1002 3274 1190 3329 faciem
1233 3283 1422 3339 terrae,
1454 3275 1716 3345 adoptatis
1747 3278 1797 3330 in
1833 3292 2053 3348 regnum

483 3380 636 3419 suum
665 3364 1032 3420 colueredibus
1064 3364 1326 3436 Unigeniti
1368 3367 1470 3420 sui.
1505 3366 1725 3422 Unicum
1755 3369 1973 3438 genuit,
2003 3378 2058 3425 et

485 3471 646 3510 unum
673 3471 792 3511 esse
834 3457 1000 3510 noluit
1033 3475 1045 3510 :
1079 3457 1288 3511 unicum
1316 3457 1515 3526 genuit,
1548 3459 1781 3527 inquam,
1809 3470 1862 3514 et
1893 3475 2054 3514 unum

482 3565 602 3602 cum
629 3547 798 3601 noluit
824 3562 1120 3601 remanere.
1171 3547 1318 3604 Fecit
1353 3547 1401 3602 ei
1437 3548 1658 3614 fratres;
1700 3549 1800 3604 etsi
1842 3567 1944 3605 non
1971 3553 2054 3621 gi-
2121 3597 2132 3603 .

481 3637 691 3706 gnendo
714 3679 728 3703 ,
760 3647 934 3692 tamen
959 3637 1260 3706 adoptando
1303 3637 1427 3692 fecit
1453 3638 1501 3691 ei
1543 3638 1869 3694 coltmredes.
1908 3639 2055 3696 Fecit

485 3746 602 3784 rum
635 3730 943 3799 participem
974 3730 1120 3798 prius
1149 3731 1482 3784 mortalitatis
1522 3738 1718 3785 nostra:
1738 3773 1753 3797 ,
1782 3739 1838 3785 ut
1865 3733 2051 3788 crede-

485 3837 662 3874 remus
691 3835 786 3874 nos
813 3835 932 3875 esse
961 3835 1116 3890 posse
1143 3821 1424 3890 participes
1451 3819 1740 3877 divinitatis
1774 3825 1909 3893 ejus.

554 3913 641 3965 10.
673 3912 1020 3967 Attendamus
1067 3913 1290 3982 pretium
1341 3924 1598 3967 nostrum.
1636 3914 1889 3971 Pmdicta
1932 3928 2054 3972 sunt

485 4004 655 4057 omnia
682 4044 696 4068 ,
724 4003 1040 4058 exhibentur
1068 4004 1241 4058 omnia
1263 4045 1278 4068 ,
1309 4005 1347 4058 it
1374 4004 1711 4075 Evangelium
1754 4023 1848 4075 per
1871 4009 2050 4064 orbem

483 4106 738 4148 terrarum
774 4113 786 4147 :
819 4096 991 4149 omnis
1029 4095 1177 4149 labor
1213 4096 1427 4150 humani
1470 4099 1678 4166 generis
1706 4097 1756 4151 in
1789 4099 1889 4154 hoc
1917 4110 2052 4153 tem-

485 4201 612 4254 pore
635 4185 990 4239 testimonium
1012 4187 1158 4246 dicit.
1185 4187 1467 4256 implentur
1491 4191 1666 4242 omnia
1694 4205 1811 4259 qua:
1839 4191 1888 4244 in
1913 4191 2052 4246 Seri-

481 4279 647 4349 pturis
676 4276 922 4347 prmdicta
948 4287 1089 4331 sunt.
1114 4277 1262 4332 Sicut
1285 4295 1453 4348 usque
1479 4279 1545 4334 ad
1575 4271 1885 4335 hodiernum
1911 4282 2050 4336 diem

479 4373 656 4428 oumia
699 4380 1032 4433 evenerunt,
1062 4370 1142 4424 sic
1179 4381 1232 4424 ct
1259 4387 1375 4440 qua:
1403 4382 1604 4427 restant
1628 4384 1879 4428 eventura
1908 4383 2049 4429 sunt.

479 4463 781 4518 'I‘in'tcamus
818 4461 1000 4532 judicii
1039 4461 1213 4524 diem;
1255 4471 1504 4516 venturus
1545 4473 1628 4518 est
1660 4464 1928 4519 Dominus.
1951 4465 2050 4532 Qui

480 4556 623 4608 venit
649 4554 898 4619 humilis,
927 4553 1104 4609 veniet
1132 4552 1404 4618 excelsus;
1430 4554 1518 4622 qui
1549 4556 1692 4608 venit
1711 4554 2048 4624 judicandus,

482 4645 1024 4713 venietjudicaturus.
1057 4645 1420 4714 [ignoscamus
1453 4644 1722 4710 humilem,
1755 4655 1812 4699 ut
1833 4661 1934 4701 non
1960 4663 2051 4700 ex-

485 4749 823 4801 pavescamus
864 4737 1170 4800 excelsum;
1215 4734 1600 4804 amplectamur
1654 4734 1941 4801 humilem,
1997 4746 2051 4790 ut

483 4823 849 4880 desideremus
875 4827 1167 4882 excelsum.
1196 4824 1625 4880 Desiderantibus
1649 4825 1790 4880 enim
1815 4841 1892 4888 se,
1925 4842 2048 4896 pro-

487 4915 647 4985 pitius
673 4916 865 4969 veniet.
895 4917 971 4971 llli
1008 4934 1128 4972 eum
1156 4915 1462 4972 desiderant
1489 4915 1576 4985 qui
1604 4916 1868 4969 tenuerint
1893 4916 2048 4971 fidem

481 5007 616 5076 ejus,
649 5016 702 5059 et
731 5007 947 5061 fecerint
988 5008 1233 5062 mandata
1277 5008 1410 5078 ejus.
1453 5005 1584 5060 Nam
1627 5006 1728 5060 etsi
1769 5006 2046 5072 nolumus,

483 5099 677 5155 veniet.
708 5097 940 5152 Velimus
963 5115 1089 5168 ergo
1118 5100 1310 5160 veniat.
1339 5101 1426 5169 qui
1453 5100 1629 5154 veniet
1655 5099 1753 5153 etsi
1784 5100 2047 5154 nolumus.

482 5189 758 5259 Quomodo
799 5189 1023 5244 velimus
1065 5201 1121 5244 ut
1171 5192 1381 5245 veniat?
1422 5192 1566 5247 Bene
1609 5191 1867 5260 vivendo,
1916 5193 2051 5247 bene

482 5282 708 5356 agendo.
741 5279 1010 5334 Practerita
1043 5297 1146 5333 non
1179 5295 1275 5335 nos
1304 5281 1603 5349 delectent,
1637 5286 1915 5352 prarseutia
1943 5300 2048 5337 non

483 5391 582 5430 nos
609 5380 849 5436 teneant;
878 5385 944 5425 ne
969 5371 1273 5425 claudamus
1301 5388 1480 5426 aurem
1505 5383 1753 5442 tauquam
1774 5374 1840 5429 de
1859 5377 2046 5436 cauda.

482 5482 546 5521 ne
575 5480 872 5536 premamus
912 5477 1094 5516 aurem
1145 5461 1195 5513 in
1243 5470 1380 5515 terra
1413 5462 1522 5531 (a);
1554 5479 1618 5517 ne
1646 5465 1924 5531 praeteritis
1966 5483 2056 5522 re-

481 5556 751 5611 tardcmur
775 5555 841 5608 ab
868 5551 1128 5607 audiendo
1148 5591 1163 5614 ,
1196 5565 1262 5604 ne
1290 5552 1633 5618 praesentibus
1665 5553 1991 5621 implicemur
2017 5571 2046 5609 a

542 5684 622 5750 (Δ)
650 5684 748 5734 vid.
773 5690 910 5736 Enar.
933 5685 983 5733 in
1009 5679 1124 5731 Psal.
1148 5694 1258 5742 .Lvu,
1279 5692 1326 5728 ιι.
1354 5679 1398 5728 7.

1735 237 1790 290 5.
1835 232 2193 290 AUGUSTI.“
2236 232 2527 290 EPISCOPI

3638 249 3744 308 8i!

2182 346 2354 402 futura
2398 349 2700 405 meditando
2722 352 2774 416 ¹;
2801 353 3147 408 extendamus
3177 371 3272 412 nos
3299 358 3349 411 in
3379 374 3442 414 ea
3469 375 3588 431 qua:
3623 374 3744 418 ante

2178 448 2320 503 sunt,
2345 439 2713 520 obliviscamur
2732 446 2993 513 pra-terita
3017 446 3271 516 (Philipp.
3288 465 3364 529 In,
3391 453 3503 520 15).
3520 454 3585 507 Et
3603 455 3744 524 quod

2179 529 2339 582 modo
2368 530 2663 584 laboramus
2686 573 2701 598 ,
2732 533 2872 602 quod
2909 537 3065 590 modo
3091 540 3351 606 gemimus
3374 581 3388 600 ,
3415 544 3556 611 quod
3587 544 3750 597 modo

2178 620 2528 688 suspiramus,
2555 624 2693 691 quod
2717 624 2872 678 modo
2899 626 3179 695 loquimur,
3208 631 3346 698 quod
3373 646 3437 685 ex
3467 633 3749 700 quantula-

2177 726 2401 781 cumque
2442 723 2588 781 parte
2630 715 2919 782 sentimus,
2963 728 3017 772 et
3044 734 3234 786 capere
3277 737 3380 774 non
3427 736 3748 790 possumus,

2177 803 2465 870 capiemus.
2498 805 2826 872 perfruemur
2852 808 2901 860 in
2927 812 3312 865 resurrectione
3330 812 3615 880 justorum.
3642 814 3750 868 Re-

2178 893 2458 948 novabitur
2475 895 2725 964 juventus
2746 906 2924 950 nostra
2951 899 3086 953 sicut
3113 901 3299 969 aquila:
3327 902 3496 972 (Psal.
3523 919 3614 964 cu.
3648 903 3706 975 5)
3730 922 3747 968 ;

2178 985 2542 1040 tantummodo
2565 1003 2661 1041 nos
2684 998 2996 1043 vetustatem
3024 1001 3254 1044 nostram
3277 992 3340 1044 ad
3365 1001 3568 1060 petram
3593 993 3752 1047 Chri-

2176 1085 2312 1128 stum
2349 1085 2688 1131 conteramus
2725 1079 2745 1149 (
2771 1077 2911 1132 Psal.
2942 1095 3153 1145 cxxxvt,
3185 1081 3248 1148 9,
3279 1093 3325 1135 et
3354 1081 3511 1137 lCor.
3551 1100 3618 1149 ι,
3645 1086 3681 1139 4
3707 1087 3747 1154 ).

2174 1165 2298 1222 Sive
2325 1168 2410 1222 illa
2437 1185 2558 1223 vera
2588 1170 2714 1235 sint,
2740 1170 2948 1237 fratres,
2979 1187 3095 1241 qum
3123 1172 3367 1228 dicuntur
3385 1174 3451 1228 de
3471 1186 3748 1246 serpente,

2173 1259 2257 1312 vel
2279 1274 2395 1327 qua:
2423 1259 2670 1314 dicuntur
2691 1259 2758 1315 de
2781 1262 2974 1330 aquila,
2999 1263 3112 1317 sive
3132 1263 3199 1316 sit
3223 1263 3355 1317 fama
3376 1265 3550 1332 potius
3576 1266 3751 1320 homi-

2175 1363 2300 1401 num
2330 1363 2485 1418 quam
2512 1350 2735 1414 veritas;
2757 1352 2951 1406 veritas
2975 1361 3058 1406 est
3077 1361 3250 1407 tamen
3279 1353 3329 1408 in
3355 1353 3668 1424 Scripturis,
3695 1366 3751 1410 et

2173 1453 2278 1492 non
2308 1439 2422 1494 sine
2441 1455 2596 1494 causa
2625 1440 2723 1494 hoc
2745 1440 2994 1496 dixerunt
3018 1442 3303 1514 Scriptum
3329 1462 3343 1500 :
3369 1461 3467 1500 nos
3487 1446 3747 1517 quidquid

2172 1526 2302 1580 illud
2332 1528 2590 1598 signiﬁcat
2615 1528 2884 1594 faciamus,
2911 1544 2963 1586 et
2987 1547 3143 1602 quam
3169 1533 3238 1588 sit
3263 1534 3392 1602 illud
3421 1550 3608 1590 verum
3634 1552 3744 1591 non

2171 1615 2491 1672 laboremus.
2529 1618 2609 1673 Tu
2649 1629 2766 1675 esto
2812 1620 2963 1686 talis,
3012 1631 3069 1675 ut
3106 1623 3355 1692 juventus
3380 1634 3468 1680 tua
3495 1630 3745 1682 renOvari

2172 1708 2340 1776 possit
2365 1708 2496 1762 sicut
2527 1711 2738 1779 aquilm.
2762 1709 2829 1764 Et
2849 1711 2984 1766 scias
3013 1729 3131 1767 eam
3159 1729 3262 1768 non
3291 1731 3445 1784 posse
3467 1721 3744 1781 renovari,

2171 1799 2272 1852 nisi
2303 1809 2541 1855 vetustas
2581 1811 2664 1854 tua
2693 1802 2744 1856 in
2772 1811 2918 1871 petra
2945 1805 3170 1859 contrita
3199 1803 3391 1860 fuerit:
3416 1807 3467 1861 id
3494 1819 3575 1864 est
3593 1850 3608 1874 ,
3641 1810 3745 1864 nisi

2170 1891 2369 1945 auxilio
2392 1901 2555 1960 petrtr
2573 1932 2587 1955 ,
2619 1893 2716 1946 nisi
2742 1893 2942 1948 auxilio
2971 1893 3162 1951 Christi
3185 1939 3199 1960 ,
3227 1912 3330 1951 non
3361 1900 3554 1967 pateris
3577 1915 3734 1956 reno-

2171 1982 2302 2035 vari.
2332 1981 2409 2035 Tu
2441 1983 2546 2036 noli
2590 1983 2867 2040 dulcedine
2911 1988 3188 2055 prarteritre
3215 1990 3333 2044 vita:
3359 1990 3744 2048 obsurdescere

2167 2070 2420 2126 adversus
2445 2073 2663 2128 verbum
2697 2075 2786 2129 Dei
2814 2093 2827 2130 :
2856 2078 2962 2130 noli
2995 2071 3341 2147 przcsentibus
3364 2083 3528 2138 rebus
3557 2086 3636 2141 sic
3667 2096 3750 2143 te-

2168 2162 2283 2216 neri
2312 2171 2365 2216 et
2390 2163 2651 2232 impediri,
2673 2173 2729 2219 ut
2751 2165 2915 2230 dicas,
2933 2167 3046 2222 Non
3071 2170 3197 2223 mihi
3227 2181 3378 2231 vacat
3402 2173 3604 2244 legere,
3636 2194 3737 2233 non

2169 2254 2296 2336 mihi
2328 2267 2479 2309 vacat
2506 2257 2710 2311 audire.
2741 2257 2851 2312 lloc
2879 2274 3062 2314 aurem
3105 2277 3347 2329 premere
3388 2264 3439 2318 in
3472 2275 3615 2322 terra
3639 2279 3739 2325 est.

2167 2342 2243 2396 Tu
2269 2359 2396 2414 ergo
2424 2346 2541 2400 talis
2570 2348 2676 2401 noli
2702 2363 2858 2403 esse:
2884 2350 2978 2404 sed
3003 2359 3117 2406 esto
3145 2353 3263 2406 talis
3285 2355 3423 2432 quod
3450 2369 3639 2413 contra
3661 2362 3740 2415 in-

2165 2439 2333 2504 venis,
2367 2439 2418 2493 id
2447 2452 2546 2503 est.
2573 2450 2628 2495 ut
2653 2443 2918 2511 przcterita
2945 2445 3291 2510 obliviscaris.
3320 2449 3370 2502 in
3395 2453 3664 2508 anteriora
3690 2465 3742 2511 te

2165 2532 2449 2596 extendas;
2495 2543 2550 2588 ut
2580 2543 2893 2590 vetustatem
2929 2547 3069 2590 tuam
3111 2538 3163 2592 in
3206 2549 3350 2608 petra
3380 2551 3648 2600 conteras.
3677 2547 3743 2602 Et

2163 2625 2207 2678 si
2237 2640 2354 2693 qua:
2383 2625 2474 2678 tibi
2502 2625 2872 2682 similitudines
2894 2627 3032 2681 data:
3063 2627 3258 2683 fuerint
3282 2647 3297 2696 ;
3325 2632 3369 2685 si
3400 2633 3670 2690 inveneris
3691 2639 3740 2693 in

2163 2716 2468 2786 Scripturis,
2495 2718 2653 2774 crede
2679 2737 2691 2772 :
2716 2719 2768 2794 si
2786 2734 2889 2774 non
2913 2719 3174 2775 inveneris
3195 2722 3298 2776 dici
3330 2724 3429 2778 uisi
3453 2725 3618 2793 fama,
3643 2745 3749 2784 nec

2162 2805 2317 2861 valde
2343 2807 2547 2862 credas.
2576 2807 2682 2864 Res
2705 2809 2814 2878 ipsa
2851 2810 2982 2863 forte
3018 2811 3086 2862 ita
3119 2821 3219 2875 cst,
3253 2812 3389 2868 forte
3414 2829 3620 2872 nonest
3647 2820 3736 2873 ita.

2163 2897 2238 2952 Tu
2272 2901 2494 2968 prolice;
2521 2901 2610 2954 tibi
2638 2902 2810 2955 valeat
2829 2901 2892 2954 ad
2917 2901 3138 2955 salutem
3167 2904 3263 2958 ista
3286 2907 3598 2963 similitudo.
3621 2909 3735 2966 Non

2160 2991 2240 3044 vis
2267 3007 2363 3062 per
2390 2993 2542 3046 istam
2565 2993 3006 3048 similitudinem?
3034 2997 3133 3051 l‘er
3158 2997 3316 3051 aliam
3348 2999 3428 3053 fac
3449 3042 3464 3062 ,
3494 3001 3621 3056 dum
3655 3013 3735 3057 ta-

2161 3099 2281 3138 men
2311 3084 2502 3149 facias;
2526 3094 2579 3139 et
2605 3101 2824 3140 securus
2849 3100 3096 3156 exSpccta
3123 3106 3343 3160 regnum
3368 3092 3480 3158 Dei,
3506 3109 3574 3147 ne
3598 3095 3738 3150 rixe-

2161 3185 2248 3228 tur
2276 3186 2448 3229 tecmu
2492 3177 2662 3230 oratio
2695 3188 2800 3231 tua.
2828 3177 2905 3232 Tu
2933 3179 3074 3234 enim
3099 3223 3114 3246 ,
3159 3181 3480 3248 Christiane,
3525 3188 3738 3256 quando

2159 3265 2310 3331 dicis,
2346 3265 2520 3320 Veniat
2540 3285 2745 3338 regnum
2770 3279 2928 3332 tuum,
2957 3271 3224 3340 quomodo
3252 3273 3407 3338 dicis,
3444 3273 3623 3330 Veniat
3649 3295 3732 3331 re-

2159 3373 2312 3426 gnum
2335 3365 2473 3409 tuum
2497 3357 2707 3426 (Matth.
2738 3375 2811 3425 vt,
2846 3360 2978 3430 10)?
3004 3361 3205 3416 Excute
3231 3378 3324 3417 cor
3356 3374 3499 3419 tuum
3529 3383 3542 3419 :
3575 3368 3734 3431 vide;

2159 3461 2315 3514 ecce,
2353 3445 2530 3500 Veniat
2557 3465 2765 3519 regnum
2806 3461 2967 3504 mutu.
2996 3453 3200 3508 Clamat
3239 3455 3365 3520 tibi,
3397 3453 3558 3511 Venio
3584 3475 3598 3511 :
3624 3475 3738 3514 non

2160 3538 2349 3592 times?
2374 3538 2528 3608 Smpe
2555 3540 2790 3595 diximus
2818 3542 3075 3597 Charitati
3101 3544 3302 3599 Vestrae
3328 3563 3340 3600 :
3365 3557 3417 3601 et
3443 3548 3740 3616 prtediCarc

2157 3631 2432 3683 veritatem
2462 3631 2589 3684 nihil
2617 3642 2731 3695 est,
2765 3632 2810 3685 si
2845 3648 2937 3687 cor
2965 3649 2993 3687 a
3024 3635 3196 3705 lingua
3225 3635 3501 3690 dissentiat
3523 3653 3537 3703 ;
3558 3650 3617 3694 et
3639 3655 3740 3694 au-

2157 3719 2272 3774 dire
2299 3721 2575 3775 veritatem
2612 3722 2744 3776 nihil
2784 3732 2897 3789 est,
2930 3725 2974 3778 si
3019 3740 3123 3779 non
3171 3728 3494 3784 auditionem
3534 3729 3737 3787 fructus

2157 3820 2428 3880 sequatur.
2460 3811 2532 3865 De
2569 3812 2669 3865 isto
2692 3812 2809 3866 loco
2838 3814 2987 3882 quasi
3030 3815 3338 3871 sublimiore
3379 3819 3644 3888 loquimur
3665 3823 3738 3876 ad

2156 3915 2252 3954 vos
2282 3919 2294 3955 :
2322 3917 2476 3970 quam
2507 3902 2674 3958 simus
2698 3914 2873 3958 autem
2907 3905 3096 3962 timore
3133 3908 3231 3962 sub
3275 3908 3499 3978 pedibus
3540 3915 3741 3969 vestris

2158 3989 2298 4045 Deus
2326 3993 2567 4057 noverit,
2597 3994 2684 4062 qui
2729 3995 2983 4064 propitius
3014 3996 3071 4051 fit
3099 3997 3413 4067 humilibus;
3457 4004 3580 4072 quia
3626 4021 3739 4060 non

2157 4096 2254 4134 nos
2302 4091 2404 4134 tam
2443 4082 2707 4138 delectant
2734 4100 2893 4140 voces
2924 4087 3280 4156 laudantium,
3321 4108 3478 4162 quant
3521 4096 3741 4151 devotio

2155 4171 2516 4225 confitentium
2547 4184 2601 4227 et
2628 4173 2768 4230 facta
2794 4173 3080 4232 rectorum.
3106 4179 3172 4233 Et
3190 4197 3346 4250 quam
3372 4199 3474 4238 non
3499 4185 3742 4244 delecte-

2156 4277 2278 4315 mur
2307 4264 2405 4316 nisi
2438 4264 2762 4332 profectibus
2792 4269 3013 4337 vestris,
3058 4271 3109 4325 in
3148 4273 3260 4327 istis
3282 4284 3459 4331 autem
3487 4277 3742 4336 laudibus

2154 4370 2310 4423 quam
2344 4357 2719 4425 periclitemur,
2750 4359 2836 4416 ille
2863 4363 3073 4416 noverit
3111 4365 3201 4434 qui
3230 4381 3326 4421 nos
3367 4369 3435 4421 ab
3481 4373 3736 4429 omnibus

2155 4447 2401 4515 periculis
2428 4449 2635 4516 liberet,
2666 4461 2720 4506 et
2746 4468 2842 4506 nos
2871 4455 3143 4510 vobiscum
3169 4457 3237 4511 ab
3261 4462 3403 4516 omni
3438 4467 3742 4523 tentatione

2155 4538 2386 4593 salvatos
2434 4540 2485 4593 in
2533 4557 2695 4611 regno
2736 4559 2833 4598 suo
2873 4559 3197 4615 cognoscere
3240 4558 3295 4605 et
3339 4566 3604 4611 coronare
3642 4557 3738 4610 di-

2153 4637 2362 4696 gnetur.

2155 4762 2380 4772 ——_._.

2393 4763 3718 4796 Ἢ

2559 4839 2638 4899 ΓΝ
2674 4841 3050 4905 PSALMUM
3091 4847 3320 4932 LXVII

2681 4962 3072 5020 ΕΝΑΒΒΑἸῚΟ
3111 4966 3210 5039 (ιι).

2228 5070 2277 5122 1.
2309 5069 2456 5141 lvers.
2490 5069 2566 5141 l.'|
2598 5071 2786 5125 Psalmi
2828 5074 2984 5144 hujus
3016 5077 3196 5134 titulus
3238 5095 3341 5135 non
3379 5083 3594 5140 videtur
3615 5103 3740 5144 esse

2154 5179 2394 5232 operosa:
2419 5164 2826 5233 disputationis:
2861 5169 3087 5238 simplex
3118 5173 3260 5226 enim
3293 5184 3520 5244 apparet
3560 5191 3616 5233 et
3654 5183 3736 5234 fa-

2153 5255 2288 5308 cilis.
2314 5255 2442 5309 Nam
2471 5255 2537 5307 ita
2570 5271 2628 5311 se
2657 5256 2814 5311 habet
2842 5276 2854 5310 :
2886 5256 2950 5311 In
2976 5261 3147 5327 linem,
3176 5265 3275 5332 ipsi
3304 5264 3470 5320 David
3494 5267 3735 5325 Psalmus

2154 5347 2352 5398 cantici.
2396 5344 2451 5399 lu
2503 5347 2680 5402 multis
2722 5358 2896 5403 autem
2937 5350 3045 5420 jam
3092 5354 3309 5422 psalmis
3353 5357 3734 5418 admonuimus

2219 5505 2548 5579 ξῗὲἳὲἓῗτᾏῖ
2565 5501 2698 5579 m9:
2733 5504 3040 5579 Τέίαῗάθπωτ
3064 5507 3343 5579 φθάίβηάον
3381 5524 3441 5562 ’³ο
3477 5525 3735 5579 Ρνίτδεηα·

2151 5561 2237 5630 bus
2258 5561 2548 5630 implicentur
2575 5577 2591 5622 ;
2613 5564 2698 5612 sed
2721 5566 2950 5630 adfutura
2971 5568 3263 5630 meditando,
3284 5561 3378 5622 etc.

2155 5622 2287 5732 mf?)
2327 5624 2505 5672 uietata
2539 5636 2665 5672 anno
2696 5622 2927 5689 chrLMES,
2965 5641 3024 5677 ex
3043 5622 3380 5696 Epistola'tﬁti,
3401 5635 3460 5686 ad
3483 5641 3734 5707 Evodium,
