4022 6200
347 315 452 369 815

343 427 467 499 quid
490 428 586 493 sit,
615 426 680 481 In
706 427 856 497 liuent
879 442 898 482 :
923 429 1168 498 quoniam
1209 429 1325 497 linis
1351 427 1498 499 Legis
1537 429 1766 484 Christus
1786 472 1800 494 ,
1842 431 1909 482 ad

327 519 583 589 justitiam
608 523 744 575 omni
761 521 978 575 credenti
1003 523 1176 592 (Rom.
1199 538 1254 584 x,
1285 522 1370 589 4);
1395 522 1517 576 linis
1539 523 1627 592 qui
1649 523 1910 592 perﬁciat,

342 629 447 666 non
471 615 562 680 qui
591 622 868 668 consumat
912 623 1004 667 aut
1041 614 1242 684 perdat.
1275 613 1650 670 Verumtamen
1689 617 1734 670 si
1763 618 1911 686 quis-

341 719 498 772 quam
527 711 750 757 conetur
775 704 1045 774 inquirere
1067 705 1189 774 quid
1216 705 1315 758 sibi
1343 705 1490 770 velit,
1525 705 1762 761 Psalmus
1784 724 1911 760 can-

341 796 426 847 tici
443 811 462 858 ;
481 809 577 849 cur
601 811 704 850 non
727 806 818 849 aut
846 795 1083 850 Psalmus
1102 839 1116 861 ,
1145 807 1236 850 aut
1259 797 1552 861 Canticum,
1585 798 1675 852 sed
1707 807 1910 852 utrum-

343 902 483 955 que;
513 888 595 941 vel
619 889 743 956 quid
777 889 982 942 intersit
1006 890 1142 944 inter
1161 889 1427 943 Psalmum
1455 889 1750 955 cantici,‘et
1775 888 1912 944 Can-

341 981 502 1032 ticum
550 979 774 1046 psalmi,
806 979 925 1048 quia
972 991 1024 1034 et
1070 981 1148 1035 sic
1188 981 1534 1050 quorumdam
1588 982 1908 1050 psalmorum

339 1069 476 1122 tituli
521 1069 912 1135 inscribuntur;
957 1070 1196 1126 inveniet
1238 1071 1460 1126 fortasse
1500 1071 1733 1141 aliquid,
1767 1072 1906 1141 quod

336 1159 660 1212 acutioribus
687 1171 737 1213 et
787 1160 1126 1214 otiosiut-ibus
1151 1176 1247 1224 nos
1289 1161 1656 1231 relinquimus.
1697 1162 1908 1216 Discre—

337 1259 526 1303 verunt
571 1250 783 1318 quidam
815 1251 893 1318 (a)
919 1261 1041 1305 ante
1087 1265 1184 1304 nos
1215 1251 1348 1304 inter
1367 1251 1662 1317 Canticum,
1687 1263 1740 1306 et
1762 1251 1910 1305 Psal-

339 1355 519 1404 tnum;
549 1350 606 1393 ut
631 1340 878 1406 quoniam
906 1337 1177 1395 Canticum
1218 1331 1318 1396 ore
1355 1343 1637 1410 profertur,
1671 1341 1908 1394 l’salmus

339 1441 515 1485 autem
546 1431 738 1484 visibili
767 1446 964 1501 organo
985 1431 1256 1496 adhibito,
1280 1431 1331 1485 id
1353 1441 1434 1486 est
1491 1432 1906 1501 psalterio,cani-

339 1531 446 1586 tur,
474 1521 711 1576 videatur
735 1521 955 1576 Cantico
981 1521 1268 1591 signiﬁcari
1307 1522 1650 1590 intelligentia
1679 1521 1871 1575 mentis
1890 1562 1904 1584 ,

340 1613 551 1668 l’salmo
579 1627 705 1665 vero
733 1626 895 1680 Opera
922 1613 1181 1681 corporis.
1212 1612 1358 1668 Sicut
1395 1613 1444 1666 in
1473 1612 1574 1667 hoc
1603 1613 1716 1681 ipso
1735 1626 1906 1666 sexa-

339 1704 541 1768 gesimo
563 1703 786 1772 septimo
803 1745 815 1765 ,
839 1718 994 1772 quem
1023 1719 1159 1758 nunc
1181 1703 1510 1758 tractandum
1541 1703 1868 1774 suscepimus
1891 1744 1906 1768 ,

340 1795 466 1849 illud
495 1795 633 1865 quod
662 1795 861 1849 dictum
903 1804 1013 1857 cst,
1047 1795 1256 1850 Cantate
1294 1797 1434 1863 Deo,
1485 1797 1686 1867 psallite
1723 1799 1910 1852 nontini

337 1887 446 1954 ejus
467 1901 484 1938 :
505 1887 572 1938 ita
600 1885 810 1955 quidam
829 1887 1210 1952 discreverunt,
1235 1897 1308 1954 ut,
1336 1887 1544 1942 Cantate
1565 1887 1687 1951 Deo,
1711 1888 1907 1944 dictum

337 1975 597 2037 videatur,
630 1977 749 2046 quia
778 1991 839 2031 ea
866 1992 984 2047 qua:
1013 1977 1065 2031 in
1094 1978 1266 2047 seipsa
1306 1995 1455 2034 mens
1479 1981 1612 2050 agit,
1647 1981 1755 2035 Deo
1785 1991 1907 2035 nota

337 2078 478 2132 sunt,
511 2069 578 2122 ab
620 2070 920 2124 hominibus
958 2086 1062 2124 non
1093 2071 1370 2135 videntur;
1399 2088 1557 2142 opera
1600 2089 1726 2129 vero
1770 2074 1906 2128 bona

339 2161 586 2228 quoniam
617 2159 734 2214 ideo
762 2160 984 2216 videnda
1013 2170 1136 2215 sunt
1165 2162 1232 2216 ab
1259 2161 1560 2217 hominibus
1579 2207 1593 2230 ,
1627 2175 1683 2218 ιιι
1707 2164 1906 2234 gloriﬁ-

337 2259 459 2304 cent
488 2250 697 2304 Patrem
730 2263 970 2306 nostrum
996 2254 1084 2322 qui
1111 2253 1162 2306 in
1185 2255 1334 2308 caelis
1355 2266 1432 2308 est
1456 2254 1667 2326 (Matth.
1694 2272 1756 2320 v,
1793 2256 1904 2327 16).

337 2345 528 2397 tnerito
551 2343 750 2397 dictttm
777 2345 864 2408 sit,
894 2344 1105 2399 Psallite
1125 2347 1316 2400 nomini
1342 2349 1470 2419 ejus,
1493 2347 1542 2401 id
1565 2359 1645 2402 est
1670 2348 1908 2403 dilfama-

337 2437 469 2490 tioni
502 2437 617 2502 ejus
642 2480 655 2497 ,
685 2447 744 2491 ut
771 2437 1102 2492 laudabiliter
1129 2439 1449 2494 nominetur.
1483 2441 1630 2495 llanc
1655 2439 1906 2496 dill'eren-

337 2529 461 2582 tiam
510 2529 736 2592 alicubi,
788 2540 1040 2598 quantum
1089 2531 1303 2598 recolo,
1337 2531 1496 2587 etiam
1538 2533 1652 2601 ipse
1692 2541 1906 2588 secutus

334 2634 471 2674 mm.
501 2620 712 2674 Memini
741 2632 916 2675 autem
949 2622 1141 2690 legisse
1188 2625 1506 2686 nos’etiam,
1548 2623 1764 2680 Psallite
1797 2624 1905 2681 Deo

339 2708 508 2774 (l’sal.
538 2726 676 2775 xu't,
703 2711 756 2772 7,
782 2710 836 2781 8)
861 2713 874 2774 ξ
899 2712 1018 2780 quia
1043 2712 1162 2766 talia
1183 2727 1300 2782 quin
1326 2713 1602 2768 visibilitcr
1620 2715 1754 2769 bene
1775 2730 1902 2784 0pc-

334 2815 534 2865 ramur,
566 2815 668 2855 non
702 2810 903 2855 tantum
951 2803 1284 2866 hominibus,
1318 2804 1410 2859 sed
1455 2805 1614 2860 etiam
1661 2807 1769 2860 Deo
1797 2807 1902 2877 pla-

332 2900 475 2944 cent.
501 2891 614 2945 Non
643 2901 819 2948 autem
850 2894 1028 2948 omnia
1067 2910 1184 2964 qua:
1214 2895 1322 2950 Deo
1349 2897 1590 2965 placent,
1623 2897 1780 2952 etiam
1813 2899 1902 2951 ho-

334 2983 565 3036 minibus
606 2994 865 3052 possunt,
916 2985 1035 3052 quia
1079 2985 1261 3040 videre
1309 3001 1413 3041 non
1467 3000 1706 3056 possunt.
1754 2989 1904 3045 Unde

335 3072 527 3126 mirum
575 3083 656 3127 est
700 3075 743 3128 si
790 3075 1233 3144 «ptem-admodum
1267 3087 1547 3148 utrumque
1597 3079 1808 3151 legitur,
1853 3090 1906 3136 ct

334 3161 546 3215 Cantate
574 3161 704 3226 Deo,
733 3173 788 3218 et
819 3163 1028 3218 I’sallite
1060 3164 1167 3219 Deo
1187 3207 1204 3231 ,
1245 3167 1312 3220 ita
1339 3168 1528 3222 alicubi
1561 3169 1659 3241 legi
1693 3180 1900 3240 potest,

335 3254 544 3306 Cantate
569 3256 758 3308 nomini
784 3257 912 3327 ejus.
940 3255 1090 3323 Quod
1115 3258 1158 3311 si
1186 3268 1238 3312 ct
1265 3259 1365 3314 hoc
1396 3261 1446 3313 in
1473 3259 1758 3331 Scripturis
1783 3278 1905 3318 san-

334 3347 436 3400 ctis
471 3347 668 3400 dictum
717 3347 998 3409 invenitur,
1032 3348 1145 3404 lucc
1172 3349 1464 3406 differentia
1507 3352 1695 3408 frustra
1727 3355 1903 3410 elabo-

334 3447 443 3491 rata
469 3448 569 3492 est.
595 3438 764 3491 Movet
788 3439 946 3493 etiam
975 3455 1061 3494 me
1084 3442 1222 3511 quod
1243 3443 1474 3512 generali
1502 3446 1715 3502 nomine
1739 3448 1903 3518 magis

331 3528 526 3582 Psalmi
558 3545 715 3599 quam
743 3528 952 3584 Cantica
982 3543 1256 3596 vocantur,
1294 3535 1362 3588 ita
1387 3545 1444 3589 ut
1472 3536 1723 3591 Dominus
1752 3539 1900 3595 dice-

331 3629 414 3673 ret
435 3637 447 3672 :
476 3620 601 3684 Qum
618 3622 806 3690 scripta
831 3631 946 3675 sunt
970 3624 1022 3675 in
1048 3622 1197 3693 Lege,
1222 3637 1267 3678 et
1291 3625 1579 3694 Prop/telis,
1609 3639 1655 3682 et
1681 3629 1903 3685 Psalmis

331 3710 394 3761 de
423 3726 498 3762 me
525 3709 672 3780 (Luc.
702 3726 847 3776 xxiv,
880 3712 1002 3784 44);
1031 3723 1083 3767 et
1114 3715 1249 3770 liber
1280 3717 1390 3785 ipse
1414 3718 1742 3773 Psalmorum
1769 3720 1902 3776 dici-

332 3810 438 3862 tur,
479 3815 583 3852 non
611 3800 949 3856 Canticorum
983 3821 995 3855 :
1030 3804 1174 3858 Sicut
1207 3809 1447 3875 scriptum
1477 3819 1584 3875 est,
1614 3811 1809 3880 inquit,
1849 3815 1902 3867 in

331 3889 458 3940 libro
483 3887 804 3943 Psalmorum
834 3891 851 3962 (
877 3892 989 3945 Act.
1015 3908 1050 3959 ι,
1081 3895 1149 3947 20
1171 3897 1220 3963 );
1257 3912 1374 3948 eum
1413 3900 1586 3965 potius
1613 3902 1899 3958 secundum

331 3981 484 4036 istam
513 3982 866 4037 differentiam
895 4026 908 4049 ,
942 3985 1157 4041 Cantica
1189 3988 1290 4042 dici
1321 3989 1566 4046 debuisse
1591 3993 1898 4064 vidcantur;

327 4075 578 4142 queniam
610 4075 884 4130 Canticum
929 4077 1086 4130 etiam
1131 4079 1243 4132 sine.
1272 4080 1482 4136 Psalmo
1524 4098 1643 4138 csse
1686 4095 1898 4156 potest,

329 4164 570 4220 Psalmus
602 4181 728 4220 vero
755 4167 868 4220 sine
896 4169 1114 4223 Cantico
1143 4185 1262 4226 esse
1308 4187 1410 4227 non
1455 4184 1646 4244 potest.
1677 4178 1903 4236 Possunt

328 4255 524 4308 etenim
575 4271 692 4311 esse
738 4259 1085 4328 cogitationes
1119 4263 1346 4331 mentis,
1391 4282 1611 4336 quarum
1659 4286 1764 4324 non
1797 4273 1902 4327 sint

327 4361 486 4414 opera
517 4349 809 4417 corporalia
833 4367 846 4402 :
870 4351 1068 4406 nullum
1101 4364 1184 4408 est
1207 4367 1383 4411 autem
1405 4373 1536 4428 opus
1563 4360 1776 4430 bomnn,
1805 4380 1900 4418 cu-

322 4435 412 4504 jus
444 4452 545 4490 non
573 4439 642 4492 sit
671 4439 720 4492 in
750 4450 926 4496 mente
952 4443 1219 4512 cogitatio.
1253 4447 1328 4501 Ac
1367 4463 1460 4517 per
1485 4449 1585 4504 hoc
1625 4455 1901 4525 utrobique

325 4525 540 4580 Cantica
568 4544 582 4590 ;
615 4543 719 4584 non
746 4533 1027 4603 utrobique
1050 4535 1242 4590 Psalmi
1274 4553 1287 4588 :
1316 4548 1368 4592 et
1391 4548 1586 4603 tamen,
1614 4545 1748 4599 sicut
1767 4546 1892 4613 dixi,

325 4620 646 4686 generaliter
663 4621 856 4677 Psalmi
880 4627 1232 4694 appellantur,
1257 4645 1360 4684 non
1387 4631 1634 4701 Cantica;
1665 4637 1899 4709 liberque

327 4708 678 4777 l’saltuorum,
710 4729 812 4768 non
844 4714 1202 4772 Canticorum.
1242 4721 1303 4774 Et
1343 4723 1385 4776 si
1430 4723 1788 4796 intelligantur
1815 4708 1896 4787 at-

327 4815 432 4868 q'te
453 4799 800 4858 discutiantur
821 4820 1008 4861 sensus
1033 4808 1317 4877 dictorum,
1351 4814 1437 4868 ubi
1471 4817 1652 4872 titulus
1679 4830 1759 4875 est
1786 4831 1898 4876 tan-

329 4893 602 4947 tummodo
634 4893 849 4961 Psalmi,
879 4907 933 4952 et
963 4901 1048 4953 ubi
1079 4907 1442 4960 tantummodo
1468 4907 1664 4964 Cantici
1681 4955 1696 4978 ,
1727 4925 1781 4969 et
1810 4916 1895 4970 ubi

322 4997 429 5035 non
458 4981 692 5038 Psalmus
711 4986 919 5052 Cantici,
940 4990 1075 5044 sicut
1093 4992 1142 5046 in
1165 4993 1285 5060 isto,
1309 4997 1400 5050 sed
1418 4997 1678 5055 Canticum
1702 5003 1897 5060 Psalmi

317 5355 368 5396 et
397 5353 540 5398 certa
567 5346 980 5405 differentiarum
1005 5356 1206 5410 ratione
1235 5358 1485 5428 delinire;
1516 5380 1613 5419 nos
1639 5346 1890 5437 quantum

314 5437 598 5500 adiuvante
647 5440 870 5497 Domino
916 5445 1184 5515 valemus,
1243 5451 1396 5521 hujus
1447 5457 1634 5524 psalmi
1684 5470 1889 5517 textum

315 5530 716 5585 consideremus
743 5543 900 5604 atque
931 5545 1238 5594 tractemus.

389 5619 444 5673 2.
475 5614 622 5691 (retis.
653 5621 734 5695 2.]
763 5623 1019 5698 Exsurge:
1045 5628 1214 5699 Deus,
1245 5644 1291 5686 et
1325 5637 1630 5706 dissipentur
1657 5644 1669 5676 ¹
1702 5647 1888 5704 inimici

381 5710 409 5780 ξ
424 5709 754 5780 ῌὶᾳιιοιωεξ..
773 5714 1128 5780 disperguntur.

389 5771 461 5834 (a)
487 5771 684 5825 tlilarius
701 5771 748 5825 in
767 5771 964 5842 Prologo
988 5795 1093 5846 sup.
1124 5785 1339 5839 Psalntos.

1399 311 1795 367 ENARl‘tATlO
1835 313 1898 366 IN
1939 311 2257 366 PSALMUM
2295 313 2499 369 LXVII.

3486 321 3591 377 8M

2025 429 2155 486 eius.
2200 429 2315 484 .lam
2361 430 2556 484 factum
2597 439 2679 485 est
2709 449 2722 483 :
2751 433 3054 487 exsurrexit
3092 432 3331 488 Christus
3377 437 3468 505 qui
3507 446 3591 492 est

2021 533 2182 588 super
2205 521 2378 575 omnia
2411 522 2551 577 Deus
2580 521 2890 579 benedictus
2917 525 2966 578 in
2995 526 3186 578 saecula
3209 525 3377 595 (Rom.
3399 543 3477 594 ιιι,
3510 529 3587 602 5),

2021 619 2078 663 et
2099 610 2324 680 dispersi
2352 621 2476 666 sunt
2501 613 2700 699 injmici
2729 614 2845 684 ejus
2887 631 2980 684 per
3015 630 3200 670 omnes
3237 628 3450 686 gentes,
3490 619 3588 673 .lu:

2020 699 2119 754 dini
2142 716 2156 763 ;
2182 701 2232 753 in
2258 716 2324 754 eo
2345 701 2459 769 ipso
2484 701 2600 757 loco
2625 704 2708 756 ubi
2741 705 3046 758 inimicitias
3069 719 3420 761 exercuerunt
3442 750 3456 772 ,
3497 710 3589 764 de-

2020 787 2219 855 bellati,
2247 798 2406 860 atque
2435 791 2556 846 inde
2583 807 2680 861 per
2705 805 2892 848 cuncta
2920 795 3142 864 dispersi
3173 813 3186 850 :
3219 809 3271 851 et
3303 814 3440 852 nunc
3463 800 3589 853 ode-

2019 888 2176 943 runt,
2210 879 2303 933 sed
2331 891 2602 947 metuunt;
2630 893 2682 937 et
2712 884 2761 938 in
2789 886 2913 954 ipso.
2937 896 3079 940 metu
3107 886 3300 942 faciunt
3339 892 3477 958 quod
3507 907 3591 944 sc-

2017 971 2215 1039 quitur,
2247 969 2312 1022 Et
2337 973 2532 1042 fugiant
2560 975 2646 1040 qui
2675 975 2887 1028 oderunt
2911 993 3043 1040 eum,
3067 995 3098 1030 a
3123 979 3252 1048 facie
3280 981 3408 1049 ejus.
3443 980 3582 1052 Fuga

2018 1061 2211 1130 quippe
2245 1061 2438 1127 animi,
2468 1072 2550 1117 est
2590 1064 2766 1118 timor.
2794 1065 2924 1120 Nam
2953 1069 3148 1122 carnali
3189 1069 3305 1139 fuga
3327 1112 3342 1136 ,
3375 1087 3479 1140 quo
3509 1075 3588 1127 l'u-

2017 1151 2166 1218 giunt
2194 1151 2260 1205 ab
2285 1151 2397 1221 ejus
2428 1153 2558 1207 facie
2585 1154 2672 1223 qui
2701 1155 2895 1226 ubique
2928 1159 3216 1226 przesentia:
3243 1176 3352 1214 sua:
3373 1162 3590 1218 denum-

2016 1251 2149 1296 strat
2174 1242 2460 1299 ell‘ectum?
2491 1245 2601 1311 Quo
2632 1245 2792 1310 abibo,
2828 1247 2996 1316 inquit
3023 1249 3141 1315 ille,
3174 1266 3204 1302 a
3252 1252 3428 1319 spiritu
3472 1263 3586 1318 tuo,

2015 1343 2062 1387 et
2086 1350 2117 1385 a
2141 1333 2271 1402 facie
2299 1345 2383 1387 tua
2411 1353 2506 1405 quo
2539 1337 2730 1407 fugiam
2757 1338 2775 1408 (
2805 1336 2947 1392 Psal.
2979 1354 3229 1404 cxxxvm,
3265 1341 3372 1414 7)?
3399 1344 3589 1398 Animo

2015 1439 2173 1493 ergo,
2206 1439 2310 1478 non
2336 1441 2558 1495 corpore
2588 1427 2824 1497 fugiunt;
2861 1431 3092 1484 timendo
3119 1432 3354 1498 scilicet,
3382 1450 3486 1487 non
3515 1435 3589 1486 lu-

2015 1513 2211 1578 tendo;
2246 1529 2346 1568 nec
2383 1515 2451 1569 ab
2491 1530 2551 1570 ea
2581 1515 2713 1571 facie
2756 1534 2911 1586 quain
2955 1535 3059 1572 non
3085 1519 3283 1586 vident,
3315 1522 3408 1576 sed
3436 1522 3502 1576 ab
3525 1537 3587 1577 ea

2015 1620 2171 1674 quam
2202 1605 2383 1660 videre
2427 1618 2706 1676 coguntur.
2739 1609 2924 1664 Facies
2950 1613 3144 1681 quippe
3173 1613 3288 1682 ejus
3328 1615 3588 1684 appellata

2013 1704 2097 1749 est
2124 1699 2405 1766 priescntia
2435 1699 2550 1767 ejus
2577 1715 2672 1768 per
2702 1700 2993 1754 Ecclesium
3022 1702 3154 1770 ejus.
3186 1703 3337 1759 Unde
3358 1705 3460 1760 illis
3485 1706 3589 1760 ini-

2013 1785 2329 1841 micantibus
2356 1786 2490 1842 dixit
2518 1805 2532 1842 :
2559 1790 2755 1842 Amodo
2788 1790 3012 1844 videbitis
3037 1790 3230 1845 Filium
3257 1795 3473 1849 hominis
3501 1813 3586 1850 re-

2015 1877 2231 1932 nientem
2271 1879 2322 1932 in
2363 1880 2573 1934 nubibus
2599 1882 2616 1951 (
2643 1881 2828 1935 Matth.
2857 1899 3005 1948 xxx-1,
3033 1885 3100 1938 64
3121 1886 3160 1954 ).
3187 1883 3334 1940 Sicut
3363 1887 3508 1942 venit
3535 1890 3588 1945 itt

2013 1967 2245 2023 Ecclesia
2276 1985 2368 2024 sua
2394 2013 2408 2036 ,
2457 1971 2754 2027 dillundcns
2787 1990 2901 2028 eam
2931 1985 3040 2029 toto
3065 1977 3194 2032 orbe
3225 1989 3502 2045 terrarum,
3534 1979 3586 2035 in

2013 2075 2119 2129 quo
2144 2059 2367 2131 dispersi
2399 2073 2522 2117 sunt
2549 2064 2743 2118 inimici
2768 2064 2903 2134 ejus.
2932 2065 3088 2121 Venit
3119 2078 3293 2123 autem
3319 2071 3369 2124 in
3396 2071 3587 2125 talibus

2013 2151 2260 2218 nubibus,
2297 2151 2363 2207 de
2391 2154 2634 2224 qualibus
2661 2155 2789 2210 dicit
2819 2174 2832 2213 :
2863 2155 3120 2212 Mandabo
3142 2160 3350 2213 nubibus
3380 2163 3500 2215 meis
3527 2179 3589 2216 ne

2013 2243 2192 2311 pluant
2222 2260 2372 2315 super
2390 2263 2500 2300 eam
2520 2247 2726 2301 imbrem
2751 2247 2902 2319 (Isai.
2933 2266 2986 2317 τ’,
3011 2252 3088 2320 6).
3115 2250 3336 2323 Fugiunt
3363 2271 3487 2324 ergo
3503 2273 3587 2326 qut

2013 2334 2220 2388 oderunt
2239 2353 2371 2400 eum,
2396 2354 2426 2389 a
2447 2338 2576 2406 facie
2602 2340 2710 2408 ejus
2732 2356 2751 2393 :
2774 2342 2992 2396 timeant
3011 2358 3039 2396 a
3066 2347 3345 2413 praesentia
3376 2358 3582 2402 sancto-

2011 2440 2126 2479 rum
2158 2426 2497 2497 fidcliumque
2541 2431 2658 2498 ejus
2683 2471 2696 2495 ,
2735 2431 2803 2484 de
2829 2434 3020 2501 quibus
3044 2433 3200 2498 dicit,
3245 2434 3370 2489 Cum
3405 2439 3492 2491 uni
3526 2456 3589 2493 ex

2011 2516 2229 2570 minimis
2259 2518 2382 2572 meis
2407 2519 2612 2588 fecistis,
2646 2521 2767 2574 mihi
2797 2523 2984 2591 fecistis
3009 2524 3220 2592 (Matth.
3242 2541 3367 2588 xxv,
3402 2527 3514 2599 40).

2081 2605 2134 2659 5.
2163 2604 2378 2678 [νει-ιδ.
2448 2608 2591 2663 Sicut
2608 2610 2774 2678 deficit
2789 2616 2974 2682 finitus,
3005 2614 3255 2679 deﬁciant.
3278 2617 3589 2674 Extulerunt

2013 2696 2155 2751 cnim
2185 2712 2244 2752 se
2268 2698 2338 2753 ab
2373 2699 2580 2768 ignibus
2604 2699 2842 2781 odiorum
2887 2717 3100 2758 suorum
3135 2706 3186 2759 in
3213 2708 3472 2775 superbia:
3501 2720 3585 2781 ty-

2013 2787 2207 2855 phum;
2233 2799 2285 2843 et
2316 2799 2575 2859 ponentes
2613 2776 2663 2845 in
2692 2793 2882 2847 coelum
2918 2808 2978 2847 os
3002 2808 3154 2848 suum
3184 2794 3204 2869 (
3231 2795 3370 2851 Psul.
3400 2793 3543 2853 uxn
3567 2843 3582 2864 ,

2006 2879 2044 2932 θ
2065 2879 2082 2949 )
2102 2919 2117 2945 ,
2145 2890 2302 2950 atque
2337 2882 2660 2951 clamantes,
2707 2883 2971 2956 Crueiﬁge,
3000 2889 3235 2960 cruci/ige
3262 2889 3436 2961 (Joan.
3467 2909 3581 2960 XIX,

2009 2969 2080 3040 6)
2108 3013 2121 3036 ,
2155 2979 2310 3041 capto
2337 2973 2630 3040 illuserunt,
2658 2975 2975 3044 pendentem
3022 2979 3298 3035 irriserunt
3327 2997 3340 3033 :
3365 2993 3418 3038 et
3443 2984 3584 3039 unde

2008 3061 2237 3117 victores
2269 3074 2590 3130 tumuerunt,
2624 3082 2744 3121 mox
2775 3067 2896 3122 victi
2920 3083 3264 3126 evanuerunt.
3291 3075 3435 3129 Sicut
3462 3079 3579 3146 fluit

2007 3168 2122 3207 cera
2147 3171 2179 3207 a
2206 3156 2333 3226 facie
2356 3155 2485 3226 ignis
2514 3199 2528 3222 ,
2557 3160 2628 3210 sic
2680 3171 2882 3227 pereant
2923 3171 3202 3227 peccatores
3229 3181 3260 3217 a
3287 3167 3416 3234 facie
3469 3166 3580 3222 Dei.

2007 3246 2318 3316 Quanquam
2364 3248 2587 3303 fortasse
2625 3266 2718 3306 eos
2764 3252 2860 3306 hoc
2884 3252 3002 3308 loco
3027 3254 3419 3326 significaverit,
3446 3277 3581 3331 quo-

2006 3351 2123 3390 rum
2147 3336 2335 3392 duritia
2376 3341 2428 3394 in
2457 3342 2781 3410 paenitentia:
2817 3345 3078 3417 lncrymas
3114 3351 3370 3407 solvitur:
3407 3364 3581 3410 tznncn

2006 3428 2166 3483 etiam
2219 3431 2345 3486 illttd
2404 3433 2626 3504 intelligi
2678 3445 2848 3505 potest
2875 3480 2898 3513 ,‘
2943 3447 2999 3493 ut
3051 3438 3281 3497 futurum
3326 3444 3580 3513 judicium

2007 3519 2392 3586 connninetur;
2434 3523 2552 3591 quia
2580 3539 2700 3578 cum
2730 3526 2780 3578 in
2812 3509 2912 3580 hoe
2935 3528 3127 3583 'sacculo
3147 3531 3281 3586 sicut
3308 3533 3484 3589 fumus
3520 3550 3580 3585 se
3613 3538 3619 3546 '

2007 3610 2308 3663 extollendo
2333 3653 2347 3672 ,
2377 3612 2425 3665 id
2457 3623 2559 3677 est,
2588 3617 2941 3683 superbiendo
2981 3619 3289 3692 defecerint,
3321 3627 3494 3681 veniet
3514 3627 3580 3680 il-

2007 3697 2071 3750 lis
2094 3699 2144 3751 in
2175 3699 2278 3754 fine
2305 3713 2537 3756 extrema
2567 3705 2852 3772 damnatio,
2888 3719 2943 3762 ut
2970 3710 3036 3764 ab
3065 3712 3179 3780 ejus
3206 3713 3336 3770 facie
3361 3731 3578 3786 pereant

2007 3789 2058 3842 in
2086 3800 2364 3856 :eternum,
2393 3808 2511 3847 cum
2554 3795 2606 3848 in
2631 3811 2724 3850 sua
2757 3798 2995 3854 claritate
3024 3799 3181 3857 fuerit
3209 3819 3576 3874 prmscntatus,

2006 3879 2148 3932 velut
2198 3880 2352 3951 ignis,
2405 3883 2470 3937 ad
2519 3898 2728 3953 [mnam
2778 3887 3061 3957 impiorum
3105 3893 3385 3964 lumenque
3403 3897 3580 3966 justo-

2006 3986 2143 4025 rum.

2075 4063 2129 4117 4.
2161 4061 2308 4136 [νει-ε.
2351 4064 2428 4138 4.]
2476 4067 2708 4136 Denique
2748 4072 3023 4140 sequitur:
3057 4071 3122 4127 Et
3143 4077 3272 4146 justi
3290 4079 3577 4148 jucunde):-

2007 4164 2108 4220 tur,
2138 4167 2182 4209 et
2207 4157 2455 4212 ersultent
2484 4159 2535 4212 in
2563 4173 2828 4230 conspectu
2859 4160 2985 4229 Dei,
3014 4175 3060 4218 et
3081 4167 3386 4226 delectentur
3408 4174 3459 4227 in
3481 4175 3575 4230 [α’-

2006 4248 2134 4302 tilia.
2161 4249 2309 4306 Tunc
2335 4251 2701 4307 euimaudieut
2729 4271 2740 4306 :
2777 4254 2962 4318 Venite,
2993 4259 3233 4315 benedicti
3251 4261 3422 4320 Patris
3443 4270 3578 4335 mei;

2007 4341 2242 4409 percipite
2269 4357 2474 4411 regnum
2503 4342 2711 4413 (Matth.
2742 4361 2846 4400 xxv
2872 4387 2885 4410 ,
2913 4348 2980 4402 3i
3001 4352 3043 4420 ).
3071 4349 3424 4408 Jucundenlur
3451 4375 3579 4428 ergo

2007 4432 2094 4500 qui
2133 4431 2523 4497 laboraverunt,
2572 4444 2616 4487 ct
2659 4439 2979 4492 exsultent-in
3006 4455 3271 4512 conspectu
3301 4444 3414 4501 Dei.
3461 4449 3577 4506 Non

2005 4524 2145 4576 enim
2171 4523 2271 4578 erit
2298 4525 2664 4581 exsultationis
2690 4528 2845 4599 hujus
2871 4574 2885 4598 ,
2917 4543 3161 4602 tanquam
3191 4552 3369 4593 coram
3404 4541 3575 4598 homi—

2004 4614 2179 4676 nibus,
2229 4614 2400 4669 inanis
2443 4617 2549 4672 ulla
2589 4619 2878 4687 jac2antia;
2923 4623 3017 4679 sed
3061 4625 3113 4680 in
3153 4642 3438 4698 conspectu
3465 4635 3574 4704 ejus

2004 4704 2092 4773 qui
2124 4703 2240 4759 sine
2267 4720 2449 4760 errore
2477 4706 2692 4776 inspicit
2735 4712 2873 4779 quod
2916 4713 3149 4770 donavit.
3180 4703 3504 4776 Delectantur
3524 4727 3585 4780 in‘

2004 4788 2182 4850 (mtiliti
2199 4815 2218 4850 :
2255 4816 2357 4853 non
2386 4800 2492 4870 jam
2521 4804 2845 4860 exsultantes
2875 4821 2996 4861 cum
3035 4820 3263 4868 tremore
3293 4815 3311 4887 (
3335 4815 3475 4871 Psal.
3515 4836 3572 4886 ιι,

2006 4887 2064 4941 Η
2089 4886 2107 4958 )
2130 4931 2144 4953 ,
2173 4888 2312 4943 sicut
2339 4892 2388 4943 in
2426 4890 2528 4946 hoc
2553 4895 2778 4961 smculo,
2807 4898 3055 4962 quamdiu
3086 4886 3308 4958 tentatio
3340 4917 3423 4964 est
3471 4911 3574 4966 vita
3653 4925 3656 4932 '

2003 4974 2233 5032 humana
2261 4995 2422 5048 super
2448 4990 2638 5036 terram
2670 4983 2789 5053 (Job
2820 5002 2908 5047 vn,
2944 4987 3023 5059 l).

2072 5067 2126 5122 5.
2151 5065 2299 5139 [vers.
2325 5071 2378 5134 5,
2397 5069 2475 5143 6.]
2509 5072 2706 5129 Deinde
2726 5090 2783 5130 se
2817 5077 2881 5131 ad
2907 5079 3048 5148 ipsos
3072 5086 3352 5154 convertit,
3383 5092 3573 5159 quibus

2004 5165 2199 5212 tantam
2222 5175 2370 5228 spem
2401 5161 2566 5230 dedit,
2605 5173 2656 5218 et
2681 5164 2765 5218 ltic
2791 5169 3031 5226 viventes
3059 5173 3340 5245 alloquitur
3371 5195 3424 5235 et
3450 5181 3569 5237 hor-

2005 5258 2143 5304 tatur
2172 5268 2185 5304 :
2209 5250 2421 5306 Cantate
2449 5252 2551 5308 Deo
2571 5297 2584 5321 ,
2611 5256 2812 5326 psallite
2846 5263 3035 5316 nomini
3059 5265 3188 5335 ejus.
3229 5267 3344 5322 Jam
3375 5271 3494 5326 hinc
3517 5273 3565 5326 in

2002 5339 2136 5425 tituli
2163 5343 2514 5412 expositione,
2561 5347 2698 5415 quod
2748 5348 3020 5408 videbatur
3049 5358 3316 5425 prie-locuti
3360 5374 3560 5416 sumus.

2001 5421 2188 5486 Can'tat
2237 5434 2364 5501 Deo,
2393 5439 2479 5505 qui
2526 5439 2651 5492 vivit
2679 5440 2819 5504 Deo;
2848 5446 3022 5510 psallit
3049 5421 3268 5505 inomini
3298 5451 3430 5520 ejus,
3477 5457 3565 5526 qui

1998 5533 2248 5591 operatur
2274 5525 2324 5579 in
2354 5528 2572 5596 gloriam
2603 5531 2736 5598 ejus.
2767 5531 2839 5587 lta
2864 5539 3144 5601 cantando,
3177 5541 3243 5593 ita
3272 5525 3564 5612 psallendo,

1996 5612 2048 5667 id
2078 5624 2178 5676 est,
2208 5616 2283 5669 sic
2306 5617 2549 5685 vivendo,
2574 5622 2649 5675 sic
2670 5624 2956 5692 operando,
2983 5625 3088 5679 lter
3111 5629 3259 5696 facite
3283 5632 3344 5690 ei,
3376 5633 3562 5704 inquit,

1993 5705 2080 5774 qui
2100 5708 2321 5770 ascendit
2341 5725 2490 5779 super
2511 5727 2761 5767 occasum.
2796 5715 2900 5770 lter
2929 5716 3082 5771 facite
3119 5719 3359 5788 Christo;
3391 5735 3444 5780 ttt
3471 5745 3565 5798 per

1995 5810 2260 5868 spccmsos
2293 5801 2454 5871 pedes
2501 5806 2968 5872 evangelizantium
3006 5807 3171 5880 (Issi.
3203 5827 3289 5880 ιιι,
3322 5815 3378 5891 7)
3403 5860 3416 5888 ,
3441 5835 3562 5891 per-
