4022 6200
456 393 539 447 via
584 389 697 445 sint
747 387 795 441 ei
847 382 1005 439 corda
1047 379 1395 436 credentium.
1440 378 1561 447 ipse
1614 384 1697 431 est
1733 375 1875 431 enim
1931 374 2019 436 (tui

460 481 699 538 ascendit
738 490 897 544 super
932 486 1175 527 occasum
1210 488 1223 523 :
1252 470 1362 523 sive
1388 469 1508 537 quia
1528 481 1638 523 non
1672 481 1796 520 eum
1825 469 2024 535 excipit

457 588 589 629 nova
631 571 733 624 vita
780 580 840 620 se
868 564 932 618 ad
973 579 1092 619 cum
1123 560 1508 625 convertentis,
1536 558 1640 613 nisi
1675 566 1824 613 vetus
1872 556 2023 610 oeci-

454 665 591 721 derit
618 661 737 715 huic
782 656 976 711 Stcculo
1030 651 1415 713 renuntiantis;
1465 650 1576 704 sive
1617 649 1739 718 quia
1780 644 2022 700 ascendit

453 771 613 826 super
657 764 924 813 occasum,
974 763 1093 802 cum
1142 742 1464 813 resurgendo
1513 741 1636 795 vicit
1662 738 1907 808 corporis
1934 750 2023 791 ca-

453 863 593 902 sum.
626 842 869 897 Dominus
909 839 1040 892 enim
1065 852 1242 890 nomen
1272 843 1342 887 cst
1371 834 1434 886 ei.
1476 830 1625 897 Quod
1652 829 1726 885 illi
1754 828 1799 882 si
1827 841 2024 896 cogno-

452 937 696 999 vissent,
747 945 1010 999 nunquzun
1064 926 1345 981 Dominum
1396 923 1578 994 gloriae
1639 918 2026 976 cruciﬁxisscnt

487 1028 508 1081 ι
537 1027 655 1080 (λον.
682 1041 741 1091 ιι,
771 1024 802 1078 s
825 1024 864 1091 ).

524 1121 580 1174 6.
615 1116 874 1171 [inuitato
901 1114 1235 1181 iuconspectu
1264 1108 1391 1177 ejus.
1412 1106 1457 1160 Ο
1481 1120 1573 1159 vos
1602 1105 1791 1173 quibus
1822 1101 2018 1157 dictum

446 1221 555 1275 est,
579 1211 784 1263 Caritate
812 1206 936 1270 Deo,
967 1204 1163 1274 psallite
1188 1200 1376 1255 nomini
1422 1200 1559 1267 ejus,
1587 1198 1677 1250 iter
1699 1197 1846 1266 facile
1870 1196 1915 1247 ei
1938 1194 2027 1267 qui

446 1300 675 1357 ascendit
712 1315 859 1367 super
894 1310 1144 1358 occasum,
1194 1292 1351 1347 etiam
1399 1290 1639 1343 exsultate
1681 1289 1735 1340 in
1759 1297 2025 1356 conspectu

457 1397 603 1464 ejus:
632 1391 779 1462 quasi
808 1389 984 1443 tristes
1002 1428 1021 1452 ,
1051 1399 1264 1453 semper
1289 1393 1462 1436 autem
1491 1380 1781 1450 gaudentes
1802 1376 1880 1446 (ιι
1905 1376 2020 1431 (.‘or.

459 1500 532 1547 vr,
568 1484 695 1552 i0).
745 1481 876 1535 Dum
907 1477 1046 1533 enim
1086 1474 1259 1530 facitis
1299 1474 1397 1527 iter
1424 1472 1470 1526 ci
1496 1512 1510 1534 ,
1557 1470 1682 1525 dum
1712 1468 2027 1537 prmparatis

436 1590 561 1644 rqua
588 1572 760 1627 veniat
784 1609 801 1634 ,
848 1577 1135 1637 gentesque
1165 1562 1450 1634 possideat,
1484 1560 1646 1615 multa
1672 1557 1876 1629 passuri
1899 1555 2028 1618 estis

461 1667 512 1717 in
541 1670 826 1732 conspectu
854 1659 1122 1714 hominum
1152 1655 1328 1711 tristia
1380 1669 1395 1704 :
1461 1652 1555 1708 sed
1583 1665 1679 1706 vos
1724 1665 1829 1706 non
1855 1648 2026 1703 solum

442 1756 621 1810 anolitc
648 1754 895 1815 deiicere,
923 1748 1018 1805 sed
1036 1748 1192 1805 etiam
1209 1744 1501 1808 exsultatc;
1528 1758 1634 1799 non
1664 1742 1715 1795 in
1743 1746 2029 1807 conspectu

446 1842 859 1912 'bominnm,sed
888 1841 939 1896 in
960 1847 1246 1908 conspectu
1270 1836 1386 1892 Dei.
1401 1833 1510 1904 Spe
1533 1832 1841 1903 gaudentes,
1856 1830 1907 1885 in
1932 1829 2030 1885 tri-

449 1937 726 1995 1bulationc
748 1934 1037 1989 tolerantes
1073 1931 1245 2002 (Rom.
1273 1944 1343 1983 xit
1372 1967 1389 1994 ,
1422 1926 1532 1996 49.).
1554 1924 1816 1981 Exsultate
1838 1923 1889 1977 in
1910 1938 2031 1976 con-

452 2036 629 2097 spectu
661 2027 789 2095 ejus.
821 2024 898 2081 llli
939 2023 1079 2077 enim
1119 2021 1208 2091 qui
1232 2034 1325 2075 vos
1349 2021 1401 2074 in
1428 2025 1712 2086 conspectu
1760 2014 2029 2069 hominum

464 2119 677 2177 turbant
696 2157 713 2182 ,
743 2116 1096 2170 Turbabuntur
1140 2129 1171 2164 a
1194 2112 1322 2181 facie
1349 2112 1479 2181 ejus,
1507 2109 1664 2180 patris
1695 2108 2033 2178 orpltanorum

455 2218 508 2261 et
550 2205 739 2277 judicis
786 2204 1065 2257 viduarum.
1100 2202 1378 2259 Desolatos
1423 2200 1563 2255 enim
1599 2206 1799 2268 putant,
1844 2212 1873 2251 a
1910 2197 2032 2267 qui-

465 2297 563 2352 bus
580 2297 890 2366 plerumque
914 2293 1087 2365 gladio
1109 2293 1253 2349 verbi
1282 2292 1393 2357 Dei,
1416 2300 1472 2349 et
1498 2302 1740 2361 parentes
1759 2306 1788 2344 a
1810 2289 1950 2354 ﬁliis,
1980 2297 2036 2345 et

459 2387 636 2443 nutriti
680 2387 746 2442 ab
783 2384 1034 2439 uxoribus
1079 2390 1390 2452 separantur
1415 2381 1634 2452 (Matth.
1664 2397 1720 2445 ι,
1747 2381 1817 2436 56
1839 2422 1855 2447 ,
1883 2380 1987 2449 35)
2013 2397 2029 2434 :

461 2474 558 2528 sed
626 2475 821 2528 habent
878 2472 1294 2531 consolationem
1344 2470 1577 2528 destituti
1636 2481 1793 2539 atque
1837 2469 2032 2526 viduati

460 2565 618 2635 patris
662 2565 999 2636 orphanorum
1037 2571 1084 2619 et
1117 2562 1310 2634 judicis
1356 2562 1651 2626 viduarum;
1682 2560 1879 2617 habent
1918 2560 2036 2631 eius

460 2657 874 2712 consolationem
923 2654 1013 2723 qui
1064 2655 1113 2709 ei
1164 2653 1365 2717 dicunt,
1396 2651 1646 2717 Quoniam
1670 2661 1810 2722 pater
1832 2636 1972 2706 meus
1987 2660 2036 2705 et

464 2757 620 2801 mater
639 2763 749 2800 mea
785 2745 1146 2815 dercliqucrunt
1179 2759 1257 2798 me
1277 2757 1296 2807 ,'
1316 2741 1559 2801 Dominus
1581 2751 1747 2795 autem
1764 2741 2036 2810 assumpsit

463 2854 543 2892 me
569 2839 587 2908 (
612 2835 753 2891 Psal.
778 2852 846 2891 xx
858 2851 907 2890 vt
934 2876 949 2900 ,
983 2834 1126 2911 10),:
1155 2843 1211 2889 et
1232 2832 1686 2903 quisperavcrunt
1709 2832 1760 2886 in
1789 2831 2030 2899 Domino,

472 2930 817 2998 persistentes
868 2928 920 2980 in
971 2925 1296 2981 orationibus
1343 2934 1498 2979 nocte
1543 2938 1607 2978 ac
1648 2922 1737 2977 die
1780 2920 1845 2988 (l
1894 2920 2030 2977 Tim.

463 3035 517 3083 v,
543 3019 651 3088 5);
704 3032 733 3071 a
777 3017 928 3084 cujus
980 3015 1111 3070 facie
1137 3015 1209 3068 illi
1242 3012 1591 3069 turbabuntur
1613 3054 1629 3077 ,
1659 3027 1779 3067 cum
1806 3011 2035 3067 viderint

458 3123 524 3163 se
561 3107 694 3163 nihil
741 3107 1025 3175 proﬁcere,
1063 3102 1313 3174 quoniam
1344 3110 1484 3159 totus
1512 3102 1739 3159 mundus
1764 3111 1885 3173 post
1910 3117 2030 3157 eum

467 3196 596 3249 abiit
624 3193 817 3263 (Joan.
845 3208 942 3256 xu,
964 3193 1086 3257 l9).

547 3288 598 3340 7.
624 3285 775 3358 [rers.
813 3282 893 3356 7.]
923 3282 1053 3337 Nam
1077 3280 1145 3337 de
1169 3280 1251 3335 his
1276 3279 1525 3352 orplianis
1551 3289 1606 3337 et
1634 3280 1806 3335 viduis
1830 3322 1843 3346 ,
1871 3280 1923 3337 id
1950 3291 2035 3338 est

468 3378 581 3447 spei
611 3375 878 3430 sa-cnlaris
907 3373 1157 3429 societate
1182 3371 1465 3437 destitutis,
1492 3372 1747 3429 Dominus
1771 3373 1870 3429 sibi
1899 3383 2036 3431 tem-

469 3472 608 3541 plum
636 3469 857 3524 fabriCat
881 3485 895 3522 :
932 3467 1000 3522 de
1025 3482 1133 3538 quo
1156 3474 1543 3535 consequenter
1568 3466 1694 3520 dicit
1717 3502 1732 3532 ,
1764 3464 2030 3535 Dominus,

468 3564 520 3615 in
549 3562 657 3615 loco
688 3569 859 3613 sancto
901 3574 1014 3613 suo.
1044 3556 1172 3625 Quis
1203 3557 1344 3613 enim
1387 3556 1455 3611 sit
1486 3558 1631 3612 locus
1654 3556 1773 3626 ejus
1804 3556 2030 3625 aperuit,

466 3666 585 3706 cum
607 3652 697 3715 ait,
730 3649 865 3703 Deus
889 3649 974 3719 qui
997 3648 1273 3702 inhabitare
1294 3648 1413 3719 facit
1439 3648 1585 3701 unius
1609 3647 1745 3700 modi
1775 3647 1826 3701 in
1851 3646 2029 3705 domo:

470 3745 743 3798 unanimes
767 3785 781 3808 ,
811 3757 971 3798 unum
1020 3742 1307 3797 sentientes
1335 3757 1349 3792 :
1378 3741 1477 3795 iste
1520 3748 1603 3795 cst
1640 3741 1788 3794 locus
1822 3748 2034 3794 sanctus

470 3834 695 3888 Domini.
724 3832 855 3887 Cum
882 3832 1026 3888 enim
1070 3831 1330 3894 dixisset,
1362 3829 1609 3883 Dominus
1649 3830 1701 3883 in
1732 3830 1838 3883 loco
1862 3838 2033 3887 sancto

471 3941 560 3979 suo
586 3941 605 3979 :
636 3934 882 3994 tanquam
910 3923 1303 3994 requireremus
1332 3921 1382 3976 in
1430 3937 1536 3992 quo
1586 3923 1725 3987 loco,
1780 3938 1898 3975 cum
1942 3922 2028 3977 ille

472 4017 663 4085 ubique
686 4016 755 4070 sit
775 4023 934 4081 totus,
960 4026 1016 4070 et
1037 4014 1213 4072 nullus
1234 4029 1353 4068 eum
1380 4014 1648 4068 contineat
1672 4013 2025 4083 corporalium

471 4106 762 4179 spatiorum
793 4105 961 4168 locus,
1009 4104 1147 4158 illico
1171 4103 1434 4175 subjecit;
1477 4119 1543 4157 ne
1568 4118 1865 4173 quaeramus
1910 4118 2030 4159 eum

470 4191 669 4268 absque
709 4196 897 4262 nobis;
947 4194 1040 4251 sed
1090 4193 1266 4264 potius
1304 4194 1455 4250 unius
1501 4195 1635 4249 modi
1662 4194 1955 4248 habitantes
1982 4196 2034 4248 in

472 4290 618 4343 domo
642 4329 656 4353 ,
684 4301 981 4341 mereamur
1002 4296 1057 4339 ut
1101 4283 1338 4339 habitare
1380 4285 1537 4338 etiam
1574 4284 1685 4354 ipse
1710 4283 1952 4354 dignetur
1979 4283 2032 4339 in

420 4416 425 4421 .
474 4377 645 4433 nobis.
684 4377 791 4433 lste
814 4362 894 4431 est
940 4376 1087 4428 locus
1115 4384 1327 4428 sanctus
1355 4373 1580 4440 Domini,
1610 4388 1765 4444 quem
1796 4374 2033 4443 plerique

412 4456 420 4465 ’
475 4471 712 4526 homines
740 4476 1000 4540 qumrunt,
1039 4476 1096 4523 ut
1119 4465 1342 4521 habeant
1374 4464 1461 4519 ubi
1508 4475 1723 4520 orantes
1750 4466 2035 4521 exaudian-

476 4571 576 4614 tur.
617 4561 733 4617 Sint
773 4559 871 4630 ipsi
898 4573 1026 4630 ergo
1066 4554 1210 4626 quod
1236 4564 1509 4625 qmcrunt;
1538 4565 1591 4610 et
1631 4572 1751 4625 quae
1776 4558 1953 4612 dicunt
1981 4558 2031 4612 in

473 4649 717 4704 cordibus
741 4650 867 4712 suis,
900 4648 951 4703 id
990 4657 1073 4703 est
1108 4647 1159 4701 in
1201 4646 1389 4700 talibus
1416 4645 1674 4700 cubilibus
1700 4647 1809 4701 suis
1830 4687 1846 4713 ,
1874 4662 2026 4702 com-

478 4749 767 4809 pnngantur
814 4737 996 4811 (Psal.
1037 4754 1108 4805 tv,
1136 4736 1239 4810 5).
1294 4735 1587 4790 habitantes
1627 4738 1777 4790 unius
1807 4738 1939 4790 modi
1978 4738 2032 4790 in

475 4830 642 4893 domo,
682 4840 740 4883 ut
780 4844 811 4884 a
853 4830 1074 4885 Domino
1113 4842 1315 4900 magna:
1338 4826 1527 4880 domus
1565 4825 1939 4891 iuhabitcntur,
1978 4838 2034 4883 ct

474 4920 609 4990 apud
628 4921 832 4990 scipsos
858 4922 1228 4977 cxaudiantur.
1255 4919 1346 4975 Est
1371 4919 1510 4975 enim
1532 4918 1721 4973 domus
1742 4934 1949 4989 magna,
1981 4921 2031 4974 in

473 5030 574 5083 qua
608 5027 710 5067 non
760 5010 926 5065 solum
969 5027 1128 5067 aurea
1155 5026 1281 5066 vasa
1325 5018 1451 5065 sunt
1487 5018 1541 5065 et
1566 5020 1833 5079 argentea,
1862 5002 1953 5065 scd
1979 5021 2035 5067 et

475 5107 643 5174 lignea
687 5111 741 5157 et
771 5102 981 5168 ﬁctilia;
1009 5113 1065 5158 ct
1102 5101 1205 5157 alia
1228 5104 1437 5174 quidem
1490 5112 1613 5156 sunt
1654 5102 1707 5155 in
1750 5101 2029 5169 honorem,

475 5200 572 5253 alia
619 5197 669 5251 in
698 5194 1067 5252 contumeliam
1098 5211 1113 5249 :
1140 5197 1186 5250 si
1220 5194 1307 5264 qui
1344 5195 1907 5249 autcmmundavcriut
1942 5210 2030 5248 sc-

476 5288 727 5359 metipsos
754 5300 784 5339 a
808 5282 945 5335 vasis
986 5282 1314 5336 contumeliae
1341 5283 1418 5349 (ll
1445 5281 1579 5337 Tim.
1608 5299 1675 5347 ιι,
1703 5284 1773 5337 20
1794 5286 1811 5351 )
1836 5326 1851 5351 ,
1876 5296 2033 5342 crum

474 5379 620 5431 unius
644 5373 779 5428 modi
802 5373 853 5426 in
879 5371 1042 5436 domo,
1075 5380 1129 5424 et
1170 5370 1316 5423 locus
1368 5383 1579 5425 sanctus
1619 5373 1844 5427 Domini.
1895 5375 2026 5430 Nam

467 5470 610 5524 sicut
640 5468 690 5521 in
732 5479 919 5535 magna
954 5461 1183 5518 hominis
1203 5461 1378 5523 domo,
1432 5479 1534 5516 non
1575 5464 1623 5516 in
1667 5466 2033 5537 qualicumque

467 5562 592 5615 loco
616 5561 731 5630 ejus
758 5556 1041 5627 requiescit
1079 5553 1325 5609 dominus
1354 5558 1489 5621 ejus,
1522 5554 1611 5607 sed
1644 5556 1693 5608 in
1724 5557 1899 5624 aliquo
1926 5561 2029 5614 uti-

473 5666 575 5721 que
600 5651 884 5707 secretiore
909 5658 957 5706 et
984 5644 1320 5704 honoratiore
1368 5645 1481 5700 loco
1514 5665 1524 5702 :
1568 5646 1645 5701 sic
1678 5646 1813 5699 Deus
1859 5660 1961 5700 non
1987 5646 2040 5702 in

1671 264 1729 319 S.
1771 258 2130 319 ΑυουδτιΝι
2170 259 2463 319 EPISCOPI

3585 264 3683 323 816

2128 375 2372 433 omnibus
2408 377 2498 445 qui
2543 377 2596 432 in
2636 376 2798 432 domo
2836 377 3101 447 cjns'saot
3139 378 3340 434 habitat
3368 379 3528 450 (non
3552 381 3693 436 erit.

2127 464 2329 521 habitat
2353 467 2407 521 in
2432 469 2575 523 vasis
2604 469 2940 525 contumelia:
2962 470 3019 538 );
3046 469 3139 524 sed
3164 469 3548 525 iouis-sanctus
3571 472 3690 541 ejm

2125 565 2250 611 sunt
2271 572 2406 627 quos
2433 559 2658 613 habitare
2680 560 2805 628 facit
2829 563 2981 617 unius
3008 561 3165 624 modi,
3186 561 3272 616 vel
3296 562 3451 616 unius
3469 563 3618 616 moris
3629 564 3693 618 iis

2126 646 2295 729 domo.
2314 648 2419 714 Qui
2450 650 2591 704 enim
2615 659 2785 722 τρόποι
2804 666 2981 721 grarce
3016 651 3263 705 dicuntur
3284 693 3299 718 ,
3348 662 3402 705 et
3444 652 3614 717 modi,
3635 664 3696 709 et

2127 755 2308 795 mores
2340 741 2505 795 latine
2528 742 2863 811 interpretari
2893 752 3132 813 possunt.
3158 742 3270 797 Nec
3294 744 3450 797 habet
3468 759 3694 814 graecus.

2128 828 2228 893 Qui
2252 830 2532 885 inhabitare
2556 833 2712 901 facit;
2739 832 2832 887 sed
2867 844 3091 894 tantum,
3118 834 3341 887 habitare
3363 834 3504 902 facit.
3532 834 3703 887 Doni-

2125 935 2221 972 mts
2250 934 2376 990 ergo
2408 921 2460 974 in
2496 922 2605 975 loco
2626 933 2798 975 sancto
2833 939 2944 976 suo.
2972 923 3104 991 Quis
3141 935 3220 978 est
3246 924 3395 981 locus
3420 925 3555 978 istc?
3581 925 3702 993 Ipse

2127 1010 2265 1065 Deus
2303 1026 2422 1066 eum
2469 1013 2568 1066 sibi
2594 1011 2744 1068 facit.
2779 1015 2915 1068 Deus
2951 1016 3091 1068 enim
3139 1015 3363 1068 habitare
3398 1017 3522 1084 facit
3547 1017 3704 1070 unius

2125 1102 2277 1154 moris
2304 1101 2355 1154 in
2379 1102 2527 1155 domo
2550 1118 2568 1155 :
2597 1102 2683 1159 hic
2699 1113 2779 1158 est
2804 1104 2951 1158 locus
2973 1115 3186 1159 sanctus
3206 1106 3342 1173 ejus.

2194 1193 2248 1245 8.
2274 1192 2425 1259 Quod
2450 1203 2625 1249 autem
2652 1196 2818 1265 gratia
2844 1211 2939 1250 sua
2964 1196 3063 1250 sibi
3082 1196 3308 1251 ardiﬁcet
3326 1198 3465 1252 hunc
3488 1197 3702 1264 locum,

2127 1295 2231 1335 non
2270 1282 2479 1336 meritis
2517 1298 2701 1338 eorum
2753 1285 3171 1355 prmecdcmihus
3221 1301 3288 1341 cx
3338 1287 3529 1356 quibus
3574 1303 3706 1343 eum

2125 1371 2371 1436 aediﬁcat,
2420 1372 2541 1427 vide
2568 1374 2693 1442 quid
2718 1384 3005 1444 sequatur:
3059 1375 3161 1443 Qui
3200 1378 3367 1431 educit
3392 1379 3708 1446 compeditos

2126 1462 2178 1516 in
2205 1462 2516 1531 fortitudine.
2543 1463 2713 1519 Solvit
2733 1466 2874 1521 enim
2900 1466 3077 1537 gravia
3102 1469 3310 1522 vim-nlo
3340 1479 3704 1539 peccatorum,

2128 1553 2318 1623 quibus
2362 1556 2783 1625 impediebantur
2809 1572 2876 1611 ne
2911 1557 3243 1613 ambularent
3282 1560 3333 1614 in
3371 1561 3453 1613 via
3498 1576 3708 1629 praece-

2128 1653 2337 1715 ptorum
2369 1665 2381 1699 :
2411 1648 2588 1703 educit
2610 1657 2786 1704 autem
2826 1664 2920 1705 eos
2958 1649 3013 1705 in
3046 1649 3370 1718 fortitudine,
3398 1667 3555 1722 quam
3577 1663 3709 1707 ante

2128 1736 2246 1804 ejus
2271 1739 2491 1807 gratiam
2524 1754 2631 1793 non
2658 1739 2939 1795 habebant.
2969 1740 3216 1796 Similiter
3242 1743 3577 1797 autat-icon!“
3618 1744 3709 1814 qui

2131 1828 2354 1895 habitant
2411 1829 2465 1883 in
2503 1831 2741 1899 sepulcris
2782 1847 2801 1885 :
2828 1831 2878 1889 id
2922 1841 3004 1887 est
3050 1834 3195 1887 omni
3238 1833 3397 1888 modo
3439 1843 3705 1900 mortuos,

2129 1928 2414 1989 occupatos
2444 1922 2495 1974 in
2517 1920 2765 1989 operibus
2787 1923 3028 1977 mortuis.
3054 1922 3115 1977 lli
3136 1923 3278 1977 enim
3306 1925 3602 1978 smaricant
3618 1941 3709 1978 re-

2132 2009 2368 2066 sistendo
2408 2011 2629 2081 justitizc
2656 2030 2671 2067 :
2701 2028 2821 2068 nam
2852 2013 2927 2067 illi
2952 2014 3237 2083 compediti
3268 2014 3486 2070 forsitan
3511 2016 3703 2072 volunt

2132 2102 2402 2178 ambulare
2423 2144 2438 2167 ,
2468 2119 2566 2159 nec
2591 2114 2840 2173 possunt;
2870 2106 3141 2175 Deumque
3178 2115 3460 2175 precantur
3490 2117 3549 2161 ut
3572 2123 3706 2177 pos-

2133 2192 2257 2258 sint,
2313 2194 2466 2263 eique
2514 2194 2696 2250 dicunt
2726 2214 2740 2251 :
2768 2195 2844 2248 De
2894 2196 3261 2252 necessitatibus
3294 2198 3419 2252 meis
3455 2199 3583 2254 educ
3630 2217 3710 2253 me

2132 2284 2316 2355 (Psal.
2344 2302 2493 2353 xxiv,
2521 2287 2587 2341 l7
2608 2286 2647 2357 ).
2689 2287 2733 2342 Δ
2752 2302 2864 2356 Δ(λιιο
2886 2287 3116 2342 exauditi
3141 2329 3159 2353 ,
3184 2290 3378 2359 gratias
3418 2299 3585 2359 agunt
3636 2291 3708 2345 di-

2133 2387 2322 2434 centes
2352 2377 2664 2449 :Disrupisti
2701 2380 2900 2435 uincula
2939 2395 3050 2433 mea
3079 2378 3256 2449 (Psal.
3295 2394 3417 2447 cxv,
3456 2381 3582 2450 t7).
3616 2381 3705 2437 Isti

2132 2478 2309 2525 autem
2370 2471 2718 2527 amaricantcs
2758 2471 2848 2541 qui
2884 2470 3121 2527 habitant
3153 2470 3204 2525 in
3235 2471 3512 2542 sepulcris.
3542 2472 3596 2525 in
3639 2488 3706 2526 eo

2133 2575 2328 2631 genere
2354 2569 2477 2615 sunt
2514 2560 2655 2629 quod
2695 2562 2803 2616 alio
2838 2562 2957 2616 loco
2983 2560 3255 2630 Scriptura
3298 2561 3579 2629 signiﬁcat.
3624 2562 3708 2616 di-

2132 2667 2261 2709 cens
2305 2670 2320 2707 :
2359 2655 2399 2707 Α
2442 2660 2657 2716 moi-tito,
2706 2653 2841 2707 velut
2890 2654 2974 2724 qui
3021 2669 3120 2708 non
3161 2654 3243 2718 sit,
3290 2653 3417 2723 perit
3453 2654 3706 2721 confessio

2135 2745 2155 2815 (
2180 2744 2337 2800 Eccli.
2359 2760 2487 2810 x-vn,
2513 2744 2582 2799 26
2604 2744 2645 2810 ).
2676 2743 2829 2800 Unde
2844 2754 2926 2799 est
2949 2743 3077 2799 illud
3108 2760 3126 2798 :
3156 2743 3399 2799 Peccator
3416 2760 3530 2796 cum
3549 2760 3706 2797 uene-

2134 2835 2200 2889 rit
2229 2837 2281 2888 in
2307 2834 2613 2904 profundum
2637 2834 2904 2895 malorum,
2925 2834 3192 2887 contemnit
3220 2831 3398 2906 (Prov.
3427 2848 3582 2895 xvnt,
3621 2834 3701 2902 5).

2135 2926 2288 2981 Aliud
2318 2936 2398 2981 cst
2419 2925 2558 2979 enim
2586 2925 2907 2989 desiderare,
2923 2924 3062 2979 aliud
3082 2939 3385 2995 oppugnare
3403 2924 3702 2993 justitiam;

2133 3016 2276 3071 aliud
2297 3032 2326 3072 a
2357 3016 2495 3077 maio
2516 3016 2722 3073 liberari
2768 3016 2924 3083 velle,
2950 3016 3091 3071 aliud
3121 3017 3255 3071 mala
3282 3032 3376 3074 sua
3416 3015 3707 3071 defendere

2134 3111 2310 3179 potius
2359 3126 2515 3181 quam
2565 3109 2715 3164 fateri
2745 3129 2758 3163 :
2789 3119 3041 3179 utrosque
3083 3120 3255 3164 tamen
3295 3110 3463 3175 gratia
3494 3108 3703 3163 Christi

2134 3200 2298 3253 educit
2321 3200 2373 3253 in
2399 3200 2708 3272 fortitudine.
2735 3200 2851 3267 Qua
2872 3199 3198 3265 fortitudine,
3231 3201 3331 3254 nisi
3363 3210 3418 3253 ut
3443 3200 3707 3254 adversus

2136 3298 2408 3359 peccatum
2454 3304 2622 3369 usque
2648 3289 2713 3345 ad
2743 3290 3048 3360 sanguinem
3096 3290 3336 3347 certent?
3363 3289 3447 3343 Ex
3475 3299 3707 3358 utroque

2134 3381 2274 3436 enim
2313 3396 2507 3452 genere
2548 3382 2680 3435 ﬁunt
2726 3381 2901 3436 idonei
2950 3382 3140 3451 quibus
3166 3392 3507 3436 construatur
3553 3382 3707 3436 locus

2134 3479 2347 3537 sanctus
2380 3471 2528 3541 ejus;
2558 3472 2663 3527 illis
2703 3473 2925 3538 solutis,
2970 3473 3072 3527 illis
3099 3474 3447 3529 resuscitatis.
3476 3474 3606 3539 Quia
3650 3484 3710 3528 et

2137 3562 2392 3631 mulieris,
2417 3578 2577 3632 quam
2607 3561 2914 3633 alligaverat
2930 3572 3140 3619 satanas
3166 3578 3263 3633 per
3288 3563 3472 3618 decem
3498 3573 3553 3617 et
3577 3576 3709 3618 octo

2135 3668 2324 3718 annos,
2349 3654 2584 3722 jubcndo
2605 3654 2810 3709 vincula
2833 3651 2992 3709 solvit
3013 3652 3177 3723 (Luc.
3205 3670 3320 3719 xm,
3352 3653 3484 3726 16);
3512 3666 3573 3708 ct
3604 3655 3709 3710 La-

2135 3745 2242 3800 zari
2268 3754 2491 3800 mortem
2520 3743 2795 3799 clamando
2821 3745 3089 3814 superavit
3119 3742 3309 3813 (Joan.
3335 3761 3408 3808 xl,
3447 3746 3538 3808 45,
3570 3746 3647 3800 44
3666 3746 3705 3811 ὶ.

2135 3835 2232 3902 Qui
2265 3834 2388 3890 fecit
2407 3834 2522 3890 haec
2550 3835 2600 3888 in
2620 3834 2953 3903 corporibus,
2983 3842 3155 3903 potest
3182 3835 3499 3888 mirabiliora
3523 3836 3710 3890 facere

2137 3926 2189 3982 in
2234 3927 2466 3982 moribus
2490 3967 2507 3993 ,
2535 3936 2588 3983 et
2614 3925 2784 3981 facere
2828 3926 2976 3979 unius
3002 3925 3387 3980 modi’liabitare
3429 3926 3478 3979 in
3507 3926 3666 3987 dotuo
3690 3944 3710 3981 :

2136 4019 2346 4074 cducens
2373 4018 2675 4090 compeditos
2697 4018 2752 4071 in
2777 4017 3347 4088 fortitudine;similiter
3371 4018 3711 4073 amaricautcs

2135 4110 2221 4180 qui
2240 4110 2460 4163 habitant
2484 4110 2536 4161 in
2558 4108 2820 4178 sepulcris.

2207 4197 2259 4254 9.
2294 4197 2441 4269 [vers.
2484 4197 2662 4268 8-50.]
2691 4196 2826 4251 Deus
2847 4213 2961 4251 cum
2993 4197 3293 4267 cgredereris
3319 4214 3486 4250 coram
3514 4200 3712 4267 populo

2136 4298 2240 4344 tuo.
2266 4288 2520 4359 Egressus
2546 4287 2659 4357 ejus
2689 4286 3019 4357 intelligitur,
3048 4303 3167 4341 cum
3193 4299 3414 4356 apparet
3449 4288 3498 4341 in
3518 4270 3710 4357 operi—

2137 4380 2235 4435 bus
2253 4380 2380 4434 suis.
2404 4379 2636 4448 Apparet
2655 4386 2830 4433 autem
2853 4390 2955 4431 non
2981 4376 3247 4443 erunibus,
3277 4377 3368 4431 sed
3390 4377 3466 4432 eis
3490 4378 3580 4446 qni
3612 4396 3714 4432 ιω-

2136 4479 2324 4525 veruut
2378 4483 2538 4539 opera
2589 4468 2704 4537 ejus
2738 4467 2949 4522 intueri.
2971 4466 3086 4522 Non
3109 4467 3251 4522 enim
3286 4482 3348 4521 ea
3375 4482 3512 4523 Illinc
3537 4483 3710 4537 Opera

2136 4560 2275 4623 dico,
2292 4576 2407 4630 qua:
2425 4559 2704 4628 conspicua
2732 4568 2854 4613 sunt
2872 4558 3137 4621 omnibus,
3152 4558 3373 4624 calum,
3398 4568 3453 4612 ct
3479 4567 3708 4625 terram,

2139 4657 2193 4704 et
2218 4665 2383 4715 mare,
2410 4658 2463 4705 et
2493 4649 2734 4712 universa
2765 4663 2881 4718 quae
2902 4648 2957 4701 in
2987 4648 3065 4702 eis
3084 4659 3241 4711 sunt;
3269 4650 3361 4703 sed
3390 4663 3554 4717 Opera
3584 4652 3709 4719 qui-

2139 4739 2236 4795 bus
2255 4739 2417 4793 educit
2441 4739 2742 4809 compeditas
2760 4738 2811 4792 in
2836 4738 3145 4810 fortitudine,
3163 4739 3389 4792 similiter
3407 4742 3703 4795 amarican-

2140 4845 2210 4888 tes
2235 4833 2321 4903 qui
2367 4832 2589 4886 habitant
2626 4832 2679 4885 in
2714 4831 2988 4900 sepulcris,
3016 4832 3211 4902 etfacit
3248 4847 3339 4887 eos
3379 4832 3529 4887 unius
3552 4835 3710 4888 moris

2142 4925 2367 4979 habitare
2390 4925 2441 4977 in
2468 4924 2636 4976 domo.
2657 4922 2745 4977 Sic
2770 4922 3039 4991 egreditur
3066 4937 3244 4977 coram
3277 4923 3472 4991 populo
3499 4938 3627 4990 suo,
3656 4927 3707 4980 id

2139 5025 2219 5071 est
2233 5031 2410 5071 coram
2432 5014 2508 5069 cis
2528 5014 2614 5084 qui
2637 5014 2787 5068 istam
2813 5013 3027 5084 gratiam
3052 5012 3166 5082 ejus
3194 5014 3505 5081 intelligunt.
3539 5014 3709 5070 ι)ουί-

2138 5123 2240 5179 que
2257 5106 2493 5177 sequitur
2520 5122 2534 5158 ι
2560 5102 2685 5159 Cum
2710 5103 2943 5158 transires
2971 5106 3023 5157 in
3046 5104 3237 5158 deserto
3262 5145 3276 5169 ,
3297 5113 3430 5158 terra
3454 5116 3593 5158 inata
3608 5117 3705 5160 est.

2143 5200 2416 5253 Desertum
2451 5205 2600 5251 crant
2633 5194 2851 5260 Gentes,
2887 5210 3003 5265 qua:
3028 5195 3340 5266 ignorabant
3363 5195 3529 5259 Dcmn
3564 5215 3581 5252 :
3610 5197 3709 5252 dn-

2140 5301 2337 5344 sertum
2361 5297 2493 5353 erat,
2524 5285 2611 5343 tibi
2644 5286 2729 5341 lex
2758 5286 2895 5339 nulla
2916 5285 2984 5340 ab
3012 5286 3127 5355 ipso
3152 5286 3261 5340 Deo
3285 5283 3403 5341 data
3428 5298 3580 5349 erat;
3610 5288 3705 5342 ubi

2140 5379 2266 5434 nulli
2305 5377 2577 5447 Propheta:
2601 5375 2993 5444 habitaverant,
3026 5378 3406 5447 Dominamque
3426 5393 3549 5433 esse
3577 5394 3709 5433 ven-

2140 5481 2313 5526 turum
2364 5469 2730 5539 prardixerant.
2780 5469 2903 5522 Cum
2948 5483 3074 5537 ergo
3112 5472 3345 5524 transires
3388 5471 3440 5523 in
3482 5470 3702 5536 deserto,

2138 5577 2258 5616 cum
2281 5558 2645 5630 prmdieareris
2670 5559 2720 5612 in
2746 5558 3003 5614 Gentibus
3021 5599 3038 5625 ,
3067 5568 3197 5613 terra
3224 5570 3357 5613 mota
3382 5570 3473 5624 est,
3503 5561 3701 5617 terreni

2145 5654 2382 5708 homines
2402 5649 2464 5706 ad
2506 5649 2660 5704 ﬁdem
2688 5650 2901 5705 excitati
2936 5658 3076 5706 sunt.
3105 5648 3214 5707 Sed
3247 5651 3385 5709 unde
3411 5661 3552 5709 mota
3579 5651 3704 5707 est?
