4022 6200
327 410 429 467 επ

329 525 531 579 Etenim
551 523 661 577 ειειί
681 523 1052 576 distillaverunt
1077 538 1110 574 a
1129 522 1255 592 facie
1284 520 1395 573 Dei.-
1417 518 1663 592 Forsitau
1687 517 1773 572 hic
1800 517 1894 570 ali-

325 617 443 686 quis
487 616 689 670 recolat
714 614 840 668 illud
888 624 1096 682 tempus
1120 655 1134 679 ,
1167 611 1378 682 quando
1429 611 1478 664 in
1509 609 1724 664 deserto
1753 609 1896 661 Deus

327 708 582 763 transibat
601 722 778 762 ceram
803 689 1138 776 populo'suo,
1169 719 1354 759 coram
1376 703 1498 756 ﬁliis
1524 702 1707 763 lsracl,
1738 700 1826 754 die
1847 700 1904 752 in:

325 803 572 856 coiumna
597 801 773 865 nubis,
801 809 952 852 nocte
994 799 1054 851 in'
1102 797 1304 865 fuigore
1355 795 1494 865 ignis
1542 792 1746 863 (Exod.
1783 807 1896 856 χιιι,

323 893 468 962 2'1);
501 901 554 946 et
597 892 700 946 boc
726 905 845 944 esse
887 890 1081 944 sentiat
1131 887 1268 955 quod
1297 888 1406 940 cali
1452 886 1838 939 distillaverunt-
1869 899 1900 936 a

325 984 454 1052 facie
485 981 596 1043 Dei,
628 977 874 1051 quoniam
903 994 1092 1032 manna
1121 977 1250 1048 pl‘uit
1285 977 1477 1046 populo
1504 991 1603 1030 suo
1637 973 1746 1044 (I’d.
1779 990 1893 1036 xm,

324 1077 392 1129 i3
418 1079 472 1144 );
507 1074 606 1126 hoc
629 1074 787 1128 etiam
816 1088 935 1127 esse
967 1070 1117 1141 quod
1147 1071 1401 1140 sequitur,
1438 1067 1586 1122 Mons
1616 1068 1744 1122 Sina
1767 1084 1798 1118 α
1821 1067 1900 1135 fa-

321 1167 396 1218 eie
427 1165 516 1218 Dei
543 1163 726 1222 I‘srael.
781 1163 1000 1233 pluviam
1039 1162 1376 1214 voluntariam
1405 1174 1690 1230 segregans,
1740 1157 1894 1222 Deus,

324 1257 738 1320 harrcditati-ture,
767 1255 958 1325 quitrin
990 1265 1169 1307 monte
1194 1253 1320 1308 Sina
1348 1253 1552 1306 locutus
1579 1262 1660 1305 est
1683 1251 1818 1304 Deus
1832 1250 1898 1304 ad

323 1347 554 1419 Moysen,
587 1346 795 1414 quando
823 1345 1014 1413 Legem
1044 1343 1188 1398 dedit
1215 1343 1339 1413 (id.
1385 1358 1496 1407 xxx,
1539 1343 1624 1408 i8,
1653 1339 1768 1412 etc.)
1800 1357 1813 1394 :
1843 1350 1901 1394 ut

323 1453 513 1491 manna
544 1437 616 1489 sit
663 1436 833 1504 pluria
883 1435 1175 1489 voluntaria
1215 1427 1375 1505 quarti
1421 1433 1713 1504 segregavit
1763 1433 1899 1486 Deus

323 1528 616 1582 increditati
659 1543 803 1593 suae,
843 1528 892 1580 id
935 1537 1014 1582 est
1063 1528 1256 1597 populo
1286 1509 1413 1581 suo:
1449 1527 1570 1596 quia
1614 1526 1756 1581 solos
1805 1541 1898 1579 eos

323 1621 392 1674 ita
419 1621 587 1688 pavit,
645 1635 757 1673 non-
798 1628 851 1673 et
885 1629 1106 1674 caeteras
1149 1619 1348 1674 Gentes
1389 1638 1402 1672 :
1443 1629 1500 1673 ut
1543 1619 1681 1689 quod
1707 1618 1898 1673 deinde

322 1711 467 1776 dicit,
503 1710 839 1778 Etinﬁrmata
875 1721 967 1775 est,
999 1712 1107 1780 ipsa
1137 1711 1418 1766 lttcreditas
1445 1711 1707 1765 inﬁrmata
1737 1711 1895 1780 intel-

320 1801 544 1870 ligatur;
575 1800 822 1869 «proniam
854 1810 1266 1865 murmurantes,
1301 1817 1490 1854 manna
1515 1802 1769 1856 fastidiosi
1795 1818 1888 1856 re-

319 1902 594 1962 spuerant,
624 1892 990 1948 desiderantes
1021 1909 1171 1947 escas
1211 1894 1471 1958 carnium,
1507 1905 1560 1949 et
1595 1910 1656 1948 ea
1706 1895 1898 1963 quibus

319 1983 456 2036 vesci
488 1983 537 2035 in
569 1982 800 2054 Egypt'o
832 1991 1216 2038 consueverant
1242 1984 1260 2053 (
1288 1982 1446 2036 Num.
1476 1998 1547 2046 ιιι,
1576 1984 1629 2048 5,
1673 1983 1759 2053 6).
1787 1975 1902 2040 Sed

319 2076 371 2129 in
400 2075 482 2129 his
507 2076 682 2129 verbis
723 2078 764 2130 si
799 2077 1093 2144 proprietas
1124 2075 1486 2129 tantummodo
1526 2075 1716 2130 littera:
1741 2116 1757 2140 ,
1787 2091 1892 2130 non

321 2170 607 2238 apiri'tualis
661 2168 1010 2238 requirendus
1056 2177 1138 2222 est
1191 2167 1528 2231 intellectus,
1577 2176 1786 2238 oportet
1841 2177 1897 2223 ut

321 2262 629 2316 Ostendatur
669 2261 956 2316 secundum
1007 2261 1382 2330 proprietatem
1423 2261 1774 2329 corporalem,
1807 2260 1894 2330 qui

319 2366 443 2409 tunc
472 2356 774 2424 compediti,
821 2355 1014 2423 quique
1042 2354 1198 2409 etiam
1245 2353 1540 2407 habitantes
1570 2353 1621 2406 in
1640 2353 1896 2422 sepulcris

316 2446 489 2499 educti
517 2456 639 2498 sunt
688 2446 737 2499 in
762 2445 1085 2498 fortitudine.
1114 2444 1314 2498 Deinde
1337 2444 1380 2498 si
1409 2444 1499 2498 ille
1536 2444 1778 2513 populus,
1807 2445 1894 2499 illa

317 2536 520 2589 Scilicet
547 2536 826 2589 lnnrcditas
849 2537 964 2600 Dei,
993 2535 1203 2589 fastidio
1235 2551 1431 2589 manna
1463 2550 1721 2604 respuens
1750 2536 1898 2589 inﬁr-

317 2636 452 2679 mata
484 2637 582 2690 est,
631 2642 733 2679 non
763 2627 946 2680 debuit
969 2627 1140 2697 sequi,
1171 2625 1406 2680 Tu’vero
1440 2627 1688 2695 perfecisti
1734 2644 1842 2681 eant
1875 2644 1890 2693 ;

316 2719 430 2782 sed,
463 2717 538 2771 'I'u
568 2733 690 2771 vero
721 2717 1022 2787 percussisti
1049 2733 1186 2771 eam.
1220 2717 1327 2770 Deo
1357 2718 1549 2786 quippe
1572 2717 1775 2772 offenso
1805 2734 1897 2787 per

317 2807 400 2860 illa
430 2823 695 2862 murmura
718 2819 876 2877 atque
908 2808 1112 2862 fastidia
1133 2850 1146 2871 ,
1178 2809 1363 2878 ingens
1404 2807 1551 2878 plaga
1587 2817 1765 2862 secuta
1815 2817 1898 2863 est

319 2897 516 2968 (il-bid,
539 2899 660 2970 53).
694 2899 970 2956 Postremo
1012 2898 1087 2952 illi
1116 2915 1300 2952 omnes
1346 2899 1397 2952 in
1445 2913 1627 2953 eremo
1659 2909 1898 2953 conster-

317 2992 423 3043 nati
473 3001 625 3050 sunt.
659 3007 756 3046 nec
787 2993 1060 3061 quisquam
1091 3007 1274 3045 eorum
1296 3033 1311 3056 ,
1351 3001 1543 3060 praeter
1580 2991 1713 3045 duos
1739 3034 1754 3058 ,
1791 3001 1898 3047 ter-

317 3095 428 3132 ram
461 3082 655 3134 meruit
696 3081 1056 3149 promissionis
1097 3082 1293 3135 intrare
1335 3080 1456 3153 (I'd.
1504 3096 1614 3145 xw,
1643 3081 1734 3147 99,
1764 3082 1892 3150 ὅθ).

316 3169 624 3238 Quanquam
653 3170 858 3224 etiamsi
898 3171 1102 3224 dicatur
1134 3170 1184 3223 in
1237 3170 1356 3226 ﬁliis
1381 3185 1567 3225 eorum
1616 3170 1896 3228 lia-reditas

318 3257 406 3311 illa
463 3259 710 3328 perfecta,
737 3275 831 3312 nos
866 3275 1080 3314 sensum
1108 3260 1434 3329 spiritualem
1455 3260 1673 3316 liberius
1714 3271 1895 3316 tenere

317 3349 592 3406 debemus.
637 3352 822 3405 Omnia
869 3352 1062 3422 quippe
1116 3352 1200 3405 illa
1241 3351 1489 3422 inﬁgura
1517 3354 1895 3424 contingebant

318 3444 372 3497 in
422 3443 563 3513 illis(
592 3444 652 3514 (l'
684 3442 801 3500 Cor.
855 3460 910 3507 χ,
946 3445 1004 3498 ll
1035 3445 1088 3513 )·;
1145 3445 1312 3498 donec
1351 3446 1614 3514 aspiraret
1661 3444 1796 3512 dies,
1840 3455 1896 3502 et

318 3544 716 3589 remmcreutur
745 3534 944 3589 umbrm
971 3534 1136 3604 (Cant.
1171 3550 1244 3600 ιι,
1276 3535 1383 3606 l7).

391 3624 478 3677 10'.
509 3625 731 3692 Aperiat
767 3624 947 3702 itaque
976 3625 1125 3678 nobis
1154 3625 1486 3694 pulsantibus
1519 3626 1809 3690 Dominus;
1841 3634 1897 3682 et

318 3715 869 3784 mysteriorum'ejus,
913 3724 1165 3783 quantum
1211 3716 1324 3782 ipse
1364 3715 1648 3785 dignatur,
1691 3727 1894 3771 secreta

320 3803 636 3873 pandantur.
661 3806 866 3859 Etenim
894 3815 950 3859 ut
975 3815 1112 3861 terra
1140 3815 1277 3860 mota
1309 3817 1450 3861 esset
1477 3807 1541 3860 ad
1568 3809 1745 3874 ﬁdem,
1774 3824 1894 3863 cum

323 3895 378 3950 in
405 3895 669 3951 desertum
700 3897 946 3952 Gentium
975 3898 1229 3952 transiret
1259 3900 1602 3969 Evangelium
1623 3942 1635 3964 ,
1667 3903 1777 3956 caeli
1815 3903 1897 3955 di—

320 3989 640 4043 stillaverunt'
660 4006 691 4042 a
719 3991 848 4059 facie
869 3989 979 4044 Dei.
1005 3989 1067 4044 ili
1095 3991 1383 4057 sunt'catli,
1405 3992 1472 4046 de
1496 3993 1687 4060 quibus
1718 3995 1768 4047 in
1791 3995 1896 4049 alio

325 4080 526 4149 psalmo
553 4079 758 4135 canitur
791 4099 802 4133 :
835 4081 957 4134 (ἰωιί
998 4090 1234 4134 enarrant
1274 4081 1489 4150 gloriam
1531 4081 1647 4135 Dei.
1691 4084 1765 4138 De
1814 4085 1896 4140 his

322 4175 516 4245 quippe
553 4175 708 4242 paulo
737 4183 855 4244 post
882 4173 949 4228 ibi
979 4175 1206 4229 dicitur:
1241 4173 1361 4227 Non
1401 4185 1515 4228 sunt
1559 4175 1767 4244 loquela:
1805 4195 1894 4231 ne-

322 4282 419 4334 que
449 4281 698 4320 sermones
718 4309 732 4330 ,
778 4283 987 4336 quorum
1013 4284 1113 4319 non
1142 4265 1410 4320 audiantur
1435 4281 1574 4320 voces
1601 4280 1773 4321 eorum
1801 4286 1819 4322 :
1844 4269 1898 4323 in

324 4374 519 4411 omnem
540 4367 718 4411 terram
746 4360 862 4412 exiit
886 4346 1038 4413 sonus
1061 4375 1230 4413 eorum
1251 4400 1266 4426 ,
1292 4370 1339 4414 et
1367 4359 1420 4413 in
1450 4361 1572 4428 ﬁnes
1597 4361 1730 4415 orbis
1753 4372 1901 4416 terra:

324 4448 470 4501 verba
495 4465 662 4501 eorum
691 4448 858 4518 (l’sal.
887 4465 1012 4503 xvni
1037 4490 1051 4513 ,
1083 4449 1222 4520 9.45).
1260 4449 1368 4504 Nec
1396 4459 1571 4504 tamen
1603 4452 1718 4506 istis
1747 4453 1894 4507 cmlis

325 4540 660 4609 tanta'gloria
695 4539 966 4593 tribuenda
993 4549 1094 4605 est,
1125 4549 1370 4610 tanquam
1393 4541 1459 4594 ab
1479 4541 1780 4595 hominibus
1810 4543 1896 4597 illa

323 4631 492 4700 gratia
525 4621 723 4686 renerit
751 4631 801 4684 in
829 4631 1094 4686 desertum
1121 4630 1390 4696 Gentium,
1416 4641 1473 4685 ut
1501 4641 1639 4686 terra
1660 4649 1900 4687 morere-

327 4732 410 4775 tur
447 4721 511 4775 ad
542 4722 718 4776 ﬁdem.
750 4721 864 4776 Non
892 4723 1032 4776 enim
1054 4722 1172 4775 coeli
1202 4740 1231 4776 a
1258 4721 1448 4791 seipsis
1472 4721 1894 4788 distillaverunt;

324 4813 477 4868 scd'a
507 4815 632 4884 [acie
672 4813 796 4879 Dei,
840 4814 1017 4882 utique
1056 4812 1398 4866 inhabitantis
1420 4827 1512 4866 eos
1534 4853 1548 4874 ,
1575 4821 1632 4867 et
1657 4813 1896 4867 facientis

325 4921 418 4960 eos
449 4906 738 4959 inhabitare
766 4906 918 4958 unius
941 4904 1101 4958 moris
1131 4903 1181 4956 in
1207 4905 1383 4956 domo.
1410 4902 1509 4971 ipsi
1531 4912 1654 4956 sunt
1679 4904 1817 4957 enim
1845 4914 1898 4958 et

323 5008 534 5052 montes
559 5038 573 5060 ,
619 4991 685 5050 de
728 4996 916 5066 quibus
945 4995 1135 5049 dicitur
1179 5012 1192 5047 :
1233 4992 1414 5047 Levavi
1457 4991 1628 5046 oculos
1672 5011 1804 5047 meos
1830 4995 1898 5046 ad

324 5100 517 5144 montes
541 5130 556 5153 ,
601 5087 732 5141 unde
775 5090 943 5141 veniet‘
974 5086 1218 5139 auxilium
1245 5087 1386 5138 mihi.
1419 5085 1485 5138 Et
1515 5095 1689 5138 tamen
1736 5100 1802 5137 nc
1843 5086 1895 5138 in

238 5238 240 5241 ,
327 5179 629 5234 ltominibus
643 5193 789 5246 spem
812 5179 1050 5247 posuisse
1073 5177 1352 5238 videretur,
1372 5176 1624 5229 continuo
1640 5175 1893 5244 subjecit:

325 5269 585 5324 Auxilium
612 5284 772 5321 meum
795 5285 826 5320 a
854 5267 1066 5320 Domino
1090 5307 1104 5328 ,
1149 5266 1233 5334 qui
1261 5299 1266 5302 -
1275 5265 1392 5334 fecit
1419 5265 1596 5322 uelum
1633 5274 1678 5318 et
1714 5275 1898 5318 ιιιννηηι

327 5361 497 5431 (Psal.
525 5377 644 5425 cxx,
671 5362 722 5425 l",
747 5359 827 5430 Ξ).
858 5360 917 5413 Ei
952 5359 1144 5428 quippe
1172 5359 1276 5411 alio
1308 5357 1422 5410 loco
1448 5356 1638 5411 dicitur
1659 5398 1672 5418 ,
1702 5356 1899 5410 lllumi-

329 5471 454 5506 nans
483 5463 534 5504 tu
564 5451 960 5513 admirabiliter,
991 5467 1020 5501 a
1043 5448 1286 5502 montibus
1308 5447 1505 5502 teternis
1533 5445 1702 5517 (Psal.
1737 5463 1891 5511 Lxxv,

327 5546 430 5613 5)‘:
458 5542 696 5612 quamvis
723 5558 750 5595 a
794 5540 1330 5604 montibtismternis,
1373 5548 1545 5592 tamen
1593 5538 1896 5593 illtnninans

331 5645 404 5688 ιιι.
433 5635 518 5688 Sic
547 5643 598 5686 et
628 5633 730 5696 hic,
758 5632 865 5684 cali
895 5631 1296 5693 distillaveruut;
1324 5628 1413 5682 sed
1435 5670 1451 5694 ,
1481 5644 1511 5680 a
1532 5628 1662 5697 facie
1687 5627 1799 5680 Dei.
1831 5629 1896 5683 Ει

332 5724 429 5792 ipsi
475 5726 615 5778 enim
659 5723 786 5775 salvi
826 5722 948 5776 facti
980 5730 1110 5774 sunt
1129 5737 1221 5790 per
1248 5721 1440 5781 ﬁdem,
1469 5728 1523 5772 et
1567 5719 1667 5772 hoc
1697 5733 1798 5773 non
1825 5733 1890 5772 ex

329 5814 546 5884 seipsis;
587 5813 677 5869 sed
727 5813 820 5874 Dei
863 5812 1057 5867 domini
1101 5823 1177 5866 est
1210 5831 1221 5865 :
1254 5827 1356 5865 non
1396 5826 1466 5865 ex-
1496 5808 1740 5878 operibus
1764 5851 1778 5874 ,
1823 5823 1890 5862 ne

651 389 705 440 ολ
975 417 978 422 ·
1375 401 1775 460 ΞΝΑΠΒᾹΤΙΟ
1807 401 1869 456 ΙΝ

1999 403 2232 460 ,ιιιιυιι
2265 403 2469 459 LXVII.

3473 417 3577 471 8l8
3640 483 3642 485 ,

2011 517 2147 572 forte
2186 522 2310 589 quis
2345 521 2640 575 extollatur.
2673 522 2838 599 ipsius
2883 526 3020 578 enim
3052 542 3230 581 sumus
3274 531 3576 599 ﬁgmentum

2007 606 2218 677 (Ep/tes.
2252 625 2313 673 ιι,
2361 610 2561 682 8ι1ογ,
2603 592 2853 682 ηαὶίὶιείι
2892 615 3040 668 unius
3083 618 3218 670 modi
3261 592 3482 674 habitare
3525 627 3577 676 in

2005 701 2183 754 domo.
3618 767 3621 770 ν

2074 791 2160 845 Η.
2193 791 2304 845 Sed
2322 791 2442 862 quid
2472 803 2550 847 εει
2577 796 2722 863 quod’
2755 798 3019 865 sequitur,
3052 797 3199 852 Μοηε
3235 799 3363 853 Sina
3388 820 3418 854 a
3445 803 3573 872 facie

2003 879 2097 933 Dei
2141 879 2342 935 fsrael?
2385 885 2461 936 An
2508 885 2924 940 subaudiendum
2975 897 3094 954 est,
3141 891 3410 946 distillarit
3453 912 3466 946 :
3517 904 3574 948 ut

2002 974 2146 1042 quod”
2170 976 2372 1028 vocavit
2402 978 2662 1030 ctelorum'
2685 979 2894 1032 nomine
2921 1022 2933 1043 ,
2968 981 3066 1034 hoc
3105 982 3328 1036 voluerit
3353 981 3570 1053 intelligi

2004 1067 2218 1120 nomine
2245 1067 2400 1127 etiam
2429 1070 2621 1122 montis
2650 1069 2771 1123 Sina
2796 1088 2810 1136 ;
2856 1073 2992 1126 sicut
3015 1073 3243 1128 diximus
3281 1091 3372 1130 eos
3398 1079 3577 1131 vocari

2002 1167 2242 1222 montes,
2273 1158 2356 1225 qui
2387 1160 2551 1212 vocati
2579 1167 2705 1214 sunt
2722 1163 2873 1216 coeli?
2897 1163 3006 1219 Nec
3044 1165 3095 1218 in
3135 1167 3424 1223 isto-sensu
3452 1152 3570 1222 mo-

2002 1262 2127 1303 vere
2153 1247 2308 1304 debet
2329 1249 2467 1320 quod
2496 1251 2587 1317 ait,
2616 1269 2780 1319 mons;
2805 1269 2930 1321 non,
2962 1267 3185 1323 mentes;
3214 1261 3425 1314 cmn'ibi
3446 1261 3573 1315 dicti

2003 1341 2140 1404 sint,
2164 1343 2317 1405 coeli;
2347 1358 2484 1404 non,
2521 1345 2712 1397 cmlum
2746 1361 2759 1397 :
2791 1347 2910 1414 quia
2936 1358 2989 1401 et
3019 1350 3193 1402 in-alio
3229 1352 3430 1420 psalmo
3453 1369 3570 1407 cum

2002 1428 2199 1483 dictum
2231 1443 2389 1496 esset,
2421 1430 2542 1486 Caeli
2567 1446 2802 1488 enarrant
2831 1435 3040 1505 gloriam
3069 1439 3164 1493 Dei
3183 1459 3202 1503 ;
3238 1458 3385 1495 more
3427 1444 3572 1497 Scri-

2002 1531 2169 1590 ptura:
2193 1523 2435 1577 eumdem
2477 1539 2688 1578 sensum
2716 1528 2889 1580 verbis
2927 1529 3048 1582 aliis—
3070 1533 3358 1598 repetentis
3383 1534 3570 1587 subsc-

2000 1619 2220 1681 qucntcr
2253 1613 2449 1668 dictum
2475 1625 2556 1669 est
2594 1633 2606 1669 :
2637 1616 2698 1668 Et
2727 1633 2879 1686 Opera
2910 1635 3145 1672 manuum
3173 1622 3282 1690 ejus
3310 1625 3589 1676 annuntiat-

2000 1701 2387 1770 ﬁrmamentum.
2420 1705 2570 1759 Prius
2597 1705 2746 1772 dixit,
2775 1708 2914 1771 cedi;
2950 1725 3050 1760 non
3074 1711 3285 1774 cadum;
3318 1721 3371 1765 et
3400 1723 3576 1768 tamen

2001 1802 2181 1861 postea
2211 1809 2337 1859 non,
2367 1795 2731 1858 ﬁrmamenta;
2762 1799 2852 1851 sed
2875 1841 2889 1862 ,
2919 1799 3329 1854 ﬁrmamentum.
3372 1803 3574 1857 Vocavit

1999 1887 2140 1940 enim
2173 1885 2308 1940 Deus
2332 1887 2700 1956 firmamentum
2721 1931 2734 1952 ,
2762 1889 2941 1942 coelum
2982 1889 3129 1961 (Cen.
3159 1908 3204 1954 ι,
3231 1894 3314 1961 8),
3348 1894 3481 1947 sicut
3522 1898 3575 1948 in

1998 1975 2194 2032 Genesi
2220 1978 2471 2047 scriptum
2499 1988 2599 2033 est.
2626 1977 2698 2032 Ita
2725 1996 2850 2050 ergo
2887 1982 3005 2035 caeli
3033 1992 3084 2036 ct
3109 1985 3298 2038 Casium
3326 2025 3341 2050 ,
3371 1995 3573 2038 ruentes

1998 2080 2051 2124 et
2077 2084 2228 2123 mons
2250 2110 2262 2134 ,
2295 2085 2412 2124 non'
2443 2071 2619 2136 aliud,
2651 2072 2742 2126 scd
2785 2073 2887 2126 hoc
2917 2075 3083 2142 ipsum
3119 2093 3131 2129 :
3161 2077 3298 2129 sicut
3328 2077 3574 2130 Ecclesize

1999 2163 2174 2216 multm
2198 2171 2381 2224 ct,una
2423 2162 2659 2219 Ecclesia
2685 2207 2700 2231 ,
2744 2181 2846 2219 non
2891 2167 3063 2230 aliud“,
3105 2169 3198 2222 sed
3240 2168 3339 2223 hoc.
3380 2170 3571 2240 ipsum.

1997 2253 2105 2307 Cur
2129 2269 2256 2324 ergo
2279 2295 2292 2317 ,
2322 2273 2462 2308 mons
2490 2256 2617 2310 Sina
2653 2259 2740 2327 qui
2775 2260 2826 2311 in
2867 2260 3147 2313 servitutem
3187 2273 3388 2331 general
3431 2263 3569 2335 Gul.

1999 2361 2050 2399 ιγ
2071 2389 2084 2411 ,
2109 2345 2200 2417 24)
2223 2387 2238 2413 ,
2270 2348 2404 2402 sicut
2433 2349 2560 2402 dicit
2587 2350 2909 2418 Apostolus?
2938 2352 3017 2405 An
3047 2353 3186 2406 forte
3211 2347 3315 2407 Lex
3347 2354 3454 2424 ipsa
3490 2357 3573 2408 in-

1998 2438 2275 2508 telligenda
2306 2447 2388 2493 est
2413 2440 2462 2492 in
2491 2448 2669 2494 monte
2692 2439 2819 2496 Sina
2841 2482 2854 2506 ,
2880 2449 3038 2511 quam
3069 2443 3432 2499 distillaveruut
3462 2447 3573 2500 cadi

1997 2545 2027 2580 a
2056 2529 2188 2598 facie
2216 2528 2328 2594 Dei,
2353 2538 2407 2584 ut
2434 2539 2570 2585 terra
2596 2532 2927 2586 moreretur?
2950 2545 3002 2587 et
3034 2535 3144 2603 ipse
3171 2547 3248 2588 est
3274 2546 3426 2589 terra:
3457 2554 3571 2589 Ino-

1999 2631 2100 2687 tus,
2133 2638 2252 2675 cum
2275 2623 2654 2678 conturbantur
2680 2623 2922 2679 homines
2946 2669 2960 2692 ,
2985 2627 3104 2695 quia
3132 2625 3323 2695 Legem
3350 2627 3593 2697 implere-

1998 2725 2100 2764 non
2131 2715 2375 2783 possunt?
2401 2714 2551 2779 Quod
2577 2715 2619 2767 si
2643 2714 2713 2768 ita
2743 2723 2843 2777 est,
2873 2715 2986 2769 lucc
3015 2727 3094 2770 cst
3117 2726 3170 2771 ct
3193 2718 3360 2787 pluvia
3383 2720 3572 2773 volun:-

1999 2804 2149 2870 taria,
2173 2805 2241 2858 de
2263 2819 2364 2875 qua
2393 2815 2780 2874 consequenter
2803 2806 2950 2872 dicit,
2979 2807 3212 2862 Pluviam
3240 2809 3573 2864 voluntariam

1997 2914 2287 2968 segregans,
2319 2897 2470 2962 Deus,
2497 2900 2774 2955 Increditati
2805 2911 2904 2958 tua:
2920 2920 2939 2967 ,'
2960 2904 3078 2973 quia
3107 2920 3209 2958 non
3234 2893 3356 2959 fecit
3381 2905 3456 2960 sic
3482 2907 3572 2962 ulli

1997 2989 2158 3056 genti,
2183 2990 2440 3057 etjndicia
2466 3007 2560 3044 sua
2581 3006 2684 3045 non
2712 2992 3069 3047 manifestavit
3091 2994 3167 3049 eis
3185 2993 3352 3064 (Psal.
3371 3012 3575 3063 cxuvn,

1995 3079 2108 3148 20).
2131 3081 2431 3151 Segregavit
2452 3083 2625 3153 itaque
2652 3085 2878 3152 pluviam
2902 3085 3034 3140 ltanc
3058 3087 3404 3142 voluntariam
3436 3089 3574 3144 Deus

1998 3168 2293 3226 lizereditati
2319 3188 2428 3227 sine
2447 3214 2470 3238 ,
2495 3175 2633 3242 quod
2663 3173 2868 3244 Legem
2884 3176 3048 3230 dedit.
3081 3175 3143 3229 Et
3167 3177 3423 3246 in/irmata
3451 3190 3525 3232 est
3555 3195 3572 3233 :

1996 3261 2089 3317 rel‘
2119 3263 2228 3332 ipsa
2265 3263 2372 3320 Lex
2394 3309 2408 3329 ,
2440 3269 2533 3322 rel‘
2561 3268 2670 3337 ipsa
2718 3268 3019 3324 litereditas.
3059 3270 3164 3326 Lex
3206 3271 3466 3325 inﬁrmata
3496 3273 3582 3327 sic-

1995 3358 2162 3428 accipi
2193 3368 2385 3428 potest,
2413 3375 2477 3414 co
2497 3359 2636 3430 quod
2666 3361 3109 3430 nonimplcretur
3133 3381 3144 3415 :
3176 3379 3278 3416 non
3301 3363 3435 3433 quod
3463 3365 3572 3432 ipsa

1997 3449 2201 3504 inﬁrma
2232 3451 2324 3514 sit,
2359 3451 2453 3504 Sed
2477 3451 2614 3520 quod
2649 3451 2885 3504 inﬁrmos
2913 3451 3035 3505 facit
3060 3453 3309 3506 mina-udo
3338 3469 3570 3522 plenam,

1997 3553 2095 3593 nec
2120 3541 2421 3609 adjuvando
2449 3557 2542 3609 per
2578 3543 2821 3609 gratiam.
2853 3541 2984 3594 Nam
3028 3551 3082 3594 et
3127 3543 3412 3610 Apostolus
3459 3543 3576 3611 ipso

1996 3633 2158 3686 verbo
2202 3648 2325 3686 usus
2353 3643 2461 3696 est,
2513 3634 2598 3687 ubi
2649 3634 2758 3698 ait,
2789 3633 2936 3697 Quod
2976 3635 3111 3687 eizim
3134 3635 3439 3702 impossibile
3468 3645 3572 3688 erat

1997 3721 2149 3792 Legi,
2183 3724 2235 3775 in
2262 3740 2358 3792 quo
2397 3722 2746 3791 in/irmabatur
2775 3740 2863 3791 per
2902 3741 3135 3788 carnem;
3165 3725 3461 3794 signiﬁcare
3488 3740 3574 3778 Vti-

1998 3812 2111 3866 l'ens
2146 3813 2267 3881 quia
2295 3829 2390 3883 per
2413 3813 2654 3881 Spiritum
2690 3815 2941 3882 iu'ipletur
2975 3832 2988 3868 :
3018 3823 3190 3868 tamen
3238 3816 3399 3882 ipsam
3440 3817 3572 3872 dixit

1999 3901 2290 3968 inﬁrmari,
2321 3917 2438 3956 cum
2465 3903 2530 3956 ab
2568 3902 2787 3956 inﬁrmis
2818 3919 2920 3955 non
2951 3903 3114 3971 possit
3142 3904 3366 3972 impleri.
3419 3905 3571 3959 Inﬁr-

1997 4003 2139 4048 mata
2168 4009 2294 4047 vero
2333 3994 2441 4062 ipsa
2472 3993 2750 4048 lucreditas
2771 4037 2783 4056 ,
2814 3993 2863 4047 id
2903 4003 2983 4048 cst
3010 3995 3120 4062 ipse
3161 3997 3384 4066 populus
3405 4039 3419 4063 ,
3449 3999 3569 4051 data
3628 3977 3632 3986 ’

1997 4086 2098 4141 sibi
2129 4083 2290 4154 Lege,
2314 4086 2427 4140 sine
2456 4087 2556 4156 ulla
2580 4086 2918 4153 ambiguitate
2951 4087 3274 4156 intelligitur.
3307 4088 3414 4143 Lex
3441 4091 3574 4143 cuius

1998 4176 2290 4230 subintravit
2310 4219 2324 4241 ,
2354 4186 2407 4229 ut
2427 4176 2700 4229 abundaret
2727 4177 2980 4228 delictum.
3005 4175 3154 4243 Quod
3193 4184 3366 4232 autem
3397 4180 3574 4246 sequi-

1999 4275 2114 4328 tur,
2143 4265 2221 4320 Tu
2269 4283 2383 4320 vero
2411 4266 2659 4336 pet-fecisti
2687 4283 2796 4318 eam
2819 4306 2832 4324 ,
2861 4265 2924 4319 ad
2957 4267 3145 4336 Legem
3198 4267 3265 4320 ita
3314 4269 3536 4322 refertur
3555 4311 3568 4332 ,

1999 4358 2117 4426 quia
2144 4356 2430 4412 secundum
2460 4357 2583 4410 illud
2613 4356 2862 4425 perfecta,
2892 4359 2940 4410 id
2967 4367 3048 4412 est
3069 4359 3278 4428 impleta
3304 4369 3404 4422 est;
3431 4361 3580 4428 quod

2001 4445 2256 4500 Dominus
2284 4447 2334 4499 in
2366 4447 2649 4516 Erangelio
2676 4446 2798 4500 dicit
2827 4465 2840 4499 :
2871 4444 2992 4500 Non
3018 4449 3126 4500 veni
3155 4448 3335 4518 Legem
3363 4450 3569 4512 solrere,
3592 4456 3597 4468 '

1999 4537 2086 4590 sed
2111 4537 2316 4606 implere
2343 4536 2552 4605 (Matth.
2592 4553 2656 4599 γ,
2705 4539 2820 4608 l7).
2864 4536 3015 4592 Unde
3059 4549 3112 4592 et
3157 4538 3440 4606 Apostolus
3483 4544 3596 4606 qui

1999 4628 2204 4682 dixerat
2233 4627 2424 4696 Legem
2457 4628 2770 4680 inﬁrmatam
2794 4642 2912 4681 esse
2936 4641 3028 4696 per
3049 4643 3282 4690 carnem,
3307 4629 3425 4696 quia
3447 4644 3570 4681 caro

2001 4735 2104 4773 non
2132 4719 2312 4786 implet
2341 4714 2478 4785 qttod
2523 4731 2618 4786 per
2656 4718 2894 4786 spiritum
2933 4718 3212 4785 impletur,
3263 4717 3312 4770 id
3355 4727 3435 4772 est
3478 4734 3602 4786 pert,

1999 4810 2217 4880 gratiam
2249 4809 2594 4877 spiritttaicm;
2630 4808 2740 4876 ipse
2770 4809 2893 4861 item
2921 4807 3047 4860 dicit
3073 4825 3086 4860 :
3115 4804 3182 4862 Ut
3201 4809 3401 4877 justitia
3422 4807 3568 4879 [πρὸς

2000 4901 2290 4969 impleretur
2317 4902 2369 4952 in
2399 4899 2560 4965 nobis,
2587 4901 2670 4971 qui
2693 4913 2791 4953 nou
2815 4900 3088 4953 secundum
3119 4915 3316 4953 carnem
3344 4902 3568 4955 ambula-

2001 5006 2127 5052 mus,
2151 4989 2239 5043 sed
2267 4990 2537 5042 secundum
2564 4991 2792 5058 spiritum
2823 4989 2995 5060 (llam.
3024 5002 3132 5053 \‘ttl,
3167 4990 3216 5052 '5,
3250 4992 3328 5059 4).
3360 4992 3467 5045 Ηιιε
3488 5002 3568 5046 εει

2000 5092 2162 5148 ergo,
2201 5078 2281 5130 Tu
2310 5095 2423 5131 vero
2449 5078 2698 5146 perfecisti
2721 5095 2860 5144 eam;
2893 5079 3009 5147 quia
3043 5079 3299 5148 plenitudo
3330 5079 3475 5149 L‘cgis
3497 5090 3567 5132 est

2000 5169 2224 5220 choritas
2261 5167 2370 5231 (l'd.
2414 5181 2539 5232 xnt',
2575 5168 2700 5237 l‘O);
2731 5178 2783 5222 ct
2821 5169 3039 5222 Charitas
3075 5167 3171 5222 Dei
3199 5169 3385 5235 di/fusa
3410 5180 3478 5222 est
3515 5172 3566 5224 iu

1999 5258 2231 5312 cordibus
2252 5259 2473 5320 nostris,
2498 5274 2598 5311 non
2627 5273 2721 5328 per
2749 5273 2846 5311 nos
2880 5259 3050 5327 ipsos,
3079 5258 3172 5312 sed
3201 5275 3290 5328 per
3318 5259 3563 5327 Spiritum

1998 5359 2224 5404 sanctum
2248 5349 2342 5415 qui
2374 5349 2522 5402 datus
2560 5358 2628 5402 est
2674 5348 2812 5401 nobis
2839 5363 2857 5401 :
2887 5349 2986 5402 huc
3013 5359 3120 5415 est,
3155 5350 3230 5402 Tu
3259 5365 3370 5402 vero
3398 5353 3564 5418 perfe-

1999 5441 2109 5494 eisti
2137 5456 2269 5504 eam,
2292 5441 2334 5493 si
2357 5439 2547 5508 Legem
2569 5438 2852 5508 perfecisse
2879 5438 3219 5509 intelligatur;
3242 5439 3284 5492 si
3309 5452 3433 5492 vero
3459 5439 3562 5490 Inc—

1999 5532 2274 5586 reditatem
2301 5569 2316 5592 ,
2360 5529 2564 5584 facilior
2597 5539 2686 5582 εει·
2716 5529 3030 5585 intellectus.
3075 5530 3128 5583 Si
3165 5529 3303 5582 enim
3350 5540 3562 5596 propter

1998 5622 2098 5675 hoc
2122 5623 2271 5674 dicta-
2292 5629 2372 5673 est
2401 5619 2685 5673 Ιιιειεειιὶιιιςι
2711 5619 2804 5673 Dei
2831 5620 3087 5674 inﬁrmata
3110 5657 3127 5681 ,
3158 5618 3205 5670 id
3231 5627 3312 5669 est
3341 5618 3560 5686 populus

1998 5715 2090 5768 Dei
2119 5713 2411 5766 inﬁrmatus
2437 5711 2555 5764 data
2582 5709 2742 5778 Lege,
2760 5711 2880 5778 quia
2911 5710 3016 5763 Lex
3038 5709 3323 5760 subintravit
3347 5752 3360 5773 ,
3386 5722 3437 5761 ut
3466 5710 3556 5760 ab-

1999 5805 2207 5858 undaret
2237 5803 2470 5857 delictum
2494 5788 2658 5867 :cr-go
2683 5793 2892 5872 etquod
2917 5799 3171 5867 sequitur,
3210 5797 3280 5852 Tu
3306 5816 3414 5854 vero
3444 5818 3556 5868 per-
