4022 6200
419 415 531 469 819'

419 524 576 598 fecisti
601 538 727 583 eam.
758 535 823 593 ex
852 518 942 573 illo
968 509 1436 598 intelligiturquod
1461 506 1696 564 etiamin
1728 499 1982 598 apostolo

419 591 674 686 sequitur,
702 591 796 665 Ubi
815 617 979 661 autem
1005 596 1545 663 abundavit'delictum,
1568 591 1984 686 superabundavit

418 681 581 778 gratia
597 705 768 774 (ttom.
782 717 832 763 ιν,
853 700 906 762 ὅ,
922 697 1038 766 20).
1055 696 1292 762 Namque
1302 689 1601 746 abundante
1611 685 1823 778 delicto,
1843 681 1984 737 mul-

422 774 663 867 iiplicata:
678 802 799 848 sunt
815 788 1147 844 inﬁrmitates
1161 799 1366 847 eorum;
1385 789 1440 835 et
1460 786 1637 849 postea
1653 774 1984 830 accelerave-

422 897 543 944 runt
579 885 745 956 (Psal.
789 900 891 949 xv,
918 881 975 954 ιι)
1005 900 1018 934 :
1051 881 1169 951 quia
1200 879 1594 948 ingemuerunt,
1624 882 1677 926 et
1706 872 1986 925 invocave-

421 988 565 1040 runt,
597 986 653 1031 ut
681 977 795 1044 ipso
823 974 1102 1043 adjuvante
1130 969 1439 1039 impleretur
1460 963 1600 1035 quod
1632 962 1747 1030 ipso
1771 959 1988 1028 iubente

422 1083 528 1122 non
556 1066 885 1135 implebatur.

396 1174 401 1180 '
495 1159 582 1214 12.
617 1159 711 1213 Est
734 1159 785 1211 in
816 1156 899 1210 his
925 1154 1099 1210 verbis
1125 1163 1177 1207 et
1204 1152 1339 1206 alius
1362 1162 1552 1204 sensus
1570 1189 1584 1212 ,
1613 1145 1700 1213 qui
1740 1140 1991 1213 probabi-

423 1250 524 1304 lior
562 1226 691 1303 mihi
716 1248 940 1303 videtur.
984 1228 1146 1315 Multo
1175 1243 1315 1298 enim
1351 1236 1724 1309 congruentius
1750 1232 1995 1303 intelligi-

427 1355 512 1396 tur
540 1320 648 1410 ipsa
676 1339 841 1411 gratia
868 1337 1039 1405 pluvia
1065 1333 1358 1390 voluntaria
1378 1374 1394 1396 ,
1434 1330 1553 1400 quia
1594 1326 1992 1407 nullis\pr:ece-

425 1431 671 1485 dentibus
693 1443 910 1497 Operam
943 1425 1142 1480 meritis
1168 1422 1331 1493 gratis
1351 1420 1522 1474 datur.
1554 1417 1613 1472 Si
1638 1416 1768 1469 enim
1796 1414 1996 1484 gratia;

427 1528 535 1593 iam
562 1542 661 1579 non
685 1540 747 1578 ea:
770 1523 1000 1592 operibus
1029 1536 1050 1573 .·
1071 1518 1291 1587 alioquin
1312 1515 1474 1587 gratia
1495 1517 1598 1575 iam
1619 1526 1719 1564 non
1743 1519 1812 1563 est
1834 1507 1998 1578 gratia

432 1616 604 1689 (Rom.
648 1631 731 1678 XI,
777 1614 856 1684 6).
890 1611 1011 1666 Non
1044 1612 1173 1663 enim
1218 1608 1398 1676 dignus
1425 1621 1567 1667 sum,
1599 1600 1800 1671 inquit,
1830 1598 1997 1652 vocari

432 1688 718 1776 apostolus,
748 1706 865 1775 quia
903 1711 1186 1771 persecutus
1221 1715 1332 1750 sum
1380 1694 1650 1748 Ecclesium
1680 1691 1768 1742 Dei
1797 1705 1815 1742 :
1837 1688 2001 1760 gratia

434 1806 602 1850 autem
630 1795 720 1847 Dei
749 1811 857 1849 sum
885 1792 939 1845 id
978 1792 1109 1862 quod
1134 1805 1243 1841 sum
1280 1786 1320 1858 (l
1349 1785 1465 1840 Cor.
1496 1799 1581 1843 xv.
1610 1781 1643 1837 9
1663 1790 1710 1835 et
1739 1782 1849 1849 10).
1879 1779 2003 1833 Haec

435 1895 516 1941 est
557 1883 729 1953 pluvia
770 1881 1086 1935 voluntaria.
1134 1877 1425 1931 Voluntarie
1470 1873 1656 1943 quippe
1701 1870 1868 1941 genuit
1911 1884 2002 1921 nos

434 1976 580 2030 uerbo
609 1974 826 2028 ueritatis
867 1970 1066 2043 (Jacobi
1092 1986 1107 2024 ι
1129 2013 1143 2030 .
1177 1966 1287 2039 18).
1327 1966 1451 2020 llaec
1488 1954 1660 2033 pluvia
1688 1959 2000 2015 voluntaria.

437 2066 562 2121 Inde
590 2065 709 2119 alibi
736 2065 928 2119 dicitur
955 2081 969 2117 :
999 2062 1155 2115 Scuto
1176 2060 1316 2113 bona:
1339 2056 1606 2111 voluntatis
1638 2063 1738 2107 tua:
1756 2060 2003 2105 coronastt

438 2173 529 2209 nos
550 2154 718 2222 (Psal.
748 2170 800 2218 v,
830 2155 942 2219 15).
969 2152 1123 2207 Istam
1153 2149 1382 2218 pluviam
1404 2189 1418 2211 ,
1449 2161 1569 2200 cum
1594 2146 1730 2199 Deus
1760 2142 2006 2209 transiret

440 2248 492 2302 in
514 2247 758 2313 deserto,
784 2246 834 2300 id
863 2253 944 2301 est
963 2285 977 2310 ,
1008 2243 1381 2312 prmdimretur
1405 2241 1454 2294 in
1475 2238 1730 2295 Gentibus
1748 2279 1763 2302 ,
1793 2236 1903 2291 caeli
1923 2236 1997 2289 di-

438 2338 748 2392 stillaverunt
783 2353 802 2390 :
837 2353 940 2391 non
976 2346 1151 2389 tamen
1192 2349 1220 2387 a
1260 2333 1449 2402 seipsis
1471 2373 1486 2395 ,
1515 2331 1605 2386 sed
1647 2347 1680 2383 a
1715 2330 1845 2399 facie
1871 2328 2003 2393 Dei,

331 2425 341 2435 ⁸
439 2429 685 2497 quoniam
712 2438 764 2483 et
790 2427 888 2497 ipsi
917 2426 1082 2497 gratia
1107 2425 1195 2480 Dei
1225 2431 1349 2479 sunt
1375 2421 1427 2477 id
1448 2420 1588 2492 quod
1624 2428 1767 2474 sunt.
1800 2419 1863 2473 Et
1888 2417 2009 2472 ideo

440 2534 583 2573 mons
612 2516 759 2579 Sina.
791 2517 912 2586 quia
941 2528 993 2571 et
1020 2516 1132 2585 ipse
1157 2514 1243 2583 qui
1274 2513 1390 2583 plus
1414 2511 1656 2566 omnibus
1678 2510 1779 2564 illis
1799 2509 2009 2564 labora-

439 2612 548 2673 vit,
582 2624 684 2664 non
717 2609 829 2678 ipse
856 2617 1031 2662 autem
1052 2646 1066 2671 ,
1098 2604 1191 2660 sed
1230 2604 1395 2675 gratia
1424 2603 1512 2657 Dei
1537 2617 1655 2657 cum
1697 2602 1785 2655 illo
1809 2601 1849 2670 (1
1888 2604 2008 2657 (lor.

439 2718 532 2768 xv,
563 2701 650 2773 10)
671 2742 686 2766 ,
718 2708 775 2755 ut
793 2699 1146 2754 abundantius
1167 2696 1449 2751 distillaret
1470 2694 1519 2748 in
1551 2693 1823 2764 gentibus,
1853 2689 1902 2745 id
1926 2697 2012 2743 est

441 2794 494 2846 in
523 2791 755 2856 deserto,
785 2790 870 2845 ubi
893 2789 1134 2845 Christus
1162 2803 1265 2841 non
1291 2796 1406 2841 erat
1433 2785 1792 2855 annuntiatus.
1822 2795 1889 2835 ne
1916 2796 2011 2833 su-

440 2900 537 2953 per
561 2883 793 2938 alienum
823 2880 1217 2953 fundamentum
1248 2876 1532 2932 aediﬁcaret
1561 2874 1733 2947 (Rom.
1763 2887 1861 2933 xv.
1895 2871 2006 2940 90);

440 2950 575 3035 ipse,
600 2973 829 3041 inquam,
853 2970 1083 3025 Israelita
1111 2950 1227 3023 erat
1253 2982 1318 3023 ex
1348 2966 1540 3035 genere
1561 2962 1720 3018 Israel
1742 3003 1756 3025 ,
1781 2960 1848 3016 de
1873 2961 2012 3014 tribu

441 3062 714 3132 Benjamin
739 3060 993 3134 (Philipp.
1013 3076 1069 3115 ιιι
1089 3101 1104 3125 ,
1131 3060 1185 3121 5)
1216 3076 1229 3110 :
1254 3066 1308 3113 et
1336 3058 1450 3125 ipse
1474 3070 1600 3125 ergo
1626 3056 1675 3107 in
1705 3054 2010 3109 servitutem

440 3162 723 3223 generatus
751 3160 881 3214 erat,
911 3151 978 3206 de
1002 3150 1293 3204 Jerusalem
1325 3157 1532 3204 terrena
1559 3162 1678 3217 qua:
1704 3147 1866 3202 servit
1890 3160 2010 3200 cum

441 3245 564 3297 ﬁliis
585 3244 714 3309 suis,
737 3252 791 3298 et
817 3242 935 3297 ideo
952 3240 1361 3311 persequebatur
1379 3238 1684 3293 Ecclesiam.
1705 3235 1855 3303 Nam,
1872 3237 2015 3306 quod

443 3335 559 3404 ipse
583 3332 941 3399 commonuit,
958 3332 1088 3385 sicut
1108 3341 1225 3383 tunc
1247 3329 1331 3401 qui
1357 3327 1629 3383 secundum
1653 3343 1851 3383 carnem
1867 3343 2017 3397 gene-

441 3436 583 3480 ratus
605 3434 677 3480 est
702 3424 1082 3495 persequebatur
1095 3439 1206 3475 eum
1224 3423 1309 3491 qui
1331 3420 1600 3474 secundum
1615 3418 1869 3489 spiritum;
1885 3418 1954 3469 ita
1970 3426 2016 3471 et

443 3533 577 3571 nunc
601 3515 737 3587 (Gal.
759 3513 1151 3584 [v.25,‘29).Sed
1165 3512 1575 3567 misericordiam
1601 3518 1916 3567 consecutus
1935 3518 2018 3564 est

442 3592 563 3678 quia
584 3608 827 3674 ignorans
841 3606 962 3660 fecit
978 3605 1026 3658 iu
1051 3603 1415 3658 incredulitate
1438 3602 1479 3673 (ι
1503 3601 1630 3655 Tim.
1657 3617 1703 3666 ι,
1734 3598 1842 3671 15).
1861 3599 2012 3654 Mira-

444 3715 565 3753 mur
588 3713 716 3769 ergo
742 3696 881 3769 quod
910 3696 1020 3751 caeli
1052 3695 1418 3751 distillaverunt
1446 3712 1478 3747 a
1511 3695 1638 3764 facie
1674 3691 1771 3746 Dei
1802 3709 1820 3746 :
1851 3693 2016 3762 magis

444 3789 700 3843 miremur
728 3787 867 3858 quod
898 3803 1039 3842 mons
1066 3785 1214 3851 Sina,
1238 3786 1290 3840 id
1314 3795 1419 3847 est.
1444 3786 1530 3856 qui
1555 3786 1701 3855 prius
1726 3798 2019 3855 peraeque-

446 3877 619 3939 batur,
646 3878 897 3933 llebrams
921 3892 983 3933 ex
1004 3876 1238 3932 Hebrazis
1256 3919 1270 3943 ,
1299 3876 1588 3932 secundum
1616 3874 1810 3945 Legem
1841 3874 2017 3945 phari-

445 3983 585 4022 smus
610 3967 867 4039 (Philipp.
891 3983 968 4032 ιιι,
988 3966 1063 4039 5).
1083 3966 1217 4035 Quid
1234 3977 1407 4020 autem
1428 3966 1714 4020 miremur?
1737 3965 1851 4020 Non
1872 3966 2013 4020 enim

446 4074 475 4112 a
504 4058 699 4126 seipso,
720 4058 810 4113 sed
830 4058 966 4128 quod
992 4058 1248 4127 sequitur,
1266 4068 1298 4109 'a
1316 4058 1443 4127 [acie
1461 4054 1564 4109 Dei
1587 4054 1788 4121 Israel;
1818 4055 1884 4110 de
1909 4070 2014 4125 quo

445 4150 559 4221 ipse
587 4148 747 4213 dicit,
782 4149 843 4203 Et
868 4162 1017 4219 super
1062 4148 1226 4203 Israel
1269 4147 1362 4201 Dei
1407 4147 1545 4218 (Gal.
1577 4163 1629 4201 vr
1652 4188 1668 4212 ,
1698 4147 1785 4216 16)
1813 4147 1881 4203 de
1909 4163 2014 4216 quo

442 4238 700 4294 Dominus
727 4238 887 4304 dicit,
927 4238 1057 4293 Ecce
1080 4248 1190 4292 uere
1214 4236 1449 4292 Israelita
1470 4279 1486 4303 ,
1518 4238 1568 4290 in
1613 4254 1711 4304 quo
1739 4236 1886 4291 dolus
1913 4252 2013 4289 non

442 4338 516 4384 est
558 4328 733 4400 (Joan.
776 4343 826 4389 ι,
874 4327 989 4399 47).
1035 4327 1182 4382 lianc
1219 4342 1347 4399 ergo
1389 4326 1616 4395 pluviam
1662 4325 2013 4380 voluntariam

441 4423 602 4478 nullis
632 4419 1048 4491 praecedentibus
1075 4420 1276 4475 meritis
1301 4434 1518 4489 operum
1546 4419 1801 4473 bonorum
1829 4430 2012 4487 segre-

441 4516 582 4585 gavit
611 4514 748 4570 Deus
774 4512 1066 4568 hmreditati
1106 4525 1237 4565 sum.
1266 4509 1334 4563 Et
1367 4511 1624 4578 inﬁrmata
1657 4518 1750 4562 est.
1788 4508 2014 4577 Agnovit

441 4607 583 4660 enim
625 4622 729 4661 non
755 4620 875 4662 esse
900 4618 960 4661 se
986 4602 1181 4674 aliquid
1224 4615 1319 4671 per
1354 4601 1621 4669 seipsum;
1666 4616 1770 4653 non
1810 4599 2012 4653 viribus

443 4697 570 4761 suis,
604 4698 696 4752 sed
724 4699 907 4767 gratiae
936 4697 1026 4753 Dei
1050 4694 1381 4750 tribuendum
1408 4707 1527 4747 esse
1551 4692 1688 4761 quod
1718 4703 1819 4747 est.
1843 4693 2009 4762 Agno~

441 4787 516 4842 vit
555 4788 692 4854 quod
717 4790 913 4846 dictum
953 4798 1073 4845 est:
1104 4782 1573 4859 In‘inﬁrmitatibus
1602 4784 1724 4837 meis
1760 4784 2013 4854 gloriabor

444 4876 511 4947 (ll
540 4874 659 4933 Cor.
687 4893 784 4945 xu,
811 4879 888 4947 9).
917 4878 1142 4949 Agnovit
1165 4860 1307 4947 quod
1330 4875 1528 4929 dictum
1555 4881 1672 4928 est:
1704 4871 1827 4926 Noli
1851 4871 2010 4928 altum

441 4984 638 5040 sapere,
666 4969 753 5021 sed
786 4970 902 5022 time
927 4968 1102 5040 (Rom.
1133 4985 1189 5023 χι
1210 5011 1225 5035 ,
1253 4967 1365 5037 20).
1396 4965 1625 5036 Agnovit
1646 4964 1786 5034 quod
1810 4964 2009 5020 dictum

440 5072 560 5117 est:
595 5057 883 5113 Humilibus
908 5069 1071 5113 autem
1104 5060 1190 5112 dat
1216 5060 1428 5131 gratiam
1468 5054 1670 5127 (Jacobi
1712 5070 1799 5121 Iv,
1831 5054 1906 5130 6).
1942 5054 2011 5110 Et

439 5150 695 5220 inﬁrmata
718 5156 819 5212 est;
848 5157 901 5200 tu
924 5163 1037 5203 vero
1073 5150 1318 5221 perfecisti
1339 5165 1450 5202 eam
1472 5163 1491 5201 :
1519 5146 1639 5217 quia
1668 5146 1824 5200 virtus
1848 5146 1902 5199 in
1926 5150 2008 5200 in-

440 5242 678 5310 ﬁrmitate
703 5238 954 5309 perﬁcitur
985 5240 1047 5311 (ll
1078 5237 1195 5295 Cor.
1227 5256 1301 5295 xu
1325 5283 1341 5306 ,
1366 5241 1442 5310 9).
1465 5238 1686 5308 Quidam
1713 5252 1841 5293 sane
1864 5237 2010 5293 codi-

438 5350 547 5395 ces,
575 5341 630 5388 et
656 5330 803 5386 latini
833 5339 888 5386 et
911 5332 1090 5400 gricci,
1119 5346 1222 5383 non
1252 5329 1464 5395 habent,
1499 5328 1640 5385 nions
1669 5329 1834 5394 Sina;
1861 5328 1955 5384 sed
1976 5344 2010 5384 a

438 5430 570 5499 facie
597 5427 690 5481 Dei
721 5426 880 5491 Sina,
906 5443 937 5479 a
965 5426 1094 5496 faeie
1122 5426 1211 5480 Dei
1232 5426 1412 5480 Israel.
1439 5427 1492 5480 Id
1516 5435 1633 5493 est,
1655 5426 1766 5481 cmli
1786 5425 2007 5481 distilla—

439 5532 611 5575 uerunt
630 5538 662 5574 a
695 5521 825 5592 faeie
849 5520 941 5575 Dei
970 5535 989 5573 :
1016 5530 1069 5574 et
1088 5520 1234 5590 quasi
1264 5528 1589 5586 quaireretur
1627 5521 1779 5588 cujus
1818 5519 1944 5582 Dei;
1976 5536 2010 5572 a

439 5615 566 5685 {acie
586 5613 703 5677 Dei,
733 5614 928 5683 inquit,
962 5612 1110 5676 Sina,
1132 5628 1164 5664 a
1192 5611 1321 5681 facie
1347 5608 1441 5663 Dei
1467 5609 1665 5673 Israel;
1690 5610 1742 5663 id
1765 5620 1843 5664 est
1872 5625 1903 5663 a
1928 5609 2009 5662 l‘a-

437 5705 521 5761 cie
551 5706 639 5760 Dei
682 5706 769 5774 qui
803 5707 992 5777 Legem
1023 5703 1167 5759 dedit
1212 5700 1407 5772 popqu
1438 5699 1617 5754 Israel.
1665 5700 1840 5765 Quare
1880 5715 2010 5770 ergo

444 5797 551 5853 ιωιὲ
586 5797 949 5853 distillaveruut
968 5813 999 5851 τι
1022 5797 1153 5869 faeie
1176 5794 1307 5862 Dei,
1346 5809 1376 5850 a
1404 5792 1537 5849 facie
1562 5790 1714 5862 hujus
1749 5791 1841 5848 Dei
1861 5832 1876 5857 ,
1906 5792 2006 5849 nisi

1622 393 1682 446 S.
1723 383 2085 446 AUGUSTINI'
2127 382 2426 439 EPISCOPI

3548 379 3658 437 820

2089 496 2210 566 quia
2254 496 2332 551 sic
2374 496 2646 567 impletum
2672 503 2757 550 est
2785 493 2928 565 quod
2958 492 3263 563 praedictum
3288 503 3372 550 est
3401 511 3417 548 :
3442 493 3663 551 Benedi-

2087 587 2300 639 ctionem
2329 586 2466 639 dabit
2499 586 2585 656 qui
2611 584 2794 656 Legem
2821 584 2961 638 dedit
2981 582 3153 653 (Psal.
3183 599 3381 638 unus
3401 624 3416 647 .
3441 584 3538 654 8)?
3569 582 3665 639 Lo-

2089 694 2233 748 gem,
2269 692 2371 747 qua
2399 685 2593 732 terreat
2618 675 2685 731 de
2728 675 2972 730 humanis
2998 675 3199 729 viribus
3224 684 3665 744 praesumentem,

2091 767 2513 828 benedictionem,
2553 780 2655 834 qua
2697 765 2885 820 liberet
2922 765 2974 818 in
3015 765 3179 820 Deum
3219 773 3544 834 sperantem.
3585 764 3669 822 Τιι

2093 872 2221 927 ergo
2258 857 2557 927 perfecisti,
2592 858 2752 921 Deus,
2781 857 3143 911 luereditatem
3175 868 3347 923 tuam;
3375 859 3498 928 quia
3522 857 3677 912 inﬁr-

2094 956 2232 1000 mata
2260 957 2341 1002 est
2372 947 2423 1000 in
2455 962 2542 1012 se,
2570 955 2627 1000 ut
2655 945 2998 1016 perﬁceretur
3020 946 3116 999 abs
3136 955 3208 1000 te.

2166 1040 2252 1092 13.
2279 1037 2426 1111 [vers.
2462 1036 2571 1111 11.]
2602 1037 2856 1091 Animalia
2882 1048 2966 1091 tua
2990 1037 3336 1092 inltabitabunt
3354 1039 3408 1092 in
3434 1056 3513 1093 ea.
3538 1037 3679 1104 Tua,

2097 1145 2202 1185 non
2224 1145 2353 1196 sua;
2384 1130 2474 1184 tibi
2504 1130 2710 1184 subdita
2727 1171 2743 1195 ,
2766 1144 2876 1184 non
2905 1130 3003 1184 sibi
3030 1130 3230 1196 libera;
3252 1130 3320 1185 ad
3349 1139 3401 1185 te
3424 1131 3632 1200 egentia
3656 1170 3680 1197 ,

2099 1237 2203 1274 non
2245 1220 2345 1274 sibi
2388 1221 2721 1275 sufﬁcientia.
2765 1221 2998 1289 Denique
3043 1221 3281 1291 sequitur
3320 1238 3335 1274 :
3379 1220 3584 1275 Parasti
3621 1223 3682 1275 in

2100 1321 2188 1364 tua
2215 1312 2456 1364 suauitate
2478 1312 2638 1381 egenti
2665 1310 2821 1365 Deus.
2854 1310 2920 1364 In
2954 1320 3040 1364 tua
3076 1313 3350 1375 suavitate,
3391 1329 3495 1366 nou
3538 1312 3685 1367 illius

2102 1400 2367 1455 facultate.
2398 1401 2571 1471 Egens
2596 1412 2677 1456 est
2702 1402 2867 1467 enim,
2898 1402 3147 1471 quoniam
3172 1401 3465 1456 inﬁrmatus
3494 1413 3598 1467 est,
3622 1414 3687 1458 ut

2102 1493 2403 1561 perﬁciatur
2454 1510 2467 1546 :
2512 1494 2725 1563 agnovit
2777 1508 2835 1548 se
2886 1493 3245 1563 indigentem.
3291 1505 3349 1549 ut
3386 1495 3683 1563 repleatur.

2105 1586 2229 1640 ιιςρο
2254 1597 2336 1642 est
2365 1586 2452 1643 illa
2489 1588 2722 1642 suavitas
2748 1587 2817 1642 de
2858 1602 2959 1658 qua
2994 1587 3120 1642 alibi
3158 1588 3391 1642 dicitur:
3430 1586 3690 1644 Dominus

2106 1676 2244 1729 dabit
2271 1678 2598 1742 suavitatem,
2638 1687 2684 1730 et
2727 1687 2859 1730 terra
2887 1686 3058 1732 nostra
3099 1678 3237 1744 dabit
3274 1682 3492 1746 fraetum
3532 1696 3692 1732 suum

2108 1765 2277 1838 (Psal.
2306 1783 2522 1832 LXXXIV,
2562 1768 2664 1836 15)
2690 1786 2701 1820 :
2733 1776 2790 1822 ut
2817 1768 3012 1822 bonum
3037 1783 3171 1836 opus
3202 1768 3293 1823 ﬁat
3318 1784 3421 1822 non
3457 1769 3689 1835 timore,

2108 1858 2199 1913 sed
2232 1874 2448 1924 amore;
2476 1873 2581 1912 non
2620 1859 2899 1913 formidine
2934 1875 3104 1929 pinnae
3129 1900 3145 1926 ,
3193 1859 3287 1914 sed
3332 1859 3691 1916 delectatione

2105 1949 2322 2018 justitia:
2361 1950 2401 2002 ‘.
2430 1950 2545 2019 lpsa
2574 1959 2654 2005 est
2693 1950 2835 2004 enim
2865 1964 2986 2004 vera
3026 1960 3080 2005 et
3123 1965 3252 2004 sana
3296 1951 3530 2005 libertas.
3577 1951 3691 2007 Sed

2111 2041 2364 2095 Dominus
2395 2039 2495 2095 hoc
2515 2040 2689 2111 egenti
2715 2041 2954 2110 paravit,
2994 2055 3096 2095 non
3129 2039 3451 2102 abundanti.
3478 2042 3563 2095 cui
3588 2056 3695 2110 0p-

2113 2136 2328 2205 prohrio
2356 2147 2436 2191 est
2463 2137 2561 2190 ista
2589 2145 2903 2205 paupertas;
2930 2135 2998 2189 de
3021 2135 3262 2206 qualibus
3287 2135 3413 2190 alibi
3439 2135 3638 2189 dicitur
3668 2152 3691 2190 :

2116 2225 2453 2297 Opprobrium
2496 2226 2575 2279 Itis
2612 2226 2698 2295 qui
2742 2223 3030 2288 abundant,
3075 2233 3123 2277 et
3168 2223 3418 2293 despectio
3459 2224 3696 2294 superbis

2118 2315 2287 2387 (Psal.
2316 2330 2456 2371 cxxu
2478 2358 2490 2376 .
2523 2314 2599 2387 4).
2631 2315 2739 2370 llos
2765 2314 2906 2370 enim
2936 2313 3069 2368 dixit
3094 2312 3375 2384 superbos,
3401 2328 3537 2384 quos
3557 2315 3696 2369 dixit

2114 2409 2200 2477 qui
2230 2407 2519 2461 abundant.

2186 2499 2272 2554 i4.
2313 2497 2474 2571 [vers.
2504 2498 2616 2572 12.]
2645 2498 2891 2552 Dominus
2918 2497 3056 2551 dabit
3081 2497 3281 2551 verbum
3309 2513 3329 2552 :
3354 2496 3554 2552 cibaria
3584 2498 3697 2552 sci-

2115 2590 2240 2644 licet
2274 2589 2592 2644 animalibus
2637 2589 2749 2644 suis
2790 2605 2909 2659 qua:
2955 2588 3324 2644 inhabitabant
3348 2590 3404 2642 in
3446 2604 3533 2644 ea.
3580 2589 3693 2645 Sed

2118 2679 2245 2749 quid
2265 2680 2625 2751 operabuntur
2644 2679 2758 2734 hinc
2776 2679 3044 2743 animalia,
3068 2680 3259 2749 quibus
3277 2679 3424 2734 dabit
3443 2680 3697 2735 verbum?

2116 2770 2244 2840 quid
2295 2771 2398 2825 nisi
2456 2770 2597 2841 quod
2652 2771 2937 2841 sequitur?
2988 2771 3460 2845 Evangelisantibus
3511 2774 3696 2829 virtute

2118 2861 2296 2916 multa.
2326 2862 2440 2929 Qua
2470 2862 2661 2918 virtute
2681 2903 2696 2928 ,
2724 2863 2823 2916 nisi
2853 2861 3159 2918 fortitudine
3187 2863 3277 2918 illa
3307 2865 3358 2917 in
3385 2880 3486 2935 qua
3509 2866 3697 2920 educit

2119 2953 2480 3022 compeditos?
2507 2952 2753 3007 Fortasse
2779 2953 2937 3007 etiam
2965 2955 3210 3010 virtutem
3238 2954 3324 3008 hic
3349 2954 3490 3009 dimt
3519 2955 3692 3022 illam,

2119 3059 2220 3114 qua
2248 3044 2670 3113 e’vangelizantes
2698 3042 2955 3097 mirabilia
2985 3045 3132 3114 signa
3157 3043 3419 3099 fecerunt.

2194 3135 2281 3189 15.
2310 3133 2462 3207 [uers.
2486 3133 2597 3207 15.)
2623 3134 2753 3203 Quis
2772 3148 2898 3204 ergo
2923 3135 3059 3189 dabit
3084 3135 3282 3189 uerbum
3307 3136 3697 3204 euangelizanti-

2122 3230 2211 3284 bus
2236 3231 2411 3283 uirtute
2437 3230 2594 3283 multa
2614 3228 2641 3283 ?
2671 3212 2798 3290 Rex,
2830 3228 3018 3298 inquit,
3036 3228 3274 3281 virtutum
3300 3227 3505 3281 Dilecti.
3533 3228 3697 3283 Pater

2121 3336 2247 3391 ergo
2273 3329 2356 3375 est
2395 3334 2491 3374 rex
2520 3319 2772 3373 virtutum
2809 3318 2949 3375 Filii.
2995 3318 3227 3373 Dilectus
3264 3318 3439 3383 enim,
3478 3320 3697 3388 quando

2123 3428 2227 3467 non
2256 3412 2468 3481 ponitur
2502 3395 2619 3480 quis
2661 3410 2918 3474 dilectus,
2948 3422 3043 3479 per
3066 3409 3485 3469 antonomasiam
3528 3407 3701 3463 Filius

2122 3502 2307 3559 unicus
2361 3500 2683 3571 intelligitur.
2737 3502 2817 3554 An
2869 3500 3119 3554 virtutum
3173 3513 3389 3578 suarum
3438 3515 3529 3554 rex
3576 3500 3700 3568 ipse

2122 3593 2321 3658 Filius;
2366 3593 2615 3646 virtutum
2644 3592 2847 3646 scilicet
2870 3591 2974 3646 sibi
3016 3590 3401 3646 servientium?
3439 3590 3558 3660 quia
3585 3593 3698 3645 vir-

2122 3693 2224 3737 tute
2247 3684 2407 3737 multa
2433 3681 2881 3751 erangelizantibus
2917 3680 3054 3734 dabit
3092 3680 3291 3734 verbum
3318 3697 3409 3734 rea:
3433 3682 3695 3744 virtutum.

2122 3773 2191 3829 de
2228 3789 2332 3844 quo
2374 3774 2572 3827 dictum
2612 3781 2726 3835 est,
2769 3770 3018 3826 Dominus
3044 3770 3305 3837 virtutum,
3349 3772 3456 3840 ipse
3484 3782 3555 3825 est
3601 3789 3699 3827 rea:

2121 3866 2297 3937 gloria:
2323 3864 2491 3936 (Psal.
2519 3880 2646 3919 mn
2666 3906 2681 3930 ,
2709 3864 2831 3934 10).
2873 3862 3022 3931 Quod
3057 3871 3234 3919 autem
3265 3879 3369 3917 non
3399 3863 3550 3928 dixit,
3580 3864 3696 3919 Rex

2121 3958 2374 4011 virtutum
2403 3970 2652 4018 suarum,
2683 3954 2775 4009 sed
2794 3995 2810 4019 ,
2842 3954 2955 4010 Rea:
2978 3954 3215 4008 virtutum
3240 3953 3423 4008 Dilecti
3440 3995 3455 4017 .
3496 3955 3700 4010 locutio

2122 4059 2203 4103 est
2230 4049 2281 4102 in
2308 4047 2598 4117 Scripturis
2626 4046 2988 4111 usitatissima,
3019 4045 3063 4099 si
3092 4044 3213 4115 quis
3236 4044 3477 4100 advertat
3506 4063 3521 4101 :
3550 4046 3699 4116 quod

2121 4140 2191 4194 ibi
2232 4140 2459 4195 maxime
2484 4146 2740 4209 apparet,
2768 4137 2853 4192 ubi
2884 4139 3044 4193 etiam
3072 4137 3343 4208 proprium
3374 4153 3569 4192 nomen
3599 4154 3704 4192 ex-

2121 4231 2398 4301 primitur,
2429 4239 2487 4285 ut
2506 4228 2752 4285 eumdem
2782 4243 2902 4284 esse
2943 4228 3009 4283 de
3046 4242 3152 4298 quo
3196 4224 3423 4292 dicitur,
3461 4228 3697 4283 dubitari

2119 4324 2339 4377 omnino
2362 4335 2467 4376 non
2495 4322 2680 4391 possit.
2707 4319 2888 4387 Qualis
2911 4329 2966 4375 et
2991 4319 3079 4373 illa
3102 4320 3152 4373 in
3175 4319 3533 4374 Pentateucho
3558 4320 3704 4374 mul-

2121 4413 2190 4467 tis
2216 4413 2347 4467 locis
2374 4412 2643 4466 invenitur
2669 4427 2682 4464 :
2710 4410 2781 4464 Et
2820 4411 2935 4481 fecit
2965 4409 3169 4480 Moyses
3199 4408 3326 4465 illud
3355 4418 3517 4479 atque
3541 4410 3698 4475 illud,

2117 4503 2244 4556 sicut
2273 4502 2505 4572 prazcepit
2531 4499 2779 4555 Dominus
2792 4499 2961 4571 Moysi
2981 4497 3167 4570 (Nunt.
3188 4515 3314 4564 χιιι,
3338 4499 3422 4561 11,
3444 4509 3565 4564 etc.,
3591 4518 3701 4555 sec.

2120 4590 2306 4663 LXX).
2334 4590 2448 4645 Non
2489 4591 2622 4646 dixit
2660 4590 2799 4660 quod
2828 4591 3075 4653 usitatum
3120 4598 3200 4644 est
3241 4588 3296 4643 in
3336 4589 3701 4648 locutiOnibus

2118 4681 2313 4736 nostris
2334 4722 2348 4746 ,
2377 4681 2442 4735 Et
2478 4679 2600 4735 fecit
2629 4680 2836 4752 Moyses
2864 4681 3001 4734 sicut
3041 4680 3291 4748 pnecepit
3316 4680 3365 4734 ei
3398 4680 3697 4749 Dominus;

2117 4772 2236 4837 sed,
2260 4770 2403 4825 Fecit
2424 4771 2623 4843 Moyses
2642 4772 2766 4826 sicut
2791 4772 3023 4842 pra‘cepit
3043 4770 3291 4825 Dominus
3314 4770 3481 4841 Moysi
3497 4789 3519 4838 ;
3544 4775 3697 4843 quasi

2115 4867 2249 4921 alius
2294 4867 2363 4922 sit
2396 4865 2606 4937 Moyses
2647 4866 2731 4920 cui
2777 4866 3064 4935 praecepit,
3105 4872 3161 4920 et
3201 4865 3336 4919 alius
3365 4865 3578 4933 Moyses
3608 4867 3698 4938 qni

2117 4959 2273 5025 fecit,
2313 4975 2435 5015 cum
2477 4959 2617 5014 idem
2661 4958 2773 5026 ipse
2815 4957 2903 5011 sit.
2947 4957 3103 5011 Tales
3142 4956 3433 5011 locutiones
3465 4958 3516 5011 in
3547 4958 3698 5012 Novo

2118 5052 2458 5108 Testamento
2493 5049 2808 5106 difﬁcillime
2835 5050 3190 5118 reperiuntur.
3236 5049 3360 5104 Inde
3392 5059 3474 5103 est
3517 5060 3695 5107 tamen

2116 5143 2257 5214 quod
2285 5142 2571 5212 Apostolus
2611 5141 2685 5194 ait
2727 5157 2741 5192 :
2784 5138 2860 5193 De
2896 5139 3032 5192 Filio
3061 5154 3182 5206 suo,
3216 5139 3297 5209 qui
3334 5141 3501 5208 factus
3540 5150 3615 5194 est
3653 5142 3698 5195 ei

2116 5251 2179 5291 ea:
2203 5233 2388 5287 semine
2421 5231 2582 5285 Dauid
2608 5230 2882 5285 secundum
2909 5245 3109 5283 carnem
3130 5271 3144 5288 .
3183 5228 3270 5297 qui
3309 5232 3696 5299 praedestinatus

2118 5333 2191 5377 est
2220 5322 2268 5377 F
2268 5323 2384 5377 ilius
2412 5321 2509 5375 Dei
2536 5324 2589 5375 in
2617 5324 2798 5375 virtute
2823 5318 3097 5374 secundum
3128 5319 3379 5386 Spiritum
3404 5322 3695 5389 sanctiﬁca-

2096 5416 2263 5469 ttionis
2300 5431 2363 5468 ea:
2397 5414 2757 5468 resurrectione
2791 5420 3098 5465 mortuorum
3121 5410 3244 5464 Jesu
3271 5410 3458 5466 Christi
3487 5411 3694 5466 Domini

2115 5507 2269 5560 nostri
2299 5502 2486 5575 (Rom.
2515 5519 2564 5570 t,
2592 5504 2654 5567 5,
2683 5500 2757 5573 4)
2792 5519 2805 5554 :
2842 5511 3087 5571 tanquam
3127 5502 3263 5555 alius
3304 5502 3372 5555 sit
3402 5501 3569 5556 Filius
3599 5502 3691 5557 Dei

2113 5597 2203 5665 qui
2234 5594 2403 5649 factus
2428 5603 2510 5649 est
2534 5609 2599 5647 ex
2628 5594 2830 5648 semine
2861 5591 3020 5646 David
3051 5591 3340 5647 secundum
3366 5607 3606 5657 carnem,
3636 5602 3691 5648 et

2113 5686 2248 5775 alius
2283 5687 2438 5743 Jesus
2472 5685 2716 5740 Christus
2751 5684 3004 5739 Dominus
3045 5692 3254 5748 noster,
3293 5698 3413 5738 cum
3452 5683 3522 5739 sit
3552 5698 3685 5740 unus

2181 5802 2195 5833 ί
2231 5805 2368 5851 Forte
2391 5798 2652 5863 legendum
2677 5811 2690 5847 :
2717 5791 3196 5854 dilectione

3634 5904 3671 5915 σν
