4022 6200
263 398 357 452 821
542 450 545 451 ,
1318 383 1710 441 ENARRATIO
1753 381 1814 436 i.\‘

1950 382 2174 439 ,ΚΙΛΙιηί
2219 386 2425 441 LXVII.
3415 394 3541 448 8‘2?"

263 518 419 575 atque
455 505 620 563 idem.
652 504 708 561 In
733 503 1000 560 veteribus
1025 509 1200 557 autem
1229 499 1376 554 libris
1413 499 1599 554 crebra
1629 506 1711 553 est
1741 496 1839 549 ista

266 600 467 655 locutio
495 616 509 653 :
538 609 590 655 et
617 598 738 654 ideo
766 596 973 668 quando
998 596 1322 650 subobscure
1354 594 1430 657 lit,
1454 609 1518 649 ex
1547 591 1840 647 manifestis

267 693 349 747 sui
380 678 592 763 generis
618 689 874 761 exemplis
902 687 1236 758 intelligenda
1267 697 1381 751 est;
1424 687 1560 741 sicut
1586 685 1688 740 hoc
1725 684 1841 739 loco

268 782 459 852 psalmi
504 783 661 851 hujus
688 797 843 853 quem
875 790 1155 835 tractamus
1174 821 1187 841 ,
1217 778 1544 833 subobscure
1574 776 1706 830 facta
1738 782 1838 829 est.

267 875 401 930 Nam
432 874 477 929 si
517 874 786 929 diceretur
812 873 964 928 lcsus
1000 872 1239 926 Christus
1262 910 1276 933 ,
1314 884 1407 923 rex
1436 868 1683 921 virtutum
1716 865 1842 921 Jesu

268 966 489 1029 Christi,
515 977 618 1018 tam
645 976 825 1033 aperta
846 970 987 1018 esset
1009 978 1164 1033 quam
1192 961 1301 1023 illa,
1327 958 1468 1013 Fecit
1493 958 1692 1029 Moyses
1717 958 1844 1011 sicut

269 1056 505 1125 proicepit
535 1053 779 1108 Dominus
816 1052 981 1124 Moysi
1009 1068 1028 1106 :
1057 1052 1177 1122 quia
1203 1065 1329 1105 vero
1367 1050 1564 1104 dictttm
1589 1056 1705 1115 est,
1733 1047 1844 1102 Rea:

270 1147 510 1198 virtutum
528 1143 733 1207 Dilecti,
762 1160 866 1198 non
895 1144 1046 1198 facile
1072 1152 1155 1198 est
1180 1152 1236 1197 ut
1258 1151 1503 1196 occurrat
1531 1141 1698 1211 ipsum
1725 1154 1844 1195 esse

269 1252 449 1307 regem
477 1237 728 1291 virtutum
746 1278 761 1302 ,
801 1237 887 1306 qui
915 1245 997 1291 est
1024 1245 1078 1289 et
1105 1235 1356 1290 Dilectus.
1400 1234 1512 1289 Rea:
1536 1247 1662 1303 ergo
1687 1233 1845 1286 virtu-

271 1338 377 1381 tum
403 1327 586 1382 Dilecti
606 1369 622 1396 ,
652 1329 730 1383 sic
770 1327 988 1397 intelligi
1019 1336 1223 1396 potest,
1251 1341 1315 1381 ac
1349 1328 1392 1380 si
1423 1325 1718 1389 diceretur,
1750 1340 1843 1378 res

270 1420 525 1473 virtutum
560 1433 798 1480 suarum,
826 1419 945 1488 quia
977 1429 1029 1472 et
1070 1433 1162 1472 rex
1190 1418 1440 1472 virtutum
1467 1427 1549 1473 est
1575 1416 1841 1479 Christus,

271 1524 328 1567 et
353 1513 586 1567 Dilectus
611 1521 693 1567 est
722 1511 859 1566 idem
892 1512 1003 1581 ipse
1030 1512 1292 1566 Christus.
1339 1510 1588 1579 Quamvis
1616 1523 1721 1564 non
1751 1508 1846 1562 ha-

275 1606 399 1661 beat
441 1606 541 1660 iste
583 1619 770 1659 sensus
819 1613 1016 1658 tantam
1056 1602 1456 1667 necessitatem,
1486 1609 1544 1656 ut
1568 1601 1706 1656 aliud
1738 1616 1843 1654 non

274 1698 449 1753 valeat
477 1698 636 1767 accipi
669 1715 683 1751 :
722 1697 843 1766 quia
872 1706 925 1752 et
954 1696 1111 1750 Pater
1149 1706 1319 1765 potest
1359 1694 1577 1765 intelligi
1619 1709 1712 1748 rex
1739 1694 1845 1746 vir-

274 1798 447 1843 tutum
476 1789 589 1842 Filii
620 1788 701 1842 sui
726 1788 939 1854 dilecti,
970 1788 1054 1841 cui
1080 1787 1209 1842 dicit
1234 1787 1344 1856 ipse
1372 1787 1601 1841 Dilectus
1620 1828 1634 1852 ,
1662 1785 1844 1839 Omnia

269 1898 381 1935 mea
408 1891 493 1934 tua
535 1890 667 1945 sunt,
717 1891 762 1935 et
810 1890 893 1933 tua
923 1871 1047 1933 mea.
1077 1880 1252 1951 (Joan.
1280 1895 1415 1945 xvii,
1447 1880 1567 1946 10).
1616 1877 1764 1945 Quod
1798 1877 1844 1932 si

271 1973 406 2027 forte
432 1974 687 2042 quavritur
714 1980 886 2025 utrtun
917 1972 1055 2026 Deus
1088 1971 1291 2025 Domini
1320 1970 1443 2045 Jesu
1469 1970 1661 2025 Christi
1689 1970 1845 2024 Pater

270 2065 429 2119 etiam
458 2079 547 2117 rex
576 2063 679 2117 dici
712 2064 909 2131 possit,
954 2063 1133 2117 nescio
1162 2073 1335 2115 utrum
1358 2062 1630 2131 quisquam
1655 2061 1846 2115 audeat

273 2156 374 2210 hoc
393 2156 459 2207 ab
488 2170 553 2209 eo
580 2170 771 2207 nomen
802 2153 1041 2216 auferre,
1076 2154 1163 2208 uhi
1198 2154 1483 2222 Apostolus
1520 2153 1646 2207 dicit
1675 2171 1689 2208 :
1719 2153 1845 2224 Regi

269 2260 435 2303 autem
462 2250 759 2302 saeculorum
785 2248 1075 2312 immortali,
1108 2248 1361 2313 invisibili,
1388 2246 1483 2301 soli
1504 2245 1609 2299 Deo
1636 2245 1686 2320 (Ι
1706 2245 1841 2299 Tim.

270 2356 308 2402 ι,
335 2338 444 2409 17).
474 2340 604 2405 Quia
632 2341 729 2394 etsi
759 2339 857 2393 hoc
885 2340 950 2393 de
985 2340 1092 2408 ipSu
1124 2338 1382 2393 Trinitate
1407 2338 1605 2391 dictant
1632 2345 1742 2401 cst,
1772 2336 1845 2391 ibi

269 2439 431 2483 estet
474 2431 609 2484 Dens
639 2431 813 2484 l’ater.
858 2429 911 2485 Si
943 2438 1117 2483 autem
1148 2445 1251 2482 non
1282 2429 1565 2483 carnaliter
1594 2427 1844 2497 intelligi-

272 2539 390 2576 mus
410 2566 424 2590 ,
455 2522 587 2577 Deus
608 2566 622 2587 ,
646 2524 899 2594 judicium
928 2531 1065 2575 tuum
1093 2523 1199 2592 regi
1223 2522 1319 2585 da,
1348 2531 1395 2575 et
1424 2521 1675 2591 justitiam
1708 2529 1846 2573 tuam

270 2617 379 2684 ﬁlio
408 2618 537 2684 regis
570 2615 734 2687 (I’sal.
763 2632 903 2681 LXXI,
925 2616 980 2684 9.)
1008 2633 1022 2681 ;
1056 2616 1235 2669 nescio
1261 2623 1434 2668 utrum
1464 2613 1604 2667 aliud
1645 2612 1843 2683 aliquid

272 2708 471 2760 dicttun
514 2717 596 2761 est
633 2723 811 2776 quam,
844 2706 977 2760 Filio
1005 2715 1113 2761 tuo.
1156 2706 1271 2760 Rex
1310 2721 1436 2774 ergo
1476 2714 1558 2760 est
1587 2714 1639 2759 et
1666 2704 1841 2758 Pater.

272 2798 423 2853 Unde
454 2799 741 2853 versiculus
773 2799 868 2852 iste
900 2797 1081 2867 psalmi
1112 2797 1268 2866 hujus
1291 2837 1306 2863 ,
1337 2797 1446 2851 Rea:
1483 2797 1719 2853 virtutum
1748 2794 1845 2848 Dio

270 2891 408 2953 lecti,
435 2900 657 2960 utroque
679 2889 837 2944 modo
864 2888 1081 2959 intelligi
1110 2898 1305 2959 potest.
1327 2889 1458 2943 Cum
1484 2889 1659 2957 itaque
1682 2887 1845 2942 dixis-

267 2991 391 3046 set,
437 2981 684 3036 Dominus
733 2982 869 3035 dabit
920 2982 1122 3035 verbum
1168 2972 1621 3051 evangelizanlibus
1666 2981 1846 3034 virtute

268 3072 467 3133 multa;
498 3074 615 3142 quia
648 3075 758 3141 ipsa
788 3074 956 3126 virtus
985 3073 1052 3126 ab
1081 3088 1145 3126 eo
1174 3072 1392 3142 regitur,
1420 3072 1572 3141 eique
1600 3072 1791 3125 militat
1813 3086 1842 3124 a

268 3179 378 3232 quo
420 3164 593 3230 datur,
632 3162 764 3231 ipse,
812 3164 996 3232 inquit,
1042 3162 1291 3217 Dominus
1332 3163 1421 3232 qui
1468 3164 1603 3216 dabit
1646 3161 1845 3216 verbum

270 3253 726 3324 cvangelizantibus
772 3253 949 3307 virtute
992 3255 1171 3319 ntulta,
1215 3270 1305 3308 rex
1345 3262 1426 3308 est
1469 3254 1701 3308 virtutum
1742 3253 1841 3308 Dio

269 3345 401 3398 lecti.

341 3455 425 3510 16.
462 3454 660 3510 Deinde
687 3456 959 3525 sequitur:
987 3455 1174 3511 Dilecti
1188 3499 1203 3523 ,
1235 3466 1282 3511 et
1306 3457 1486 3527 speciei
1513 3457 1690 3511 domus
1716 3457 1843 3511 divi-

270 3547 386 3600 dere
413 3549 602 3618 spolia.
638 3548 901 3617 Repetitio
928 3550 1157 3617 pertinet
1182 3548 1245 3603 ad
1275 3549 1789 3605 commendationem
1808 3568 1839 3625 ,γε

266 3656 567 3708 quanquam
614 3640 767 3693 istam
823 3641 1193 3709 repetitionem
1250 3657 1354 3693 non
1400 3656 1586 3695 onmes
1629 3640 1844 3695 codices

269 3731 533 3795 habeant,
564 3740 617 3785 ct
646 3746 761 3785 eam
793 3732 1155 3801 diligentiores
1180 3732 1330 3785 stella
1360 3733 1597 3800 apposita
1629 3748 1842 3800 praeno-

268 3831 413 3883 taut,
461 3838 578 3891 qua:
621 3821 768 3890 signa
800 3831 1053 3875 vocantur
1090 3822 1369 3884 asterisci;
1410 3824 1600 3891 quibus
1628 3824 1842 3892 agnosci

269 3913 454 3967 volunt
494 3928 554 3966 ca
599 3928 702 3966 non
747 3928 864 3967 esse
908 3913 958 3966 in
1004 3913 1437 3981 interpretatione
1478 3914 1841 3985 Septuaginta,

266 4003 362 4059 sed
393 4019 509 4058 esse
547 4003 599 4057 in
646 4004 880 4069 hebraio,
912 4021 1029 4074 qua:
1070 4005 1259 4058 talibus
1299 4006 1655 4075 insigniuntur
1682 4008 1839 4061 notis.

268 4097 375 4153 Sed
417 4098 529 4153 sive
576 4108 878 4167 repetatur,
922 4098 1033 4152 sive
1091 4098 1254 4151 semel
1300 4098 1499 4152 dictum
1555 4100 1844 4168 accipiatur

267 4188 409 4260 quod
456 4190 684 4260 positum
725 4199 836 4255 est,
880 4187 1106 4253 Dilecti;
1153 4189 1230 4243 sic
1271 4188 1671 4259 intelligendum
1717 4202 1845 4261 puto

268 4280 408 4350 quod
440 4281 677 4350 sequitur
697 4323 712 4346 ,
742 4290 789 4332 et
818 4280 998 4349 speciei
1024 4281 1200 4334 domus
1226 4282 1445 4335 dividere
1479 4284 1643 4352 spolia
1664 4325 1678 4349 ,
1712 4299 1773 4338 ac
1798 4285 1844 4338 si

269 4371 566 4435 diceretur,
597 4369 778 4424 Dilecti
807 4372 964 4425 etiam
1002 4373 1183 4439 speciei
1209 4372 1385 4426 domus
1410 4374 1628 4427 dividere
1656 4377 1841 4445 spolia,

267 4461 320 4516 id
348 4471 462 4526 est,
507 4461 688 4516 Dileeti
716 4462 876 4516 etiam
906 4462 969 4516 ad
997 4463 1281 4518 dividenda
1307 4464 1493 4533 spolia.
1537 4467 1843 4535 Speciosam

266 4553 460 4622 quippe
494 4547 740 4619 domum,
762 4553 811 4607 id
836 4562 919 4608 est
950 4554 1235 4609 licclesiain
1264 4554 1504 4609 Christus
1532 4557 1672 4622 fecit,
1704 4557 1841 4611 divi-

265 4646 442 4700 dendo
476 4646 547 4700 illi
585 4647 789 4715 spolia;
830 4647 966 4700 sicut
1005 4648 1302 4716 speciosum
1334 4660 1416 4703 est
1439 4664 1635 4717 corpus
1662 4649 1842 4704 distri-

266 4738 481 4792 butione
503 4739 882 4791 membrorum.
903 4738 1080 4807 Spolia
1111 4754 1266 4807 porro
1284 4738 1529 4793 dicuntur
1549 4756 1666 4808 qua:
1689 4742 1841 4796 victis

266 4831 508 4885 hostibus
533 4830 903 4885 detrahuntur.
949 4831 1061 4885 lloc
1099 4831 1222 4900 quid
1265 4833 1334 4884 sit
1364 4831 1709 4901 Evangelium
1744 4849 1840 4888 nos

263 4923 537 4987 admonet,
568 4922 655 4975 ubi
689 4922 914 4991 legimus
941 4939 954 4975 :
992 4921 1149 4975 Nemo
1176 4923 1330 4975 intrat
1360 4924 1410 4975 in
1436 4923 1640 4977 domum
1670 4926 1838 4994 fortis,

264 5024 321 5067 ut
370 5030 488 5066 vasa
538 5016 645 5081 ejus
698 5014 937 5081 diripiat,
988 5014 1083 5064 nisi
1136 5014 1276 5082 prius
1329 5013 1607 5083 alligaverit
1660 5017 1840 5083 [artem

265 5103 481 5174 (Matth.
514 5118 617 5163 xu,
647 5100 777 5170 ς29).
825 5101 1075 5171 Alligavit
1118 5119 1246 5171 ergo
1289 5103 1554 5157 diabolunt
1599 5105 1839 5161 Christus

261 5194 629 5266 spiritualibus
669 5194 925 5257 vinculis;
972 5196 1270 5262 superando
1309 5204 1532 5248 mortem
1554 5236 1569 5259 ,
1599 5205 1652 5250 ct
1680 5211 1840 5266 super

261 5287 432 5342 C(BlOS
472 5286 538 5338 ab
581 5282 761 5338 inieris
800 5284 1137 5338 ascendendo
1171 5302 1182 5337 :
1227 5285 1461 5354 alligavit
1497 5303 1617 5340 eum
1658 5303 1837 5342 sacra-

263 5387 446 5434 mento
474 5376 851 5430 incarnationis
879 5392 1017 5439 suae,
1049 5376 1187 5445 quod
1216 5376 1343 5429 nihil
1387 5378 1438 5430 in
1469 5393 1533 5431 eo
1565 5381 1836 5448 reperiens

261 5480 437 5525 morte
464 5468 697 5537 dignum,
734 5477 907 5521 tamen
936 5479 1016 5522 est
1042 5468 1331 5536 permissus
1358 5469 1601 5524 occidere
1628 5488 1641 5534 ;
1671 5485 1733 5524 ac
1759 5472 1837 5525 sic

260 5564 478 5634 alligato
518 5562 733 5615 abstulit
770 5571 1016 5630 tanquam
1047 5562 1212 5629 Spolia
1242 5577 1364 5614 vasa
1398 5562 1533 5630 ejus.
1562 5563 1834 5631 Opemba-

264 5670 351 5713 tur
377 5657 571 5727 quippe
599 5656 650 5709 in
682 5654 804 5709 ﬁliis
832 5653 1139 5709 difﬁdentiae
1169 5653 1379 5724 (Ep/tes.
1406 5671 1464 5719 ιι,
1494 5654 1572 5725 9.).
1609 5672 1833 5725 quorum

265 5748 573 5804 inﬁdelitate
609 5746 854 5800 utebatur
882 5745 946 5799 ad
989 5746 1307 5800 voluntatem
1351 5763 1520 5800 suam.
1552 5746 1674 5800 [hec
1709 5763 1833 5803 vasa

266 5840 519 5903 “minus
551 5837 810 5893 tntnulnns
836 5837 1146 5893 remissione
1173 5847 1527 5907 peccatorum,
1564 5838 1674 5894 haec
1701 5852 1829 5909 spo-

1952 494 2019 549 lia
2050 500 2382 554 sanctilicans
2412 503 2545 559 hosti
2571 518 2749 576 erepta
2785 522 3045 580 prostrato
3086 527 3242 589 atque
3280 523 3517 593 alligato,

1948 587 2122 643 divisit
2165 607 2224 645 ea
2252 595 2443 662 Speciei
2470 597 2659 656 dooms
2688 619 2798 658 sua:
2823 623 2835 668 ;
2877 607 3009 662 alios
3033 613 3364 670 constituens
3389 634 3518 688 apo-
3572 660 3576 669 .

1948 680 2132 744 slolos,
2161 683 2293 738 alios
2329 690 2611 758 prophetas
2630 734 2644 759 ,
2674 695 2805 750 alios
2833 709 3072 767 pastores
3110 714 3162 759 et
3187 706 3435 765 doctores
3463 713 3517 767 in
3573 689 3578 695 θ

1949 784 2082 837 opus
2126 775 2442 856 ministerii,
2493 781 2544 835 in
2591 784 2993 845 zedilicationem
3041 798 3281 864 corporis
3323 799 3518 857 Christi

1950 862 2163 935 (Ephes.
2182 884 2252 934 tv,
2273 871 2295 923 1
2313 872 2329 924 l
2344 912 2359 932 ,
2386 871 2496 945 12).
2517 875 2660 930 Sicut
2678 880 2807 933 enim
2825 899 2976 935 unum
2994 862 3174 955 corpus
3189 900 3282 957 est,
3302 899 3349 945 et
3366 909 3522 946 ntem-

1949 954 2040 1007 bra
2081 958 2239 1012 multa
2268 960 2453 1027 habet;
2482 968 2650 1020 omnia
2687 982 2853 1025 autem
2895 975 3115 1030 membra
3151 984 3375 1051 corporis
3407 1000 3521 1038 cum

1947 1048 2046 1101 sint
2074 1051 2252 1115 multa,
2286 1070 2438 1108 unum
2466 1068 2537 1112 est
2563 1077 2744 1130 corpus
2770 1080 2789 1117 .°
2817 1066 2887 1119 sic
2909 1077 2959 1121 et
2980 1048 3523 1146 Christustumquid

1948 1155 2119 1197 omnes
2155 1148 2414 1214 apostoli?
2456 1153 2700 1223 numquid
2738 1173 2907 1212 omnes
2944 1163 3242 1233 prophetat?
3284 1171 3525 1239 numquid.

1949 1246 2120 1287 omnes
2159 1237 2400 1292 virtutes?
2442 1245 2684 1313 numquid
2724 1264 2892 1303 ontnes
2919 1252 3052 1306 dona
3091 1255 3270 1311 habent
3296 1263 3520 1315 curatio-

1952 1323 2124 1376 num?
2170 1330 2413 1398 numquid
2461 1349 2630 1387 omnes
2679 1335 2865 1408 linguis
2916 1342 3233 1411 loquuntur?
3278 1354 3523 1421 numquid

1950 1427 2120 1469 omnes
2146 1416 2573 1489 interpretantur?
2606 1427 2788 1484 Omnia
2813 1443 2974 1487 autem
3003 1437 3110 1490 lucc
3137 1452 3371 1510 Operatur
3394 1462 3533 1501 unus.

1950 1516 2100 1576 atque
2127 1509 2258 1564 idem
2285 1513 2509 1582 Spiritus
2531 1560 2545 1584 ,
2592 1522 2816 1577 dividens
2849 1529 3055 1603 prapria
3084 1533 3350 1605 unicuique
3376 1551 3522 1606 prout

1950 1600 2053 1697 vult
2078 1600 2131 1665 (1
2157 1600 2404 1672 Cor.xu,
2435 1608 2532 1677 12,
2556 1610 2626 1666 29
2647 1656 2659 1676 ,
2690 1616 2788 1681 '50,
2821 1618 2878 1671 Η
2907 1619 2944 1687 ).
2980 1600 3046 1675 Et
3073 1622 3186 1678 hare
3211 1600 3289 1680 est
3315 1600 3525 1697 species

1950 1689 2173 1765 domus,
2206 1696 2290 1749 cui
2321 1698 2485 1766 spolia
2529 1702 2862 1771 dividuntur;
2912 1720 2968 1763 ut
3014 1723 3217 1768 amator
3262 1718 3380 1787 ejus
3422 1718 3525 1776 hae

1952 1782 2341 1852 pulchritudine
2368 1807 2620 1850 accensus
2644 1800 2906 1856 exclamet
2938 1821 2950 1857 :
2977 1803 3221 1875 Domine,
3253 1813 3409 1867 dilexi
3436 1817 3523 1870 de-

1950 1892 2113 1931 corem
2145 1880 2324 1936 domus
2348 1895 2445 1939 tua:
2469 1886 2636 1959 (Psal.
2663 1908 2789 1961 xxv,
2820 1894 2896 1966 8).

2024 1970 2107 2022 l7.
2142 1969 2291 2041 [vers.
2322 1974 2433 2049 14.]
2459 1977 2575 2034 lam
2605 1982 2655 2035 in
2683 2000 2747 2038 eo
2775 1988 2915 2056 qttod
2942 1991 3198 2060 sequitur,
3231 2010 3289 2050 se
3314 1998 3378 2051 ad
3410 1999 3518 2067 ipsa
3534 2033 3543 2041 -ν

1952 2063 2186 2117 membra
2211 2106 2225 2129 ,
2269 2067 2336 2122 de
2383 2072 2573 2139 quibus
2604 2075 2662 2129 ﬁt
2704 2081 2909 2147 species
2951 2083 3175 2153 domus,
3209 2063 3520 2161 alloquerida

1951 2156 2253 2224 convertit,
2298 2159 2483 2217 dicens
2525 2182 2537 2218 :
2572 2165 2633 2219 Si
2673 2169 2932 2228 dormiatis
2961 2176 3090 2231 inter
3125 2181 3312 2236 medios
3340 2183 3545 2252 cleros,.

1950 2262 2128 2315 perime
2154 2250 2397 2307 columba:
2421 2254 2756 2329 deargentata:
2775 2305 2791 2327 ,
2832 2274 2879 2317 et
2908 2267 3034 2321 inter
3069 2273 3307 2342 scapulas
3333 2276 3443 2345 ejus
3471 2250 3525 2332 in

1949 2337 2203 2394 viriditate
2230 2346 2364 2397 auri.
2412 2346 2564 2404 Prius
2593 2351 2679 2407 hic
2716 2359 3031 2425 qumrendus
3061 2337 3301 2429 est-ordo
3331 2337 3521 2425 verbo-

1950 2442 2068 2482 rum
2098 2434 2366 2499 quomodo
2390 2435 2603 2494 ﬁniatur
2627 2449 2923 2514 sententia;
2954 2466 3071 2520 qua:
3096 2455 3278 2526 utique
3306 2461 3525 2528 pendet,

1950 2535 2070 2574 cum
2097 2521 2289 2579 dicitur
2308 2567 2322 2590 ,
2352 2526 2415 2582 Si
2440 2529 2701 2588 dormiatis
2737 2552 2755 2590 :
2794 2538 2985 2597 deinde
3023 2547 3163 2613 quod
3191 2521 3320 2615 2m;
3348 2521 3525 2621 penum

1950 2613 2192 2668 columbw
2219 2616 2585 2690 dcargentatte,
2616 2635 2790 2683 utrum
2822 2630 3071 2702 singulari
3102 2654 3322 2694 numero
3348 2613 3521 2699 inteb-

1952 2702 2216 2772 ligendum
2245 2720 2358 2775 est,
2390 2712 2548 2781 hujus
2580 2731 2801 2785 pennae;
2847 2738 2913 2777 an
2942 2726 3147 2793 plurali,
3192 2729 3275 2785 ha:
3315 2748 3520 2802 penum.

1949 2792 2053 2848 Sed
2082 2791 2402 2867 singularem
2430 2820 2707 2862 numerum
2732 2827 2937 2881 graecus
2962 2819 3210 2888 excludit,
3240 2823 3324 2878 ubi
3355 2830 3525 2883 omni.

1951 2898 2020 2938 no
2050 2885 2324 2955 pluraliter
2349 2893 2450 2949 hoc
2484 2898 2709 2965 positum
2750 2902 2959 2973 legitur.
3003 2908 3106 2963 Sed
3135 2885 3307 2969 adhuc
3347 2916 3522 2975 incer-

1948 2985 2060 3032 tum
2091 2990 2172 3036 est
2198 2992 2369 3040 utrum
2392 3030 2406 3050 ,
2436 2987 2517 3043 lure
2545 3008 2769 3061 penna};
2807 3013 2906 3065 an,
2938 3016 2970 3054 ο
3000 3018 3095 3058 vos
3120 3021 3307 3075 penna:
3326 3052 3341 3076 ,
3373 3020 3430 3066 ut
3457 3011 3535 3068 ad

1949 3068 2091 3139 ipsas
2132 3088 2331 3143 pennas
2370 3079 2511 3151 loqui
2543 3084 2799 3142 videatur.
2832 3089 3019 3147 Utrum
3048 3068 3177 3167 ergo
3206 3068 3382 3158 verbis
3405 3120 3524 3174 quae

1949 3175 2337 3229 prmcesserunt
2372 3169 2585 3227 ﬁniatur
2612 3176 2707 3230 ista
2734 3183 2994 3236 sententia
3016 3225 3030 3246 ,
3056 3197 3112 3241 ut
3145 3189 3279 3245 ordo
3303 3193 3389 3257 sit,
3418 3169 3526 3249 Do-

1948 3254 2114 3308 minus
2142 3258 2281 3311 dabit
2322 3263 2525 3317 verbum
2563 3272 3017 3340 cvangelizantibus
3045 3280 3223 3335 virtute
3263 3254 3439 3353 multa,
3478 3291 3524 3343 si

1948 3344 2210 3403 dormiatis
2251 3350 2382 3405 inter
2421 3357 2612 3412 medios
2649 3362 2833 3430 cteros,
2874 3382 2906 3420 o
2934 3384 3029 3423 vos
3072 3390 3247 3441 penna:
3284 3378 3525 3434 columbae

1948 3435 2322 3509 deargentattc:
2351 3462 2420 3499 an
2455 3448 2535 3502 his
2564 3468 2680 3520 qua}
2709 3469 3033 3528 sequuntur,
3067 3435 3123 3515 ut
3158 3467 3289 3519 ordo
3324 3470 3420 3536 sit,
3463 3471 3524 3525 Si

1949 3528 2212 3586 dormiatis
2232 3535 2359 3589 inter
2382 3540 2572 3594 medios
2597 3542 2777 3611 cleros,
2810 3564 2988 3620 penna:
3013 3554 3253 3609 columba:
3281 3558 3523 3630 deargen-

1952 3630 2072 3674 tota:
2099 3624 2212 3677 nive
2234 3627 2596 3683 dealbabuntur
2615 3635 2666 3687 in
2694 3636 2900 3692 Selmon
2924 3657 2942 3693 :
2969 3642 3017 3695 id
3048 3654 3149 3711 est,
3182 3646 3309 3715 ipsae
3339 3624 3523 3717 penna:

1951 3712 2367 3782 dealbabuntur,
2400 3722 2443 3775 si
2488 3722 2761 3781 dormiatis
2800 3729 2939 3784 inter
2984 3712 3398 3794 mediosicleros
3424 3761 3438 3797 :
3468 3753 3524 3798 ut

1952 3803 2054 3858 illis
2086 3807 2184 3860 hoc
2215 3807 2393 3864 dicere
2440 3813 2785 3885 intelligatur,
2829 3822 2919 3889 qui
2960 3826 3153 3892 speciei
3182 3826 3371 3884 domus
3403 3842 3523 3888 tau-

1950 3914 2105 3967 quam
2137 3904 2301 3971 spolia
2333 3905 2679 3975 dividuntur;
2734 3913 2783 3967 id
2824 3926 2927 3977 est,
2970 3917 3022 3971 Si
3066 3920 3338 3979 dormiatis
3387 3927 3524 3983 inter

1950 3991 2154 4047 medios
2195 3995 2366 4051 cleros
2390 4041 2404 4062 ,
2436 4015 2468 4053 ο
2497 4017 2590 4056 vos
2620 4005 2708 4072 qui
2738 4005 3031 4064 ditidimini
3073 4015 3268 4081 speciei
3309 4017 3519 4083 donius,

1949 4098 2045 4152 per
2089 4087 2567 4147 manifestationem
2612 4094 2841 4166 Spiritus
2886 4101 2951 4154 ad
2999 4103 3297 4172 utilitatem,
3343 4119 3400 4163 ut
3435 4112 3522 4166 alii

1951 4177 2162 4245 quidem
2185 4180 2338 4235 detur
2360 4200 2454 4253 per
2477 4186 2731 4255 Spiritum
2768 4206 2944 4247 sermo
2970 4197 3262 4265 sapientiae,
3293 4202 3378 4255 alii
3412 4220 3525 4258 ser-

1950 4285 2038 4323 mo
2065 4273 2301 4329 scicntiae
2337 4279 2625 4335 secnndum
2662 4285 2904 4339 eumdem
2935 4287 3227 4360 Spiritum,
3253 4295 3338 4347 alii
3370 4296 3522 4363 lides,

1950 4363 2037 4416 alii
2078 4381 2271 4434 genera
2311 4372 2642 4428 curationum
2685 4376 2735 4430 in
2764 4378 2948 4433 eodem
2993 4382 3223 4452 Spiritu,
3253 4397 3306 4440 et
3333 4397 3523 4443 caetera
3554 4444 3561 4460 ,

1952 4452 2001 4525 (Ι
2029 4454 2145 4509 Car.
2172 4474 2268 4525 xit,
2294 4460 2345 4526 7,
2372 4459 2427 4533 9)
2455 4481 2467 4517 :
2496 4465 2540 4518 si
2567 4481 2693 4536 ergo
2722 4484 2817 4523 vos
2856 4470 3129 4529 dormiatis
3162 4476 3298 4532 inter
3322 4480 3524 4535 medios

1949 4546 2153 4610 Clt'l'OS,
2183 4560 2308 4603 tunc
2336 4567 2522 4619 pennae
2551 4558 2809 4613 columba:
2836 4561 3193 4633 deargentata:
3230 4568 3351 4624 nive
3378 4570 3523 4625 deal-

1949 4636 2213 4693 babnntur
2251 4641 2305 4695 in
2350 4642 2586 4701 Seltuon.
2633 4650 2814 4705 Potest
2841 4664 2895 4707 et
2935 4655 3013 4709 sic
3042 4674 3054 4709 :
3088 4657 3150 4711 Si
3190 4674 3308 4723 vos,
3350 4679 3524 4729 perime

1948 4730 2192 4785 columba:
2230 4734 2599 4806 deargentutaz,
2632 4740 2895 4796 dormiatis
2940 4746 3068 4799 inter
3111 4750 3299 4804 medios
3341 4753 3522 4817 claros.
3557 4786 3566 4809 ι

1948 4821 2057 4874 nive
2085 4823 2450 4880 dealbabuntur
2489 4830 2541 4882 in
2572 4832 2798 4896 Selmon,
2844 4844 2900 4887 tit
2932 4836 3394 4909 subintelligantur
3423 4848 3521 4899 lio-

1947 4914 2139 4981 mines,
2167 4916 2253 4984 qui
2286 4933 2381 4987 per
2403 4922 2625 4990 gratiam
2654 4925 3020 4981 remissionem
3043 4932 3306 5000 accipiunt
3333 4952 3523 5005 pecca-

1948 5015 2140 5060 torum.
2184 5008 2333 5064 Unde
2360 5014 2518 5066 ctiam
2558 5014 2627 5069 de
2667 5017 2775 5084 ipsa
2811 5018 3045 5075 Ecclesia
3081 5023 3273 5080 dicitur
3301 5028 3357 5082 in
3381 5029 3521 5085 Can-

1949 5098 2052 5150 tico
2079 5100 2403 5153 canticorum
2435 5120 2447 5154 :
2481 5103 2605 5166 Qua:
2645 5116 2717 5159 est
2756 5109 2852 5161 ista
2887 5127 2997 5180 qua:
3030 5115 3252 5168 ascendit
3289 5118 3522 5174 dealbata

1951 5190 2117 5261 (Cant.
2152 5209 2225 5254 ιιι,
2256 5193 2308 5257 6,
2336 5212 2436 5247 sec.
2467 5195 2677 5268 LXX)?
2721 5200 3002 5259 l’romissio
3031 5208 3225 5278 quippe
3254 5210 3345 5277 Dei
3377 5221 3508 5267 tene-

1948 5292 2052 5348 tur,
2077 5298 2168 5351 per
2194 5283 2512 5353 Prophetam
2543 5288 2767 5345 dicentis
2792 5310 2805 5345 :
2832 5293 2893 5347 Si
2917 5299 3101 5366 fuerint
3130 5312 3331 5369 peccata
3357 5313 3521 5356 vestra

1946 5383 2182 5442 tanquam
2208 5375 2527 5442 phoenicium,
2551 5378 2676 5431 sicut
2703 5383 2863 5435 nivem
2888 5387 3130 5442 dealbabo
3150 5389 3299 5459 (lsai.
3327 5407 3365 5457 t,
3391 5394 3458 5448 18
3468 5394 3520 5461 η

1944 5463 2127 5518 Potest
2174 5475 2227 5518 et
2269 5466 2347 5519 sic
2391 5467 2633 5539 intelligi,
2680 5482 2737 5524 ut
2785 5474 2836 5527 in
2878 5492 2943 5530 eo
2988 5481 3126 5547 quod
3175 5481 3371 5537 dictum
3414 5498 3519 5553 est,

1946 5572 2125 5623 penna:
2163 5558 2405 5613 columba:
2434 5561 2788 5633 deorgcntataz,
2831 5568 3195 5636 su‘baudiatur,
3228 5576 3415 5639 eritis;
3462 5592 3529 5643 ut.

1944 5649 2042 5701 iste
2076 5648 2147 5702 ait
2185 5664 2372 5709 sensus
2413 5670 2428 5706 :
2472 5653 2515 5709 Ο
2555 5671 2648 5709 vos
2690 5657 2779 5727 qui
2820 5670 3073 5729 tanquam
3116 5664 3283 5732 spolia
3322 5672 3518 5736 speciei

1943 5746 2133 5800 domus
2160 5746 2485 5819 dividimini,
2517 5752 2560 5803 si
2600 5751 2876 5808 dormiatis
2906 5755 3044 5810 inter
3088 5758 3290 5815 medios
3319 5763 3518 5831 cteros,

1950 5856 2135 5915 penna:
2156 5828 2412 5899 columba:
2436 5843 2789 5916 deargcntata:
2822 5848 2970 5904 eritis
2994 5864 3008 5916 ;
3042 5850 3091 5905 id
3120 5861 3222 5923 cst,
3255 5854 3307 5911 in
3333 5858 3518 5916 altiora
