4022 6200
447 305 552 365 825
568 354 571 365 .

443 418 801 482 elevabimim,
829 410 1125 483 compagini
1154 418 1328 464 tamen
1366 404 1618 462 Ecclesia:
1655 400 2007 457 eobzcrcntes.

446 510 653 567 Nullam
677 507 867 577 quippe
894 503 1050 557 aliam
1094 500 1283 555 melius
1310 497 1395 552 hic
1418 494 1639 564 intelligi
1666 500 1792 563 puto
1814 490 2016 545 colum-

445 604 566 657 bam
609 599 1002 666 deargentatam
1026 635 1040 659 ,
1070 606 1228 661 quam
1259 589 1401 643 illam
1446 587 1512 641 de
1538 600 1638 655 qua
1669 582 1863 638 dictum
1894 588 2011 635 est:

451 693 566 749 Una
596 701 666 745 est
692 687 922 743 columba
960 703 1069 739 mea
1102 682 1279 757 (Cant.
1310 697 1392 748 vi,
1423 678 1514 751 8).
1546 679 1892 747 Deargcntata
1933 680 2018 729 est

452 794 664 845 autem,
712 780 833 851 quia
880 778 1071 833 divinis
1114 773 1336 845 eloquiis
1378 776 1462 827 est
1503 770 1707 825 erudita
1753 785 1766 820 :
1808 763 2014 833 eloquia

447 890 674 944 namque
704 871 908 927 Domini
934 871 1037 926 alio
1064 869 1180 923 loco
1208 867 1456 921 dicuntur
1480 871 1737 934 argentum
1757 860 1872 931 igne
1897 872 2017 909 eaa-

446 968 688 1022 nu'natum
717 974 880 1026 terrm,
929 970 1195 1033 purgatum
1240 956 1522 1027 septuplum
1566 950 1751 1025 (Psal.
1790 964 1880 1014 x1,
1919 946 2013 1017 7).

447 1057 692 1127 Magnum
722 1044 922 1124 itaque
965 1049 1176 1122 aliqum]
1221 1050 1416 1103 bonum
1458 1053 1556 1108 est,
1602 1042 1834 1098 dormire
1879 1040 2016 1094 inter

449 1149 651 1203 medios
695 1146 867 1202 cleros
900 1163 913 1199 :
942 1159 1060 1215 quae
1102 1140 1337 1196 nonnulli
1367 1139 1474 1195 duo
1513 1138 1850 1192 Testamenta
1895 1145 2015 1185 esse

445 1241 762 1303 voluerunt;
810 1246 868 1291 ut
910 1235 1141 1291 dormire
1183 1234 1249 1287 sit
1292 1230 1429 1287 inter
1476 1228 1680 1283 medios
1720 1225 1932 1288 cleros,
1964 1222 2014 1275 iu

448 1348 632 1387 eorum
680 1331 1137 1387 Testamentornm
1187 1319 1916 1390 auctoritate‘requiescere;
1964 1314 2016 1369 id

449 1436 568 1491 est,
611 1427 883 1494 utriusque
928 1418 1254 1477 Tcstameuti
1300 1414 1615 1471 testimoniis
1659 1411 2015 1481 acquiescere,

452 1532 510 1576 ut
538 1519 749 1591 quando
778 1515 976 1587 aliquid
1004 1531 1067 1569 ex
1101 1513 1183 1569 his
1211 1508 1474 1580 profertur
1500 1518 1557 1563 et
1584 1504 1881 1575 probatur,
1899 1516 2017 1556 om-
2054 1545 2064 1551 .

456 1612 540 1665 nis
565 1607 835 1665 contentio
867 1605 1081 1676 pacifica
1111 1602 1285 1672 quiete
1309 1598 1538 1653 ﬁniatur.
1568 1594 1719 1662 Quod
1743 1594 1787 1649 si
1816 1594 1886 1647 ita
1914 1601 2016 1656 est,

455 1698 579 1770 quid
609 1698 748 1752 aliud
794 1694 1066 1751 admoneri
1097 1693 1339 1746 videntur
1376 1688 1798 1758 cvangelizantcs
1828 1684 2022 1740 virtute

453 1792 641 1852 multa,
686 1790 786 1843 nisi
822 1788 942 1859 quia
986 1795 1111 1841 tunc
1154 1785 1232 1840 eis
1260 1783 1511 1839 Dominus
1536 1781 1684 1837 dabit
1719 1779 1936 1834 verbum
1964 1786 2023 1835 ut

455 1882 821 1953 evangelizarc
842 1879 1064 1950 possint,
1084 1878 1127 1933 si
1151 1875 1415 1931 dormiant
1435 1874 1572 1928 inter
1590 1871 1794 1927 medios
1814 1869 2024 1926 cleros?

455 1976 498 2032 Τ
502 1991 605 2030 une
648 1974 788 2029 enim
833 1974 911 2029 eis
935 1971 1150 2025 verbum
1174 1969 1413 2024 veritatis
1441 1966 1615 2032 datur,
1655 1965 1697 2019 si
1739 1963 2024 2019 auctoritas

454 2066 522 2121 ab
550 2065 627 2121 eis
652 2063 873 2118 duorum
898 2062 1359 2116 Testamentorum
1404 2072 1509 2113 non
1549 2055 1876 2126 relinquatur
1909 2072 1923 2106 :
1965 2063 2025 2109 ut

455 2157 553 2227 ipsi
600 2155 707 2209 sint
750 2163 804 2208 et
850 2167 1036 2223 perime
1077 2151 1333 2207 columbae
1379 2148 1753 2218 deargentatae.
1798 2161 2035 2217 quorum.

458 2244 835 2319 praedicatione
863 2245 913 2297 in
939 2243 1131 2299 caelum
1163 2241 1327 2313 gloria
1358 2242 1525 2296 fertur
1548 2241 1821 2296 Ecclesiae.

529 2339 615 2394 18.
658 2335 801 2391 Inter
838 2337 1075 2406 scapulas
1116 2346 1290 2389 autem
1320 2351 1334 2387 :
1368 2348 1488 2403 pars
1514 2342 1604 2387 est
1623 2333 1804 2403 utique
1832 2346 2028 2401 corpo-

456 2430 528 2485 ris
553 2449 569 2495 ;
614 2443 735 2498 pars
776 2439 859 2483 est
885 2427 1022 2481 circa
1053 2426 1319 2508 regionem
1349 2423 1523 2479 cordis
1544 2465 1557 2488 ,
1590 2438 1618 2476 a
1652 2413 2030 2492 posterioribus

457 2533 635 2577 tamen
656 2562 670 2587 ,
700 2519 749 2574 id
779 2529 861 2574 est
883 2534 914 2574 a
938 2518 1096 2573 dorso
1121 2536 1132 2571 :
1159 2533 1314 2588 quam
1338 2516 1595 2581 columba:
1617 2516 1752 2572 illius
1775 2516 2029 2587 deargcu-

461 2626 581 2672 tatte
625 2624 826 2686 partem
870 2614 922 2669 in
962 2613 1225 2668 viriditate
1262 2612 1378 2666 auri
1413 2608 1715 2677 essedicit,
1742 2608 1845 2665 hoc
1869 2618 1953 2664 est
1978 2609 2030 2665 in

459 2710 639 2781 vigore
680 2706 989 2777 sapientiae;
1032 2720 1186 2776 quem
1226 2705 1460 2774 vigorem
1493 2703 1509 2734 ¹
1549 2702 1738 2765 melius
1774 2715 1878 2757 non
1905 2710 2036 2771 puto

461 2799 679 2870 intelligi
717 2814 872 2868 posse
908 2813 1063 2867 quam
1091 2796 1423 2853 eharitatetn.
1453 2794 1559 2851 Sed
1583 2809 1746 2864 «tuane
1773 2809 1802 2847 a
1833 2792 1993 2849 dorso
2013 2833 2045 2864 ι

461 2902 517 2947 ct
541 2909 643 2947 non
668 2908 697 2946 a
725 2890 975 2961 pectore?
1001 2889 1308 2959 Quanquam
1335 2880 1496 2942 mirer
1514 2881 1781 2957 quomodo
1800 2887 2032 2956 positum

463 2985 531 3039 sit
574 2983 676 3037 hoc
716 2981 935 3037 verbum
977 2981 1030 3035 in
1070 2981 1174 3033 alio
1217 2980 1456 3049 psalmo,
1498 2977 1590 3033 ubi
1623 2978 1849 3042 dicitur,
1894 2975 2039 3033 Inter

464 3074 701 3143 scapulas
734 3089 854 3126 suas
885 3070 1192 3124 obumbrabit
1221 3071 1339 3137 tibi,
1370 3079 1415 3122 et
1440 3068 1530 3123 sub
1561 3070 1656 3124 alis
1684 3071 1791 3137 ejus
1815 3067 2045 3138 sperabis.

465 3164 636 3233 (I’sal.
684 3178 752 3219 xc
772 3205 785 3224 .
816 3162 872 3232 4)
896 3204 911 3226 ,

467 3254 569 3309 nisi
595 3253 734 3324 quod
762 3268 789 3303 a
823 3261 1035 3321 pectore
1064 3250 1238 3304 fuerit.
1270 3250 1338 3305 Et
1365 3250 1523 3303 latine
1547 3249 1759 3319 quidem
1781 3250 1909 3305 inter
1929 3268 2040 3305 sca-

466 3344 614 3416 pulas
642 3345 862 3398 fortasse
888 3342 1063 3412 aliquo
1086 3340 1243 3396 modo
1270 3357 1333 3395 ex
1364 3348 1583 3411 utraque
1604 3351 1750 3411 parte
1771 3342 1938 3411 possit
1961 3342 2042 3395 iu-

467 3437 625 3507 telligi
652 3444 669 3500 ,‘
697 3444 750 3491 et
777 3443 900 3490 ante
922 3476 940 3498 ,
971 3443 1024 3490 et
1052 3442 1171 3503 post
1197 3450 1210 3499 ;
1240 3442 1298 3488 ut
1323 3434 1564 3503 scapulas
1585 3434 1904 3503 accipiamus
1923 3451 2040 3505 quae

467 3531 521 3585 in
569 3529 742 3583 medio
783 3536 939 3597 captu
982 3528 1176 3582 habent
1218 3544 1232 3580 :
1276 3536 1329 3583 et
1369 3527 1421 3581 in
1461 3526 1775 3583 hebrreosit
1802 3525 2043 3584 fortassis

466 3621 807 3692 ambiguum,
852 3619 992 3691 quod
1036 3620 1202 3688 possit
1238 3627 1290 3674 et
1332 3617 1433 3673 hoc
1470 3618 1628 3672 modo
1665 3604 1920 3690 intelligi;
1948 3621 2041 3675 sed

467 3715 605 3785 quod
647 3714 700 3768 in
737 3729 909 3785 graeco
942 3722 1025 3769 est
1048 3696 1341 3787 μετάφρερα,
1371 3711 1576 3766 nonnisi
1604 3726 1633 3765 a
1663 3713 2043 3781 posterioribus

468 3806 759 3876 signiﬁcat,
799 3804 936 3875 quod
979 3813 1060 3859 est
1100 3805 1229 3857 inter
1260 3803 1515 3873 scapulas.
1549 3801 1735 3858 Utrum
1767 3812 2042 3872 propterea

398 3906 403 3913 ‘
471 3897 539 3951 ibi
561 3905 643 3951 est
666 3896 780 3951 auri
803 3895 1038 3950 viriditas
1063 3936 1077 3959 ,
1103 3895 1152 3949 id
1175 3904 1255 3949 est
1279 3895 1535 3963 sapientia
1562 3902 1616 3949 et
1635 3893 1866 3949 Charitas
1885 3936 1899 3956 ,
1921 3896 2042 3964 quia

470 3987 541 4042 ibi
583 3995 706 4040 sunt
742 3984 1129 4053 quodammodo
1164 3984 1371 4038 radices
1413 3984 1658 4050 alarum;
1699 4000 1766 4038 an
1810 3985 1932 4054 quia
1971 3985 2043 4039 ibi

470 4084 711 4148 portatur
750 4077 835 4130 illa
872 4078 1075 4131 sarcina
1117 4075 1247 4130 levis
1273 4075 1295 4128 ?
1324 4075 1457 4141 Quid
1484 4076 1624 4129 enim
1654 4085 1778 4130 sunt
1802 4058 1884 4130 'ch
1916 4076 2043 4145 ipsa:

469 4169 568 4222 alte
591 4208 605 4230 ,
635 4167 731 4221 nisi
762 4166 866 4220 duo
897 4173 1152 4235 praecepta
1174 4164 1446 4219 charitatis
1465 4206 1480 4230 ,
1512 4165 1563 4218 in
1593 4166 1783 4234 quibus
1806 4174 1911 4219 tota
1936 4166 2044 4222 Lex

469 4261 667 4333 pendet
689 4269 743 4315 et
766 4258 1042 4330 Propheta:
1069 4258 1279 4333 (Matth.
1307 4275 1417 4314 χχιι
1439 4300 1453 4324 ,
1481 4259 1614 4330 40)?
1642 4260 1774 4329 Quid
1797 4262 1906 4331 ipsa
1927 4277 2044 4316 sar-

469 4355 588 4408 cina
618 4352 779 4416 levis,
814 4349 913 4405 nisi
944 4350 1055 4419 ipsa
1081 4349 1310 4405 eharitas
1338 4366 1454 4419 quae
1482 4351 1532 4404 in
1562 4349 1645 4407 his
1670 4350 1876 4406 duobus
1904 4368 2043 4420 prue-

470 4445 636 4514 ceptis
659 4443 949 4515 impletur?
974 4441 1235 4512 Quidquid
1261 4443 1401 4496 enim
1421 4441 1634 4497 difﬁcile
1659 4450 1742 4497 est
1771 4442 1820 4495 in
1847 4457 2047 4513 prame-

472 4544 564 4604 pto
585 4577 601 4603 ,
645 4535 763 4591 leve
798 4543 882 4590 est
919 4533 1139 4588 amanti.
1170 4532 1280 4588 Nec
1304 4533 1373 4586 ob
1398 4532 1538 4587 aliud
1567 4543 1710 4588 recte
1735 4534 2046 4605 intelligitur

472 4627 666 4681 dictum
687 4669 702 4691 ,
747 4626 888 4682 Onus
928 4642 1092 4681 meum
1134 4624 1237 4680 leue
1271 4633 1344 4679 est
1373 4623 1482 4697 (Id.
1520 4641 1571 4679 χι
1594 4668 1608 4690 ,
1643 4627 1766 4697 50);
1800 4629 1897 4682 nisi
1924 4628 2046 4697 quia

472 4716 563 4769 dat
600 4716 848 4785 Spiritum
879 4722 1116 4772 sanctqu
1134 4757 1149 4781 ,
1182 4731 1274 4786 per
1300 4730 1458 4785 quem
1486 4714 1794 4770 diffunditur
1817 4717 2048 4773 charitas

473 4810 527 4864 in
548 4810 794 4866 cordibus
818 4813 1012 4867 nostris
1041 4811 1214 4882 (Rom.
1236 4826 1270 4864 ν
1286 4851 1302 4876 ,
1327 4810 1418 4877 5),
1440 4818 1497 4863 ιιι
1515 4808 1740 4863 amando
1761 4808 2048 4869 liberaliter

475 4901 726 4958 faciamus
750 4941 765 4965 ,
805 4903 944 4972 quod
985 4902 1220 4959 timendo
1259 4902 1347 4973 qui
1389 4901 1548 4966 facit,
1592 4900 1853 4955 serviliter
1878 4900 2043 4958 facit:

473 5005 574 5047 nec
608 5000 691 5046 est
722 4992 920 5046 amicus
948 4993 1116 5060 recti,
1141 4994 1351 5065 quando
1374 4991 1584 5057 mallet,
1616 4991 1659 5046 si
1691 4991 1803 5046 ﬁeri
1831 5001 2043 5062 posset,

952 3176 1072 3216 cum
1107 3161 1204 3213 sub
1232 3160 1330 3213 alis
1356 3160 1687 3213 obrumbrari
1714 3175 1818 3213 non
1851 3160 2038 3229 possit,

383 5110 394 5123 -
472 5083 529 5140 id
551 5080 691 5152 quod
717 5090 918 5135 rectum
947 5092 1029 5136 est
1055 5099 1157 5138 non
1183 5085 1378 5153 jubcri.

545 5177 631 5231 19.
676 5173 851 5242 Qumri
893 5173 1053 5228 etiam
1094 5186 1304 5243 potest,
1344 5191 1461 5229 cum
1491 5191 1595 5229 nou
1627 5175 1699 5229 sit
1723 5174 1920 5230 dictum
1945 5218 1959 5240 ,
1990 5175 2047 5231 Si

472 5267 748 5325 dormiatis
777 5265 828 5320 in
857 5265 1048 5327 cleris,
1079 5265 1172 5320 sed
1195 5306 1209 5330 ,
1239 5268 1367 5319 inter
1390 5267 1577 5321 medios
1605 5258 1765 5321 cleros
1785 5309 1799 5331 ,
1827 5267 1951 5338 quid
1981 5268 2051 5322 sit

473 5362 603 5424 hoc,
645 5362 774 5414 inter
813 5357 1002 5411 medios
1035 5359 1212 5411 cleros.
1257 5356 1406 5425 Quod
1431 5358 1641 5427 quidem
1672 5359 1717 5414 si
1746 5360 2051 5429 eXpressius

474 5453 851 5508 transferretur
871 5465 937 5505 ex
960 5462 1134 5521 graneo
1155 5488 1171 5514 ,
1205 5448 1340 5502 inter
1368 5449 1597 5502 medium
1619 5450 1883 5504 clerornm
1909 5450 2052 5504 dice-

472 5557 656 5611 retur;
706 5543 864 5615 quod
890 5543 943 5597 in
983 5540 1127 5596 nullo
1173 5540 1514 5609 interpretum
1559 5541 1659 5608 legi
1712 5560 1725 5594 :
1771 5551 2050 5611 propterea

472 5636 633 5690 credo
670 5637 791 5706 quia
834 5634 1157 5691 tantumdem
1198 5632 1335 5686 valet
1371 5631 1511 5701 quod
1548 5630 1746 5685 dictum
1775 5642 1888 5695 est,
1920 5634 2050 5686 inter

534 5750 548 5779 ³
589 5752 662 5796 Er.
689 5756 741 5799 et
775 5749 958 5814 ahquot
979 5756 1105 5811 uss,
1129 5745 1180 5799 in
1203 5744 1356 5799 virore
1378 5743 1640 5811 sapientior,
1666 5757 1805 5809 quem
1826 5743 2044 5801 t‘imt'cm.

1594 328 1600 335 -
1666 289 1725 345 S.
1765 282 2128 344 Αυαυδτικι
2163 283 2464 343 EPISCOPI

3579 295 3683 351 824

2120 397 2309 453 medios
2335 398 2513 456 cleros.
2541 398 2673 455 Hine
2695 414 2821 471 ergo
2844 401 2969 471 quid
2993 401 3385 467 mihivideatur
3403 421 3685 478 canonum.

2122 488 2275 558 Smpe
2318 489 2417 545 hoc
2452 491 2675 549 verbum
2707 491 2774 547 ad
2816 493 2989 563 aliqua
3025 484 3692 571 connectenda’atquepa-

2123 582 2288 639 cauda
2308 624 2324 647 ,
2367 600 2435 638 ne
2474 583 2609 640 inter
2643 599 2703 639 se
2728 585 3019 641 dissideant
3041 627 3055 651 ,
3083 587 3211 656 poni
3238 588 3375 643 solet
3401 607 3415 641 :
3446 589 3581 645 sicut
3608 602 3693 646 te-

2122 683 2439 728 stamentum
2468 674 2602 729 inter
2619 690 2676 730 se
2700 684 2755 732 et
2781 676 3030 747 populum
3053 677 3162 732 Deo
3180 679 3533 735 constituente
3551 722 3567 746 ,
3590 681 3697 737 hoc

2121 763 2342 823 verbum
2379 764 2644 835 Scriptura
2679 766 2861 835 ponit;
2889 782 3009 821 nam
3041 783 3138 837 pro
3164 784 3229 823 eo
3255 769 3506 838 quodest
3527 771 3578 831 in
3611 773 3699 826 la-

2122 857 2233 911 tino
2255 897 2272 921 ,
2317 857 2445 910 inter
2490 874 2569 911 me
2603 867 2649 912 et
2684 874 2803 924 vos,
2846 875 3049 928 graecus
3089 859 3279 927 habet,
3313 863 3441 916 inter
3473 864 3698 918 medium

2122 964 2288 1002 meum
2324 958 2369 1004 et
2402 960 2636 1011 oestrum.
2668 949 2754 1006 Sic
2782 958 2838 1006 et
2862 950 2927 1005 de
2952 951 3102 1021 signo
3130 951 3545 1009 circumcisionis
3572 969 3700 1013 cum

2121 1039 2351 1109 loquitur
2387 1040 2527 1095 Deus
2563 1041 2628 1096 ad
2669 1040 2965 1106 Abraham,
3008 1042 3169 1109 dicit,
3210 1042 3325 1096 Erit
3347 1053 3705 1105 testamentum

2120 1133 2250 1188 inter
2274 1150 2353 1197 me
2377 1145 2425 1187 et
2449 1144 2520 1199 te,
2549 1142 2595 1188 et
2622 1151 2767 1189 omne
2785 1151 2949 1190 semen
2974 1144 3115 1189 tuum
3143 1135 3291 1206 (Gen.
3322 1152 3431 1191 ml
3451 1138 3530 1204 ,9.
3549 1180 3566 1205 ,
3597 1139 3657 1210 7)
3684 1155 3706 1197 :

2122 1224 2262 1293 quod
2305 1224 2522 1280 Grmcus
2562 1224 2750 1291 habet,
2782 1227 2910 1281 inter
2933 1228 3152 1283 medium
3176 1245 3341 1282 meum
3365 1239 3411 1282 et
3440 1240 3624 1293 tuum,
3653 1242 3706 1287 et

2122 1317 2252 1370 inter
2270 1317 2489 1371 medium
2513 1319 2712 1372 seminis
2740 1319 2831 1377 tui.
2864 1318 2990 1375 Item
3012 1336 3131 1376 cum
3159 1320 3466 1390 loqueretur
3491 1323 3565 1377 ad
3588 1323 3709 1381 Noe

2124 1408 2190 1462 de
2214 1424 2347 1464 arcu
2368 1409 2419 1463 in
2447 1410 2671 1489 nubibus
2698 1410 2763 1465 ad
2786 1412 2992 1482 signum
3018 1414 3442 1471 constituendum
3474 1414 3586 1482 (Id.
3612 1432 3667 1470 Ix
3686 1457 3707 1483 ,

2126 1499 2249 1567 12),
2291 1498 2394 1555 hoc
2443 1499 2659 1555 verbum
2700 1502 2990 1573 swpissime
3015 1506 3204 1574 repetit
3228 1514 3317 1560 :et
3335 1506 3475 1576 quod
3502 1507 3713 1569 habent

2125 1590 2271 1647 latini
2308 1592 2527 1647 codices.
2544 1633 2560 1658 ,
2590 1593 2719 1647 inter
2743 1610 2821 1647 me
2848 1604 2892 1649 et
2917 1611 3002 1649 vos
3020 1638 3043 1663 ,.
3066 1596 3146 1651 vel
3176 1597 3307 1651 inter
3331 1614 3409 1651 me
3430 1610 3477 1652 et
3501 1615 3710 1657 omnem

2127 1682 2350 1741 animum
2388 1684 2549 1737 rivom
2568 1726 2583 1749 ,
2615 1693 2668 1738 et
2692 1684 2735 1737 si
2761 1701 2863 1754 qua
2891 1685 2959 1740 ibi
2988 1687 3110 1742 talia
3137 1687 3425 1754 dicuntur;
3443 1690 3576 1745 inter
3603 1709 3712 1746 me-

2127 1774 2265 1828 dium
2289 1792 2451 1830 meum
2476 1786 2522 1830 et
2545 1787 2759 1832 vestrum
2775 1819 2790 1842 ,
2819 1778 3083 1835 invenitur
3109 1782 3158 1835 in
3180 1780 3366 1839 Graeco
3382 1821 3407 1847 ,,
3420 1784 3564 1854 quod
3586 1794 3711 1852 est,

2126 1870 2218 1925 ἀνά
2250 1877 2406 1936 μέσον.
2450 1869 2613 1925 David
2649 1886 2859 1941 quoque
2885 1880 2938 1926 et
2961 1871 3222 1929 Jonatban
3247 1875 3453 1944 signum
3480 1876 3626 1931 inter
3650 1893 3715 1933 se

2129 1963 2491 2028 constituunt,
2523 1979 2591 2019 ne
2610 1963 2753 2020 aliud
2783 1966 3047 2036 epinando
3072 1966 3362 2024 dissideant
3391 1970 3434 2025 ll
3457 1970 3590 2039 Reg.
3612 1987 3709 2034 ιι,

2128 2052 2318 2125 εοοὲδ)
2349 2071 2364 2104 :
2394 2064 2447 2107 et
2465 2055 2606 2125 quod
2635 2056 2798 2112 latine
2823 2058 3052 2124 dicitur,
3069 2059 3199 2113 inter
3215 2059 3388 2115 ambos
3404 2078 3423 2126 ;
3443 2061 3579 2114 inter
3600 2079 3712 2117 me-

2130 2146 2267 2199 dium
2308 2146 2602 2214 amborum,
2645 2146 2805 2204 habet
2848 2147 3066 2205 Grmcus
3107 2149 3292 2211 eodem
3332 2151 3537 2218 verbo,
3566 2152 3715 2223 quod

2130 2246 2245 2302 est,
2284 2240 2375 2292 ἀνά
2397 2247 2552 2306 μέσαι.
2580 2238 2787 2309 Optime
2812 2252 2989 2294 autem
3017 2241 3210 2296 factum
3236 2249 3344 2304 cst,
3375 2251 3433 2296 ut
3460 2242 3563 2297 hoc
3595 2243 3714 2299 loco

2131 2331 2320 2400 psalmi
2363 2330 2521 2402 hujus
2562 2333 2872 2402 interpretes
2912 2335 3078 2388 nostri
3123 2348 3226 2387 non
3267 2333 3540 2400 dicerent,
3573 2335 3716 2391 inter

2131 2424 2307 2478 cleros
2327 2464 2342 2486 ,
2380 2422 2521 2491 quod
2546 2423 2735 2479 latina:
2762 2425 3009 2479 locutioni
3036 2424 3284 2481 usitatum
3311 2436 3431 2490 est;
3462 2425 3559 2481 sed
3586 2428 3719 2483 inter

2133 2516 2324 2570 medios
2377 2516 2537 2570 cleros
2565 2558 2589 2585 ,η
2637 2526 2885 2587 tanquam
2932 2519 3071 2574 inter
3114 2520 3345 2585 medium
3397 2522 3714 2587 clerorum,

2142 2608 2276 2685 quod
2313 2609 2484 2681 potius
2523 2610 2574 2664 in
2617 2626 2791 2682 graeco
2826 2612 3050 2682 legitur,
3093 2623 3151 2669 et
3188 2614 3327 2684 quod
3365 2614 3469 2671 dici
3495 2616 3637 2672 solet
3666 2615 3723 2671 in

2140 2702 2216 2761 eis
2242 2700 2400 2756 rebus
2418 2742 2435 2768 ,
2464 2709 2526 2775 ut
2549 2702 2690 2771 dixi,
2719 2719 2838 2774 qua:
2862 2704 3000 2760 inter
3023 2720 3083 2760 se
3110 2705 3338 2762 debeant
3367 2706 3564 2763 habere
3589 2723 3720 2763 con-

2139 2805 2375 2848 sensum.
2415 2792 2572 2855 Jubet
2611 2809 2739 2865 ergo
2765 2795 3036 2865 Scriptura
3065 2806 3123 2852 ut
3149 2797 3289 2853 inter
3314 2789 3723 2856 medios'cleros

2139 2884 2411 2941 dormiant.
2428 2928 2443 2954 ,
2468 2886 2555 2957 qui
2584 2888 2663 2942 vel
2689 2896 2819 2942 sunt.
2833 2902 3018 2957 pennae
3040 2889 3301 2945 columbae
3324 2889 3717 2960 deargentatm.

2139 2979 2223 3032 vel
2270 2993 2339 3033 ex
2376 2977 2477 3034 hoc
2516 2978 2595 3033 eis
2637 2989 2916 3048 prmstatur
2954 2988 3015 3034 ut
3053 2979 3179 3037 siut.
3216 2980 3382 3035 Porro
3405 2982 3449 3036 si
3477 2981 3564 3035 isti
3592 2980 3719 3036 cieri

2141 3068 2246 3124 duo
2276 3068 2610 3131 Testamenta
2639 3069 2940 3140 signiﬁcant
2959 3110 2975 3135 ,
3004 3070 3132 3141 quid
3158 3070 3301 3131 aliud
3330 3070 3715 3132 admonemur,

2143 3159 2251 3219 nisi
2268 3167 2329 3213 ut
2347 3159 2699 3219 Testamentis
2727 3161 2864 3227 inter:
2888 3175 2946 3221 se
2968 3144 3421 3219 consentientibus
3439 3176 3545 3217 non
3560 3177 3724 3232 repu-

2142 3264 2366 3319 gnemus
2405 3251 2462 3313 ¹;
2515 3250 2609 3305 sed
2652 3249 2996 3320 intelligendo
3040 3251 3471 3320 acquiescamus,
3519 3265 3724 3322 nosque

2144 3341 2308 3399 simus
2345 3356 2543 3399 eorum.
2567 3342 2864 3405 concordiae
2887 3343 3093 3411 signum
3124 3351 3280 3412 atque
3306 3341 3687 3397 documentum
3705 3383 3722 3407 ,

2144 3446 2264 3486 cum
2293 3431 2514 3485 alterum
2536 3432 2789 3487 adversus
2807 3432 3031 3488 alterum
3053 3433 3182 3487 nihil
3207 3433 3404 3491 dixisse
3429 3434 3721 3498 sentimus,

2145 3531 2200 3576 et
2237 3539 2357 3577 cum
2401 3523 2618 3593 paciﬁca
2652 3524 2999 3579 admiratione
3022 3564 3038 3589 ,
3078 3525 3226 3595 quasi
3251 3526 3472 3580 ecstasis
3495 3541 3723 3594 sopore,

2097 3683 2105 3695 ⁸
2147 3615 2540 3671 monstramus?
2567 3615 2674 3671 Cur
2697 3626 2873 3688 autem
2904 3616 2956 3670 in
2982 3616 3138 3671 cleris
3163 3616 3498 3673 Testamenta
3524 3616 3726 3671 intelli-

2146 3717 2336 3777 gantur
2355 3719 2380 3773 ,'
2396 3723 2516 3761 cum
2543 3707 2645 3763 hoc
2665 3723 2860 3765 nomen
2879 3723 3108 3778 grascum
3134 3709 3204 3761 sit
3231 3707 3477 3777 quidem,
3502 3707 3599 3763 sed
3621 3707 3724 3763 Tc-

2146 3808 2465 3859 stameutum
2514 3815 2616 3854 non
2660 3801 2729 3857 ita
2755 3798 2990 3864 dieatur;
3024 3799 3135 3853 haec
3159 3814 3316 3855 causa
3343 3807 3451 3865 est,
3480 3799 3605 3867 quia
3636 3813 3729 3868 per

2148 3901 2519 3949 testamentum
2547 3892 2703 3947 datur
2725 3891 3005 3947 hrcreditas
3025 3932 3038 3954 ,
3069 3907 3186 3962 qua:
3210 3907 3384 3963 graece
3407 3893 3727 3961 appellatur,

2148 3997 2448 4055 κληρονομία,
2463 3995 2515 4041 et
2528 3986 2718 4051 haeres,
2734 3995 3027 4056 κληρονόμος.
3043 3992 3225 4053 κλῆρος
3238 3995 3411 4040 autem
3424 4000 3541 4041 sors
3556 3999 3731 4060 gnere

2148 4078 2342 4134 dicitur
2363 4120 2377 4142 ,
2416 4089 2472 4135 et
2510 4091 2679 4133 sortes
2706 4094 2774 4133 ex
2803 4076 3151 4147 promissione
3180 4077 3271 4130 Dei
3298 4117 3312 4140 ,
3344 4086 3525 4146 partes
3553 4077 3729 4132 luere-

2148 4171 2326 4226 ditatis
2366 4181 2659 4233 vocantur,
2703 4184 2820 4239 qum
2862 4168 3058 4238 populo
3085 4177 3207 4223 sunt
3231 4167 3542 4222 distributae.
3578 4167 3733 4223 Unde

2150 4265 2317 4319 tribus
2359 4262 2484 4318 Levi
2535 4270 2794 4331 praecepta
2839 4269 2922 4315 est
2964 4275 3068 4313 non
3114 4259 3309 4313 habere
3351 4267 3548 4313 sortem
3595 4260 3733 4313 inter

2151 4357 2339 4411 fratres
2380 4370 2540 4419 suos,
2580 4355 2719 4424 quod
2764 4368 2830 4407 ex
2871 4368 3055 4408 eorum
3095 4350 3316 4407 decimis
3341 4360 3735 4406 sustentaretur

2155 4448 2338 4519 (Nam.
2384 4463 2554 4512 xvm,
2598 4444 2713 4518 20).
2758 4445 2889 4500 Nam
2934 4452 2989 4500 et
3025 4442 3209 4499 Cieros
3251 4453 3305 4498 et
3339 4441 3736 4498 Clericoshine

2151 4543 2442 4612 appellatos
2482 4549 2648 4612 puto,
2690 4541 2780 4610 qui
2819 4548 2941 4595 sunt
2983 4539 3034 4593 in
3077 4538 3420 4594 ecclesiastici
3449 4534 3735 4596 ministerii

2152 4635 2399 4705 gradibus
2440 4632 2698 4698 ordinati,
2737 4632 2857 4701 quia
2899 4631 3143 4686 Matthias
3186 4640 3333 4686 sorte
3373 4630 3580 4691 electus
3616 4640 3732 4693 est,

2153 4741 2309 4795 quem
2336 4725 2563 4794 primum
2591 4738 2685 4793 per
2708 4720 2990 4791 A‘postolos
3019 4722 3243 4792 legimus
3268 4721 3570 4777 ordinatum
3596 4722 3731 4791 (Act.

2155 4831 2207 4882 ι,
2249 4816 2363 4883 26).
2412 4813 2641 4871 Proinde
2680 4823 2894 4884 propter
2932 4812 3292 4868 btercditatem
3331 4828 3450 4883 qua:
3480 4812 3541 4866 ﬁt
3565 4823 3734 4869 testa.

2155 4917 2372 4973 mento,
2417 4917 2664 4977 tanquam
2708 4922 2800 4976 per
2843 4906 2892 4960 id
2930 4904 3070 4976 quod
3106 4904 3333 4959 efﬁcitur
3370 4905 3423 4958 id
3452 4905 3595 4975 quod
3626 4905 3736 4963 efﬁ-

2155 5000 2262 5065 cit,
2317 4998 2531 5055 nomine
2572 4998 2833 5054 clerorum
2881 4997 3221 5053 Testamenta
3278 4996 3388 5066 ipsa
3441 4996 3733 5068 signiﬁcata

2155 5101 2298 5149 sunt.

2225 5188 2315 5244 ‘20.
2356 5188 2664 5257 Quanquam
2704 5185 2830 5240 mihi
2869 5194 2924 5240 et
2960 5184 3093 5239 alios
3121 5182 3207 5237 hic
3233 5195 3420 5237 sensus
3449 5188 3725 5241 occurrat.

2157 5280 2259 5335 nisi
2303 5279 2486 5344 fallor,
2527 5276 2958 5345 anteponendos,
2998 5284 3056 5328 ut
3084 5275 3259 5329 cleros
3286 5273 3453 5328 multo
3482 5271 3732 5343 probabi-

2157 5375 2259 5430 lius
2296 5370 2806 5443 ipsashtereditates
2833 5367 3188 5437 intelligamus
3220 5385 3234 5421 :
3267 5377 3322 5422 ut
3346 5365 3595 5436 quoniam
3627 5365 3734 5425 lue-

2158 5466 2353 5521 reditas
2379 5462 2585 5519 Veteris
2613 5460 2937 5516 Testamenti
2963 5468 3047 5515 est
3069 5501 3083 5525 ,
3107 5458 3345 5530 quamvis
3374 5458 3425 5515 in
3458 5457 3643 5515 umbra
3664 5456 3731 5509 si.

2222 5624 2238 5655 ¹
2273 5629 2450 5669 omnes
2471 5630 2620 5681 prope
2643 5623 2771 5673 Mss“
2792 5623 2841 5666 ut
2864 5629 2921 5681 ea
2947 5610 3235 5664 Testantcn'ta
3251 5611 3374 5663 inter
3397 5625 3447 5679 se
3471 5609 3729 5662 consentire

2157 5698 2251 5734 non
2273 5678 2605 5744 repugnemus.
2627 5682 2801 5742 Regius
2819 5678 2919 5731 ω..
2933 5684 2992 5745 ,ιιι
3013 5690 3071 5725 ea
3099 5681 3384 5728 Testamenta
3406 5678 3531 5725 tuter
3551 5688 3603 5726 se
3621 5684 3731 5723 cat-

2161 5745 2354 5807 sentire,
2376 5756 2468 5794 non
2492 5754 2757 5808 repuqnarc
2782 5750 3064 5791 noverimus.
