4022 6200
251 359 351 413 625

251 469 544 537 gniticativa
589 466 785 533 futuri,
836 473 1040 522 terrena
1089 463 1343 526 felicitas;
1388 460 1667 515 increditas
1690 471 1817 511 vero

253 562 380 615 Novi
418 558 739 614 'l‘estamcnti
783 568 872 616 est
908 568 1100 612 :eterna
1143 552 1547 616 immortalitas;
1589 548 1820 604 dormire

252 655 320 708 sit
363 655 496 706 inter
535 649 736 704 medios
772 645 942 703 cleros
966 688 981 714 ,
1031 662 1128 702 nec
1171 645 1313 699 illam
1339 644 1445 714 jam
1474 656 1710 712 qumrere
1737 656 1828 694 δι’--

255 747 469 808 denter,
518 751 572 797 ct
612 741 783 796 adhuc
821 740 972 794 istam
1014 744 1320 806 exspectare
1369 735 1645 804 patienter.
1688 729 1820 785 Nam

256 837 344 904 qui
374 837 482 889 Deo
506 844 781 904 propterea
806 836 1073 888 serviunt.
1099 831 1179 884 vel
1211 830 1384 899 potius
1414 837 1690 897 propterea
1711 840 1826 879 ser-

259 928 366 980 vire
392 927 575 979 nolunt
595 965 608 986 ,
641 923 762 976 dum
789 930 1030 991 quaerunt
1056 923 1104 974 in
1129 920 1234 974 "hac
1263 921 1366 973 vita
1397 928 1452 974 et
1478 919 1530 972 in
1557 917 1657 971 hac
1683 925 1822 970 terra

260 1017 587 1077 felicitatem,
633 1013 838 1066 ablatus
883 1021 963 1066 est
1002 1026 1217 1064 somnus
1258 1009 1324 1062 ab
1361 1010 1470 1074 eis,
1499 1017 1552 1063 et
1576 1023 1677 1062 non
1703 1007 1826 1060 dor-

261 1107 443 1159 miunt.
484 1103 929 1158 lnllamtnantibus
963 1117 1102 1154 enim
1132 1099 1502 1168 cupiditatibus
1529 1097 1740 1168 agitati,
1773 1096 1824 1150 in

261 1198 452 1266 ﬂagitia
500 1204 553 1248 ct
579 1195 805 1248 facinora
829 1193 1191 1262 propelluntur
1214 1233 1229 1259 ,
1260 1207 1356 1246 nec
1380 1191 1597 1246 omnino
1622 1192 1826 1259 requie-

261 1297 450 1362 scunt;
482 1284 829 1340 desiderando
860 1293 914 1336 ut
939 1283 1212 1353 acquiraut
1233 1324 1247 1349 ,
1275 1281 1557 1336 tuetuendo
1586 1295 1652 1335 ne
1676 1279 1828 1335 amit-

263 1387 406 1432 tant.
431 1378 530 1440 Qui
555 1388 717 1430 autem
743 1393 818 1428 me
842 1375 980 1428 audit
1002 1415 1017 1440 ,
1045 1375 1119 1428 ait
1145 1373 1432 1442 Sapientia,
1463 1369 1754 1425 inhabitabit
1778 1371 1842 1423 in.

262 1488 370 1539 spe,
396 1479 442 1522 et
469 1469 729 1538 requiescet
755 1468 861 1520 sine
889 1466 1064 1518 timore
1081 1465 1142 1518 ab
1163 1466 1298 1518 omni
1318 1464 1625 1533 malignitate
1645 1461 1826 1530 (Prov.

264 1565 317 1624 1.
355 1560 464 1630 55).
497 1559 608 1613 lloc
637 1568 753 1623 est,
785 1566 1035 1628 quantum
1070 1555 1196 1610 mihi
1220 1555 1424 1609 videtur
1448 1594 1461 1619 ,
1493 1552 1724 1607 dormire
1752 1552 1831 1606 in-

266 1665 346 1707 ter
391 1652 590 1706 medios
631 1652 799 1704 cleros
822 1691 836 1714 ,
881 1649 929 1702 id
959 1657 1039 1703 est
1067 1650 1205 1702 inter
1230 1647 1428 1702 medias
1457 1643 1788 1698 bacrcditates
1813 1660 1829 1709 ;

268 1745 498 1797 nondum
531 1743 580 1796 in
613 1758 668 1794 re
691 1783 706 1807 ,
739 1741 830 1794 sed
863 1750 1034 1794 tamen
1060 1741 1110 1792 in
1139 1753 1233 1808 spe
1261 1737 1491 1793 caelestis
1515 1735 1832 1790 haireditatis

265 1835 504 1888 habitare
525 1874 539 1897 ,
578 1841 632 1886 et
668 1847 695 1885 a
729 1841 948 1885 terrenae
976 1829 1236 1884 felicitatis
1256 1828 1363 1896 jam
1392 1827 1676 1896 cupiditate
1704 1841 1833 1879 con-

266 1929 556 1997 quiescere.
597 1924 726 1979 Cum
769 1933 945 1977 autem
989 1922 1192 1977 venerit
1219 1920 1357 1990 quod
1388 1933 1663 1988 speramus
1686 1960 1700 1984 ,
1729 1933 1845 1972 non-

264 2019 368 2087 jam
397 2019 532 2072 inter
553 2014 1036 2070 duas‘lnereditates
1055 2013 1485 2082 requiescemus;
1508 2010 1599 2064 sed
1623 2009 1675 2063 in
1699 2023 1838 2064 nova

268 2126 391 2163 vera
415 2150 433 2174 ,
474 2108 622 2177 cujus
651 2117 798 2160 vetus
827 2114 940 2161 erat
969 2104 1151 2158 umbra
1172 2145 1184 2166 ,
1215 2102 1565 2170 regnabimus.
1596 2101 1837 2169 Quapro-

269 2212 385 2270 pter
421 2201 624 2254 etiamsi
663 2197 1072 2268 intellexerimus
1096 2196 1233 2266 quod
1259 2195 1454 2250 dictum
1485 2202 1599 2266 est,
1635 2193 1694 2248 Si
1723 2193 1839 2248 dor-

267 2291 437 2344 miatis
475 2292 600 2343 inter
642 2290 830 2343 medios
872 2289 1027 2342 cteros
1052 2327 1066 2353 ,
1110 2295 1357 2355 tanquam
1381 2285 1426 2339 si
1451 2284 1717 2340 diceretur
1739 2323 1754 2350 ,
1785 2283 1840 2337 Si

266 2381 566 2434 tnoriamini
596 2381 729 2434 inter
753 2379 954 2433 [inedios
979 2379 1149 2431 cleros
1174 2418 1190 2442 ,
1217 2385 1275 2430 ut
1296 2377 1448 2430 istam
1473 2384 1698 2431 mortem
1721 2389 1840 2428 car-

266 2475 350 2529 nis
393 2489 538 2528 tnore
583 2489 678 2527 suo
705 2472 970 2542 Scriptura
999 2471 1371 2527 domuitionem
1399 2470 1709 2534 vocaverit;_
1732 2471 1843 2524 inec

265 2578 349 2621 est
380 2581 523 2620 mors
551 2567 775 2635 optima,
806 2574 863 2618 ut
889 2565 940 2620 in
966 2565 1306 2633 cupiditatum
1335 2563 1658 2618 cohibitioue
1684 2577 1713 2616 a
1741 2572 1846 2617 ter-

267 2658 416 2712 renis
439 2699 453 2719 ,
496 2657 545 2709 in
585 2671 678 2725 spe
711 2655 938 2710 ccclestis
968 2654 1286 2708 htcrcditatis
1316 2655 1669 2723 homo-usque
1697 2655 1746 2709 in
1779 2655 1842 2706 ii-

266 2764 394 2822 nvm
434 2761 806 2817 perseverans,
847 2745 983 2799 diem
1017 2745 1134 2799 vita:
1167 2744 1321 2814 hujus
1349 2745 1588 2798 ultimum
1616 2743 1842 2798 claudat.

264 2839 355 2893 Sic
379 2839 518 2891 enim
546 2838 867 2891 dormientes
890 2836 1025 2889 inter
1049 2835 1248 2889 medios
1267 2835 1458 2900 cleros,
1481 2843 1640 2889 erunt
1660 2850 1846 2903 pennas

265 2929 533 2982 columba:
574 2929 968 2996 deargentatte;
1014 2934 1074 2980 ut
1113 2935 1348 2994 tempore
1393 2940 1497 2994 quo
1534 2934 1846 2993 resurgent,

264 3021 545 3087 rapiantur
571 3020 619 3072 in
647 3019 870 3072 nubibus
899 3016 1103 3070 obviam
1134 3015 1344 3070 Christo
1367 3016 1416 3068 in
1443 3031 1564 3069 aera
1586 3057 1601 3078 ,
1626 3026 1679 3070 et
1703 3032 1846 3070 sem-

265 3126 367 3179 per
411 3107 516 3178 jam
555 3124 672 3161 cum
715 3108 935 3161 Domino
974 3108 1149 3160 vivant
1189 3106 1229 3177 (l
1276 3105 1448 3160 Thess.
1486 3122 1563 3171 tv,
1595 3106 1683 3176 16)
1713 3123 1725 3160 :
1759 3113 1851 3161 aut

265 3209 422 3255 certe
442 3241 457 3261 ,
499 3200 618 3268 quia
662 3215 755 3266 per
779 3214 870 3251 cos
899 3197 985 3268 qui
1014 3197 1092 3252 sic
1120 3196 1442 3260 moriuntur,
1473 3205 1671 3266 quanto
1699 3212 1852 3252 secu-

265 3294 421 3353 rius,
469 3298 613 3342 tanto
651 3289 926 3343 sublimius
965 3287 1202 3342 Ecclesia
1244 3287 1578 3352 diil'amalur,
1618 3298 1673 3342 et
1701 3289 1848 3357 quasi

267 3380 588 3452 quibusdam
639 3381 824 3449 pennis
867 3379 1090 3434 excelsae
1135 3378 1304 3432 laudis
1347 3379 1621 3433 attollitur.
1669 3379 1851 3449 Neque

266 3474 418 3526 enim
443 3470 632 3525 frustra
658 3471 852 3524 dictum
880 3480 960 3524 est
990 3488 1002 3523 :
1034 3469 1162 3522 Ante
1180 3479 1386 3522 mortem
1407 3486 1468 3523 ne
1484 3470 1663 3544 \laudes
1685 3470 1851 3524 homi-

266 3580 390 3616 nem
437 3579 732 3634 quemquam
781 3559 961 3631 (Ecrli.
1008 3576 1089 3625 x1,
1139 3560 1250 3630 50).
1298 3560 1494 3616 Omnes
1534 3560 1850 3632 ergoisancti

265 3655 373 3710 Dei
415 3655 480 3707 ab
510 3655 655 3706 initio
684 3655 890 3722 generis
915 3653 1126 3706 humani
1146 3693 1160 3715 ,
1193 3668 1356 3720 usque
1384 3653 1448 3706 ad
1477 3662 1681 3721 tempus
1708 3655 1850 3720 Apo-

265 3748 536 3800 stolorum
565 3743 717 3816 (quia
748 3755 800 3796 et
827 3744 922 3811 ipsi
952 3753 1206 3796 noverant
1232 3745 1408 3797 dicere
1427 3743 1614 3810 ,‘Diem
1640 3744 1854 3798 hominis

266 3853 381 3891 non
410 3835 695 3902 concupiui,
728 3843 780 3885 tu
805 3834 898 3886 scis
924 3831 1130 3904 [λετ-ειη.
1161 3847 1297 3894 xvn,
1332 3831 1453 3903 l6];
1485 3841 1556 3898 et,
1593 3831 1756 3886 Unam
1777 3849 1855 3902 pe-

266 3929 331 3983 tii
360 3943 396 3978 a
435 3923 685 3988 Domino,
732 3926 860 3976 hanc
907 3924 1153 3992 requiram
1194 3921 1360 3994 [PsaL
1396 3939 1549 3987 xxv't,
1575 3922 1675 3994 μη)
1703 3935 1856 3989 ,_et.a

265 4030 522 4084 tempore
564 4015 933 4083 Apostolorum
954 4055 968 4076 ,
1007 4029 1074 4067 ex
1114 4029 1217 4082 quo
1242 4013 1462 4067 duorum
1492 4013 1856 4070 Testamento-

267 4123 400 4163 rum
445 4104 736 4159 diﬂ‘erentia
776 4105 968 4158 clarius
1007 4105 1238 4158 revelata
1272 4115 1385 4168 est,
1415 4105 1514 4174 ipsi
1542 4106 1778 4173 Apostoli
1806 4114 1860 4161 et

265 4198 426 4255 beati
471 4206 728 4266 martyres
765 4196 1046 4264 exterique
1083 4195 1240 4264 justi,
1287 4205 1533 4265 tanquam
1579 4197 1769 4252 arietes
1806 4206 1860 4251 et

265 4291 511 4345 arietum
555 4287 645 4340 lilii
685 4302 848 4356 usque
882 4287 947 4340 ad
990 4289 1088 4342 hoc
1127 4299 1330 4356 tempus
1361 4288 1690 4343 dormierunt
1724 4289 1861 4344 inter

265 4379 493 4437 medios
536 4377 744 4439 cleros;
791 4379 937 4447 regni
982 4379 1176 4433 terreni
1217 4379 1514 4434 felicitatem
1546 4380 1654 4448 jam
1681 4390 1861 4436 conte-

266 4476 533 4524 mnentes
559 4509 572 4534 ,
601 4475 655 4520 et
676 4468 821 4536 regni
844 4468 1096 4523 crelorum
1117 4455 1460 4523 aeternitatem
1491 4480 1780 4539 sperantes,
1808 4483 1863 4528 et

264 4559 524 4617 nondum
565 4568 820 4612 tenentes.
861 4559 924 4612 Et
954 4559 1074 4628 quia
1101 4568 1203 4612 tam
1237 4561 1369 4615 bene
1397 4560 1754 4625 dormierunt,
1785 4565 1862 4620 eis

265 4654 432 4708 velut
474 4649 660 4719 pennis
701 4664 840 4703 nunc
875 4651 1095 4713 volitat,
1123 4660 1176 4704 et
1205 4650 1442 4706 laudibus
1471 4653 1731 4708 exaltatur
1757 4654 1860 4708 Ec-

263 4746 447 4802 clesia
469 4784 483 4806 ,
527 4743 768 4797 columba
811 4743 1012 4796 scilicet
1042 4744 1411 4811 deargcntata;
1455 4755 1512 4797 ut
1549 4743 1646 4799 hac
1679 4761 1860 4802 eorum

263 4841 421 4894 fama
466 4834 531 4888 ad
570 4833 880 4888 imitandum
910 4834 1131 4902 posteris
1157 4834 1387 4891 invitatis
1411 4879 1425 4900 ,
1453 4837 1577 4891 dum
1604 4838 1679 4892 sic
1704 4841 1860 4896 etiam

261 4926 468 4984 caeteri
512 4923 815 4989 dormiunt,
861 4924 1117 4978 addantur
1157 4941 1340 4992 pennae
1384 4927 1573 4996 quibus
1609 4944 1772 4998 usque
1808 4931 1861 4986 in

264 5024 448 5076 linem
480 5014 658 5068 smculi
686 5014 978 5069 sublimiter
1006 5014 1336 5084 przrdicetur.

340 5111 416 5167 21
433 5146 453 5163 .
485 5104 649 5179 [rem
682 5105 793 5178 15.]
826 5105 960 5161 Dum
981 5108 1213 5162 discernit
1240 5110 1597 5179 supercmlestis
1617 5128 1755 5182 reges
1773 5130 1862 5166 su-

261 5221 362 5274 per
397 5213 540 5261 eant,
567 5196 675 5249 nive
698 5196 1055 5251 dealbabuntur
1081 5199 1134 5251 in
1161 5197 1365 5253 Selmon
1391 5215 1410 5252 :
1437 5201 1521 5253 ille
1541 5205 1862 5270 supercaale-

261 5299 397 5356 stis.
447 5289 542 5344 ille
577 5289 661 5358 qui
687 5292 905 5342 ascendit
930 5307 1078 5357 super
1106 5307 1273 5344 omnes
1297 5293 1462 5356 cretus,
1492 5304 1546 5346 ut
1573 5293 1863 5364 adimpleret

263 5385 458 5443 omnia
482 5422 497 5444 ,
541 5379 660 5433 dum
699 5379 931 5432 discernit
973 5397 1110 5448 reges
1152 5397 1302 5448 super
1338 5398 1444 5434 eam
1467 5424 1482 5448 ,
1519 5383 1571 5437 id
1601 5394 1681 5438 est
1705 5401 1862 5455 super

264 5474 536 5536 canidem
557 5465 852 5526 colﬁmbam
875 5469 1283 5537 deargentatam.
1303 5471 1551 5540 Sequitur
1564 5474 1704 5528 enim
1719 5478 1862 5545 Apo-

265 5569 457 5624 stolus
480 5604 498 5629 ,
541 5577 603 5617 ac
643 5561 770 5616 dicit
812 5578 828 5616 :
867 5559 936 5613 Et
962 5561 1069 5628 ipse
1095 5561 1228 5614 dedit
1255 5564 1494 5632 quosdam
1517 5567 1714 5634 quidem
1740 5584 1863 5637 apo-

265 5661 441 5716 stolos
463 5697 481 5721 ,
526 5653 767 5725 quosdam
798 5662 962 5707 autem
989 5652 1284 5722 prapbetas,
1310 5655 1551 5721 quosdam
1577 5671 1688 5710 vero
1713 5673 1862 5711 etiano

266 5752 495 5824 gelidas
513 5785 529 5815 ,
553 5749 793 5820 quosdam
817 5755 983 5802 autem
1008 5754 1229 5818 pastores
1253 5757 1299 5802 et
1313 5747 1567 5804 doctores.
1588 5747 1716 5804 Nam
1737 5749 1860 5821 quid

1319 345 1712 405 ENARBATIO
1752 342 1816 398 IN.
1853 341 2176 400 PSALMUM
2213 341 2415 402 LXVII.

3379 345 3484 402 826

1924 469 2012 516 est,
2047 457 2198 513 aliud‘
2224 473 2375 528 rcges
2410 457 2711 516 discernere
2747 472 2906 528 super
2941 473 3092 524 eam',
3138 459 3244 514 nisi.
3271 460 3324 512 in
3363 476 3492 530 opus

1923 552 2220 615 ministerii,
2241 551 2694 619 irtwdiﬁcationem
2717 553 2938 622 corporis
2963 553 3147 606 Christi
3174 551 3388 622 (Ep/tes.
3419 569 3490 619 l.\',

1925 640 2138 711 10-12);
2188 642 2610 711 quandoquidem
2655 645 2763 713 ipsa
2803 652 2884 698 est
2923 659 3115 712 corpus
3143 643 3374 698 Clu-isti?
3405 645 3497 698 Di-

1925 742 2113 786 cuntur
2158 733 2333 786 autem
2379 733 2452 786 illi
2493 751 2630 804 reges
2650 775 2666 800 ,
2715 737 2894 803 utique
2931 751 2960 788 a
2990 735 3218 806 regendo
3247 752 3260 788 :
3290 744 3344 789 ct
3371 735 3494 805 quid

1927 823 2089 893 magis
2109 839 2264 892 quam
2292 824 2464 879 carnis
2490 826 2940 895 concupi'sccntias
2963 867 2977 890 ,
3011 843 3076 880 ne
3106 835 3288 896 regnet
3313 841 3506 895 pucea-

1928 921 2037 968 tum
2081 913 2133 968 in
2173 928 2353 969 eorum
2394 915 2601 970 mortali
2640 931 2859 986 corpore
2887 917 2951 970 ad
2977 917 3328 972 obediendum
3355 916 3500 970 desi-

1927 1005 2088 1060 deriis
2110 1006 2224 1075 ejus
2248 1048 2262 1071 ,
2291 1023 2357 1061 ne
2378 1009 2656 1062 exhibeant
2679 1010 2910 1064 membra
2933 1025 3024 1064 sua
3047 1026 3190 1064 arma
3215 1009 3502 1078 iniquitatis

1929 1106 2145 1170 peccato
2168 1139 2183 1162 ,
2214 1097 2307 1151 sed
2337 1097 2618 1152 exhibeant
2645 1114 2702 1153 se
2733 1100 2841 1153 Deo
2865 1141 2880 1163 ,
2915 1109 3158 1170 tanquam
3189 1117 3252 1154 ex
3280 1100 3502 1154 mortuis

1929 1185 2165 1241 viventes
2188 1227 2204 1252 ,
2250 1196 2303 1242 et
2344 1188 2578 1243 membra
2621 1204 2714 1242 sua
2753 1205 2897 1243 arma
2929 1190 3147 1260 justitite
3189 1191 3294 1244 Deo
3324 1189 3498 1260 (Rom.

1931 1292 1979 1332 vi
2006 1317 2030 1339 ,.
2054 1277 2120 1331 12
2148 1278 2341 1348 etlS)?
2368 1278 2455 1332 Sic
2493 1280 2632 1333 enim
2661 1290 2816 1334 erunt
2840 1295 2993 1350 reges
3022 1281 3263 1353 primitus
3290 1279 3517 1335 discreti.

1931 1367 1998 1421 ab
2037 1369 2341 1437 alienigenis
2365 1411 2380 1435 ,
2422 1371 2543 1440 quia
2588 1388 2691 1426 non
2727 1380 2849 1426 sunt
2879 1372 3062 1441 jugqu
3101 1371 3355 1426 ducentes
3384 1387 3518 1426 cum.

1935 1459 2231 1516 inﬁdelibus
2256 1479 2269 1526 ;
2313 1462 2503 1517 deinde
2545 1463 2757 1517 discreti
2787 1463 3118 1532 concorditer
3146 1463 3282 1518 inter.
3308 1478 3364 1517 se
3391 1479 3508 1517 mn.—

1936 1552 2150 1606 neribus
2178 1555 2424 1623 propriis.
2459 1553 2576 1607 Non
2606 1555 2735 1608 enim
2764 1573 2932 1609 omnes
2960 1557 3202 1626 apostoli,
3229 1564 3314 1609 aut
3340 1572 3522 1610 onmes.

1938 1644 2191 1712 prapheta:
2213 1685 2226 1706 ,
2258 1653 2343 1697 aut
2373 1661 2541 1698 omnes
2569 1645 2790 1699 doctores
2813 1688 2825 1706 ,
2855 1655 2942 1700 aut
2968 1663 3135 1700 omnes
3167 1646 3298 1699 dona
3329 1647 3511 1698 habent

1936 1736 2290 1800 curationum,
2322 1746 2407 1790 aut
2445 1754 2613 1791 omnes
2653 1739 2836 1808 linguis
2877 1739 3175 1809 loquuntur,
3220 1747 3308 1790 aut
3335 1753 3508 1791 omnes

1939 1827 2344 1895 interpretantur.
2389 1827 2571 1882 Omnia
2611 1838 2774 1882 autent
2811 1830 2918 1882 hate
2956 1840 3189 1899 Operatur
3218 1846 3344 1882 unus
3369 1839 3516 1896 atque

1939 1917 2071 1970 idem
2114 1918 2367 1987 Spiritus,
2415 1920 2638 1975 dividens
2679 1922 2881 1990 propria
2919 1923 3186 1992 unicuique
3223 1930 3370 1991 prout
3409 1920 3526 1974 vult.

1942 2011 1986 2081 (ι
2015 2009 2130 2065 Cor.
2161 2028 2236 2066 xu
2260 2054 2276 2077 ,
2303 2013 2372 2067 ‘29
2395 2053 2411 2078 ,
2440 2013 2507 2067 30
2536 2055 2548 2075 ,
2582 2012 2667 2082 11)
2701 2032 2713 2066 :
2743 2029 2898 2082 quem
2927 2013 3100 2067 dando
3129 2011 3216 2066 ille
3242 2027 3517 2080 superetne-

1943 2101 2087 2156 lestis
2106 2145 2122 2167 ,
2148 2102 2399 2157 discernit
2423 2119 2576 2173 rcges
2599 2119 2758 2174 super
2776 2103 3072 2158 columbam
3095 2102 3514 2174 deargentatam.

1944 2191 2018 2247 De
2038 2208 2142 2262 quo
2167 2192 2362 2262 Spiritu
2390 2203 2572 2249 sancto
2597 2210 2715 2249 cum
2742 2194 2805 2248 ad
2826 2195 2941 2263 ejus
2968 2203 3188 2248 matrem
3214 2195 3378 2262 gratia
3412 2193 3522 2262 ple-

1945 2298 2066 2336 nam
2108 2284 2302 2337 missus
2340 2285 2571 2354 Angelus
2599 2285 2903 2353 loqueretur
2922 2326 2945 2351 ,,
2968 2284 3226 2354 quaerenti
3253 2283 3530 2352 quomodo.

1944 2373 2106 2428 fieret;
2123 2374 2263 2443 quod
2289 2375 2518 2443 paritura
2544 2374 2899 2437 nuntiabatur,
2924 2375 3172 2444 quoniam
3197 2390 3301 2427 non
3325 2388 3521 2442 cogno—

1945 2471 2124 2526 scebat
2143 2468 2312 2523 virum
2343 2486 2356 2521 :
2391 2469 2611 2538 Spiritus
2637 2477 2838 2522 sanctus
2857 2510 2870 2532 ,
2904 2469 3104 2537 inquit,
3135 2467 3448 2537 superveniet.
3471 2483 3532 2520 ιη

1947 2571 2026 2626 te,
2061 2571 2110 2615 et
2133 2563 2286 2616 virtus
2315 2561 2558 2616 Altissimi
2580 2561 2886 2615 obumbrabit
2910 2560 3014 2614 tibi.
3044 2560 3176 2628 Quid
3205 2569 3285 2613 est
3307 2600 3322 2625 ,
3351 2558 3530 2612 obum-

1948 2655 2105 2709 brabit
2143 2656 2261 2720 tibi,
2300 2655 2396 2709 nisi
2418 2696 2432 2719 ,
2465 2655 2702 2710 umbmm
2730 2653 2925 2709 faciet?
2960 2653 3188 2709 Unde-et
3219 2654 3299 2708 isti
3330 2667 3480 2721 rcges
3505 2693 3521 2716 ,

1948 2748 2071 2801 dttm
2092 2747 2256 2817 gratia
2282 2745 2734 2815 SpiritusDomini
2758 2743 2948 2799 Christi
2972 2745 3342 2798 discernuntur
3361 2758 3528 2812 super.

1949 2837 2246 2892 columbam
2291 2837 2712 2906 deargentatam,
2761 2836 2872 2890 nive
2913 2834 3275 2888 dealbabuntur
3315 2835 3368 2887 in
3411 2833 3527 2887 Sel-

1949 2945 2084 2984 mon.
2123 2930 2336 2983 Selmon
2367 2929 2559 2998 quippe
2588 2930 2963 2998 interpretatur
2993 2927 3204 2983 Umbra.
3235 2926 3347 2980 Non
3379 2927 3534 2980 enim.

1951 3021 2152 3076 meritis
2177 3031 2266 3074 aut
2295 3021 2486 3075 virtute
2512 3019 2721 3090 prOpria
2749 3020 3135 3073 discernuntur.
3167 3019 3290 3083 Qui;
3309 3021 3438 3070 enim
3457 3027 3536 3080 te,,

1951 3112 2154 3180 inquit,
2197 3112 2476 3166 discernit?
2521 3111 2655 3179 Quid
2683 3119 2850 3163 autem
2879 3110 3026 3162 habes
3052 3109 3185 3179 quod
3211 3125 3310 3161 non
3334 3109 3532 3177 accepi.

1951 3203 2013 3258 sti
2057 3202 2075 3275 (
2109 3202 2192 3256 Id.
2246 3218 2330 3267 tv,
2376 3201 2468 3270 7)?
2492 3201 2562 3257 Ut
2587 3215 2715 3270 ergo
2744 3201 3110 3255 discernantur
3138 3200 3202 3253 ab
3223 3199 3417 3267 impiis,
3434 3213 3530 3251 ac-

1951 3294 2152 3363 cipiunt
2192 3294 2556 3348 remissionem
2605 3300 2940 3362 peccatorum
2979 3291 3046 3345 ab
3083 3290 3171 3344 illo
3198 3289 3285 3359 qui
3314 3290 3387 3342 ait
3417 3307 3430 3340 :
3462 3287 3526 3342 Si

1953 3387 2137 3454 fuerint
2175 3395 2375 3455 peccata
2400 3394 2560 3438 vestra
2585 3386 2708 3439 sicut
2740 3384 3040 3454 phwnicium
3063 3424 3076 3448 ,
3109 3392 3342 3451 tanquam
3367 3383 3529 3435 nivem

1953 3477 2190 3532 dealbabo
2214 3474 2365 3546 (lsai.
2392 3492 2437 3542 ι,
2466 3477 2574 3544 18).
2601 3476 2736 3529 Ecce
2756 3475 3020 3543 quomodo
3040 3462 3147 3526 niue
3167 3469 3528 3525 dealbabuntur

1953 3570 2006 3625 in
2047 3569 2291 3634 Selmon;
2337 3569 2386 3623 in
2425 3567 2590 3636 gratia
2617 3566 2842 3635 Spiritus
2870 3564 3100 3629 Christi,
3132 3578 3235 3631 quo
3260 3562 3337 3616 eis
3367 3562 3524 3616 etiam

1957 3660 2165 3730 propria
2207 3657 2345 3714 dona
2387 3657 2614 3711 discreta
2644 3664 2766 3710 sunt
2793 3673 2806 3708 :
2838 3654 2904 3709 dc
2929 3669 3032 3722 quo
3061 3653 3366 3706 dictumest
3388 3650 3528 3721 quod

1956 3771 2112 3824 supra
2140 3754 2568 3815 commemoravi,
2600 3753 2829 3820 Spiritus
2842 3761 3041 3806 sanctus
3065 3753 3368 3820 superveniet
3389 3753 3440 3804 in
3459 3761 3525 3814 te,

1957 3857 2004 3900 et
2045 3847 2198 3899 uirtus
2223 3845 2465 3898 Attissimi
2503 3843 2810 3898 obumbrabit
2846 3844 2933 3896 tibi
2951 3883 2967 3908 ,
3009 3842 3112 3897 hoc
3145 3843 3528 3909 est,,.umbram

1958 3936 2115 3990 faciet
2145 3936 2278 3989 tibi:
2306 3944 2567 4006 promes-ea
2589 3934 2723 4004 quod
2749 3943 2978 3986 nascetur
3002 3949 3063 3986 ex
3089 3943 3134 3986 te
3159 3941 3415 4000 sanctum,
3443 3949 3532 3986 ro-

1959 4027 2151 4080 cabitur
2180 4025 2346 4101 Filius
2376 4024 2469 4078 Dei
2497 4025 2645 4094 (Luc.
2677 4041 2726 4089 ι,
2758 4025 2869 4088 55).
2906 4021 3101 4078 Umbra
3133 4022 3410 4092 porroista
3436 4021 3531 4076 dc-

1961 4116 2280 4171 fensaculum
2304 4116 2610 4186 intelligitur
2621 4117 2686 4169 ab
2703 4126 2837 4170 aestu
2856 4115 3396 4184 concupiscentiarum
3415 4129 3534 4167 car-

1961 4208 2160 4262 naliutn
2193 4225 2206 4261 :
2236 4206 2373 4263 unde
2397 4206 2481 4260 illa
2508 4207 2655 4276 virgo
2682 4205 2946 4260 Christum
2974 4203 3382 4258 non-carnaliter
3400 4218 3531 4257 con-

1962 4297 2279 4367 cupiscendo
2298 4297 2434 4359 ,sed
2455 4296 2794 4366 spiritualiter
2817 4295 3082 4350 credendo
3108 4295 3366 4364 concepit.
3395 4292 3536 4347 Con-

1939 4398 2068 4444 ‘stat
2111 4397 2284 4444 autem
2328 4387 2511 4441 umbra
2548 4388 2744 4441 lumine
2781 4395 2836 4459 et
2866 4401 3085 4448 corpore
3116 4403 3129 4438 :
3162 4384 3380 4454 proinde
3405 4384 3534 4438 illud

1963 4480 2103 4550 quod
2146 4483 2197 4534 in
2224 4479 2481 4554 principio
2518 4490 2630 4534 erat
2660 4479 2887 4534 Verbum
2906 4521 2921 4544 ,
2952 4478 3126 4533 lumen
3155 4477 3280 4531 illud
3311 4492 3491 4531 verum
3512 4517 3538 4540 ,.

1965 4578 2022 4628 ut
2059 4570 2424 4624 umbraculum
2468 4569 2812 4624 rneridianum
2857 4568 3017 4624 ﬁeret.
3051 4567 3202 4621 nobis
3235 4608 3251 4632 ,
3305 4567 3531 4622 Verbum

1964 4677 2088 4716 caro
2131 4659 2326 4716 factum
2368 4669 2501 4724 est,
2528 4669 2582 4714 et
2621 4659 2880 4714 habitavit
2908 4658 2958 4712 in
2988 4657 3138 4712 nobis
3165 4656 3341 4726 (Joan.
3372 4673 3426 4722 ι,
3459 4657 3485 4712 1
3511 4697 3540 4726 ,ι

1967 4753 2076 4822 id).
2107 4753 2214 4806 Deo
2245 4751 2445 4806 scilicet
2472 4750 2632 4805 homo
2656 4793 2671 4816 ,
2703 4761 2946 4820 tanquam
2975 4750 3158 4806 lumini
3185 4765 3410 4819 corpus,
3441 4765 3536 4803 ae-

1964 4843 2160 4906 cessit,
2202 4852 2258 4897 et
2293 4843 2343 4896 in
2377 4857 2496 4898 eum
2526 4841 2802 4896 credentes
2825 4842 3007 4895 umbra
3039 4843 3374 4910 protectionis
3401 4857 3531 4911 ope-

1964 4936 2088 4988 ruit.
2132 4934 2246 4988 Non
2285 4934 2425 4988 enim
2463 4932 2531 4987 de
2563 4933 2702 5002 quali
2736 4933 2917 4988 umbra
2948 4932 3138 4986 dicitur
3159 4973 3173 4996 ,
3203 4931 3531 4987 Transierunt

1965 5029 2134 5081 omnia
2167 5028 2264 5082 illa.
2297 5036 2534 5096 tanquam
2564 5024 2742 5078 umbra
2779 5025 2932 5095 (Sap.
2962 5041 2992 5076 ν
3014 5066 3030 5089 ,
3060 5025 3113 5082 9)
3137 5043 3152 5088 ;
3180 5040 3279 5080 nec
3299 5026 3364 5081 de
3393 5025 3532 5096 quali

1965 5119 2152 5172 umbra
2190 5119 2316 5175 dicit
2351 5116 2634 5186 Apostolus
2652 5154 2668 5179 ,
2697 5115 2861 5170 Nemo
2886 5132 2971 5170 vos
2986 5117 3178 5187 judicet
3199 5118 3386 5170 iucibo
3404 5157 3420 5182 ,
3447 5124 3535 5170 aut

1965 5210 2017 5261 in
2046 5219 2196 5277 potu,
2226 5217 2313 5260 aut
2335 5207 2387 5260 in
2414 5215 2555 5274 parte
2580 5205 2678 5259 diei
2706 5206 2850 5275 festi,
2880 5213 2967 5258 aut
2995 5208 3398 5272 neomeniaa,.aut
3417 5204 3532 5258 sab-

1965 5300 2190 5352 batorum
2212 5338 2228 5362 ,
2267 5297 2402 5365 quod
2442 5305 2514 5350 est
2551 5298 2722 5352 umbra
2762 5300 3044 5367 futurorum
3081 5296 3293 5366 (Coloss.
3328 5311 3396 5358 ll,
3429 5295 3531 5359 16,

1967 5391 2094 5458 17);
2139 5387 2232 5442 sed
2273 5387 2339 5441 de
2377 5387 2515 5456 quali
2555 5387 2806 5454 scriptum
2846 5395 2978 5452 cst,,
3005 5387 3112 5442 Sub
3142 5388 3313 5440 umbra
3337 5386 3535 5438 alarum

1965 5491 2164 5532 tuarum
2205 5487 2402 5548 protege
2435 5494 2512 5531 me
2549 5477 2716 5547 (Psal.
2749 5494 2832 5532 xw
2857 5519 2872 5543 ,
2905 5477 2983 5549 8).
3014 5479 3145 5532 Dum
3175 5491 3298 5544 ergo
3328 5475 3534 5529 discer-

1964 5570 2042 5623 nit
2066 5569 2154 5624 ille
2171 5569 2564 5638 supercmlestis
2581 5584 2730 5638 reges
2745 5585 2902 5639 super
2917 5569 3208 5623 columbam
3228 5567 3531 5634 dcargcnta-

1964 5669 2104 5725 tam,
2145 5674 2249 5713 non
2286 5674 2380 5714 sua
2418 5661 2606 5715 merita
2643 5661 2931 5725 extollant,
2972 5675 3076 5712 non
3102 5658 3170 5718 de
3196 5659 3532 5726 propria:vir-

1967 5760 2075 5808 tute
2110 5751 2376 5833 conlidapt
2414 5770 2427 5808 :
2467 5753 2576 5808 nive
2601 5753 2793 5824 quippe
2821 5749 3182 5807 dealbabuntur
3209 5751 3261 5805 in
3289 5751 3494 5809 Selmon
3511 5771 3534 5822 ,°
