4022 6200
560 237 564 242 ‘
607 229 623 254 δ

479 387 581 446 89.7

477 507 641 578 gratia
666 498 1112 560 candiﬁcabuntur
1133 495 1188 550 in
1215 492 1540 566 protectione
1561 488 1802 560 corporis
1820 486 2035 542 Christi.

549 597 637 652 22.
667 597 816 668 [vers.
843 590 953 663 16.]
986 589 1137 644 Hunc
1177 597 1353 642 autem
1397 592 1631 639 montem
1658 587 2047 650 consequenter

439 693 452 726 ν
477 687 604 744 dicit
631 695 846 740 montem
869 681 980 747 Dei,
1004 690 1221 734 montem
1243 680 1462 742 uberem,
1480 683 1695 729 montem
1715 674 2043 737 incaseatum,

477 778 560 834 vel
585 784 801 830 montem
828 773 1080 844 pinguem.
1109 770 1246 838 Quid
1273 769 1360 822 hic
1397 776 1574 822 autem
1602 764 1744 818 aliud
1775 764 2042 833 pinguem,

475 885 633 940 quam
685 867 899 922 uberem
944 864 1177 919 diceret?
1221 863 1314 915 Est
1367 863 1507 916 enim
1537 868 1590 912 et
1627 873 1780 912 mons
1804 857 1904 910 isto
1944 871 2045 909 no-

477 964 620 1016 mine
649 968 996 1030 nuncupatus,
1028 958 1080 1011 id
1110 965 1192 1010 est
1233 956 1460 1009 Selmon.
1491 951 1595 1007 Sed
1625 966 1779 1021 quem
1811 957 2045 1003 montem

476 1051 770 1122 intelligere
837 1049 1089 1104 debemus
1141 1055 1358 1099 montem
1397 1043 1506 1107 Dei,
1557 1052 1773 1094 montem
1823 1039 2042 1102 uberem,

475 1153 691 1198 montem
707 1143 1030 1202 incaseatum,
1053 1138 1152 1191 nisi
1175 1135 1421 1191 eumdem
1447 1133 1722 1188 Dominum
1750 1129 2041 1193 Christum,

481 1236 549 1290 de
576 1252 684 1306 quo
705 1245 756 1290 et
779 1235 909 1288 alius
930 1231 1188 1304 propheta
1215 1229 1341 1284 dicit
1364 1245 1377 1282 :
1407 1227 1514 1280 Erit
1545 1226 1595 1278 in
1617 1222 1896 1278 novissimis
1923 1231 2045 1274 tem-

477 1328 680 1399 poribus
709 1327 1004 1396 manifestus
1032 1339 1173 1375 mons
1203 1319 1425 1384 Domini,
1458 1326 1664 1388 paratus
1707 1316 1761 1368 in
1786 1313 2047 1367 cacumine

477 1421 720 1475 montium
750 1417 903 1492 (lsai.
933 1434 990 1482 ιι,
1018 1416 1100 1486 9.)?
1131 1416 1246 1485 Ipse
1271 1421 1351 1467 est
1389 1427 1541 1465 mons
1567 1411 1884 1472 incascatus,
1918 1422 2045 1477 pro-

477 1524 596 1584 pter
622 1513 867 1583 parvulos
883 1511 1049 1582 gratia
1081 1519 1326 1578 tanquam
1357 1508 1490 1560 lacte
1521 1502 1860 1565 nutriendos;
1892 1515 2046 1555 mons

479 1606 629 1670 uber,
662 1605 728 1660 ad
754 1602 1080 1659 roborandus
1109 1611 1264 1670 atque
1289 1597 1528 1653 ditandos
1571 1596 1830 1650 donorum
1860 1593 2046 1648 excel-

481 1698 638 1752 lentia
666 1716 680 1752 :
712 1712 831 1750 nam
858 1705 910 1750 ct
935 1696 1102 1764 ipsum
1127 1693 1223 1754 lac,
1254 1690 1396 1744 unde
1419 1689 1476 1742 ﬁt
1501 1702 1708 1751 caseus,
1731 1688 1864 1740 miro
1887 1683 2045 1739 modo

479 1788 736 1856 signiﬁcat
760 1786 1014 1856 gratiam;
1060 1792 1238 1837 manat
1274 1782 1465 1851 quippe
1493 1795 1562 1834 ex
1607 1777 1926 1832 abundantia
1963 1776 2046 1830 vi-

479 1896 685 1935 seerum
713 1891 1088 1939 maternorum,
1117 1886 1170 1931 et
1212 1871 1570 1929 misericordia
1600 1869 1894 1925 delectabili
1925 1883 2047 1938 par-

479 1972 612 2025 vulis
633 1971 793 2041 gratis
822 1969 1128 2023 infunditur.
1161 1966 1451 2034 Ambiguus
1480 1971 1562 2016 est
1586 1969 1762 2015 autem
1790 1960 1842 2014 in
1869 1974 2046 2028 grzeco
2080 1952 2083 1956 ’

479 2076 653 2134 casus,
699 2073 874 2114 utrum
922 2061 990 2114 sit
1032 2057 1408 2120 nominativus,
1440 2069 1506 2107 an
1533 2051 1885 2115 accusativus;
1913 2065 2050 2120 quo-

482 2155 620 2209 niam
648 2153 698 2206 in
724 2168 784 2206 ea
809 2152 980 2220 lingua
1025 2164 1177 2204 mons
1220 2147 1392 2202 neutri
1426 2143 1635 2216 generis
1663 2151 1766 2208 est,
1793 2158 1900 2196 non
1931 2156 2048 2196 ma-

367 2245 390 2265 '
481 2243 668 2298 scnlini
700 2261 713 2297 :
743 2242 860 2302 ideo
900 2239 1135 2295 nonnulli
1176 2237 1345 2292 Latini
1382 2253 1486 2290 non
1528 2233 1856 2304 interpretati
1901 2241 2045 2298 sunt,

481 2341 697 2386 montem
724 2331 846 2397 Dei,
877 2330 968 2386 sed
998 2346 1136 2383 mons
1158 2327 1270 2382 Dei.
1305 2327 1433 2381 Puto
1461 2334 1636 2380 autem
1676 2324 1863 2378 melius
1905 2337 2047 2387 esse,

483 2423 534 2476 in
563 2421 765 2477 Selmon
792 2431 1005 2475 montem
1032 2419 1147 2483 Dei,
1181 2421 1280 2472 hoc
1316 2426 1416 2482 est,
1450 2417 1503 2470 in
1550 2422 1782 2469 montem
1828 2413 1920 2468 Dei
1958 2412 2050 2483 qui

481 2522 699 2568 vocatur
724 2513 938 2567 Selmon
968 2509 1291 2566 :secundum
1315 2508 1635 2562 intellectum
1679 2519 1835 2575 quem
1865 2519 2049 2574 supra,

472 2614 544 2659 'ut
572 2605 855 2674 potuimus,
887 2601 1250 2672 exposuimus.

552 2695 642 2750 23.
672 2694 818 2768 [vers.
849 2692 961 2767 17.]
1018 2692 1214 2749 Deinde
1271 2690 1411 2762 quod
1453 2687 1607 2757 dixit,
1659 2694 1876 2742 montem
1933 2684 2052 2753 Dei,

484 2797 699 2841 montem
742 2787 1070 2850 incaseatum,
1104 2792 1318 2838 montem
1341 2782 1560 2846 uberem,
1593 2795 1660 2834 ne
1688 2779 1806 2850 quis
1831 2776 2053 2833 auderet

485 2895 550 2933 ex
577 2878 677 2932 hoc
699 2879 975 2932 Dominum
997 2876 1174 2932 Iesum
1201 2875 1466 2930 Christum
1493 2885 1801 2941 comparare
1844 2867 2053 2924 caeteris

485 2973 702 3038 sanctis,
754 2971 844 3041 qui
887 2980 941 3024 et
985 2969 1080 3039 ipsi
1137 2968 1264 3023 dicti
1292 2976 1415 3022 sunt
1442 2975 1651 3020 montes
1693 2964 1831 3019 Dei:
1864 2962 2055 3032 legitur

485 3063 700 3131 quippe,
723 3060 930 3115 Iustitia
965 3070 1051 3113 tua
1091 3060 1218 3113 sicut
1243 3067 1431 3112 montes
1456 3055 1551 3109 Dei
1578 3054 1748 3127 (Psal.
1782 3069 1945 3120 xxxv,
1975 3053 2051 3124 7);

489 3154 630 3207 unde
659 3153 941 3221 Apostolus
967 3153 1059 3218 ait,
1095 3151 1160 3206 Ut
1197 3168 1288 3204 nos
1315 3151 1470 3203 simus
1487 3149 1690 3219 justitia
1721 3146 1814 3200 Dei
1861 3147 1913 3200 in
1945 3147 2055 3216 ipso

490 3242 557 3308 (ll
581 3241 696 3298 Cor.
729 3257 782 3309 ν,
813 3241 926 3313 21).
957 3243 1031 3297 De
1059 3243 1250 3312 quibus
1269 3240 1533 3293 montibus
1557 3247 1611 3292 et
1650 3238 1756 3291 alio
1779 3237 1896 3291 loco
1919 3236 2055 3290 dici-

492 3345 594 3399 tur,
644 3333 948 3390 Illuminans
1005 3343 1058 3388 tu
1098 3331 1461 3386 admirabiliter
1497 3347 1528 3383 a
1573 3328 1824 3383 montibus
1860 3331 2056 3384 wternis

492 3427 663 3495 (Psal.
690 3443 844 3492 Lxxv,
873 3425 951 3496 5);
975 3424 1095 3496 quia
1117 3425 1225 3477 vita
1268 3422 1345 3478 eis
1384 3431 1582 3476 :eterna
1620 3419 1810 3474 donata
1856 3429 1958 3483 est,
2002 3429 2056 3474 et

493 3535 590 3590 per
609 3534 702 3575 eos
733 3517 1034 3574 sanctarum
1062 3517 1449 3585 Scripturarum
1498 3511 1915 3567 eminentissima
1960 3527 2056 3563 au-

492 3613 710 3667 ctoritas
756 3611 1039 3665 constituta
1079 3618 1181 3674 est,
1229 3607 1322 3662 sed
1369 3607 1696 3661 illuminante
1723 3606 1790 3659 ab
1827 3604 1939 3661 eis‘
1967 3605 2059 3659 illo

492 3704 576 3758 cui
607 3703 816 3768 dicitur,
845 3700 1151 3756 llluminans
1178 3709 1249 3753 tu.
1283 3696 1464 3752 Levavi
1490 3697 1630 3751 enim
1657 3695 1828 3750 oculos
1849 3711 1982 3749 meos
2007 3696 2060 3749 in

493 3805 700 3860 montes,
729 3793 862 3847 unde
885 3793 1038 3846 veniet
1072 3791 1318 3844 auxilium
1343 3789 1466 3842 mihi
1496 3803 1516 3841 :
1558 3801 1656 3842 nec
1684 3796 1857 3841 tamen
1905 3785 2054 3840 auxi-

496 3887 620 3940 lium
652 3902 825 3940 meum
851 3886 918 3938 ab
953 3885 1079 3955 ipsis
1104 3883 1315 3954 proprie
1341 3879 1642 3942 montibus;
1674 3879 1767 3934 sed
1813 3877 2059 3932 auxilium

493 3993 657 4030 meum
682 3995 712 4030 a
736 3976 956 4031 Domino
984 3976 1068 4048 qui
1089 3975 1204 4046 fecit
1224 3974 1403 4028 caelum
1437 3982 1482 4025 et
1509 3982 1692 4024 terram
1720 3967 1888 4039 (Psal.
1933 3983 2057 4034 cxx,

502 4069 549 4132 I,
577 4067 653 4139 2).
676 4067 823 4123 Unus
848 4068 1040 4138 quippe
1070 4067 1301 4137 ipsorum
1332 4063 1587 4118 montium
1630 4061 1849 4115 multum
1881 4060 2060 4115 excel-

495 4159 610 4214 lens
644 4175 763 4213 cum
806 4159 1046 4223 dixisset,
1072 4157 1211 4228 quod
1256 4157 1372 4224 plus
1401 4155 1504 4209 illis
1559 4153 1805 4207 omnibus
1854 4152 2062 4206 labora-

494 4251 628 4305 verit
659 4269 672 4304 :
705 4249 822 4303 Non
868 4258 1033 4303 autem
1080 4265 1189 4320 ego,
1230 4248 1415 4318 inquit,
1444 4245 1531 4300 sed
1559 4245 1724 4317 gratia
1750 4243 1848 4298 Dei
1871 4260 2062 4297 mecum

495 4343 536 4413 (l
563 4341 680 4399 Cor.
707 4357 793 4406 xv,
822 4340 934 4413 I0).
957 4340 1032 4395 Ne
1051 4340 1169 4410 quis
1186 4354 1311 4408 ergo
1343 4337 1564 4394 auderet
1613 4336 1775 4392 etiam
1825 4345 2060 4390 montem

495 4434 793 4505 speciosum
825 4431 989 4486 forma
1014 4446 1124 4500 pra:
1163 4429 1286 4484 liliis
1322 4429 1591 4483 hominum
1635 4425 1802 4499 (Psal.
1835 4442 1974 4492 xuv,
2004 4427 2061 4496 ὅ)

497 4526 762 4581 montibus
813 4523 932 4579 ﬁliis
961 4523 1234 4576 hominum
1283 4534 1619 4589 comparare;
1672 4518 1917 4589 quoniam
1957 4532 2060 4570 nou

497 4616 773 4671 defuerunt
801 4615 885 4686 qui
915 4629 1032 4668 eum
1061 4612 1320 4676 dicerent,
1352 4610 1441 4663 alii
1469 4610 1724 4665 Joannem
1747 4607 2058 4678 Baptistam,

498 4707 586 4760 alii
625 4710 811 4772 Eliam,
867 4707 953 4760 alii
994 4705 1300 4767 .Ieremiam,
1350 4711 1623 4755 autunum
1675 4716 1741 4754 ex
1787 4699 2063 4767 I‘mphetis

503 4796 708 4866 (.Ilatth.
733 4814 840 4858 xv1,
872 4799 982 4868 Ib);
1013 4796 1268 4852 convertit
1295 4808 1352 4848 se
1373 4792 1436 4846 ad
1467 4791 1605 4855 illos,
1637 4799 1690 4844 et
1724 4791 1797 4843 ait
1829 4807 1840 4842 :
1877 4788 2067 4860 thuid

499 4890 820 4958 snspicamini
848 4900 1034 4944 montes
1060 4889 1353 4946 incaseatos,
1382 4893 1615 4944 montem,
1643 4882 1832 4950 inquit,
1863 4881 1915 4933 in
1963 4896 2062 4950 quo

501 4980 690 5054 placuit
721 4981 824 5034 Deo
843 4981 1120 5034 inhabitare
1146 4981 1194 5033 in
1213 4978 1310 5032 eo?
1341 4974 1530 5047 thuid
1562 4973 1922 5044 suspicamini?
1947 4972 2062 5024 Sic-

501 5084 555 5127 ut
578 5073 716 5125 enim
747 5071 920 5125 lumen
948 5073 1041 5135 illi,
1075 5073 1195 5141 quia
1227 5082 1278 5125 et
1311 5070 1438 5140 ipsis
1469 5067 1666 5122 dictum
1691 5075 1792 5130 est,
1825 5063 1926 5118 Vos
1953 5064 2066 5117 estis

505 5164 672 5218 tamen
721 5163 893 5216 mundi
935 5161 1041 5233 (Id.
1097 5179 1147 5224 ν,
1210 5161 1334 5229 lci);
1367 5161 1459 5216 sed
1506 5159 1648 5214 aliud
1706 5158 1832 5213 illud
1869 5156 2066 5211 dictum

502 5267 618 5322 cst,
645 5255 834 5309 Lumen
882 5269 1068 5317 verum,
1112 5255 1242 5322 quod
1294 5254 1545 5307 illuminat
1572 5269 1768 5306 omnem
1821 5252 2069 5304 hominem

505 5351 683 5422 (Joan.
715 5348 825 5418 1,9)
861 5364 874 5399 :
907 5346 1003 5414 sic,
1027 5355 1232 5399 montes
1271 5346 1374 5410 illi;
1401 5344 1492 5399 sed
1544 5345 1700 5414 longe
1739 5343 1872 5397 alius
1920 5355 2072 5395 mons

505 5453 722 5513 paratus
751 5441 800 5494 in
825 5438 1098 5492 cacumine
1148 5437 1423 5488 montium.
1455 5435 1660 5489 Montes
1687 5436 1861 5503 itaque
1888 5434 1968 5487 isti
2006 5433 2072 5487 il-

507 5536 617 5592 lum
670 5542 902 5589 montem
953 5527 1210 5599 portando
1254 5525 1467 5595 gloriosi
1516 5535 1636 5578 sunt
1669 5543 1682 5578 :
1711 5541 1933 5594 quorum
1987 5525 2072 5578 ille

573 5711 588 5740 '
628 5707 759 5765 Edd.,
783 5699 1077 5755 illuminante
1096 5699 1194 5765 illa.
1224 5707 1279 5749 At
1300 5695 1627 5765 Mss._agiilunt_.
1652 5696 1712 5744 ab
1741 5695 1811 5746 eis
1839 5707 1856 5744 :
1891 5709 2076 5765 proueo

508 5769 709 5882 ﬂictu.
733 5758 861 5833 quod
884 5768 932 5818 in
953 5775 1066 5816 ante
1089 5758 1232 5814 allato
1267 5759 1385 5812 Psal.
1411 5759 1550 5821 75,7.
1591 5760 1637 5821 5,
1666 5767 1759 5821 est,
1794 5773 1824 5810 a
1847 5758 2077 5810 montibus

601 5843 716 5879 mts.

1701 372 1759 428 S.
1799 366 2162 428 AUGUSTINI
2203 366 2502 424 EPISCOPI

3613 375 3718 429 828

2157 493 2290 537 Unus
2309 482 2456 548 dicit,
2488 481 2618 537 Mihi
2644 493 2810 538 autem
2837 484 2964 539 absit
2987 485 3215 556 gloriari,
3240 486 3337 540 nisi
3355 487 3406 542 in
3433 503 3578 541 cruce
3602 487 3714 542 Do-

2149 573 2273 626 mini
2295 574 2449 627 nostri
2473 573 2595 628 Iesu
2622 573 2824 640 Christi,
2875 593 2962 645 per
2988 591 3134 644 quem
3160 578 3282 630 mihi
3305 578 3520 632 mundus
3546 584 3706 633 cruci-

2149 668 2284 737 ﬁxus
2311 676 2403 733 est,
2433 677 2478 720 et
2497 683 2585 737 ego
2606 668 2791 720 mundo
2824 666 2962 738 (Gal.
2984 683 3054 733 v1,
3088 669 3171 739 Μ)
3200 685 3212 721 :
3242 677 3298 722 ut
3337 671 3423 738 qui
3447 672 3718 738 gloriatur,

2150 761 2322 813 nonin
2349 761 2530 830 seipse,
2561 761 2646 814 sed
2673 761 2726 813 in
2761 759 2986 814 Domino
3027 762 3268 832 glorietur
3316 762 3356 830 (Ι
3388 761 3505 816 Cor.
3529 779 3565 825 ι,
3599 765 3712 833 3|).

2155 851 2346 922 thuid
2372 869 2498 924 ergo
2521 854 2842 922 suspicantini
2870 864 3058 906 montes
3085 853 3378 916 incaseatos,
3418 871 3539 910 eum
3571 874 3722 910 mou-

2152 956 2246 1001 tem
2271 948 2323 1001 in
2369 963 2466 1017 quo
2505 947 2694 1017 placuit
2721 945 2830 1000 Deo
2859 946 3084 999 habitare
3106 947 3158 999 in
3195 948 3293 1000 eo?
3333 946 3446 1002 Non
3497 949 3618 1018 quia
3666 949 3723 1003 in

2151 1038 2268 1093 aliis
2294 1054 2396 1092 non
2419 1038 2696 1104 inhabitat,
2738 1037 2832 1092 scd
2873 1039 2992 1107 quia
3038 1037 3089 1092 in
3121 1039 3250 1108 ipsis
3297 1056 3390 1108 per
3427 1040 3618 1108 ipsum.
3656 1039 3729 1095 In

2151 1133 2261 1202 ipso
2280 1130 2463 1203 quippe
2485 1131 2729 1185 inhabitat
2745 1132 2906 1185 omnis
2932 1129 3190 1200 plenitudo
3213 1131 3486 1186 divinitatis
3502 1131 3726 1200 (Coloss.

2152 1238 2208 1288 tl,
2233 1223 2312 1292 9);
2343 1239 2445 1279 non
2465 1223 2793 1291 umbraliter,
2819 1234 3066 1294 tanquam
3093 1225 3145 1278 in
3175 1227 3372 1296 templo
3398 1242 3426 1280 a
3471 1241 3593 1296 rege
3621 1227 3729 1282 Sa-

2154 1314 2364 1369 lomone
2391 1314 2550 1379 facto,
2580 1315 2672 1370 sed
2713 1318 3075 1386 corporaliter,
3126 1318 3176 1371 id
3230 1328 3311 1372 est
3353 1319 3519 1372 solide
3560 1329 3733 1390 atque

2152 1406 2429 1460 veraciter.
2465 1405 2714 1473 Quoniam
2741 1405 2876 1460 Deus
2903 1417 3006 1461 erat
3042 1409 3095 1461 in
3120 1407 3337 1473 Christo,
3372 1410 3613 1462 mundum
3637 1426 3732 1463 re-

2153 1497 2424 1551 concilians
2448 1499 2542 1550 sibi
2570 1496 2635 1568 (ΙΙ
2663 1496 2780 1552 Cor.
2814 1513 2864 1561 v,
2899 1497 3006 1570 19).
3039 1498 3190 1566 Quod
3229 1499 3338 1553 sive
3362 1499 3428 1553 de
3465 1500 3619 1555 Patre
3643 1501 3732 1555 di-

2152 1597 2294 1642 ctmn
2350 1589 2687 1658 accipiamus,
2743 1590 2988 1659 quoniam
3018 1591 3131 1658 ipse
3158 1592 3249 1652 ait,
3285 1591 3432 1645 Pater
3461 1603 3627 1645 autem
3677 1595 3734 1647 in

2153 1697 2232 1733 me
2259 1697 2481 1748 manens,
2511 1682 2617 1751 ipse
2639 1683 2759 1752 facit
2782 1699 2933 1752 opera
2959 1697 3075 1746 sua;
3104 1700 3192 1752 ego
3214 1685 3264 1737 in
3291 1685 3463 1751 Patre,
3494 1697 3538 1739 et
3564 1685 3729 1740 Pater

2154 1770 2207 1823 in
2253 1788 2332 1824 me
2373 1771 2551 1843 (Joan.
2583 1788 2687 1836 xw,
2719 1771 2829 1844 10);
2859 1773 2970 1828 sive
2996 1773 3064 1827 ita
3088 1773 3428 1844 intelligatur,
3460 1775 3594 1830 Deus
3620 1791 3738 1832 erat

2153 1863 2206 1915 in
2231 1861 2448 1929 Christo,
2473 1863 2702 1918 Verbum
2740 1873 2854 1918 erat
2878 1865 2929 1918 in
2956 1863 3231 1920 .homine:
3262 1867 3338 1920 sic
3380 1843 3494 1921 erat
3543 1869 3736 1938 utique

2155 1955 2389 2011 Verbum
2420 1957 2472 2010 in
2499 1972 2679 2023 carne,
2711 1966 2768 2011 ut
2791 1957 3210 2013 Verbum'etiam
3236 1974 3363 2014 caro
3402 1959 3597 2015 factum
3629 1979 3736 2016 so-
3779 1945 3782 1952 ’

2155 2047 2238 2101 Ius
2264 2047 2475 2117 proprie
2517 2043 2804 2114 diceretur,
2847 2047 2897 2102 id
2941 2059 3040 2113 est,
3083 2049 3243 2103 homo
3273 2050 3444 2104 Verbo
3480 2052 3530 2105 in
3568 2069 3734 2107 unam

2155 2137 2349 2191 Christi
2396 2153 2677 2208 personam
2726 2139 3086 2210 c0pularetur.
3132 2140 3320 2212 thuid
3346 2157 3474 2212 ergo
3497 2145 3734 2214 suspira-

2155 2229 2279 2283 mini
2308 2239 2498 2284 montes
2524 2231 2821 2296 incaseatos,
2863 2246 2984 2285 eum
3037 2242 3253 2285 montem
3295 2233 3349 2285 in
3392 2250 3489 2300 quo
3543 2237 3736 2304 placuit

2155 2319 2266 2375 Deo
2289 2321 2568 2376 inhabitare
2593 2322 2645 2376 in
2674 2323 2772 2376 eo?
2793 2321 2972 2393 Longe
2996 2323 3178 2392 utique
3197 2323 3355 2379 aliter
3372 2341 3528 2396 quam
3549 2328 3601 2380 in
3629 2328 3737 2382 illis

2159 2411 2443 2476 montibus,
2473 2427 2694 2482 quorum
2725 2413 2953 2483 aliquem
2981 2415 3139 2468 etiam
3171 2413 3313 2469 Imnc
3365 2417 3732 2487 suspicamini.

2158 2501 2270 2556 Non
2304 2503 2445 2558 enim
2470 2505 2589 2574 quia
2631 2512 2685 2559 et
2711 2504 2784 2558 illi
2811 2519 2906 2574 per
2933 2503 3231 2574 adoptionis
3251 2507 3478 2577 gratiam
3513 2509 3608 2562 lilii
3642 2509 3736 2566 Dei

2158 2603 2299 2659 sunt,
2325 2592 2445 2648 ideo
2463 2595 2738 2664 quisquam
2769 2595 2977 2649 illorum
3015 2605 3098 2651 est
3122 2595 3434 2668 Unigenitus
3467 2599 3554 2653 cui
3585 2600 3736 2655 dice-

2159 2696 2241 2741 ret
2271 2704 2285 2741 :
2315 2685 2449 2741 Sede
2466 2687 2534 2740 ad
2560 2687 2814 2766 dexteram
2847 2705 3033 2752 meam,
3079 2689 3237 2744 donec
3287 2708 3472 2760 ponam
3506 2694 3739 2747 inimicos

2161 2788 2272 2832 tuos
2311 2778 2402 2833 sub
2431 2778 2636 2848 pedibus
2669 2783 2766 2834 tuis
2794 2779 2960 2850 (Psal.
2999 2797 3106 2849 (nx,
3137 2782 3212 2852 I).
3256 2783 3458 2837 Etenim
3487 2783 3740 2840 Dominus

2160 2871 2452 2926 inhabitabit
2476 2889 2628 2942 usque
2655 2872 2709 2925 in
2750 2872 2941 2942 finem:
2975 2872 3026 2926 id
3079 2883 3180 2939 est,
3210 2875 3328 2928 illos
3371 2885 3575 2928 montes
3626 2893 3737 2930 non

2163 2963 2548 3032 comparandos
2583 2963 2707 3017 huic
2733 2964 2899 3017 monti
2942 2964 3054 3034 ipse
3099 2965 3353 3020 Dominus
3401 2966 3738 3029 inhabitaliit.

2162 3053 2250 3123 qui
2271 3063 2352 3108 est
2375 3068 2527 3107 mons
2557 3062 2769 3123 paratus
2799 3054 2851 3108 in
2872 3055 3148 3110 cacumine
3179 3057 3472 3128 montium;
3519 3068 3582 3110 ut
3619 3076 3740 3126 per-

2163 3144 2320 3199 ducat
2347 3160 2440 3200 eos
2466 3146 2518 3200 in
2551 3146 2732 3210 linem,
2767 3145 2820 3200 id
2841 3154 2923 3200 est
2958 3146 3010 3200 in
3041 3147 3273 3215 seipsum
3312 3148 3447 3202 sicut
3489 3149 3630 3202 Deus
3656 3161 3742 3204 est

2163 3235 2648 3305 contemplandum.
2681 3235 2825 3290 Finis
2848 3239 2979 3290 enim
3015 3235 3164 3308 Legis
3195 3237 3441 3304 Christus,
3472 3241 3539 3291 ad
3577 3241 3742 3309 justi-

2165 3329 2285 3380 tiam
2317 3329 2454 3382 omni
2503 3329 2720 3382 credenti
2760 3328 2935 3399 (Rom.
2967 3345 3022 3394 x,
3052 3330 3127 3401 4).
3159 3331 3266 3385 Deo
3319 3331 3495 3401 itaque
3542 3333 3746 3401 placuit

2166 3418 2401 3474 habitare
2427 3419 2480 3473 in
2503 3419 2604 3475 isto
2631 3431 2830 3484 monte,
2857 3421 2944 3490 qui
2973 3431 3186 3490 paratus
3236 3430 3319 3476 est
3367 3423 3420 3475 in
3462 3425 3747 3479 cacumine

2167 3511 2452 3576 montium;
2509 3511 2592 3565 cui
2632 3511 2760 3568 dicit
2791 3531 2803 3566 :
2831 3511 2906 3566 Tu
2931 3531 2982 3566 es
3032 3511 3197 3566 Filius
3243 3531 3379 3568 meus
3429 3515 3664 3576 dilectus,
3691 3519 3748 3569 in

2167 3617 2262 3671 quo
2296 3601 2312 3632 ⁸
2346 3602 2468 3655 bene
2535 3601 2816 3672 complacui
2859 3602 3068 3673 (Matth.
3111 3620 3186 3670 ιιι,
3222 3605 3334 3676 l7).
3382 3607 3498 3676 Ipse
3560 3617 3747 3664 autem

2169 3705 2322 3744 mons
2362 3690 2615 3746 Dominus
2639 3703 2738 3758 est,
2775 3693 2865 3763 qui
2903 3693 3038 3748 alios
3075 3693 3284 3752 montes
3315 3696 3634 3751 inhabitabit
3685 3699 3741 3752 in

2170 3783 2350 3846 linem,
2383 3782 2434 3836 in
2459 3797 2685 3852 quorum
2729 3784 3003 3838 cacumine
3039 3795 3251 3854 paratus
3280 3795 3383 3841 est.
3436 3787 3580 3842 Unus
3611 3791 3748 3841 enim

2167 3870 2325 3940 Deus,
2353 3882 2398 3926 et
2426 3889 2554 3928 unus
2582 3874 2825 3928 mediator
2849 3873 2946 3928 Dei
2970 3884 3015 3928 et
3052 3876 3310 3929 hominum
3339 3878 3485 3930 homo
3517 3877 3750 3934 Christus

2168 3961 2319 4018 Jesus
2345 3963 2387 4035 (Ι
2412 3963 2544 4019 Tim.
2574 3981 2630 4031 ιι,
2655 3963 2731 4036 5),
2761 3981 2915 4020 mons
2935 3966 3210 4030 montium,
3239 3968 3373 4021 sicut
3393 3979 3610 4022 sanctus
3625 3987 3752 4023 sano

2169 4065 2400 4110 ciorum.
2462 4055 2608 4111 Unde
2635 4056 2797 4110 dicit:
2830 4055 2941 4128 Ego
2977 4057 3028 4110 in
3062 4059 3152 4122 eis,
3203 4068 3248 4111 et
3271 4069 3324 4112 tu
3370 4059 3423 4112 in
3445 4077 3522 4114 me
3548 4060 3753 4130 (Joan.

2172 4163 2304 4212 xvu,
2334 4146 2450 4217 25).
2479 4145 2666 4218 thuid
2689 4163 2816 4217 ergo
2855 4150 3181 4218 suspicamini
3221 4163 3412 4205 montes
3439 4153 3751 4216 incascatos.

2173 4247 2386 4291 titantem
2414 4238 2464 4291 in
2492 4255 2590 4310 quo
2626 4239 2810 4308 placuit
2852 4238 2962 4294 Deo
2999 4241 3280 4296 inhabitare
3317 4243 3370 4295 in
3395 4244 3493 4297 eo?
3537 4245 3753 4299 Etenim

2172 4340 2380 4385 montes
2400 4329 2520 4384 illos
2547 4329 2842 4386 incascatos
2874 4331 3127 4386 Dominus
3156 4331 3277 4395 iste,
3322 4349 3475 4387 mons
3504 4335 3756 4389 incasea-

2174 4432 2275 4486 tus,
2308 4421 2619 4476 inhabitabit
2662 4439 2828 4494 usque
2858 4424 2911 4478 in
2962 4425 3142 4493 linem,
3177 4435 3232 4478 ut
3254 4425 3448 4495 aliquid
3481 4428 3589 4481 sint
3632 4430 3757 4496 qui-

2174 4513 2272 4568 hus
2297 4513 2372 4567 ait
2403 4532 2416 4568 :
2447 4513 2577 4578 Quia
2604 4514 2712 4567 sine
2735 4531 2812 4568 me
2833 4515 2959 4569 nihil
2999 4516 3203 4585 potestis
3225 4520 3388 4587 facere
3407 4515 3515 4588 (Id.
3548 4533 3637 4581 xv,
3665 4518 3754 4587 5).

2242 4605 2332 4660 ‘24.
2365 4604 2510 4678 [vers.
2539 4605 2654 4680 18.]
2680 4606 2753 4660 Ita
2782 4606 2840 4662 lit
2872 4607 3028 4661 etiam
3072 4609 3211 4678 quod
3254 4611 3491 4679 sequitur
3518 4627 3531 4665 :
3559 4610 3758 4666 Curms

2175 4699 2272 4754 Dei
2299 4701 2466 4755 decem
2505 4702 2720 4755 millium
2772 4700 3073 4770 multiplex;
3117 4703 3218 4764 vel,
3284 4705 3468 4757 denum
3532 4706 3755 4758 millium

2175 4792 2460 4861 multiplex;
2485 4792 2586 4859 vel,
2619 4791 2776 4846 decies
2800 4791 2981 4846 millies
3011 4794 3294 4864 multiplex.
3328 4794 3502 4850 Unum
3525 4797 3752 4852 verbum

2176 4884 2316 4938 enim
2344 4899 2570 4951 graecum
2601 4884 2736 4936 sicut
2769 4885 2991 4954 quisque
3033 4887 3200 4954 potuit
3239 4887 3522 4941 latinorum
3582 4891 3755 4944 inter-

2177 4983 2382 5043 pretum
2411 4975 2696 5039 transtulit,
2719 4974 2859 5044 quod
2897 4975 2967 5028 ibi
3007 4975 3204 5030 dictum
3232 4987 3333 5037 est.
3387 4985 3755 5048 pupianta'mes.

2179 5065 2366 5120 Latine
2416 5075 2593 5120 autem
2637 5065 2764 5119 satis
2811 5066 3036 5135 exprimi
3102 5082 3206 5122 non
3255 5068 3468 5137 potuit:
3501 5070 3756 5140 quoniam

2180 5161 2323 5214 mille
2373 5161 2511 5230 apud
2541 5161 2753 5216 Graecos
2794 5169 2931 5230 χίλια
2977 5163 3242 5228 dicuntur,
3293 5171 3517 5236 μυριάδες
3576 5177 3755 5222 autem

2183 5254 2329 5323 plura
2360 5253 2493 5306 dena
2534 5254 2723 5317 millia;
2751 5262 2918 5326 μυριὰς
2959 5255 3150 5326 quippe
3187 5273 3323 5321 una,
3369 5257 3554 5313 decem
3594 5263 3756 5315 millia

2182 5354 2324 5398 sunt.
2357 5343 2626 5414 Ingentem
2653 5345 2826 5414 itaque
2857 5346 3569 5404 multitudinemsanctorum
3599 5361 3761 5422 atque

2185 5434 2438 5499 ﬁdeliora,
2466 5435 2552 5504 qui
2576 5436 2833 5503 portando
2863 5437 3026 5491 Deum
3051 5440 3181 5493 liunt
3201 5439 3599 5508 quodammodo
3629 5459 3751 5497 cur-

2183 5543 2272 5580 rus
2291 5527 2406 5593 Dei,
2435 5526 2748 5596 signiﬁcavit
2774 5528 2874 5582 huc
2914 5531 3145 5585 nomine.
3170 5531 3315 5586 Hanc
3337 5533 3679 5588 immancudo
3705 5547 3758 5590 ct

2184 5618 2416 5689 regendo
2455 5617 2696 5687 perducit
2739 5621 2794 5674 in
2839 5621 2998 5676 ﬁnem
3037 5631 3285 5692 tanquam
3326 5641 3541 5685 currum
3587 5642 3743 5679 suum

2249 5760 2263 5790 ¹
2303 5764 2372 5805 Fr.
2397 5763 2602 5829 Aethon.
2628 5757 2676 5806 in
2711 5755 2958 5829 qnogniiln.
3000 5761 3140 5812 Abest
3180 5759 3295 5812 mihi
3331 5762 3392 5812 ab
3425 5770 3525 5812 Am.
3553 5770 3604 5813 et
3629 5770 3732 5810 Mss.

2187 5831 2278 5869 nec
2303 5827 2460 5870 exstat
2483 5827 2530 5868 iu
2549 5833 2710 5884 grtcoo
2731 5827 2858 5872 LXX.
