4022 6200
225 357 324 410 89.9

226 471 373 523 velut
417 468 469 522 in
518 465 692 521 locum
736 462 963 534 aliquem
1009 458 1345 514 destinatum.
1393 451 1603 505 Initium
1643 445 1817 502 enim'

229 564 491 623 Christus;
529 558 812 624 deindequi
846 564 958 610 sunt
1009 551 1191 609 Christi
1232 549 1285 602 in
1332 542 1598 616 prasentia
1647 541 1788 608 eius;

231 655 410 706 deinde
435 649 549 720 ﬁnis
583 648 624 721 (l
649 648 765 704 Cor.
788 663 875 711 xv,
900 646 990 708 25,
1011 644 1124 714 24).
1157 641 1281 695 lltcc
1305 646 1386 694 est
1411 642 1588 690 sancta
1615 630 1794 687 Eccle-

234 745 333 808 sia,
365 759 480 814 qua:
509 749 630 795 sunt
655 738 795 809 quod
837 737 1092 807 sequitur,
1132 729 1303 786 Millia
1347 726 1658 814 laetantium.
1686 721 1791 789 Spe

235 835 376 888 cnim
428 841 548 886 sunt
580 829 872 901 gaudentes,
909 827 1078 880 donec
1126 822 1476 893 perducantur
1522 816 1572 870 in
1635 813 1792 866 ﬁnem

131 991 142 1005 ο
237 941 396 991 quem
424 937 561 976 nunc
587 929 998 990 exspectantper
1023 915 1326 986 patientiam
1353 910 1526 981 (Rom.
1546 921 1654 970 vtn,
1675 903 1796 974 25).

240 1017 458 1071 Miril‘tee
483 1023 684 1076 autem,
713 1027 830 1065 cum
861 1010 1115 1071 dixisset,
1148 1006 1312 1059 Millia
1341 1002 1642 1062 laetantium,
1676 1012 1803 1050 con-

243 1109 389 1159 tinuo
435 1103 674 1172 subjecit,
721 1101 962 1154 Dominus
1008 1100 1058 1152 in
1086 1098 1205 1150 illis.
1250 1095 1326 1150 Ne
1365 1094 1616 1148 miremur
1661 1087 1800 1158 quod

246 1197 516 1258 laetentur;
550 1193 793 1247 Dominus
818 1192 868 1244 in
898 1191 1016 1243 illis.
1046 1189 1175 1242 Nam
1205 1204 1292 1256 per
1317 1185 1497 1239 multas
1522 1182 1804 1237 tribulatio-

249 1305 334 1343 nes
364 1296 550 1357 oportet
577 1302 664 1344 nos
697 1284 900 1338 introire
927 1283 976 1334 in
1001 1297 1204 1350 regnum
1232 1278 1323 1332 Dei
1353 1279 1486 1346 (Act.
1529 1291 1614 1330 xw
1632 1315 1646 1336 ,
1671 1272 1760 1342 9-1)
1789 1289 1805 1328 :

250 1381 377 1444 sed,
420 1379 663 1432 Dominus
708 1378 758 1429 in
803 1375 923 1429 illis.
974 1373 1095 1427 Ideo
1140 1373 1238 1426 etsi
1283 1381 1402 1425 sunt
1442 1369 1584 1439 quasi
1623 1369 1806 1430 tristes,

255 1487 444 1539 semper
479 1478 638 1521 tamen
664 1467 932 1538 gaudentes
974 1464 1038 1532 (ll
1070 1462 1184 1516 Cor.
1214 1479 1294 1528 τι,
1330 1461 1448 1531 10);
1491 1475 1588 1515 nec
1619 1457 1726 1527 jam
1755 1457 1808 1510 in

254 1577 368 1630 Ipso
399 1563 498 1615 line
525 1574 627 1629 quo
654 1557 880 1611 nondum
907 1565 1179 1615 venerunt,
1207 1553 1300 1608 sed
1328 1570 1417 1621 spe
1443 1561 1564 1606 sunt
1590 1551 1811 1620 gauden-

257 1660 348 1712 tes,
397 1660 448 1703 et
491 1650 543 1700 in
578 1647 891 1699 tribulatione
935 1646 1170 1715 patientes
1199 1641 1376 1709 (Rom.
1407 1657 1511 1703 xu.
1546 1640 1650 1708 lii),
1679 1653 1811 1706 quo-

255 1742 396 1794 niam
423 1739 662 1792 Dominus
691 1738 741 1789 in
767 1737 888 1803 illis,
915 1737 964 1788 in
997 1735 1143 1798 Sina,
1170 1735 1219 1787 in
1244 1743 1434 1786 sancto.
1460 1731 1514 1785 ιη
1543 1731 1812 1783 nominum

256 1830 587 1883 hebraearum
621 1827 1134 1895 interpretationilms
1173 1824 1465 1877 invenimus
1502 1821 1623 1874 Sina
1657 1820 1818 1872 inter-

257 1919 447 1988 pretari
470 1917 766 1972 Mandatum
793 1935 804 1969 :
837 1925 890 1970 et
913 1916 1012 1970 alia
1036 1915 1272 1984 quaedam
1295 1914 1696 1979 interpretatur;
1723 1905 1819 1962 sed

258 2009 359 2063 hoc
389 2019 512 2078 puto
561 2009 802 2077 praesenti
851 2007 967 2061 loco
1014 2006 1185 2075 aptius
1225 2003 1527 2059 convenire.
1572 1999 1821 2054 Reddens

261 2101 399 2153 enim
439 2115 649 2153 causam
707 2114 866 2167 quare
917 2097 1220 2150 laetarentur
1269 2094 1357 2148 illa
1400 2093 1583 2155 millia,
1632 2090 1824 2160 quibus

261 2199 467 2243 antistat
494 2205 678 2243 currus
710 2189 820 2254 Dei,
849 2187 1112 2249 Dominus,
1145 2186 1330 2254 inquit,
1361 2185 1412 2237 in
1442 2183 1562 2246 illis,
1591 2182 1643 2234 in
1671 2180 1817 2243 Sina,

261 2280 312 2333 in
342 2289 512 2334 sancto
533 2296 552 2332 :
579 2279 628 2332 id
653 2288 753 2342 est,
783 2279 1032 2332 Dominus
1060 2277 1112 2330 in
1142 2275 1266 2340 illis,
1293 2275 1344 2328 in
1371 2275 1614 2328 mandato
1641 2287 1654 2336 ;
1687 2269 1826 2340 quod

265 2370 566 2424 mandatum
596 2378 831 2424 sanctum
857 2377 968 2434 est,
999 2369 1132 2422 sicut
1157 2365 1618 2434 dicitApostolus:
1650 2361 1828 2431 Itaque

188 2439 203 2460 ⁸
265 2461 373 2515 Lex
395 2462 589 2532 quidem
618 2472 791 2516 sancta
809 2502 825 2526 ,
849 2471 893 2514 et
920 2459 1208 2512 mandatum
1237 2466 1461 2510 sanctum
1481 2463 1573 2519 ,‘et
1589 2456 1787 2522 justum
1810 2493 1826 2516 ,

267 2566 314 2609 et
355 2556 534 2607 bonum
566 2552 674 2623 (Id.
703 2568 805 2616 vn,
835 2551 944 2622 42).
973 2549 1075 2606 Sed
1127 2549 1251 2619 quid
1302 2548 1574 2618 prodesset
1610 2543 1831 2600 manda-

269 2655 401 2711 tnm,
433 2645 533 2699 nisi
578 2643 827 2698 Dominus
872 2644 943 2698 ibi
981 2651 1141 2708 esset,
1173 2641 1238 2695 de
1280 2655 1384 2708 quo
1417 2639 1644 2694 dicitur:
1695 2636 1832 2690 Deus

269 2742 402 2789 enim
429 2745 502 2790 est
540 2737 625 2803 qui
653 2744 883 2804 aperatur
909 2737 963 2788 in
1002 2732 1136 2787 vobis
1165 2741 1209 2786 et
1236 2731 1390 2797 velle,
1425 2743 1471 2784 et
1492 2729 1708 2800 operari,
1742 2744 1834 2798 pro

274 2826 402 2878 bona
433 2825 680 2879 voluntate
708 2824 958 2896 (Philipp.
988 2839 1023 2878 ll
1047 2865 1062 2884 .
1092 2821 1217 2894 15)?
1244 2822 1371 2875 Nam
1400 2820 1697 2873 mandatum
1720 2819 1835 2872 sine

274 2915 482 2969 Domini
519 2914 778 2984 adjutorio
817 2915 985 2969 littera
1027 2922 1108 2969 est
1135 2912 1378 2967 occidens
1410 2909 1474 2982 (ll
1498 2910 1611 2964 Cor.
1642 2925 1729 2973 ιιι,
1759 2909 1834 2978 6).

274 3007 385 3061 Lex
410 3008 535 3060 enim
569 3007 856 3062 subintravit
874 3047 890 3071 ,
920 3015 973 3058 ut
999 3004 1271 3059 abundaret
1315 3003 1546 3056 delictum
1572 3001 1742 3070 (Rom.
1769 3015 1801 3051 v
1820 3040 1836 3063 ,

275 3098 393 3168 9.0).
433 3097 536 3151 Sed
578 3097 820 3166 quoniam
868 3095 1124 3166 plenitudo
1168 3093 1315 3163 Legis
1354 3093 1569 3146 charitas
1609 3100 1678 3145 est
1728 3089 1837 3162 (Id.

277 3205 405 3254 xm,
440 3188 557 3257 10),
585 3187 702 3240 ideo
730 3203 821 3255 per
846 3187 1149 3241 charitatem
1182 3186 1287 3239 Lex
1316 3186 1580 3254 impletur,
1612 3198 1716 3237 non
1748 3198 1844 3251 per

280 3281 546 3333 timorem.
575 3276 801 3330 Charitas
830 3277 958 3329 enim
987 3276 1077 3329 Dei
1105 3274 1290 3343 diﬂ'usa
1315 3284 1386 3329 est
1409 3276 1459 3328 in
1489 3274 1724 3330 cordibus
1748 3290 1843 3327 no-

281 3375 417 3438 stris,
468 3390 557 3445 per
594 3373 837 3445 Spiritum
868 3382 1093 3426 sanctam
1135 3371 1220 3441 qui
1255 3369 1403 3424 datus
1449 3378 1522 3424 est
1564 3367 1704 3423 nobis
1732 3366 1838 3439 (Id.

281 3483 338 3531 ν,
365 3466 440 3531 5).
470 3465 591 3520 ldeo
615 3466 856 3520 laetantur
881 3463 995 3518 haec
1021 3463 1205 3517 millia.
1234 3463 1458 3516 Tantum
1486 3461 1624 3516 enim
1653 3460 1846 3513 faciunt

279 3556 534 3625 justitiam
564 3555 717 3624 Legis
735 3597 751 3621 ,
779 3564 1027 3624 quantum
1053 3553 1361 3621 adjuvantur
1402 3551 1597 3620 Spiritu
1624 3549 1804 3620 gratiae
1827 3565 1844 3614 ;

282 3647 528 3714 quoniam
561 3645 799 3698 Dominus
823 3646 873 3697 in
897 3644 1018 3708 illis,
1046 3644 1096 3696 in
1124 3643 1271 3707 Sina,
1298 3643 1350 3695 in
1375 3650 1567 3695 sancto.

288 3828 432 3882 tione
455 3839 707 3879 conversa
729 3842 742 3877 :
769 3824 1066 3885 Ascendisti,
1097 3824 1286 3892 inquit,
1311 3823 1363 3875 in
1390 3822 1571 3881 altum,
1589 3819 1850 3891 captivasti

286 3916 652 3984 captivitatem,
696 3916 923 3985 accepisti
961 3915 1093 3967 dona
1128 3914 1181 3966 in
1221 3911 1518 3965 hominibus.
1563 3911 1672 3964 Hoc
1707 3911 1851 3978 Apo-

289 4008 461 4063 stolus
487 4007 563 4060 sic
596 4015 994 4071 commemorat,
1025 4006 1104 4061 sic
1129 4005 1344 4075 exponit
1369 4004 1434 4059 de
1464 4003 1683 4058 Domino
1709 4002 1852 4057 Chri-

290 4110 377 4153 sto
401 4098 620 4168 loquens
649 4116 662 4153 :
695 4096 973 4166 Unicuique
1009 4105 1172 4150 autem
1212 4105 1456 4159 nostrum,
1489 4094 1674 4164 inquit,
1703 4093 1851 4146 datur

292 4189 458 4258 gratia
485 4189 756 4242 secundum
781 4205 1062 4241 mensuram
1091 4187 1374 4241 donationis
1392 4186 1574 4240 Christi
1599 4202 1616 4240 :
1652 4195 1852 4256 prapter

291 4279 426 4348 quod
460 4279 600 4344 dicit,
635 4280 870 4333 Ascendit
911 4279 962 4332 in
990 4281 1169 4346 altum,
1201 4280 1465 4346 captivavit
1491 4279 1847 4347 captivitatem,

293 4368 433 4421 dedit
469 4368 602 4422 dona
627 4369 925 4422 hominibus.
957 4369 1102 4436 Quod
1130 4378 1293 4422 autem
1337 4370 1576 4433 ascendit,
1607 4368 1727 4441 quid
1758 4379 1849 4433 est,

295 4461 392 4512 nisi
416 4461 533 4528 quia
561 4469 606 4514 et
643 4460 892 4514 descendit
934 4462 987 4514 in
1027 4461 1288 4530 inferiores
1329 4470 1494 4528 partes
1536 4462 1717 4514 terrte?
1758 4459 1853 4525 Qui

295 4551 570 4616 descendit,
598 4551 704 4617 ipse
724 4560 794 4604 est
818 4561 864 4605 et
889 4553 974 4620 qui
999 4552 1221 4606 ascendit
1243 4568 1392 4618 super
1418 4568 1585 4605 onmes
1611 4551 1775 4615 celos,
1800 4561 1853 4603 ut

295 4640 596 4705 adimpleret
625 4639 793 4694 omnia
822 4640 1032 4710 (Ep/tes.
1061 4657 1133 4706 tv,
1156 4641 1326 4710 7-l0).
1351 4639 1559 4695 Christo
1588 4655 1713 4710 ergo
1740 4641 1854 4694 sine

296 4731 624 4786 dubitatione
650 4732 847 4785 dictum
875 4740 987 4785 est:
1020 4731 1300 4784 Ascendisti
1320 4731 1373 4784 in
1396 4732 1574 4793 altum,
1597 4730 1856 4800 captivasti

296 4822 652 4890 captivitatem,
686 4821 918 4891 accepisti
955 4821 1086 4874 dona
1111 4823 1164 4874 in
1191 4823 1488 4877 hominibus.
1518 4821 1626 4876 Nec
1650 4830 1857 4875 moveat

296 4913 441 4981 quod
467 4916 745 4982 Apostolus
777 4914 915 4967 idem
934 4915 1285 4968 testimonium
1303 4929 1726 4969 commemorans
1751 4931 1855 4969 non

297 5007 395 5068 ait,
424 5005 670 5074 Accepisti
697 5005 830 5058 dona
857 5006 908 5058 in
933 5006 1249 5070 hominibus;
1292 5006 1407 5071 sed,
1439 5005 1586 5059 Dedit
1612 5006 1744 5058 dona
1769 5008 1886 5060 ho-.

299 5094 537 5148 minibus.
574 5093 665 5148 llle
688 5095 880 5164 quippe
905 5097 1212 5162 auctoritate
1252 5097 1537 5165 apostolica
1568 5096 1856 5149 secundum

299 5187 405 5242 boc
446 5187 649 5240 locutus
690 5197 790 5249 est,
819 5186 958 5255 quod
989 5187 1130 5241 Deus
1167 5203 1285 5241 cum
1315 5189 1496 5243 Patre‘
1530 5188 1712 5242 Filius.
1759 5187 1859 5242 Se-

297 5279 529 5335 cundum
570 5275 673 5331 hoc
712 5279 904 5347 quippe
948 5277 1082 5331 dedit
1123 5281 1254 5331 dona
1299 5280 1599 5343 hominibus,
1647 5281 1857 5336 mittens

299 5369 380 5423 eis
403 5367 652 5438 Spiritum
683 5378 946 5433 sanctum,
979 5370 1063 5438 qui
1093 5368 1315 5437 Spiritus
1343 5377 1424 5424 est
1454 5369 1619 5422 Patris
1646 5381 1698 5424 et
1717 5371 1856 5425 Filii.

300 5461 598 5516 Secundum
628 5459 753 5514 illud
781 5476 909 5515 vero
929 5459 1068 5531 quod
1100 5461 1234 5515 idem
1259 5461 1376 5530 ipse
1399 5459 1638 5516 Christus
1668 5463 1716 5516 in
1743 5478 1862 5517 cor-

303 5566 435 5620 pore
483 5565 580 5605 suo
624 5551 954 5620 intelligitur,
1001 5551 1138 5621 quod
1186 5560 1266 5604 est
1320 5551 1586 5615 Ecclesia,
1645 5563 1862 5623 prepter

305 5641 445 5711 quod
485 5651 538 5697 ct
580 5643 814 5698 membra
853 5644 969 5712 ejus
1017 5653 1137 5696 sunt
1179 5642 1344 5696 sancti
1388 5653 1441 5697 et
1485 5641 1667 5698 ﬁdeles
1709 5647 1857 5716 ejus;

372 5755 390 5788 ⁶
422 5755 502 5806 ulc
525 5758 572 5806 in
594 5759 703 5808 εω.
727 5757 930 5819 additur,
953 5756 1061 5822 fecit
1081 5769 1098 5806 :
1116 5756 1240 5820 quod
1263 5769 1290 5806 a
1311 5762 1413 5806 ltss.
1440 5757 1592 5808 abest.

1855 5881 1904 5892 ..-

1268 330 1662 394 ENARRATlO
1695 331 1764 384 IN
1802 326 2122 384 PSALMUM
2162 331 2361 388 LXVII.

1890 447 2029 503 unde
2065 449 2143 504 eis
2181 449 2397 522 dicitur‘
2441 447 2538 503 Vas
2583 458 2746 505 autem
2789 451 2904 506 estis
2946 468 3125 520 corpus
3173 453 3359 509 Christi
3401 465 3453 512 et

1890 542 2108 594 membra
2139 541 2192 612 (Ι
2215 539 2332 595 Cor.
2362 557 2456 606 xu,
2480 542 2572 614 Ξῖ)
2599 560 2612 594 :
2650 545 2830 612 procul
2855 544 3014 598 dubio
3039 555 3092 600 et
3116 546 3229 611 ipse
3266 550 3454 618 accepit

1894 632 2028 686 dona
2054 635 2106 686 in
2131 634 2432 688 hominibus.
2454 634 2692 689 Christus
2716 637 2910 706 quippe
2930 637 3168 691 ascendit
3195 639 3244 690 in
3270 638 3452 694 altum.

1895 733 1950 777 et
1976 722 2125 777 sedet
2166 723 2231 776 ad
2271 723 2542 778 dexteram
2587 725 2756 780 Patris
2802 726 2990 796 (Marc.
3043 744 3152 792 xvt,
3194 729 3320 798 19);
3363 731 3457 786 sed

1897 813 1998 867 nisi
2021 822 2074 867 et
2103 813 2186 866 hic
2214 824 2355 868 esset
2381 814 2430 868 in
2453 815 2631 881 terris,
2656 832 2760 870 non
2789 818 2909 872 inde
2937 818 3252 873 clamasset:
3281 819 3459 882 Saule,

1901 903 2080 969 Saule,
2117 904 2238 974 quid
2265 921 2344 958 me
2364 908 2670 976 persequeris
2717 908 2855 976 (Act.
2889 925 2964 971 ιιι,
2991 909 3085 977 4)?
3131 908 3259 963 Cum
3309 911 3466 980 igitur

1902 994 2040 1048 idem
2069 995 2179 1063 ipse
2208 994 2363 1058 dicat,
2397 994 2610 1060 Quando
2649 1000 2738 1051 uni
2763 1016 2824 1053 ea:
2855 1001 3070 1054 minimis
3097 1002 3217 1055 meis
3255 1003 3462 1072 fecistis,

1905 1088 2026 1141 mihi
2067 1089 2248 1159 fecistis
2287 1089 2494 1157 (Matth.
2529 1107 2656 1152 xxv,
2686 1093 2811 1161 40);
2859 1093 2980 1161 quid
3023 1093 3318 1148 dubitamus
3344 1110 3465 1148 eum

1905 1180 2144 1249 accipere
2196 1182 2245 1234 in
2277 1183 2528 1236 membris
2571 1184 2701 1247 suis,
2734 1200 2848 1252 qua:
2890 1185 3025 1238 dona
3071 1186 3304 1239 membra
3353 1187 3469 1255 ejus

1908 1271 2170 1338 accipiunt
2192 1271 2215 1324 ?

1977 1360 2064 1415 96.
2105 1361 2207 1416 Sed
2249 1362 2370 1431 quid
2412 1372 2512 1430 est,
2546 1363 2820 1432 Captivasti
2865 1366 3242 1436 captivitatem?
3288 1371 3470 1421 Utrum

1908 1453 2028 1522 quia
2072 1455 2198 1508 vicit
2243 1464 2486 1520 mortem,
2523 1473 2639 1525 quae
2682 1459 2918 1526 captivos
2955 1459 3164 1512 tenebat
3204 1459 3474 1527 inquibus

1910 1545 2204 1614 regnabat?
2243 1562 2306 1599 an
2337 1547 2478 1616 ipsos
2505 1547 2748 1602 homines
2777 1550 3054 1618 appellavit
3094 1550 3472 1619 captivitatem,

1911 1637 1996 1703 qui
2026 1633 2215 1703 captivi
2247 1637 2344 1689 sub
2373 1636 2582 1691 diabolo
2610 1638 2960 1692 teneban'ur?
2990 1639 3149 1706 Cujus
3179 1640 3254 1694 rei
3283 1651 3477 1710 myste-

1913 1726 2048 1779 rium
2089 1729 2324 1782 coutiuct
2369 1729 2526 1782 etiam
2578 1730 2758 1783 titulus
2810 1731 2946 1784 illius
2999 1731 3204 1799 psalmi,
3264 1731 3478 1797 Quando

1916 1821 2092 1874 domus
2133 1821 2480 1890 aedificabatur
2511 1834 2620 1892 post
2659 1825 2993 1891 captivitatem
3033 1824 3200 1896 (Psal.
3239 1839 3360 1888 xcv,
3387 1824 3474 1892 1):

1881 1963 1883 1965 ,
1918 1911 1967 1964 id
1995 1921 2092 1974 est,
2123 1913 2356 1966 Ecclesia
2384 1922 2501 1982 post
2523 1913 2895 1982 gentilitatem.
2924 1914 3071 1983 Ipsos
3114 1915 3288 1983 itaque
3312 1913 3478 1967 homi-

1919 1998 2015 2057 nes
2061 2005 2148 2074 qui
2193 2005 2382 2074 captivi
2437 2007 2747 2059 tenebantur
2791 2008 3062 2076 appellans
3105 2009 3477 2076 captivitatem,

1921 2096 2055 2150 sicut
2084 2097 2267 2151 militia
2294 2113 2412 2152 cum
2445 2097 2640 2152 dicitur
2658 2108 2709 2153 et
2739 2099 3104 2168 intelliguntur
3122 2099 3209 2168 qui
3237 2099 3480 2164 militant,

1923 2186 2159 2241 eamdem
2185 2189 2544 2256 captivitatem
2575 2204 2603 2240 a
2625 2187 2836 2243 Christo
2867 2189 3177 2258 captivatam
3207 2188 3352 2242 dicit.
3379 2187 3487 2241 Cur

1925 2277 2064 2331 enim
2093 2294 2196 2332 non
2229 2279 2299 2332 sit
2325 2279 2599 2346 captivitas
2622 2280 2765 2342 felix,
2785 2280 2827 2333 si
2850 2289 2904 2334 et
2930 2279 2996 2333 ad
3025 2280 3218 2334 bonum
3247 2279 3486 2334 homines

1926 2377 2145 2436 possunt
2180 2369 2334 2438 capi?
2372 2369 2525 2424 Unde
2568 2370 2725 2424 Petro
2752 2370 2949 2424 dictum
2983 2379 3098 2424 est:
3139 2369 3223 2424 Ea:
3264 2372 3356 2424 hoc
3373 2372 3488 2440 jam

1929 2458 2149 2514 homines
2169 2461 2266 2513 eris
2290 2462 2492 2531 capiens
2519 2460 2668 2532 (Luc.
2697 2477 2749 2522 v,
2777 2461 2889 2530 10).
2912 2461 3169 2530 Captivati
3196 2477 3341 2530 ergo,
3369 2461 3490 2530 quia

1929 2548 2088 2617 capti,
2117 2558 2171 2602 et
2195 2550 2331 2619 capti
2360 2551 2479 2620 quia
2511 2551 2810 2621 subjugati;
2859 2552 2957 2604 sub
3001 2551 3116 2606 lene
3155 2550 3282 2605 illud
3310 2551 3490 2620 iugum

1931 2640 2075 2693 ιιιὶςεί
2115 2639 2323 2711 (Matth.
2348 2657 2422 2705 xl,
2460 2641 2578 2712 50),
2623 2641 2826 2695 liberati
2872 2656 2900 2694 a
2939 2652 3155 2709 peccato
3180 2643 3328 2708 cujus
3356 2641 3491 2695 servi

1933 2742 2101 2793 erant,
2133 2739 2186 2783 et
2206 2729 2422 2798 jnstitia:
2447 2730 2584 2784 servi
2622 2731 2743 2784 facti
2780 2730 2930 2799 enjus
2959 2730 3109 2783 liberi
3139 2739 3289 2784 erant
3320 2730 3492 2800 (Rom.

1935 2837 2005 2884 Vl,
2036 2821 2144 2891 l8).
2176 2821 2324 2876 Unde
2351 2831 2404 2875 ct
2433 2823 2616 2891 ipsein
2646 2822 2748 2876 illis
2770 2830 2871 2888 est,
2903 2822 2987 2890 qui
3014 2821 3147 2874 dedit
3173 2820 3304 2874 dona
3333 2821 3495 2874 homi-

1938 2913 2096 2973 nibus,
2135 2920 2189 2965 et
2223 2913 2414 2981 accepit
2443 2913 2576 2966 dona
2617 2913 2669 2965 in
2700 2912 3000 2966 hominibus.
3051 2911 3279 2981 Ideoque
3320 2912 3371 2964 in
3400 2911 3497 2963 ista

1938 3002 2258 3070 captivitate,
2293 3003 2346 3055 in
2392 3003 2489 3057 ista
2531 3003 2805 3067 servitute,
2837 3003 2888 3056 in
2930 3003 3030 3056 isto
3069 3018 3244 3063 curru,
3273 3001 3369 3054 sub
3400 2993 3500 3054 isto

1934 3091 2060 3160 ⁸ῖιιεο
2087 3107 2189 3147 non
2215 3103 2337 3147 sunt
2355 3093 2516 3147 millia
2547 3095 2884 3162 plorantium,
2905 3093 2996 3154 sed
3022 3093 3181 3146 millia
3204 3093 3496 3146 lwtantium.

1939 3182 2183 3236 Dominus
2209 3184 2402 3254 quippe
2430 3185 2483 3237 iu
2512 3185 2632 3248 illis,
2655 3186 2706 3238 in
2732 3185 2878 3251 Sina,
2912 3185 2964 3238 in
2992 3194 3184 3238 sancto.
3207 3183 3302 3238 Cui
3323 3183 3501 3238 sensui

1941 3276 2182 3344 congruit
2202 3285 2254 3330 et
2283 3276 2382 3330 alia
2430 3276 2815 3346 interpretatio,
2838 3292 2938 3346 qua
2977 3279 3350 3345 interpretatur
3379 3275 3502 3348 Sina

1942 3366 2210 3422 Mensura.
2250 3368 2380 3422 Nam
2423 3370 2489 3422 de
2534 3370 2615 3422 bis
2639 3371 2790 3424 donis
2817 3370 3012 3424 lastitim
3049 3371 3334 3438 Spiritualis
3360 3373 3503 3437 Apo-

1943 3459 2112 3512 stolus
2151 3459 2372 3527 loquens
2415 3459 2467 3512 id
2503 3459 2642 3528 quod
2682 3474 2837 3528 supra
2877 3460 3289 3513 commemoravi
3321 3477 3335 3513 :
3374 3459 3504 3513 Uni-

1945 3551 2121 3617 cuique
2144 3559 2306 3602 autem
2335 3559 2578 3613 nostrum,
2607 3550 2793 3617 inquit,
2816 3548 2936 3601 data
2956 3558 3026 3601 est
3051 3551 3212 3619 gratia
3237 3550 3506 3602 secundum

1861 3641 1898 3705 .,,'
1945 3655 2227 3693 mensuram
2252 3640 2534 3692 donationis
2555 3638 2760 3693 Christi.
2792 3641 2868 3693 Ac
2895 3638 3085 3692 deinde
3111 3640 3347 3707 sequitur
3367 3639 3506 3707 quod

356 3737 445 3790 ‘25.
486 3734 642 3807 [vers.
671 3734 784 3806 i9.]
823 3734 1017 3788 Deinde
1057 3733 1119 3787 ad
1150 3733 1320 3802 ipsum
1361 3732 1639 3785 Dominum
1686 3730 1838 3783 locu-
1876 3726 1879 3730 ’

1945 3728 2103 3782 etiam
2143 3728 2227 3781 hic
2267 3729 2544 3796 sequitur:
2581 3727 2794 3798 Propter
2829 3729 2965 3797 quod
3007 3729 3145 3790 dicit,
3186 3728 3418 3782 Ascendit
3457 3729 3508 3781 in

1948 3818 2124 3883 altum,
2151 3819 2411 3886 captivavit
2451 3819 2813 3886 captivitatem,
2842 3819 2977 3872 dedit
3017 3820 3149 3872 dona
3192 3819 3508 3874 hominibus:

1947 3908 2086 3977 quod
2117 3909 2202 3962 hic
2227 3917 2329 3974 est,
2361 3910 2594 3978 accepisti
2621 3910 2755 3964 dona
2782 3910 2836 3964 in
2859 3911 3158 3964 hominibus.
3185 3909 3318 3976 Quid
3342 3910 3440 3965 bac
3458 3919 3510 3966 et

1949 4003 2035 4057 illa
2062 4003 2281 4057 veritate
2305 4003 2650 4058 concordius?
2673 4003 2795 4074 quid
2827 4003 3195 4059 manifestius?

2020 4093 2110 4148 27.
2150 4093 2252 4148 Sed
2278 4094 2402 4164 quid
2431 4094 2620 4150 deinde
2643 4095 2915 4164 adjnngit?
2946 4093 3145 4148 Etenim
3170 4095 3256 4163 qui
3281 4112 3379 4148 non
3407 4110 3514 4147 cre-

1950 4187 2074 4240 dunt
2109 4187 2422 4253 inhabitare;
2457 4187 2542 4242 vel
2584 4188 2723 4256 quod
2767 4189 3003 4242 nonnulli
3042 4188 3252 4242 codices
3297 4187 3508 4248 habent,

1951 4275 2152 4330 Etenim
2178 4295 2275 4331 non
2307 4277 2556 4331 credentes
2579 4277 2874 4331 inhabitare.
2901 4277 3032 4332 Nam
3063 4277 3190 4347 quid
3219 4288 3340 4331 sunt
3369 4276 3512 4330 aliud

1952 4384 2054 4422 non
2081 4369 2378 4435 credentes,
2409 4369 2508 4423 nisi
2538 4371 2624 4438 qui
2667 4385 2770 4423 non
2811 4370 3070 4424 credunt?
3120 4371 3190 4424 De
3222 4370 3410 4440 quibus
3434 4369 3515 4423 di-

1952 4469 2093 4514 ctum
2123 4460 2192 4514 sit
2235 4473 2339 4513 non
2385 4468 2466 4513 est
2508 4459 2673 4514 facilis
2713 4461 3024 4515 intellectus.
3057 4460 3326 4530 Tanquam
3373 4461 3514 4514 enim

1954 4551 2089 4604 ratio
2132 4549 2441 4604 redderetur
2479 4551 2811 4619 superiorum
2844 4552 3146 4615 verborum,
3171 4567 3290 4604 cum
3319 4550 3514 4604 dictum

1954 4651 2114 4707 esset,
2141 4639 2416 4711 Captivasti
2441 4643 2798 4712 captivitatem,
2831 4641 3065 4710 accepisti
3101 4643 3234 4694 dona
3259 4641 3311 4694 in
3351 4640 3512 4694 homi-

1956 4735 2135 4798 nibus;
2165 4735 2233 4789 ita
2271 4735 2606 4804 subjunctum
2651 4744 2752 4799 est,
2802 4733 3001 4787 Etenim
3041 4734 3128 4803 qui
3167 4750 3267 4787 non
3312 4733 3518 4786 credunt

1957 4827 2251 4893 inhabitare,
2276 4827 2326 4881 id
2347 4836 2446 4890 est,
2471 4841 2576 4882 non
2598 4826 2876 4881 credentes
2903 4834 2960 4879 ut
2985 4825 3357 4880 inhabitarent.
3380 4825 3516 4893 Quid

1958 4930 2038 4974 est
2064 4919 2201 4974 hoc?
2228 4919 2294 4974 de
2321 4921 2510 4988 quibus
2533 4919 2635 4972 hoc
2662 4916 2826 4971 dicit?
2851 4918 2930 4970 An
2959 4915 3044 4970 illa
3071 4917 3343 4986 captivitas
3367 4927 3518 4972 ante-

1959 5024 2115 5078 quam
2162 5011 2409 5064 transiret
2450 5009 2502 5063 in
2548 5009 2738 5062 bonam
2784 5008 3158 5075 captivitatem,
3186 5008 3324 5063 unde
3365 5008 3517 5064 fuerit

1959 5100 2094 5153 mala
2121 5101 2396 5168 captivitas
2416 5099 2686 5154 ostendit?
2733 5097 2847 5152 Non
2877 5098 3142 5153 credendo
3175 5099 3314 5154 enim
3347 5100 3518 5169 possi-

1959 5190 2218 5245 debentur
2240 5191 2310 5244 ab
2335 5191 2567 5255 inimico,
2594 5191 2676 5260 qui
2705 5201 2940 5259 operatur
2979 5192 3031 5244 in
3056 5192 3175 5259 ﬁliis
3203 5191 3514 5262 diﬁdentiat.

1960 5285 2012 5338 in
2036 5284 2210 5350 quibus
2234 5293 2278 5336 et
2305 5299 2407 5346 vos,
2432 5283 2616 5352 inquit,
2645 5284 2810 5351 fuistis
2837 5285 3124 5350 aliquando,
3158 5301 3269 5337 cum
3295 5285 3516 5336 viveretis

1960 5376 2013 5428 iu
2038 5376 2138 5428 illis
2168 5372 2382 5446 (Ephes.
2412 5390 2470 5438 ιι,
2510 5374 2560 5434 2,
2591 5373 2666 5443 5).
2714 5373 2875 5428 Donis
2903 5390 3028 5444 ergo
3055 5376 3237 5445 gratia:
3276 5387 3404 5435 sua),
3427 5373 3516 5439 qui

1961 5467 2164 5536 accepit
2204 5465 2338 5519 dona
2387 5466 2435 5518 in
2467 5464 2764 5518 hominibus
2792 5467 3072 5535 captivavit
3115 5467 3264 5520 istam
3293 5462 3514 5532 captivi-

1963 5566 2141 5611 tatem.
2174 5555 2377 5610 Etenim
2414 5571 2518 5610 non
2557 5555 2836 5610 credentes
2875 5567 3026 5611 erant
3060 5566 3116 5610 ut
3142 5554 3515 5609 inhabitarent.

1960 5649 2090 5706 Nam
2121 5647 2250 5703 fides
2275 5662 2366 5703 eos
2386 5647 2506 5702 inde
2531 5647 2826 5710 liberavit‘,
2849 5658 2907 5702 ut
2925 5650 3033 5717 jam
3060 5644 3333 5702 credentes
3362 5644 3514 5700 inlta-

2029 5765 2047 5798 ι
2079 5764 2151 5814 sic
2171 5767 2245 5812 Er.
2269 5768 2319 5812 et
2342 5767 2445 5811 Mss.
2470 5766 2523 5810 At
2544 5765 2674 5822 ιον..
2698 5755 2930 5811 liberabit.
