  <div class='ocr_page' id='page_1' title='image "/cluster/home/n/w/nwhite01/storage/ocr_20150623/36/hvd.32044096580584/424.png"; bbox 0 0 4022 6200; ppageno 0'>
   <div class='ocr_carea' id='block_1_1' title="bbox 216 354 308 412">
    <p class='ocr_par' dir='ltr' id='par_1_1' title="bbox 216 354 308 412">
     <span class='ocr_line' id='line_1_1' title="bbox 216 354 308 412; baseline 0 0"><span class='ocrx_word' id='word_1_1' title='bbox 216 354 308 412; x_wconf 76' lang='lat'><strong>833</strong></span> 
     </span>
    </p>
   </div>
   <div class='ocr_carea' id='block_1_2' title="bbox 215 447 1768 534">
    <p class='ocr_par' dir='ltr' id='par_1_2' title="bbox 215 447 1768 534">
     <span class='ocr_line' id='line_1_2' title="bbox 215 447 1768 534; baseline -0.01 -16"><span class='ocrx_word' id='word_1_2' title='bbox 215 477 387 534; x_wconf 76' lang='lat' dir='ltr'><strong>gruum</strong></span> <span class='ocrx_word' id='word_1_3' title='bbox 413 477 426 514; x_wconf 91' lang='lat'>:</span> <span class='ocrx_word' id='word_1_4' title='bbox 455 470 508 515; x_wconf 90' lang='lat' dir='ltr'><strong>et</strong></span> <span class='ocrx_word' id='word_1_5' title='bbox 536 460 605 514; x_wconf 90' lang='lat' dir='ltr'><strong>ita</strong></span> <span class='ocrx_word' id='word_1_6' title='bbox 642 471 738 513; x_wconf 89' lang='lat' dir='ltr'><strong>eos</strong></span> <span class='ocrx_word' id='word_1_7' title='bbox 777 455 1061 519; x_wconf 79' lang='lat' dir='ltr'><strong>convenit,</strong></span> <span class='ocrx_word' id='word_1_8' title='bbox 1085 451 1169 509; x_wconf 99' lang='lat' dir='ltr'><strong>vel</strong></span> <span class='ocrx_word' id='word_1_9' title='bbox 1213 451 1279 506; x_wconf 90' lang='lat' dir='ltr'><strong>ad</strong></span> <span class='ocrx_word' id='word_1_10' title='bbox 1327 465 1421 506; x_wconf 91' lang='lat' dir='ltr'><strong>eos</strong></span> <span class='ocrx_word' id='word_1_11' title='bbox 1466 447 1768 504; x_wconf 88' lang='lat' dir='ltr'><strong>liberandos</strong></span> 
     </span>
    </p>
   </div>
   <div class='ocr_carea' id='block_1_3' title="bbox 218 542 1768 620">
    <p class='ocr_par' dir='ltr' id='par_1_3' title="bbox 218 542 1768 620">
     <span class='ocr_line' id='line_1_3' title="bbox 218 542 1768 620; baseline -0.011 -10"><span class='ocrx_word' id='word_1_12' title='bbox 218 558 276 611; x_wconf 87' lang='lat' dir='ltr'><strong>ita</strong></span> <span class='ocrx_word' id='word_1_13' title='bbox 303 553 643 614; x_wconf 72' lang='lat' dir='ltr'><strong>convertitur,</strong></span> <span class='ocrx_word' id='word_1_14' title='bbox 681 561 739 604; x_wconf 91' lang='lat' dir='ltr'><strong>ut</strong></span> <span class='ocrx_word' id='word_1_15' title='bbox 785 550 1050 620; x_wconf 89' lang='lat' dir='ltr'><strong>tinguatur</strong></span> <span class='ocrx_word' id='word_1_16' title='bbox 1096 561 1188 616; x_wconf 86' lang='lat' dir='ltr'><strong>pes</strong></span> <span class='ocrx_word' id='word_1_17' title='bbox 1231 545 1347 615; x_wconf 90' lang='lat' dir='ltr'><strong>ejus</strong></span> <span class='ocrx_word' id='word_1_18' title='bbox 1395 543 1448 598; x_wconf 91' lang='lat' dir='ltr'><strong>in</strong></span> <span class='ocrx_word' id='word_1_19' title='bbox 1491 542 1768 612; x_wconf 88' lang='lat' dir='ltr'><strong>sanguine.</strong></span> 
     </span>
    </p>
   </div>
   <div class='ocr_carea' id='block_1_4' title="bbox 215 633 1775 712">
    <p class='ocr_par' dir='ltr' id='par_1_4' title="bbox 215 633 1775 712">
     <span class='ocr_line' id='line_1_4' title="bbox 215 633 1775 712; baseline -0.01 -13"><span class='ocrx_word' id='word_1_20' title='bbox 215 645 352 712; x_wconf 84' lang='lat' dir='ltr'><strong>Quod</strong></span> <span class='ocrx_word' id='word_1_21' title='bbox 381 645 446 698; x_wconf 89' lang='lat' dir='ltr'><strong>ad</strong></span> <span class='ocrx_word' id='word_1_22' title='bbox 482 643 652 711; x_wconf 88' lang='lat' dir='ltr'><strong>ipsum</strong></span> <span class='ocrx_word' id='word_1_23' title='bbox 687 641 962 694; x_wconf 85' lang='lat' dir='ltr'><strong>Dominum</strong></span> <span class='ocrx_word' id='word_1_24' title='bbox 993 636 1257 706; x_wconf 86' lang='lat' dir='ltr'><strong>Propheta</strong></span> <span class='ocrx_word' id='word_1_25' title='bbox 1283 635 1449 690; x_wconf 86' lang='lat' dir='ltr'><strong>dicit:</strong></span> <span class='ocrx_word' id='word_1_26' title='bbox 1487 633 1553 688; x_wconf 89' lang='lat' dir='ltr'><strong>Ut</strong></span> <span class='ocrx_word' id='word_1_27' title='bbox 1576 633 1775 702; x_wconf 88' lang='lat' dir='ltr'><strong>tingua-</strong></span> 
     </span>
    </p>
   </div>
   <div class='ocr_carea' id='block_1_5' title="bbox 217 722 1774 799">
    <p class='ocr_par' dir='ltr' id='par_1_5' title="bbox 217 722 1774 799">
     <span class='ocr_line' id='line_1_5' title="bbox 217 722 1774 799; baseline -0.008 -12"><span class='ocrx_word' id='word_1_28' title='bbox 217 747 290 787; x_wconf 87' lang='lat' dir='ltr'><strong>tur</strong></span> <span class='ocrx_word' id='word_1_29' title='bbox 315 752 398 799; x_wconf 82' lang='lat' dir='ltr'><strong>pes</strong></span> <span class='ocrx_word' id='word_1_30' title='bbox 421 744 534 785; x_wconf 88' lang='lat' dir='ltr'><strong>tuus</strong></span> <span class='ocrx_word' id='word_1_31' title='bbox 559 731 613 784; x_wconf 87' lang='lat' dir='ltr'><strong>in</strong></span> <span class='ocrx_word' id='word_1_32' title='bbox 638 729 882 798; x_wconf 74' lang='lat' dir='ltr'><strong>sanguine</strong></span> <span class='ocrx_word' id='word_1_33' title='bbox 907 743 924 781; x_wconf 92' lang='lat'><strong><em>:</em></strong></span> <span class='ocrx_word' id='word_1_34' title='bbox 953 727 1004 781; x_wconf 91' lang='lat' dir='ltr'><strong>id</strong></span> <span class='ocrx_word' id='word_1_35' title='bbox 1031 734 1131 792; x_wconf 80' lang='lat' dir='ltr'><strong>est,</strong></span> <span class='ocrx_word' id='word_1_36' title='bbox 1161 734 1218 778; x_wconf 94' lang='lat' dir='ltr'><strong>ut</strong></span> <span class='ocrx_word' id='word_1_37' title='bbox 1243 724 1339 793; x_wconf 88' lang='lat' dir='ltr'><strong>ipsi</strong></span> <span class='ocrx_word' id='word_1_38' title='bbox 1369 724 1456 794; x_wconf 89' lang='lat' dir='ltr'><strong>qui</strong></span> <span class='ocrx_word' id='word_1_39' title='bbox 1486 722 1549 777; x_wconf 89' lang='lat' dir='ltr'><strong>ad</strong></span> <span class='ocrx_word' id='word_1_40' title='bbox 1579 732 1628 776; x_wconf 90' lang='lat' dir='ltr'><strong>te</strong></span> <span class='ocrx_word' id='word_1_41' title='bbox 1650 735 1774 776; x_wconf 89' lang='lat' dir='ltr'><strong>con-</strong></span> 
     </span>
    </p>
   </div>
   <div class='ocr_carea' id='block_1_6' title="bbox 217 811 1776 889">
    <p class='ocr_par' dir='ltr' id='par_1_6' title="bbox 217 811 1776 889">
     <span class='ocr_line' id='line_1_6' title="bbox 217 811 1776 889; baseline -0.007 -15"><span class='ocrx_word' id='word_1_42' title='bbox 217 834 500 888; x_wconf 85' lang='lat' dir='ltr'><strong>vertuntur,</strong></span> <span class='ocrx_word' id='word_1_43' title='bbox 532 822 614 876; x_wconf 87' lang='lat' dir='ltr'><strong>vel</strong></span> <span class='ocrx_word' id='word_1_44' title='bbox 642 820 708 874; x_wconf 91' lang='lat' dir='ltr'><strong>ad</strong></span> <span class='ocrx_word' id='word_1_45' title='bbox 749 834 882 889; x_wconf 92' lang='lat' dir='ltr'><strong>quos</strong></span> <span class='ocrx_word' id='word_1_46' title='bbox 925 816 1226 872; x_wconf 88' lang='lat' dir='ltr'><strong>liberandos</strong></span> <span class='ocrx_word' id='word_1_47' title='bbox 1263 814 1610 877; x_wconf 87' lang='lat' dir='ltr'><strong>converteris,</strong></span> <span class='ocrx_word' id='word_1_48' title='bbox 1652 811 1776 866; x_wconf 89' lang='lat' dir='ltr'><strong>licet</strong></span> 
     </span>
    </p>
   </div>
   <div class='ocr_carea' id='block_1_7' title="bbox 290 901 1772 986">
    <p class='ocr_par' dir='ltr' id='par_1_7' title="bbox 290 901 1772 986">
     <span class='ocr_line' id='line_1_7' title="bbox 290 901 1772 986; baseline -0.01 -16"><span class='ocrx_word' id='word_1_49' title='bbox 290 913 551 986; x_wconf 80' lang='lat' dir='ltr'><strong>profundo</strong></span> <span class='ocrx_word' id='word_1_50' title='bbox 583 913 741 966; x_wconf 89' lang='lat' dir='ltr'><strong>maris</strong></span> <span class='ocrx_word' id='word_1_51' title='bbox 770 925 931 964; x_wconf 88' lang='lat' dir='ltr'><strong>onere</strong></span> <span class='ocrx_word' id='word_1_52' title='bbox 973 907 1261 978; x_wconf 80' lang='lat' dir='ltr'><strong>iniquitatis</strong></span> <span class='ocrx_word' id='word_1_53' title='bbox 1295 904 1530 975; x_wconf 90' lang='lat' dir='ltr'><strong>depressi</strong></span> <span class='ocrx_word' id='word_1_54' title='bbox 1560 901 1772 965; x_wconf 81' lang='lat' dir='ltr'><strong>iuerint,</strong></span> 
     </span>
    </p>
   </div>
   <div class='ocr_carea' id='block_1_8' title="bbox 215 995 1776 1075">
    <p class='ocr_par' dir='ltr' id='par_1_8' title="bbox 215 995 1776 1075">
     <span class='ocr_line' id='line_1_8' title="bbox 215 995 1776 1075; baseline -0.008 -16"><span class='ocrx_word' id='word_1_55' title='bbox 215 1008 260 1060; x_wconf 91' lang='lat' dir='ltr'><strong>in</strong></span> <span class='ocrx_word' id='word_1_56' title='bbox 291 1017 487 1060; x_wconf 88' lang='lat' dir='ltr'><strong>tantum</strong></span> <span class='ocrx_word' id='word_1_57' title='bbox 515 1005 678 1075; x_wconf 83' lang='lat' dir='ltr'><strong>gratia</strong></span> <span class='ocrx_word' id='word_1_58' title='bbox 699 1012 782 1058; x_wconf 88' lang='lat' dir='ltr'><strong>tua</strong></span> <span class='ocrx_word' id='word_1_59' title='bbox 802 1001 1096 1072; x_wconf 90' lang='lat' dir='ltr'><strong>proﬁciant,</strong></span> <span class='ocrx_word' id='word_1_60' title='bbox 1120 999 1366 1069; x_wconf 89' lang='lat' dir='ltr'><strong>quoniam</strong></span> <span class='ocrx_word' id='word_1_61' title='bbox 1397 997 1479 1050; x_wconf 88' lang='lat' dir='ltr'><strong>ubi</strong></span> <span class='ocrx_word' id='word_1_62' title='bbox 1507 995 1776 1049; x_wconf 76' lang='lat' dir='ltr'><strong>abundavit</strong></span> 
     </span>
    </p>
   </div>
   <div class='ocr_carea' id='block_1_9' title="bbox 217 1084 1779 1167">
    <p class='ocr_par' dir='ltr' id='par_1_9' title="bbox 217 1084 1779 1167">
     <span class='ocr_line' id='line_1_9' title="bbox 217 1084 1779 1167; baseline -0.007 -18"><span class='ocrx_word' id='word_1_63' title='bbox 217 1107 498 1167; x_wconf 83' lang='lat' dir='ltr'><strong>peccatum,</strong></span> <span class='ocrx_word' id='word_1_64' title='bbox 542 1092 964 1164; x_wconf 81' lang='lat' dir='ltr'><strong>superabundavit</strong></span> <span class='ocrx_word' id='word_1_65' title='bbox 1009 1092 1173 1162; x_wconf 86' lang='lat' dir='ltr'><strong>gratia</strong></span> <span class='ocrx_word' id='word_1_66' title='bbox 1225 1089 1397 1160; x_wconf 82' lang='lat' dir='ltr'><strong>(Rom.</strong></span> <span class='ocrx_word' id='word_1_67' title='bbox 1445 1104 1498 1152; x_wconf 83' lang='lat' dir='ltr'><strong>v,</strong></span> <span class='ocrx_word' id='word_1_68' title='bbox 1547 1086 1663 1157; x_wconf 72' lang='grc'><strong>20).</strong></span> <span class='ocrx_word' id='word_1_69' title='bbox 1708 1084 1779 1139; x_wconf 89' lang='lat' dir='ltr'><strong>Ut</strong></span> 
     </span>
    </p>
   </div>
   <div class='ocr_carea' id='block_1_10' title="bbox 217 1174 1774 1258">
    <p class='ocr_par' dir='ltr' id='par_1_10' title="bbox 217 1174 1774 1258">
     <span class='ocr_line' id='line_1_10' title="bbox 217 1174 1774 1258; baseline -0.008 -17"><span class='ocrx_word' id='word_1_70' title='bbox 217 1193 334 1242; x_wconf 86' lang='lat' dir='ltr'><strong>liaut</strong></span> <span class='ocrx_word' id='word_1_71' title='bbox 377 1204 470 1258; x_wconf 86' lang='lat' dir='ltr'><strong>pes</strong></span> <span class='ocrx_word' id='word_1_72' title='bbox 501 1199 620 1240; x_wconf 91' lang='lat' dir='ltr'><strong>tuus</strong></span> <span class='ocrx_word' id='word_1_73' title='bbox 661 1186 799 1240; x_wconf 91' lang='lat' dir='ltr'><strong>inter</strong></span> <span class='ocrx_word' id='word_1_74' title='bbox 846 1183 1079 1237; x_wconf 88' lang='lat' dir='ltr'><strong>membra</strong></span> <span class='ocrx_word' id='word_1_75' title='bbox 1127 1190 1235 1245; x_wconf 88' lang='lat' dir='ltr'><strong>tua,</strong></span> <span class='ocrx_word' id='word_1_76' title='bbox 1268 1179 1332 1233; x_wconf 88' lang='lat' dir='ltr'><strong>ad</strong></span> <span class='ocrx_word' id='word_1_77' title='bbox 1363 1174 1774 1232; x_wconf 88' lang='lat' dir='ltr'><strong>annuntiandutn</strong></span> 
     </span>
    </p>
   </div>
   <div class='ocr_carea' id='block_1_11' title="bbox 218 1266 1776 1350">
    <p class='ocr_par' dir='ltr' id='par_1_11' title="bbox 218 1266 1776 1350">
     <span class='ocr_line' id='line_1_11' title="bbox 218 1266 1776 1350; baseline -0.01 -15"><span class='ocrx_word' id='word_1_78' title='bbox 218 1281 554 1350; x_wconf 80' lang='lat' dir='ltr'><strong>Erangelium</strong></span> <span class='ocrx_word' id='word_1_79' title='bbox 580 1288 747 1343; x_wconf 93' lang='lat' dir='ltr'><strong>tuum,</strong></span> <span class='ocrx_word' id='word_1_80' title='bbox 777 1284 829 1330; x_wconf 91' lang='lat' dir='ltr'><strong>et</strong></span> <span class='ocrx_word' id='word_1_81' title='bbox 857 1289 954 1344; x_wconf 86' lang='lat' dir='ltr'><strong>pro</strong></span> <span class='ocrx_word' id='word_1_82' title='bbox 984 1273 1197 1326; x_wconf 88' lang='lat' dir='ltr'><strong>nomine</strong></span> <span class='ocrx_word' id='word_1_83' title='bbox 1246 1279 1336 1324; x_wconf 90' lang='lat' dir='ltr'><strong>tuo</strong></span> <span class='ocrx_word' id='word_1_84' title='bbox 1362 1270 1450 1323; x_wconf 90' lang='lat' dir='ltr'><strong>diu</strong></span> <span class='ocrx_word' id='word_1_85' title='bbox 1492 1266 1776 1322; x_wconf 72' lang='lat' dir='ltr'><strong>duceutcs‘</strong></span> 
     </span>
    </p>
   </div>
   <div class='ocr_carea' id='block_1_12' title="bbox 216 1359 1780 1446">
    <p class='ocr_par' dir='ltr' id='par_1_12' title="bbox 216 1359 1780 1446">
     <span class='ocr_line' id='line_1_12' title="bbox 216 1359 1780 1446; baseline -0.012 -17"><span class='ocrx_word' id='word_1_86' title='bbox 216 1374 539 1446; x_wconf 88' lang='lat' dir='ltr'><strong>martyrium,</strong></span> <span class='ocrx_word' id='word_1_87' title='bbox 562 1386 728 1438; x_wconf 85' lang='lat' dir='ltr'><strong>usque</strong></span> <span class='ocrx_word' id='word_1_88' title='bbox 752 1368 814 1421; x_wconf 88' lang='lat' dir='ltr'><strong>ad</strong></span> <span class='ocrx_word' id='word_1_89' title='bbox 846 1366 1152 1435; x_wconf 78' lang='lat' dir='ltr'><strong>sanguinem</strong></span> <span class='ocrx_word' id='word_1_90' title='bbox 1172 1369 1395 1417; x_wconf 84' lang='lat' dir='ltr'><strong>certent.</strong></span> <span class='ocrx_word' id='word_1_91' title='bbox 1414 1361 1502 1416; x_wconf 85' lang='lat' dir='ltr'><strong>Sic</strong></span> <span class='ocrx_word' id='word_1_92' title='bbox 1528 1359 1692 1422; x_wconf 86' lang='lat' dir='ltr'><strong>enim,</strong></span> <span class='ocrx_word' id='word_1_93' title='bbox 1723 1366 1780 1411; x_wconf 91' lang='lat' dir='ltr'><strong>ut</strong></span> 
     </span>
    </p>
   </div>
   <div class='ocr_carea' id='block_1_13' title="bbox 216 1451 1778 1530">
    <p class='ocr_par' dir='ltr' id='par_1_13' title="bbox 216 1451 1778 1530">
     <span class='ocr_line' id='line_1_13' title="bbox 216 1451 1778 1530; baseline -0.012 -11"><span class='ocrx_word' id='word_1_94' title='bbox 216 1466 460 1530; x_wconf 77' lang='lat' dir='ltr'><strong>arbitror,</strong></span> <span class='ocrx_word' id='word_1_95' title='bbox 494 1461 891 1516; x_wconf 85' lang='lat' dir='ltr'><strong>convenientius</strong></span> <span class='ocrx_word' id='word_1_96' title='bbox 935 1456 1247 1525; x_wconf 82' lang='lat' dir='ltr'><strong>intelligitur</strong></span> <span class='ocrx_word' id='word_1_97' title='bbox 1288 1468 1382 1520; x_wconf 90' lang='lat' dir='ltr'><strong>pcs</strong></span> <span class='ocrx_word' id='word_1_98' title='bbox 1425 1452 1540 1521; x_wconf 84' lang='lat' dir='ltr'><strong>ejus</strong></span> <span class='ocrx_word' id='word_1_99' title='bbox 1583 1451 1778 1503; x_wconf 88' lang='lat' dir='ltr'><strong>tinctus</strong></span> 
     </span>
    </p>
   </div>
   <div class='ocr_carea' id='block_1_14' title="bbox 216 1570 572 1622">
    <p class='ocr_par' dir='ltr' id='par_1_14' title="bbox 216 1570 572 1622">
     <span class='ocr_line' id='line_1_14' title="bbox 216 1570 572 1622; baseline -0.011 -13"><span class='ocrx_word' id='word_1_100' title='bbox 216 1573 268 1610; x_wconf 86' lang='grc' dir='ltr'><strong>ιιι</strong></span> <span class='ocrx_word' id='word_1_101' title='bbox 298 1570 572 1622; x_wconf 79' lang='lat' dir='ltr'><strong>sanguine.</strong></span> 
     </span>
    </p>
   </div>
   <div class='ocr_carea' id='block_1_15' title="bbox 283 1626 1780 1710">
    <p class='ocr_par' dir='ltr' id='par_1_15' title="bbox 283 1626 1780 1710">
     <span class='ocr_line' id='line_1_15' title="bbox 283 1626 1780 1710; baseline -0.013 -12"><span class='ocrx_word' id='word_1_102' title='bbox 283 1644 371 1698; x_wconf 71' lang='lat'><strong>&#39;52.</strong></span> <span class='ocrx_word' id='word_1_103' title='bbox 405 1642 636 1710; x_wconf 91' lang='lat' dir='ltr'><strong>Denique</strong></span> <span class='ocrx_word' id='word_1_104' title='bbox 657 1637 892 1706; x_wconf 71' lang='lat' dir='ltr'><strong>adjungit</strong></span> <span class='ocrx_word' id='word_1_105' title='bbox 910 1678 924 1701; x_wconf 97' lang='lat'><strong>,</strong></span> <span class='ocrx_word' id='word_1_106' title='bbox 953 1635 1151 1704; x_wconf 85' lang='lat' dir='ltr'><strong>Lingua</strong></span> <span class='ocrx_word' id='word_1_107' title='bbox 1171 1648 1350 1686; x_wconf 86' lang='lat' dir='ltr'><strong>canum</strong></span> <span class='ocrx_word' id='word_1_108' title='bbox 1377 1640 1574 1684; x_wconf 90' lang='lat' dir='ltr'><strong>tuorum</strong></span> <span class='ocrx_word' id='word_1_109' title='bbox 1599 1644 1659 1681; x_wconf 79' lang='lat' dir='ltr'><strong>ea:</strong></span> <span class='ocrx_word' id='word_1_110' title='bbox 1679 1626 1780 1679; x_wconf 88' lang='lat' dir='ltr'><strong>ini-</strong></span> 
     </span>
    </p>
   </div>
   <div class='ocr_carea' id='block_1_16' title="bbox 215 1720 1781 1805">
    <p class='ocr_par' dir='ltr' id='par_1_16' title="bbox 215 1720 1781 1805">
     <span class='ocr_line' id='line_1_16' title="bbox 215 1720 1781 1805; baseline -0.011 -16"><span class='ocrx_word' id='word_1_111' title='bbox 215 1738 353 1790; x_wconf 86' lang='lat' dir='ltr'><strong>micis</strong></span> <span class='ocrx_word' id='word_1_112' title='bbox 377 1736 438 1788; x_wconf 89' lang='lat' dir='ltr'><strong>ab</strong></span> <span class='ocrx_word' id='word_1_113' title='bbox 465 1736 571 1805; x_wconf 88' lang='lat' dir='ltr'><strong>ipso</strong></span> <span class='ocrx_word' id='word_1_114' title='bbox 601 1750 619 1787; x_wconf 92' lang='lat'><strong><em>:</em></strong></span> <span class='ocrx_word' id='word_1_115' title='bbox 650 1731 864 1787; x_wconf 91' lang='lat' dir='ltr'><strong>eosdem</strong></span> <span class='ocrx_word' id='word_1_116' title='bbox 894 1732 1036 1798; x_wconf 88' lang='lat' dir='ltr'><strong>ipsos</strong></span> <span class='ocrx_word' id='word_1_117' title='bbox 1063 1727 1148 1796; x_wconf 90' lang='lat' dir='ltr'><strong>qui</strong></span> <span class='ocrx_word' id='word_1_118' title='bbox 1192 1739 1358 1794; x_wconf 91' lang='lat' dir='ltr'><strong>usque</strong></span> <span class='ocrx_word' id='word_1_119' title='bbox 1386 1723 1450 1776; x_wconf 91' lang='lat' dir='ltr'><strong>ad</strong></span> <span class='ocrx_word' id='word_1_120' title='bbox 1475 1720 1781 1790; x_wconf 88' lang='lat' dir='ltr'><strong>sanguinem</strong></span> 
     </span>
    </p>
   </div>
   <div class='ocr_carea' id='block_1_17' title="bbox 214 1815 1784 1894">
    <p class='ocr_par' dir='ltr' id='par_1_17' title="bbox 214 1815 1784 1894">
     <span class='ocr_line' id='line_1_17' title="bbox 214 1815 1784 1894; baseline -0.011 -15"><span class='ocrx_word' id='word_1_121' title='bbox 214 1825 418 1879; x_wconf 80' lang='lat' dir='ltr'><strong>fuerant</strong></span> <span class='ocrx_word' id='word_1_122' title='bbox 443 1839 538 1894; x_wconf 89' lang='lat' dir='ltr'><strong>pro</strong></span> <span class='ocrx_word' id='word_1_123' title='bbox 569 1822 667 1876; x_wconf 90' lang='lat' dir='ltr'><strong>ﬁde</strong></span> <span class='ocrx_word' id='word_1_124' title='bbox 693 1821 994 1890; x_wconf 84' lang='lat' dir='ltr'><strong>evangelica</strong></span> <span class='ocrx_word' id='word_1_125' title='bbox 1022 1816 1292 1878; x_wconf 82' lang='lat' dir='ltr'><strong>certaturi,</strong></span> <span class='ocrx_word' id='word_1_126' title='bbox 1321 1815 1477 1868; x_wconf 85' lang='lat' dir='ltr'><strong>etiam</strong></span> <span class='ocrx_word' id='word_1_127' title='bbox 1507 1825 1665 1865; x_wconf 86' lang='lat' dir='ltr'><strong>canes</strong></span> <span class='ocrx_word' id='word_1_128' title='bbox 1692 1824 1784 1862; x_wconf 81' lang='lat' dir='ltr'><strong>vo-</strong></span> 
     </span>
    </p>
   </div>
   <div class='ocr_carea' id='block_1_18' title="bbox 215 1899 1783 1983">
    <p class='ocr_par' dir='ltr' id='par_1_18' title="bbox 215 1899 1783 1983">
     <span class='ocr_line' id='line_1_18' title="bbox 215 1899 1783 1983; baseline -0.011 -13"><span class='ocrx_word' id='word_1_129' title='bbox 215 1930 338 1970; x_wconf 78' lang='lat' dir='ltr'><strong>cans</strong></span> <span class='ocrx_word' id='word_1_130' title='bbox 357 1957 372 1975; x_wconf 86' lang='lat'><strong>,</strong></span> <span class='ocrx_word' id='word_1_131' title='bbox 419 1903 664 1983; x_wconf 86' lang='lat' dir='ltr'><strong>tanquam</strong></span> <span class='ocrx_word' id='word_1_132' title='bbox 694 1927 789 1982; x_wconf 90' lang='lat' dir='ltr'><strong>pro</strong></span> <span class='ocrx_word' id='word_1_133' title='bbox 819 1926 916 1965; x_wconf 90' lang='lat' dir='ltr'><strong>suo</strong></span> <span class='ocrx_word' id='word_1_134' title='bbox 944 1902 1479 1963; x_wconf 65' lang='lat' dir='ltr'><strong>Domino&#39;latrantes.</strong></span> <span class='ocrx_word' id='word_1_135' title='bbox 1521 1901 1635 1955; x_wconf 88' lang='lat' dir='ltr'><strong>Non</strong></span> <span class='ocrx_word' id='word_1_136' title='bbox 1665 1899 1783 1953; x_wconf 88' lang='lat' dir='ltr'><strong>illos</strong></span> 
     </span>
    </p>
   </div>
   <div class='ocr_carea' id='block_1_19' title="bbox 212 1990 1782 2074">
    <p class='ocr_par' dir='ltr' id='par_1_19' title="bbox 212 1990 1782 2074">
     <span class='ocr_line' id='line_1_19' title="bbox 212 1990 1782 2074; baseline -0.012 -13"><span class='ocrx_word' id='word_1_137' title='bbox 212 2022 372 2060; x_wconf 85' lang='lat' dir='ltr'><strong>canes</strong></span> <span class='ocrx_word' id='word_1_138' title='bbox 391 2048 405 2070; x_wconf 89' lang='lat'><strong>,</strong></span> <span class='ocrx_word' id='word_1_139' title='bbox 433 2005 500 2059; x_wconf 92' lang='lat' dir='ltr'><strong>de</strong></span> <span class='ocrx_word' id='word_1_140' title='bbox 527 2005 718 2074; x_wconf 89' lang='lat' dir='ltr'><strong>quibus</strong></span> <span class='ocrx_word' id='word_1_141' title='bbox 743 2003 870 2057; x_wconf 89' lang='lat' dir='ltr'><strong>dicit</strong></span> <span class='ocrx_word' id='word_1_142' title='bbox 898 2000 1181 2071; x_wconf 81' lang='lat' dir='ltr'><strong>Apostolus</strong></span> <span class='ocrx_word' id='word_1_143' title='bbox 1199 2038 1214 2064; x_wconf 93' lang='lat'><strong>,</strong></span> <span class='ocrx_word' id='word_1_144' title='bbox 1247 1996 1423 2050; x_wconf 82' lang='lat' dir='ltr'><strong>Cavete</strong></span> <span class='ocrx_word' id='word_1_145' title='bbox 1451 2010 1596 2047; x_wconf 87' lang='lat' dir='ltr'><strong>canes</strong></span> <span class='ocrx_word' id='word_1_146' title='bbox 1629 1990 1782 2063; x_wconf 73' lang='lat' dir='ltr'><strong>(Plii-</strong></span> 
     </span>
    </p>
   </div>
   <div class='ocr_carea' id='block_1_20' title="bbox 217 2081 1785 2166">
    <p class='ocr_par' dir='ltr' id='par_1_20' title="bbox 217 2081 1785 2166">
     <span class='ocr_line' id='line_1_20' title="bbox 217 2081 1785 2166; baseline -0.009 -16"><span class='ocrx_word' id='word_1_147' title='bbox 217 2098 341 2166; x_wconf 83' lang='lat' dir='ltr'><strong>lipp.</strong></span> <span class='ocrx_word' id='word_1_148' title='bbox 364 2113 436 2159; x_wconf 89' lang='grc' dir='ltr'>ιιι,</span> <span class='ocrx_word' id='word_1_149' title='bbox 464 2096 523 2164; x_wconf 74' lang='grc'><strong>2)</strong></span> <span class='ocrx_word' id='word_1_150' title='bbox 545 2114 558 2149; x_wconf 88' lang='lat'><strong><em>:</em></strong></span> <span class='ocrx_word' id='word_1_151' title='bbox 579 2096 669 2150; x_wconf 86' lang='lat' dir='ltr'><strong>sed</strong></span> <span class='ocrx_word' id='word_1_152' title='bbox 700 2093 817 2148; x_wconf 88' lang='lat' dir='ltr'><strong>illos</strong></span> <span class='ocrx_word' id='word_1_153' title='bbox 842 2093 929 2163; x_wconf 85' lang='lat' dir='ltr'><strong>qui</strong></span> <span class='ocrx_word' id='word_1_154' title='bbox 955 2091 1106 2146; x_wconf 83' lang='lat' dir='ltr'><strong>edunt</strong></span> <span class='ocrx_word' id='word_1_155' title='bbox 1132 2090 1192 2142; x_wconf 86' lang='lat' dir='ltr'><strong>de</strong></span> <span class='ocrx_word' id='word_1_156' title='bbox 1217 2087 1356 2141; x_wconf 82' lang='lat' dir='ltr'><strong>micis</strong></span> <span class='ocrx_word' id='word_1_157' title='bbox 1382 2101 1492 2156; x_wconf 66' lang='lat' dir='ltr'><strong>quia</strong></span> <span class='ocrx_word' id='word_1_158' title='bbox 1512 2084 1696 2136; x_wconf 85' lang='lat' dir='ltr'><strong>cadunt</strong></span> <span class='ocrx_word' id='word_1_159' title='bbox 1722 2081 1785 2136; x_wconf 83' lang='lat' dir='ltr'><strong>de</strong></span> 
     </span>
    </p>
   </div>
   <div class='ocr_carea' id='block_1_21' title="bbox 214 2173 1783 2243">
    <p class='ocr_par' dir='ltr' id='par_1_21' title="bbox 214 2173 1783 2243">
     <span class='ocr_line' id='line_1_21' title="bbox 214 2173 1783 2243; baseline -0.011 -1"><span class='ocrx_word' id='word_1_160' title='bbox 214 2206 386 2243; x_wconf 82' lang='lat' dir='ltr'><strong>mensa</strong></span> <span class='ocrx_word' id='word_1_161' title='bbox 417 2187 732 2240; x_wconf 85' lang='lat' dir='ltr'><strong>dominorum</strong></span> <span class='ocrx_word' id='word_1_162' title='bbox 756 2199 977 2238; x_wconf 89' lang='lat' dir='ltr'><strong>suorum.</strong></span> <span class='ocrx_word' id='word_1_163' title='bbox 1010 2181 1118 2235; x_wconf 88' lang='lat' dir='ltr'><strong>lloc</strong></span> <span class='ocrx_word' id='word_1_164' title='bbox 1143 2179 1283 2234; x_wconf 87' lang='lat' dir='ltr'><strong>enim</strong></span> <span class='ocrx_word' id='word_1_165' title='bbox 1309 2176 1548 2231; x_wconf 88' lang='lat' dir='ltr'><strong>confessa</strong></span> <span class='ocrx_word' id='word_1_166' title='bbox 1574 2173 1783 2227; x_wconf 84' lang='lat' dir='ltr'><strong>Chana-</strong></span> 
     </span>
    </p>
   </div>
   <div class='ocr_carea' id='block_1_22' title="bbox 215 2263 1786 2339">
    <p class='ocr_par' dir='ltr' id='par_1_22' title="bbox 215 2263 1786 2339">
     <span class='ocr_line' id='line_1_22' title="bbox 215 2263 1786 2339; baseline -0.011 -6"><span class='ocrx_word' id='word_1_167' title='bbox 215 2294 330 2334; x_wconf 67' lang='lat' dir='ltr'><strong>ntea</strong></span> <span class='ocrx_word' id='word_1_168' title='bbox 360 2279 550 2332; x_wconf 91' lang='lat' dir='ltr'><strong>meruit</strong></span> <span class='ocrx_word' id='word_1_169' title='bbox 593 2275 775 2330; x_wconf 89' lang='lat' dir='ltr'><strong>audire</strong></span> <span class='ocrx_word' id='word_1_170' title='bbox 810 2293 823 2329; x_wconf 92' lang='lat'>:</span> <span class='ocrx_word' id='word_1_171' title='bbox 857 2274 900 2328; x_wconf 92' lang='grc'><strong>0</strong></span> <span class='ocrx_word' id='word_1_172' title='bbox 930 2272 1141 2337; x_wconf 81' lang='lat' dir='ltr'><strong>mulier,</strong></span> <span class='ocrx_word' id='word_1_173' title='bbox 1187 2285 1372 2339; x_wconf 88' lang='lat' dir='ltr'><strong>magna</strong></span> <span class='ocrx_word' id='word_1_174' title='bbox 1398 2277 1469 2321; x_wconf 88' lang='lat' dir='ltr'><strong>est</strong></span> <span class='ocrx_word' id='word_1_175' title='bbox 1507 2266 1631 2335; x_wconf 75' lang='lat' dir='ltr'><strong>fides</strong></span> <span class='ocrx_word' id='word_1_176' title='bbox 1659 2263 1786 2317; x_wconf 90' lang='lat' dir='ltr'><strong>tua!</strong></span> 
     </span>
    </p>
   </div>
   <div class='ocr_carea' id='block_1_23' title="bbox 215 2356 1781 2440">
    <p class='ocr_par' dir='ltr' id='par_1_23' title="bbox 215 2356 1781 2440">
     <span class='ocr_line' id='line_1_23' title="bbox 215 2356 1781 2440; baseline -0.011 -16"><span class='ocrx_word' id='word_1_177' title='bbox 215 2373 307 2440; x_wconf 79' lang='lat' dir='ltr'><strong>ﬁat</strong></span> <span class='ocrx_word' id='word_1_178' title='bbox 349 2371 435 2423; x_wconf 86' lang='lat' dir='ltr'><strong>tibi</strong></span> <span class='ocrx_word' id='word_1_179' title='bbox 461 2369 587 2427; x_wconf 67' lang='lat' dir='ltr'><strong>sier.’</strong></span> <span class='ocrx_word' id='word_1_180' title='bbox 613 2369 682 2421; x_wconf 90' lang='lat' dir='ltr'><strong>vis</strong></span> <span class='ocrx_word' id='word_1_181' title='bbox 726 2365 937 2436; x_wconf 79' lang='lat' dir='ltr'><strong>(Matth.</strong></span> <span class='ocrx_word' id='word_1_182' title='bbox 968 2379 1034 2418; x_wconf 85' lang='lat' dir='ltr'><strong>xv</strong></span> <span class='ocrx_word' id='word_1_183' title='bbox 1054 2406 1068 2429; x_wconf 97' lang='lat'><strong>,</strong></span> <span class='ocrx_word' id='word_1_184' title='bbox 1097 2361 1212 2433; x_wconf 73' lang='lat'><strong>28).</strong></span> <span class='ocrx_word' id='word_1_185' title='bbox 1244 2359 1414 2415; x_wconf 87' lang='lat' dir='ltr'><strong>Canes</strong></span> <span class='ocrx_word' id='word_1_186' title='bbox 1452 2356 1743 2411; x_wconf 88' lang='lat' dir='ltr'><strong>laudabiles</strong></span> <span class='ocrx_word' id='word_1_187' title='bbox 1766 2395 1781 2419; x_wconf 96' lang='lat'><strong>,</strong></span> 
     </span>
    </p>
   </div>
   <div class='ocr_carea' id='block_1_24' title="bbox 217 2449 1786 2522">
    <p class='ocr_par' dir='ltr' id='par_1_24' title="bbox 217 2449 1786 2522">
     <span class='ocr_line' id='line_1_24' title="bbox 217 2449 1786 2522; baseline -0.008 -9"><span class='ocrx_word' id='word_1_188' title='bbox 217 2477 321 2514; x_wconf 87' lang='lat' dir='ltr'><strong>non</strong></span> <span class='ocrx_word' id='word_1_189' title='bbox 353 2459 727 2522; x_wconf 86' lang='lat' dir='ltr'><strong>detestabiles;</strong></span> <span class='ocrx_word' id='word_1_190' title='bbox 761 2457 914 2510; x_wconf 88' lang='lat' dir='ltr'><strong>ﬁdem</strong></span> <span class='ocrx_word' id='word_1_191' title='bbox 941 2462 1212 2508; x_wconf 84' lang='lat' dir='ltr'><strong>servantes</strong></span> <span class='ocrx_word' id='word_1_192' title='bbox 1239 2449 1453 2505; x_wconf 89' lang='lat' dir='ltr'><strong>domino</strong></span> <span class='ocrx_word' id='word_1_193' title='bbox 1477 2463 1592 2512; x_wconf 87' lang='lat' dir='ltr'><strong>suo,</strong></span> <span class='ocrx_word' id='word_1_194' title='bbox 1618 2455 1672 2501; x_wconf 92' lang='lat' dir='ltr'><strong>et</strong></span> <span class='ocrx_word' id='word_1_195' title='bbox 1689 2462 1786 2515; x_wconf 92' lang='lat' dir='ltr'><strong>pro</strong></span> 
     </span>
    </p>
   </div>
   <div class='ocr_carea' id='block_1_25' title="bbox 214 2541 1784 2620">
    <p class='ocr_par' dir='ltr' id='par_1_25' title="bbox 214 2541 1784 2620">
     <span class='ocr_line' id='line_1_25' title="bbox 214 2541 1784 2620; baseline -0.006 -17"><span class='ocrx_word' id='word_1_196' title='bbox 214 2553 327 2620; x_wconf 76' lang='lat' dir='ltr'><strong>ejus</strong></span> <span class='ocrx_word' id='word_1_197' title='bbox 354 2551 513 2606; x_wconf 89' lang='lat' dir='ltr'><strong>domo</strong></span> <span class='ocrx_word' id='word_1_198' title='bbox 545 2560 728 2604; x_wconf 90' lang='lat' dir='ltr'><strong>contra</strong></span> <span class='ocrx_word' id='word_1_199' title='bbox 772 2548 1012 2602; x_wconf 92' lang='lat' dir='ltr'><strong>inimicos</strong></span> <span class='ocrx_word' id='word_1_200' title='bbox 1044 2547 1313 2600; x_wconf 88' lang='lat' dir='ltr'><strong>latrantes.</strong></span> <span class='ocrx_word' id='word_1_201' title='bbox 1353 2542 1467 2596; x_wconf 87' lang='lat' dir='ltr'><strong>Non</strong></span> <span class='ocrx_word' id='word_1_202' title='bbox 1497 2541 1635 2595; x_wconf 92' lang='lat' dir='ltr'><strong>enim</strong></span> <span class='ocrx_word' id='word_1_203' title='bbox 1668 2549 1784 2593; x_wconf 77' lang='lat' dir='ltr'><strong>tan-</strong></span> 
     </span>
    </p>
   </div>
   <div class='ocr_carea' id='block_1_26' title="bbox 212 2637 1784 2702">
    <p class='ocr_par' dir='ltr' id='par_1_26' title="bbox 212 2637 1784 2702">
     <span class='ocr_line' id='line_1_26' title="bbox 212 2637 1784 2702; baseline -0.007 -6"><span class='ocrx_word' id='word_1_204' title='bbox 212 2642 487 2696; x_wconf 78' lang='lat' dir='ltr'><strong>tummodo</strong></span> <span class='ocrx_word' id='word_1_205' title='bbox 511 2656 689 2693; x_wconf 88' lang='lat' dir='ltr'><strong>canum</strong></span> <span class='ocrx_word' id='word_1_206' title='bbox 709 2639 877 2702; x_wconf 78' lang='lat' dir='ltr'><strong>dixit,</strong></span> <span class='ocrx_word' id='word_1_207' title='bbox 903 2637 996 2691; x_wconf 91' lang='lat' dir='ltr'><strong>scd</strong></span> <span class='ocrx_word' id='word_1_208' title='bbox 1021 2653 1198 2689; x_wconf 89' lang='lat' dir='ltr'><strong>canum</strong></span> <span class='ocrx_word' id='word_1_209' title='bbox 1223 2644 1455 2699; x_wconf 85' lang='lat' dir='ltr'><strong>tuorum;</strong></span> <span class='ocrx_word' id='word_1_210' title='bbox 1480 2648 1578 2686; x_wconf 88' lang='lat' dir='ltr'><strong>nec</strong></span> <span class='ocrx_word' id='word_1_211' title='bbox 1602 2646 1784 2686; x_wconf 88' lang='lat' dir='ltr'><strong>eorum</strong></span> 
     </span>
    </p>
   </div>
   <div class='ocr_carea' id='block_1_27' title="bbox 209 2723 1786 2801">
    <p class='ocr_par' dir='ltr' id='par_1_27' title="bbox 209 2723 1786 2801">
     <span class='ocr_line' id='line_1_27' title="bbox 209 2723 1786 2801; baseline -0.007 -13"><span class='ocrx_word' id='word_1_212' title='bbox 209 2735 436 2800; x_wconf 86' lang='lat' dir='ltr'><strong>dentes,</strong></span> <span class='ocrx_word' id='word_1_213' title='bbox 468 2732 560 2785; x_wconf 91' lang='lat' dir='ltr'><strong>sed</strong></span> <span class='ocrx_word' id='word_1_214' title='bbox 591 2731 765 2801; x_wconf 82' lang='lat' dir='ltr'><strong>lingua</strong></span> <span class='ocrx_word' id='word_1_215' title='bbox 791 2729 996 2783; x_wconf 86' lang='lat' dir='ltr'><strong>laudata</strong></span> <span class='ocrx_word' id='word_1_216' title='bbox 1029 2735 1110 2781; x_wconf 88' lang='lat' dir='ltr'><strong>cst</strong></span> <span class='ocrx_word' id='word_1_217' title='bbox 1142 2744 1155 2781; x_wconf 89' lang='lat'><strong>:</strong></span> <span class='ocrx_word' id='word_1_218' title='bbox 1188 2725 1435 2795; x_wconf 88' lang='lat' dir='ltr'><strong>quoniam</strong></span> <span class='ocrx_word' id='word_1_219' title='bbox 1473 2739 1578 2778; x_wconf 92' lang='lat' dir='ltr'><strong>non</strong></span> <span class='ocrx_word' id='word_1_220' title='bbox 1609 2723 1786 2791; x_wconf 89' lang='lat' dir='ltr'><strong>utique</strong></span> 
     </span>
    </p>
   </div>
   <div class='ocr_carea' id='block_1_28' title="bbox 210 2815 1787 2891">
    <p class='ocr_par' dir='ltr' id='par_1_28' title="bbox 210 2815 1787 2891">
     <span class='ocr_line' id='line_1_28' title="bbox 210 2815 1787 2891; baseline -0.008 -11"><span class='ocrx_word' id='word_1_221' title='bbox 210 2828 431 2891; x_wconf 79' lang='lat' dir='ltr'><strong>frustra,</strong></span> <span class='ocrx_word' id='word_1_222' title='bbox 455 2839 553 2878; x_wconf 91' lang='lat' dir='ltr'><strong>nec</strong></span> <span class='ocrx_word' id='word_1_223' title='bbox 582 2824 697 2876; x_wconf 89' lang='lat' dir='ltr'><strong>sine</strong></span> <span class='ocrx_word' id='word_1_224' title='bbox 723 2837 912 2891; x_wconf 88' lang='lat' dir='ltr'><strong>magno</strong></span> <span class='ocrx_word' id='word_1_225' title='bbox 936 2828 1266 2874; x_wconf 87' lang='lat' dir='ltr'><strong>sacramento</strong></span> <span class='ocrx_word' id='word_1_226' title='bbox 1291 2816 1503 2871; x_wconf 87' lang='lat' dir='ltr'><strong>Gedeon</strong></span> <span class='ocrx_word' id='word_1_227' title='bbox 1532 2815 1674 2869; x_wconf 92' lang='lat' dir='ltr'><strong>solos</strong></span> <span class='ocrx_word' id='word_1_228' title='bbox 1694 2828 1787 2868; x_wconf 90' lang='lat' dir='ltr'><strong>eos</strong></span> 
     </span>
    </p>
   </div>
   <div class='ocr_carea' id='block_1_29' title="bbox 202 2906 1787 2988">
    <p class='ocr_par' dir='ltr' id='par_1_29' title="bbox 202 2906 1787 2988">
     <span class='ocr_line' id='line_1_29' title="bbox 202 2906 1787 2988; baseline -0.008 -16"><span class='ocrx_word' id='word_1_229' title='bbox 202 2918 392 2988; x_wconf 81' lang='lat' dir='ltr'><strong>jussus</strong></span> <span class='ocrx_word' id='word_1_230' title='bbox 417 2916 722 2981; x_wconf 88' lang='lat' dir='ltr'><strong>estducere,</strong></span> <span class='ocrx_word' id='word_1_231' title='bbox 742 2914 828 2984; x_wconf 91' lang='lat' dir='ltr'><strong>qui</strong></span> <span class='ocrx_word' id='word_1_232' title='bbox 856 2911 1084 2966; x_wconf 83' lang='lat' dir='ltr'><strong>ﬂuminis</strong></span> <span class='ocrx_word' id='word_1_233' title='bbox 1113 2925 1301 2980; x_wconf 89' lang='lat' dir='ltr'><strong>aquam</strong></span> <span class='ocrx_word' id='word_1_234' title='bbox 1319 2909 1452 2962; x_wconf 88' lang='lat' dir='ltr'><strong>sicut</strong></span> <span class='ocrx_word' id='word_1_235' title='bbox 1477 2922 1635 2962; x_wconf 90' lang='lat' dir='ltr'><strong>canes</strong></span> <span class='ocrx_word' id='word_1_236' title='bbox 1656 2906 1787 2959; x_wconf 86' lang='lat' dir='ltr'><strong>lam-</strong></span> 
     </span>
    </p>
   </div>
   <div class='ocr_carea' id='block_1_30' title="bbox 207 3001 1785 3078">
    <p class='ocr_par' dir='ltr' id='par_1_30' title="bbox 207 3001 1785 3078">
     <span class='ocr_line' id='line_1_30' title="bbox 207 3001 1785 3078; baseline -0.008 -13"><span class='ocrx_word' id='word_1_237' title='bbox 207 3012 438 3076; x_wconf 74' lang='lat' dir='ltr'><strong>bet-ent;</strong></span> <span class='ocrx_word' id='word_1_238' title='bbox 468 3010 701 3078; x_wconf 87' lang='lat' dir='ltr'><strong>talesque</strong></span> <span class='ocrx_word' id='word_1_239' title='bbox 731 3022 834 3061; x_wconf 93' lang='lat' dir='ltr'><strong>non</strong></span> <span class='ocrx_word' id='word_1_240' title='bbox 863 3006 1089 3074; x_wconf 89' lang='lat' dir='ltr'><strong>amplius</strong></span> <span class='ocrx_word' id='word_1_241' title='bbox 1115 3019 1272 3074; x_wconf 87' lang='lat' dir='ltr'><strong>quam</strong></span> <span class='ocrx_word' id='word_1_242' title='bbox 1316 3002 1534 3056; x_wconf 89' lang='lat' dir='ltr'><strong>trecenti</strong></span> <span class='ocrx_word' id='word_1_243' title='bbox 1564 3001 1615 3054; x_wconf 91' lang='lat' dir='ltr'><strong>in</strong></span> <span class='ocrx_word' id='word_1_244' title='bbox 1643 3008 1785 3053; x_wconf 89' lang='lat' dir='ltr'><strong>tanta</strong></span> 
     </span>
    </p>
   </div>
   <div class='ocr_carea' id='block_1_31' title="bbox 206 3093 1784 3168">
    <p class='ocr_par' dir='ltr' id='par_1_31' title="bbox 206 3093 1784 3168">
     <span class='ocr_line' id='line_1_31' title="bbox 206 3093 1784 3168; baseline -0.008 -12"><span class='ocrx_word' id='word_1_245' title='bbox 206 3101 547 3156; x_wconf 87' lang='lat' dir='ltr'><strong>multitudine</strong></span> <span class='ocrx_word' id='word_1_246' title='bbox 573 3101 768 3155; x_wconf 89' lang='lat' dir='ltr'><strong>inventi</strong></span> <span class='ocrx_word' id='word_1_247' title='bbox 796 3107 916 3153; x_wconf 89' lang='lat' dir='ltr'><strong>sunt</strong></span> <span class='ocrx_word' id='word_1_248' title='bbox 943 3096 1137 3168; x_wconf 86' lang='lat' dir='ltr'><strong>(Judic.</strong></span> <span class='ocrx_word' id='word_1_249' title='bbox 1166 3111 1253 3159; x_wconf 89' lang='lat' dir='ltr'><strong>vn,</strong></span> <span class='ocrx_word' id='word_1_250' title='bbox 1285 3093 1337 3157; x_wconf 82' lang='lat'><strong>5,</strong></span> <span class='ocrx_word' id='word_1_251' title='bbox 1371 3093 1447 3164; x_wconf 82' lang='grc' dir='ltr'><strong>ϐ).</strong></span> <span class='ocrx_word' id='word_1_252' title='bbox 1479 3093 1532 3146; x_wconf 85' lang='grc' dir='ltr'><strong>1η</strong></span> <span class='ocrx_word' id='word_1_253' title='bbox 1563 3107 1666 3162; x_wconf 91' lang='lat' dir='ltr'><strong>quo</strong></span> <span class='ocrx_word' id='word_1_254' title='bbox 1688 3106 1784 3144; x_wconf 90' lang='lat' dir='ltr'><strong>nu-</strong></span> 
     </span>
    </p>
   </div>
   <div class='ocr_carea' id='block_1_32' title="bbox 202 3185 1788 3262">
    <p class='ocr_par' dir='ltr' id='par_1_32' title="bbox 202 3185 1788 3262">
     <span class='ocr_line' id='line_1_32' title="bbox 202 3185 1788 3262; baseline -0.009 -12"><span class='ocrx_word' id='word_1_255' title='bbox 202 3211 361 3250; x_wconf 85' lang='lat' dir='ltr'><strong>mero</strong></span> <span class='ocrx_word' id='word_1_256' title='bbox 377 3195 549 3248; x_wconf 87' lang='lat' dir='ltr'><strong>crucis</strong></span> <span class='ocrx_word' id='word_1_257' title='bbox 570 3194 775 3262; x_wconf 89' lang='lat' dir='ltr'><strong>signum</strong></span> <span class='ocrx_word' id='word_1_258' title='bbox 795 3199 875 3244; x_wconf 90' lang='lat' dir='ltr'><strong>est</strong></span> <span class='ocrx_word' id='word_1_259' title='bbox 892 3199 1104 3259; x_wconf 83' lang='lat' dir='ltr'><strong>propter</strong></span> <span class='ocrx_word' id='word_1_260' title='bbox 1124 3213 1152 3241; x_wconf 87' lang='grc' dir='ltr'>τ</span> <span class='ocrx_word' id='word_1_261' title='bbox 1170 3188 1423 3250; x_wconf 85' lang='lat' dir='ltr'><strong>litteram,</strong></span> <span class='ocrx_word' id='word_1_262' title='bbox 1441 3201 1558 3256; x_wconf 74' lang='lat' dir='ltr'><strong>qua:</strong></span> <span class='ocrx_word' id='word_1_263' title='bbox 1585 3185 1636 3238; x_wconf 91' lang='lat' dir='ltr'><strong>in</strong></span> <span class='ocrx_word' id='word_1_264' title='bbox 1654 3199 1788 3251; x_wconf 70' lang='lat' dir='ltr'><strong>graz-</strong></span> 
     </span>
    </p>
   </div>
   <div class='ocr_carea' id='block_1_33' title="bbox 202 3277 1785 3348">
    <p class='ocr_par' dir='ltr' id='par_1_33' title="bbox 202 3277 1785 3348">
     <span class='ocr_line' id='line_1_33' title="bbox 202 3277 1785 3348; baseline -0.008 -7"><span class='ocrx_word' id='word_1_265' title='bbox 202 3288 283 3342; x_wconf 86' lang='lat' dir='ltr'><strong>cis</strong></span> <span class='ocrx_word' id='word_1_266' title='bbox 313 3299 658 3340; x_wconf 88' lang='lat' dir='ltr'><strong>numerorum</strong></span> <span class='ocrx_word' id='word_1_267' title='bbox 704 3282 841 3336; x_wconf 87' lang='lat' dir='ltr'><strong>notis</strong></span> <span class='ocrx_word' id='word_1_268' title='bbox 880 3288 1145 3336; x_wconf 88' lang='lat' dir='ltr'><strong>trecentos</strong></span> <span class='ocrx_word' id='word_1_269' title='bbox 1184 3278 1462 3348; x_wconf 87' lang='lat' dir='ltr'><strong>signiﬁcat.</strong></span> <span class='ocrx_word' id='word_1_270' title='bbox 1493 3277 1566 3332; x_wconf 91' lang='lat' dir='ltr'><strong>De</strong></span> <span class='ocrx_word' id='word_1_271' title='bbox 1595 3277 1785 3330; x_wconf 88' lang='lat' dir='ltr'><strong>talibus</strong></span> 
     </span>
    </p>
   </div>
   <div class='ocr_carea' id='block_1_34' title="bbox 199 3367 1786 3444">
    <p class='ocr_par' dir='ltr' id='par_1_34' title="bbox 199 3367 1786 3444">
     <span class='ocr_line' id='line_1_34' title="bbox 199 3367 1786 3444; baseline -0.008 -11"><span class='ocrx_word' id='word_1_272' title='bbox 199 3379 432 3434; x_wconf 87' lang='lat' dir='ltr'><strong>canibus</strong></span> <span class='ocrx_word' id='word_1_273' title='bbox 460 3386 513 3430; x_wconf 88' lang='lat' dir='ltr'><strong>et</strong></span> <span class='ocrx_word' id='word_1_274' title='bbox 537 3377 587 3430; x_wconf 89' lang='lat' dir='ltr'><strong>in</strong></span> <span class='ocrx_word' id='word_1_275' title='bbox 617 3377 722 3430; x_wconf 91' lang='lat' dir='ltr'><strong>alio</strong></span> <span class='ocrx_word' id='word_1_276' title='bbox 750 3373 953 3444; x_wconf 88' lang='lat' dir='ltr'><strong>psalmo</strong></span> <span class='ocrx_word' id='word_1_277' title='bbox 982 3372 1174 3426; x_wconf 90' lang='lat' dir='ltr'><strong>dicitur</strong></span> <span class='ocrx_word' id='word_1_278' title='bbox 1196 3389 1211 3424; x_wconf 92' lang='lat'><strong>:</strong></span> <span class='ocrx_word' id='word_1_279' title='bbox 1235 3370 1590 3425; x_wconf 83' lang='lat' dir='ltr'><strong>Convertentur</strong></span> <span class='ocrx_word' id='word_1_280' title='bbox 1615 3367 1682 3420; x_wconf 85' lang='lat' dir='ltr'><strong>ad</strong></span> <span class='ocrx_word' id='word_1_281' title='bbox 1706 3383 1786 3421; x_wconf 88' lang='lat' dir='ltr'><strong>ve-</strong></span> 
     </span>
    </p>
   </div>
   <div class='ocr_carea' id='block_1_35' title="bbox 199 3460 1782 3543">
    <p class='ocr_par' dir='ltr' id='par_1_35' title="bbox 199 3460 1782 3543">
     <span class='ocr_line' id='line_1_35' title="bbox 199 3460 1782 3543; baseline -0.006 -19"><span class='ocrx_word' id='word_1_282' title='bbox 199 3489 410 3543; x_wconf 83' lang='lat' dir='ltr'><strong>speram</strong></span> <span class='ocrx_word' id='word_1_283' title='bbox 429 3511 444 3534; x_wconf 94' lang='lat'><strong>,</strong></span> <span class='ocrx_word' id='word_1_284' title='bbox 471 3479 518 3525; x_wconf 78' lang='lat' dir='ltr'><strong>et</strong></span> <span class='ocrx_word' id='word_1_285' title='bbox 545 3470 726 3538; x_wconf 78' lang='lat' dir='ltr'><strong>[autent</strong></span> <span class='ocrx_word' id='word_1_286' title='bbox 751 3470 1002 3538; x_wconf 83' lang='lat' dir='ltr'><strong>patientur</strong></span> <span class='ocrx_word' id='word_1_287' title='bbox 1033 3475 1083 3517; x_wconf 92' lang='lat' dir='ltr'><strong>ut</strong></span> <span class='ocrx_word' id='word_1_288' title='bbox 1106 3475 1255 3518; x_wconf 84' lang='lat' dir='ltr'><strong>canes</strong></span> <span class='ocrx_word' id='word_1_289' title='bbox 1279 3461 1446 3534; x_wconf 88' lang='lat' dir='ltr'><strong>(Psal.</strong></span> <span class='ocrx_word' id='word_1_290' title='bbox 1478 3478 1602 3517; x_wconf 78' lang='lat' dir='ltr'><strong>Lvut</strong></span> <span class='ocrx_word' id='word_1_291' title='bbox 1621 3503 1636 3527; x_wconf 95' lang='lat'><strong>,</strong></span> <span class='ocrx_word' id='word_1_292' title='bbox 1672 3460 1782 3530; x_wconf 79' lang='grc'><strong>15).</strong></span> 
     </span>
    </p>
   </div>
   <div class='ocr_carea' id='block_1_36' title="bbox 195 3550 1778 3632">
    <p class='ocr_par' dir='ltr' id='par_1_36' title="bbox 195 3550 1778 3632">
     <span class='ocr_line' id='line_1_36' title="bbox 195 3550 1778 3632; baseline -0.009 -13"><span class='ocrx_word' id='word_1_293' title='bbox 195 3564 338 3619; x_wconf 84' lang='lat' dir='ltr'><strong>Nam</strong></span> <span class='ocrx_word' id='word_1_294' title='bbox 367 3572 420 3616; x_wconf 87' lang='lat' dir='ltr'><strong>et</strong></span> <span class='ocrx_word' id='word_1_295' title='bbox 434 3561 644 3632; x_wconf 87' lang='lat' dir='ltr'><strong>quidam</strong></span> <span class='ocrx_word' id='word_1_296' title='bbox 663 3574 824 3614; x_wconf 87' lang='lat' dir='ltr'><strong>canes</strong></span> <span class='ocrx_word' id='word_1_297' title='bbox 843 3556 1151 3627; x_wconf 88' lang='lat' dir='ltr'><strong>reprehensi</strong></span> <span class='ocrx_word' id='word_1_298' title='bbox 1175 3564 1299 3610; x_wconf 91' lang='lat' dir='ltr'><strong>sunt</strong></span> <span class='ocrx_word' id='word_1_299' title='bbox 1313 3571 1341 3608; x_wconf 91' lang='lat' dir='ltr'><strong>a</strong></span> <span class='ocrx_word' id='word_1_300' title='bbox 1359 3554 1612 3624; x_wconf 86' lang='lat' dir='ltr'><strong>pr0pheta</strong></span> <span class='ocrx_word' id='word_1_301' title='bbox 1629 3550 1778 3618; x_wconf 88' lang='lat' dir='ltr'><strong>Isaia,</strong></span> 
     </span>
    </p>
   </div>
   <div class='ocr_carea' id='block_1_37' title="bbox 195 3643 1784 3720">
    <p class='ocr_par' dir='ltr' id='par_1_37' title="bbox 195 3643 1784 3720">
     <span class='ocr_line' id='line_1_37' title="bbox 195 3643 1784 3720; baseline -0.008 -12"><span class='ocrx_word' id='word_1_302' title='bbox 195 3671 309 3710; x_wconf 82' lang='lat' dir='ltr'><strong>non</strong></span> <span class='ocrx_word' id='word_1_303' title='bbox 358 3654 476 3707; x_wconf 90' lang='lat' dir='ltr'><strong>ideo</strong></span> <span class='ocrx_word' id='word_1_304' title='bbox 505 3650 642 3720; x_wconf 88' lang='lat' dir='ltr'><strong>quod</strong></span> <span class='ocrx_word' id='word_1_305' title='bbox 673 3663 831 3704; x_wconf 91' lang='lat' dir='ltr'><strong>canes</strong></span> <span class='ocrx_word' id='word_1_306' title='bbox 859 3655 1037 3703; x_wconf 87' lang='lat' dir='ltr'><strong>essent</strong></span> <span class='ocrx_word' id='word_1_307' title='bbox 1058 3689 1070 3709; x_wconf 87' lang='lat'><strong>,</strong></span> <span class='ocrx_word' id='word_1_308' title='bbox 1103 3645 1196 3700; x_wconf 90' lang='lat' dir='ltr'><strong>sed</strong></span> <span class='ocrx_word' id='word_1_309' title='bbox 1222 3645 1361 3714; x_wconf 89' lang='lat' dir='ltr'><strong>quod</strong></span> <span class='ocrx_word' id='word_1_310' title='bbox 1390 3646 1580 3698; x_wconf 89' lang='lat' dir='ltr'><strong>latrare</strong></span> <span class='ocrx_word' id='word_1_311' title='bbox 1609 3643 1784 3697; x_wconf 90' lang='lat' dir='ltr'><strong>nesci-</strong></span> 
     </span>
    </p>
   </div>
   <div class='ocr_carea' id='block_1_38' title="bbox 191 3735 1786 3809">
    <p class='ocr_par' dir='ltr' id='par_1_38' title="bbox 191 3735 1786 3809">
     <span class='ocr_line' id='line_1_38' title="bbox 191 3735 1786 3809; baseline -0.008 -8"><span class='ocrx_word' id='word_1_312' title='bbox 191 3756 346 3809; x_wconf 84' lang='lat' dir='ltr'><strong>rent,</strong></span> <span class='ocrx_word' id='word_1_313' title='bbox 369 3754 422 3798; x_wconf 90' lang='lat' dir='ltr'><strong>et</strong></span> <span class='ocrx_word' id='word_1_314' title='bbox 446 3743 731 3796; x_wconf 88' lang='lat' dir='ltr'><strong>dormitare</strong></span> <span class='ocrx_word' id='word_1_315' title='bbox 759 3747 999 3794; x_wconf 89' lang='lat' dir='ltr'><strong>amarent</strong></span> <span class='ocrx_word' id='word_1_316' title='bbox 1029 3735 1177 3809; x_wconf 86' lang='lat' dir='ltr'><strong>(Isai.</strong></span> <span class='ocrx_word' id='word_1_317' title='bbox 1208 3753 1313 3802; x_wconf 75' lang='lat' dir='ltr'><strong>LVI,</strong></span> <span class='ocrx_word' id='word_1_318' title='bbox 1334 3736 1445 3807; x_wconf 77' lang='grc'><strong>10).</strong></span> <span class='ocrx_word' id='word_1_319' title='bbox 1476 3735 1576 3790; x_wconf 91' lang='lat' dir='ltr'><strong>Ubi</strong></span> <span class='ocrx_word' id='word_1_320' title='bbox 1607 3735 1786 3804; x_wconf 88' lang='lat' dir='ltr'><strong>utique</strong></span> 
     </span>
    </p>
   </div>
   <div class='ocr_carea' id='block_1_39' title="bbox 189 3826 1786 3903">
    <p class='ocr_par' dir='ltr' id='par_1_39' title="bbox 189 3826 1786 3903">
     <span class='ocr_line' id='line_1_39' title="bbox 189 3826 1786 3903; baseline -0.009 -10"><span class='ocrx_word' id='word_1_321' title='bbox 189 3836 630 3903; x_wconf 83' lang='lat' dir='ltr'><strong>demonstravit,</strong></span> <span class='ocrx_word' id='word_1_322' title='bbox 665 3833 784 3902; x_wconf 89' lang='lat' dir='ltr'><strong>quia</strong></span> <span class='ocrx_word' id='word_1_323' title='bbox 829 3832 874 3886; x_wconf 92' lang='lat' dir='ltr'><strong>si</strong></span> <span class='ocrx_word' id='word_1_324' title='bbox 902 3830 1180 3900; x_wconf 83' lang='lat' dir='ltr'><strong>vigilarent</strong></span> <span class='ocrx_word' id='word_1_325' title='bbox 1206 3838 1260 3882; x_wconf 91' lang='lat' dir='ltr'><strong>et</strong></span> <span class='ocrx_word' id='word_1_326' title='bbox 1302 3841 1398 3896; x_wconf 93' lang='lat' dir='ltr'><strong>pro</strong></span> <span class='ocrx_word' id='word_1_327' title='bbox 1444 3826 1659 3880; x_wconf 88' lang='lat' dir='ltr'><strong>domino</strong></span> <span class='ocrx_word' id='word_1_328' title='bbox 1688 3840 1786 3879; x_wconf 87' lang='lat' dir='ltr'><strong>suo</strong></span> 
     </span>
    </p>
   </div>
   <div class='ocr_carea' id='block_1_40' title="bbox 187 3915 1788 3993">
    <p class='ocr_par' dir='ltr' id='par_1_40' title="bbox 187 3915 1788 3993">
     <span class='ocr_line' id='line_1_40' title="bbox 187 3915 1788 3993; baseline -0.012 -6"><span class='ocrx_word' id='word_1_329' title='bbox 187 3933 504 3993; x_wconf 87' lang='lat' dir='ltr'><strong>latrarent,</strong></span> <span class='ocrx_word' id='word_1_330' title='bbox 539 3924 829 3980; x_wconf 85' lang='lat' dir='ltr'><strong>laudabiles</strong></span> <span class='ocrx_word' id='word_1_331' title='bbox 873 3935 1031 3976; x_wconf 84' lang='lat' dir='ltr'><strong>canes</strong></span> <span class='ocrx_word' id='word_1_332' title='bbox 1077 3927 1257 3974; x_wconf 90' lang='lat' dir='ltr'><strong>essent</strong></span> <span class='ocrx_word' id='word_1_333' title='bbox 1287 3933 1300 3968; x_wconf 87' lang='lat'><strong>:</strong></span> <span class='ocrx_word' id='word_1_334' title='bbox 1334 3918 1470 3971; x_wconf 89' lang='lat' dir='ltr'><strong>sicut</strong></span> <span class='ocrx_word' id='word_1_335' title='bbox 1511 3915 1788 3970; x_wconf 87' lang='lat' dir='ltr'><strong>laudantur</strong></span> 
     </span>
    </p>
   </div>
   <div class='ocr_carea' id='block_1_41' title="bbox 187 4007 1788 4088">
    <p class='ocr_par' dir='ltr' id='par_1_41' title="bbox 187 4007 1788 4088">
     <span class='ocr_line' id='line_1_41' title="bbox 187 4007 1788 4088; baseline -0.012 -11"><span class='ocrx_word' id='word_1_336' title='bbox 187 4025 284 4077; x_wconf 88' lang='lat' dir='ltr'><strong>isti</strong></span> <span class='ocrx_word' id='word_1_337' title='bbox 321 4021 398 4074; x_wconf 90' lang='lat' dir='ltr'><strong>de</strong></span> <span class='ocrx_word' id='word_1_338' title='bbox 421 4018 609 4088; x_wconf 89' lang='lat' dir='ltr'><strong>quibus</strong></span> <span class='ocrx_word' id='word_1_339' title='bbox 632 4015 844 4078; x_wconf 88' lang='lat' dir='ltr'><strong>dicitur,</strong></span> <span class='ocrx_word' id='word_1_340' title='bbox 879 4011 1077 4080; x_wconf 81' lang='lat' dir='ltr'><strong>Lingua</strong></span> <span class='ocrx_word' id='word_1_341' title='bbox 1104 4025 1284 4064; x_wconf 88' lang='lat' dir='ltr'><strong>canum</strong></span> <span class='ocrx_word' id='word_1_342' title='bbox 1307 4018 1526 4060; x_wconf 87' lang='lat' dir='ltr'><strong>tuorum.</strong></span> <span class='ocrx_word' id='word_1_343' title='bbox 1549 4007 1690 4071; x_wconf 86' lang='lat' dir='ltr'><strong>Quos</strong></span> <span class='ocrx_word' id='word_1_344' title='bbox 1711 4015 1788 4058; x_wconf 87' lang='lat' dir='ltr'><strong>ta-</strong></span> 
     </span>
    </p>
   </div>
   <div class='ocr_carea' id='block_1_42' title="bbox 187 4098 1788 4181">
    <p class='ocr_par' dir='ltr' id='par_1_42' title="bbox 187 4098 1788 4181">
     <span class='ocr_line' id='line_1_42' title="bbox 187 4098 1788 4181; baseline -0.012 -10"><span class='ocrx_word' id='word_1_345' title='bbox 187 4134 325 4172; x_wconf 86' lang='lat' dir='ltr'><strong>men</strong></span> <span class='ocrx_word' id='word_1_346' title='bbox 356 4112 625 4181; x_wconf 84' lang='lat' dir='ltr'><strong>PrOpheta</strong></span> <span class='ocrx_word' id='word_1_347' title='bbox 654 4125 718 4164; x_wconf 76' lang='lat' dir='ltr'><strong>cx</strong></span> <span class='ocrx_word' id='word_1_348' title='bbox 748 4107 975 4161; x_wconf 91' lang='lat' dir='ltr'><strong>inimicis</strong></span> <span class='ocrx_word' id='word_1_349' title='bbox 1002 4105 1204 4157; x_wconf 86' lang='lat' dir='ltr'><strong>futuros</strong></span> <span class='ocrx_word' id='word_1_350' title='bbox 1245 4116 1362 4155; x_wconf 86' lang='lat' dir='ltr'><strong>esse</strong></span> <span class='ocrx_word' id='word_1_351' title='bbox 1390 4098 1662 4168; x_wconf 66' lang='lat' dir='ltr'><strong>praedixit,</strong></span> <span class='ocrx_word' id='word_1_352' title='bbox 1695 4113 1788 4168; x_wconf 89' lang='lat' dir='ltr'><strong>per</strong></span> 
     </span>
    </p>
   </div>
   <div class='ocr_carea' id='block_1_43' title="bbox 187 4191 1787 4266">
    <p class='ocr_par' dir='ltr' id='par_1_43' title="bbox 187 4191 1787 4266">
     <span class='ocr_line' id='line_1_43' title="bbox 187 4191 1787 4266; baseline -0.014 -1"><span class='ocrx_word' id='word_1_353' title='bbox 187 4213 352 4266; x_wconf 88' lang='lat' dir='ltr'><strong>illam</strong></span> <span class='ocrx_word' id='word_1_354' title='bbox 409 4202 1042 4260; x_wconf 87' lang='lat' dir='ltr'><strong>scilicetconvcrsionem</strong></span> <span class='ocrx_word' id='word_1_355' title='bbox 1091 4197 1156 4251; x_wconf 89' lang='lat' dir='ltr'><strong>de</strong></span> <span class='ocrx_word' id='word_1_356' title='bbox 1185 4210 1284 4265; x_wconf 91' lang='lat' dir='ltr'><strong>qua</strong></span> <span class='ocrx_word' id='word_1_357' title='bbox 1316 4192 1556 4264; x_wconf 82' lang='lat' dir='ltr'><strong>superius</strong></span> <span class='ocrx_word' id='word_1_358' title='bbox 1603 4191 1787 4261; x_wconf 85' lang='lat' dir='ltr'><strong>loque-</strong></span> 
     </span>
    </p>
   </div>
   <div class='ocr_carea' id='block_1_44' title="bbox 186 4281 1783 4362">
    <p class='ocr_par' dir='ltr' id='par_1_44' title="bbox 186 4281 1783 4362">
     <span class='ocr_line' id='line_1_44' title="bbox 186 4281 1783 4362; baseline -0.013 -8"><span class='ocrx_word' id='word_1_359' title='bbox 186 4301 387 4356; x_wconf 78' lang='lat' dir='ltr'><strong>batur.</strong></span> <span class='ocrx_word' id='word_1_360' title='bbox 421 4296 570 4351; x_wconf 87' lang='lat' dir='ltr'><strong>Unde</strong></span> <span class='ocrx_word' id='word_1_361' title='bbox 612 4303 667 4350; x_wconf 89' lang='lat' dir='ltr'><strong>et</strong></span> <span class='ocrx_word' id='word_1_362' title='bbox 711 4293 799 4348; x_wconf 89' lang='lat' dir='ltr'><strong>ille</strong></span> <span class='ocrx_word' id='word_1_363' title='bbox 840 4291 1073 4362; x_wconf 89' lang='lat' dir='ltr'><strong>psalmus</strong></span> <span class='ocrx_word' id='word_1_364' title='bbox 1105 4304 1117 4339; x_wconf 87' lang='lat'><strong>:</strong></span> <span class='ocrx_word' id='word_1_365' title='bbox 1153 4287 1510 4341; x_wconf 81' lang='lat' dir='ltr'><strong>Convertentur</strong></span> <span class='ocrx_word' id='word_1_366' title='bbox 1532 4325 1546 4350; x_wconf 94' lang='lat'><strong>,</strong></span> <span class='ocrx_word' id='word_1_367' title='bbox 1579 4281 1783 4356; x_wconf 86' lang='lat' dir='ltr'><strong>inquit,</strong></span> 
     </span>
    </p>
   </div>
   <div class='ocr_carea' id='block_1_45' title="bbox 183 4373 1787 4457">
    <p class='ocr_par' dir='ltr' id='par_1_45' title="bbox 183 4373 1787 4457">
     <span class='ocr_line' id='line_1_45' title="bbox 183 4373 1787 4457; baseline -0.011 -12"><span class='ocrx_word' id='word_1_368' title='bbox 183 4393 260 4445; x_wconf 81' lang='lat' dir='ltr'><strong>ad</strong></span> <span class='ocrx_word' id='word_1_369' title='bbox 310 4405 616 4457; x_wconf 84' lang='lat' dir='ltr'><strong>vesperam,</strong></span> <span class='ocrx_word' id='word_1_370' title='bbox 664 4394 710 4439; x_wconf 86' lang='lat' dir='ltr'><strong>et</strong></span> <span class='ocrx_word' id='word_1_371' title='bbox 756 4389 940 4456; x_wconf 77' lang='lat' dir='ltr'><strong>{amem</strong></span> <span class='ocrx_word' id='word_1_372' title='bbox 988 4379 1238 4451; x_wconf 86' lang='lat' dir='ltr'><strong>patientur</strong></span> <span class='ocrx_word' id='word_1_373' title='bbox 1280 4387 1330 4430; x_wconf 88' lang='lat' dir='ltr'><strong>ut</strong></span> <span class='ocrx_word' id='word_1_374' title='bbox 1375 4393 1540 4430; x_wconf 90' lang='lat' dir='ltr'><strong>canes.</strong></span> <span class='ocrx_word' id='word_1_375' title='bbox 1593 4373 1787 4428; x_wconf 84' lang='lat' dir='ltr'><strong>Deinde</strong></span> 
     </span>
    </p>
   </div>
   <div class='ocr_carea' id='block_1_46' title="bbox 185 4464 1783 4547">
    <p class='ocr_par' dir='ltr' id='par_1_46' title="bbox 185 4464 1783 4547">
     <span class='ocr_line' id='line_1_46' title="bbox 185 4464 1783 4547; baseline -0.013 -11"><span class='ocrx_word' id='word_1_376' title='bbox 185 4481 376 4536; x_wconf 81' lang='lat' dir='ltr'><strong>veluti</strong></span> <span class='ocrx_word' id='word_1_377' title='bbox 426 4475 780 4547; x_wconf 72' lang='lat' dir='ltr'><strong>quau-cutibus</strong></span> <span class='ocrx_word' id='word_1_378' title='bbox 822 4471 965 4527; x_wconf 89' lang='lat' dir='ltr'><strong>unde</strong></span> <span class='ocrx_word' id='word_1_379' title='bbox 1007 4470 1110 4524; x_wconf 90' lang='lat' dir='ltr'><strong>hoc</strong></span> <span class='ocrx_word' id='word_1_380' title='bbox 1157 4468 1262 4522; x_wconf 92' lang='lat' dir='ltr'><strong>illis</strong></span> <span class='ocrx_word' id='word_1_381' title='bbox 1304 4474 1504 4521; x_wconf 91' lang='lat' dir='ltr'><strong>tantum</strong></span> <span class='ocrx_word' id='word_1_382' title='bbox 1548 4464 1742 4518; x_wconf 88' lang='lat' dir='ltr'><strong>bonum</strong></span> <span class='ocrx_word' id='word_1_383' title='bbox 1767 4504 1783 4530; x_wconf 95' lang='lat'><strong>,</strong></span> 
     </span>
    </p>
   </div>
   <div class='ocr_carea' id='block_1_47' title="bbox 183 4555 1786 4636">
    <p class='ocr_par' dir='ltr' id='par_1_47' title="bbox 183 4555 1786 4636">
     <span class='ocr_line' id='line_1_47' title="bbox 183 4555 1786 4636; baseline -0.012 -10"><span class='ocrx_word' id='word_1_384' title='bbox 183 4581 249 4626; x_wconf 90' lang='lat' dir='ltr'><strong>ut</strong></span> <span class='ocrx_word' id='word_1_385' title='bbox 297 4584 478 4625; x_wconf 83' lang='lat' dir='ltr'><strong>canes</strong></span> <span class='ocrx_word' id='word_1_386' title='bbox 524 4567 637 4636; x_wconf 87' lang='lat' dir='ltr'><strong>ejus</strong></span> <span class='ocrx_word' id='word_1_387' title='bbox 687 4566 911 4628; x_wconf 89' lang='lat' dir='ltr'><strong>ﬁerent,</strong></span> <span class='ocrx_word' id='word_1_388' title='bbox 959 4561 1110 4630; x_wconf 84' lang='lat' dir='ltr'><strong>cujus</strong></span> <span class='ocrx_word' id='word_1_389' title='bbox 1153 4559 1359 4613; x_wconf 81' lang='lat' dir='ltr'><strong>fuerant</strong></span> <span class='ocrx_word' id='word_1_390' title='bbox 1404 4555 1647 4619; x_wconf 88' lang='lat' dir='ltr'><strong>inimici;</strong></span> <span class='ocrx_word' id='word_1_391' title='bbox 1697 4569 1786 4608; x_wconf 85' lang='lat' dir='ltr'><strong>rc-</strong></span> 
     </span>
    </p>
   </div>
   <div class='ocr_carea' id='block_1_48' title="bbox 181 4646 1789 4739">
    <p class='ocr_par' dir='ltr' id='par_1_48' title="bbox 181 4646 1789 4739">
     <span class='ocr_line' id='line_1_48' title="bbox 181 4646 1789 4739; baseline -0.015 -17"><span class='ocrx_word' id='word_1_392' title='bbox 181 4681 468 4739; x_wconf 84' lang='lat' dir='ltr'><strong>Sponsum</strong></span> <span class='ocrx_word' id='word_1_393' title='bbox 513 4673 639 4728; x_wconf 92' lang='lat' dir='ltr'><strong>est,</strong></span> <span class='ocrx_word' id='word_1_394' title='bbox 689 4660 751 4714; x_wconf 87' lang='lat' dir='ltr'><strong>ab</strong></span> <span class='ocrx_word' id='word_1_395' title='bbox 797 4661 924 4731; x_wconf 84' lang='lat' dir='ltr'><strong>ipso.</strong></span> <span class='ocrx_word' id='word_1_396' title='bbox 973 4656 1062 4711; x_wconf 92' lang='lat' dir='ltr'><strong>Sic</strong></span> <span class='ocrx_word' id='word_1_397' title='bbox 1108 4655 1249 4709; x_wconf 89' lang='lat' dir='ltr'><strong>enim</strong></span> <span class='ocrx_word' id='word_1_398' title='bbox 1297 4652 1487 4722; x_wconf 82' lang='lat' dir='ltr'><strong>legitur</strong></span> <span class='ocrx_word' id='word_1_399' title='bbox 1534 4666 1547 4701; x_wconf 92' lang='lat'>:</span> <span class='ocrx_word' id='word_1_400' title='bbox 1596 4646 1789 4717; x_wconf 85' lang='lat' dir='ltr'><strong>Lingua</strong></span> 
     </span>
    </p>
   </div>
   <div class='ocr_carea' id='block_1_49' title="bbox 178 4737 1786 4818">
    <p class='ocr_par' dir='ltr' id='par_1_49' title="bbox 178 4737 1786 4818">
     <span class='ocr_line' id='line_1_49' title="bbox 178 4737 1786 4818; baseline -0.014 -4"><span class='ocrx_word' id='word_1_401' title='bbox 178 4737 396 4814; x_wconf 82' lang='lat' dir='ltr'><strong>canum</strong></span> <span class='ocrx_word' id='word_1_402' title='bbox 431 4767 629 4811; x_wconf 83' lang='lat' dir='ltr'><strong>tuorum</strong></span> <span class='ocrx_word' id='word_1_403' title='bbox 657 4769 717 4806; x_wconf 78' lang='lat' dir='ltr'><strong>ea:</strong></span> <span class='ocrx_word' id='word_1_404' title='bbox 762 4749 975 4805; x_wconf 89' lang='lat' dir='ltr'><strong>inimicis</strong></span> <span class='ocrx_word' id='word_1_405' title='bbox 1016 4747 1076 4800; x_wconf 83' lang='lat' dir='ltr'><strong>ab</strong></span> <span class='ocrx_word' id='word_1_406' title='bbox 1122 4747 1252 4818; x_wconf 85' lang='lat' dir='ltr'><strong>ipso.</strong></span> <span class='ocrx_word' id='word_1_407' title='bbox 1284 4744 1451 4814; x_wconf 90' lang='lat' dir='ltr'><strong>Ipsius</strong></span> <span class='ocrx_word' id='word_1_408' title='bbox 1498 4739 1675 4810; x_wconf 87' lang='lat' dir='ltr'><strong>utique</strong></span> <span class='ocrx_word' id='word_1_409' title='bbox 1703 4737 1786 4792; x_wconf 89' lang='lat' dir='ltr'><strong>di-</strong></span> 
     </span>
    </p>
   </div>
   <div class='ocr_carea' id='block_1_50' title="bbox 182 4828 1787 4914">
    <p class='ocr_par' dir='ltr' id='par_1_50' title="bbox 182 4828 1787 4914">
     <span class='ocr_line' id='line_1_50' title="bbox 182 4828 1787 4914; baseline -0.015 -7"><span class='ocrx_word' id='word_1_410' title='bbox 182 4852 485 4911; x_wconf 88' lang='lat' dir='ltr'><strong>lectione,</strong></span> <span class='ocrx_word' id='word_1_411' title='bbox 538 4845 703 4914; x_wconf 91' lang='lat' dir='ltr'><strong>ipsius</strong></span> <span class='ocrx_word' id='word_1_412' title='bbox 751 4838 1152 4902; x_wconf 80' lang='lat' dir='ltr'><strong>misericordia,</strong></span> <span class='ocrx_word' id='word_1_413' title='bbox 1207 4837 1371 4905; x_wconf 89' lang='lat' dir='ltr'><strong>ipsius</strong></span> <span class='ocrx_word' id='word_1_414' title='bbox 1418 4831 1603 4903; x_wconf 85' lang='lat' dir='ltr'><strong>gratia.</strong></span> <span class='ocrx_word' id='word_1_415' title='bbox 1655 4828 1787 4883; x_wconf 86' lang='lat' dir='ltr'><strong>Nam</strong></span> 
     </span>
    </p>
   </div>
   <div class='ocr_carea' id='block_1_51' title="bbox 174 4920 1789 5016">
    <p class='ocr_par' dir='ltr' id='par_1_51' title="bbox 174 4920 1789 5016">
     <span class='ocr_line' id='line_1_51' title="bbox 174 4920 1789 5016; baseline -0.016 -17"><span class='ocrx_word' id='word_1_416' title='bbox 174 4943 430 5016; x_wconf 84' lang='lat' dir='ltr'><strong>quando</strong></span> <span class='ocrx_word' id='word_1_417' title='bbox 474 4938 526 4992; x_wconf 89' lang='lat' dir='ltr'><strong>id</strong></span> <span class='ocrx_word' id='word_1_418' title='bbox 571 4944 786 5006; x_wconf 79' lang='lat' dir='ltr'><strong>possent</strong></span> <span class='ocrx_word' id='word_1_419' title='bbox 831 4949 860 4987; x_wconf 92' lang='lat' dir='ltr'><strong>a</strong></span> <span class='ocrx_word' id='word_1_420' title='bbox 909 4930 1136 5000; x_wconf 85' lang='lat' dir='ltr'><strong>seipsis?</strong></span> <span class='ocrx_word' id='word_1_421' title='bbox 1177 4928 1385 4984; x_wconf 87' lang='lat' dir='ltr'><strong>Etenim</strong></span> <span class='ocrx_word' id='word_1_422' title='bbox 1429 4940 1548 4980; x_wconf 89' lang='lat' dir='ltr'><strong>cum</strong></span> <span class='ocrx_word' id='word_1_423' title='bbox 1590 4920 1789 5016; x_wconf 72' lang='lat' dir='ltr'><strong>inimici</strong></span> 
     </span>
    </p>
   </div>
   <div class='ocr_carea' id='block_1_52' title="bbox 172 5009 1789 5093">
    <p class='ocr_par' dir='ltr' id='par_1_52' title="bbox 172 5009 1789 5093">
     <span class='ocr_line' id='line_1_52' title="bbox 172 5009 1789 5093; baseline -0.017 -3"><span class='ocrx_word' id='word_1_424' title='bbox 172 5009 498 5093; x_wconf 74' lang='lat' dir='ltr'><strong>essemus,</strong></span> <span class='ocrx_word' id='word_1_425' title='bbox 544 5024 866 5081; x_wconf 84' lang='lat' dir='ltr'><strong>reconciliati</strong></span> <span class='ocrx_word' id='word_1_426' title='bbox 912 5035 1095 5078; x_wconf 87' lang='lat' dir='ltr'><strong>sumus</strong></span> <span class='ocrx_word' id='word_1_427' title='bbox 1142 5019 1250 5074; x_wconf 89' lang='lat' dir='ltr'><strong>Deo</strong></span> <span class='ocrx_word' id='word_1_428' title='bbox 1296 5033 1390 5087; x_wconf 88' lang='lat' dir='ltr'><strong>per</strong></span> <span class='ocrx_word' id='word_1_429' title='bbox 1436 5021 1658 5069; x_wconf 91' lang='lat' dir='ltr'><strong>mortem</strong></span> <span class='ocrx_word' id='word_1_430' title='bbox 1696 5009 1789 5064; x_wconf 80' lang='lat' dir='ltr'><strong>Fi-</strong></span> 
     </span>
    </p>
   </div>
   <div class='ocr_carea' id='block_1_53' title="bbox 173 5101 1790 5194">
    <p class='ocr_par' dir='ltr' id='par_1_53' title="bbox 173 5101 1790 5194">
     <span class='ocr_line' id='line_1_53' title="bbox 173 5101 1790 5194; baseline -0.018 -12"><span class='ocrx_word' id='word_1_431' title='bbox 173 5128 232 5182; x_wconf 92' lang='lat' dir='ltr'><strong>lii</strong></span> <span class='ocrx_word' id='word_1_432' title='bbox 267 5125 416 5194; x_wconf 82' lang='lat' dir='ltr'><strong>ejus</strong></span> <span class='ocrx_word' id='word_1_433' title='bbox 473 5117 658 5189; x_wconf 82' lang='lat' dir='ltr'><strong>(Rom.</strong></span> <span class='ocrx_word' id='word_1_434' title='bbox 696 5131 728 5168; x_wconf 90' lang='lat' dir='ltr'><strong>v</strong></span> <span class='ocrx_word' id='word_1_435' title='bbox 753 5157 768 5180; x_wconf 94' lang='lat'><strong>,</strong></span> <span class='ocrx_word' id='word_1_436' title='bbox 814 5111 920 5184; x_wconf 65' lang='lat'><strong>10)</strong></span> <span class='ocrx_word' id='word_1_437' title='bbox 958 5130 971 5166; x_wconf 91' lang='lat'>:</span> <span class='ocrx_word' id='word_1_438' title='bbox 1003 5111 1069 5166; x_wconf 87' lang='lat' dir='ltr'><strong>ad</strong></span> <span class='ocrx_word' id='word_1_439' title='bbox 1099 5109 1198 5164; x_wconf 93' lang='lat' dir='ltr'><strong>hoc</strong></span> <span class='ocrx_word' id='word_1_440' title='bbox 1227 5116 1281 5164; x_wconf 91' lang='lat' dir='ltr'><strong>et</strong></span> <span class='ocrx_word' id='word_1_441' title='bbox 1310 5104 1515 5162; x_wconf 88' lang='lat' dir='ltr'><strong>Domini</strong></span> <span class='ocrx_word' id='word_1_442' title='bbox 1545 5102 1642 5157; x_wconf 86' lang='lat' dir='ltr'><strong>fuit</strong></span> <span class='ocrx_word' id='word_1_443' title='bbox 1669 5101 1790 5156; x_wconf 79' lang='lat' dir='ltr'><strong>exi-</strong></span> 
     </span>
    </p>
   </div>
   <div class='ocr_carea' id='block_1_54' title="bbox 175 5197 1071 5271">
    <p class='ocr_par' dir='ltr' id='par_1_54' title="bbox 175 5197 1071 5271">
     <span class='ocr_line' id='line_1_54' title="bbox 175 5197 1071 5271; baseline -0.017 0"><span class='ocrx_word' id='word_1_444' title='bbox 175 5228 270 5271; x_wconf 91' lang='lat' dir='ltr'><strong>tus</strong></span> <span class='ocrx_word' id='word_1_445' title='bbox 308 5210 543 5269; x_wconf 88' lang='lat' dir='ltr'><strong>mortis.</strong></span> <span class='ocrx_word' id='word_1_446' title='bbox 1070 5197 1071 5200; x_wconf 41' lang='grc'><em>“</em></span> 
     </span>
    </p>
   </div>
   <div class='ocr_carea' id='block_1_55' title="bbox 253 5284 1794 5374">
    <p class='ocr_par' dir='ltr' id='par_1_55' title="bbox 253 5284 1794 5374">
     <span class='ocr_line' id='line_1_55' title="bbox 253 5284 1794 5374; baseline -0.016 -15"><span class='ocrx_word' id='word_1_447' title='bbox 253 5307 364 5362; x_wconf 71' lang='grc'><strong>53.</strong></span> <span class='ocrx_word' id='word_1_448' title='bbox 410 5300 567 5374; x_wconf 87' lang='lat' dir='ltr'><strong>[vers.</strong></span> <span class='ocrx_word' id='word_1_449' title='bbox 599 5295 714 5370; x_wconf 68' lang='lat'><strong>25.]</strong></span> <span class='ocrx_word' id='word_1_450' title='bbox 752 5295 856 5351; x_wconf 84' lang='lat' dir='ltr'><strong>Visi</strong></span> <span class='ocrx_word' id='word_1_451' title='bbox 881 5302 995 5347; x_wconf 84' lang='lat' dir='ltr'><strong>sunt</strong></span> <span class='ocrx_word' id='word_1_452' title='bbox 1023 5307 1220 5362; x_wconf 81' lang='lat' dir='ltr'><strong>gressus</strong></span> <span class='ocrx_word' id='word_1_453' title='bbox 1245 5289 1352 5355; x_wconf 87' lang='lat' dir='ltr'><strong>tui,</strong></span> <span class='ocrx_word' id='word_1_454' title='bbox 1387 5286 1541 5340; x_wconf 80' lang='lat' dir='ltr'><strong>Deus.</strong></span> <span class='ocrx_word' id='word_1_455' title='bbox 1569 5284 1794 5340; x_wconf 87' lang='lat' dir='ltr'><strong>Gressus</strong></span> 
     </span>
    </p>
   </div>
   <div class='ocr_carea' id='block_1_56' title="bbox 173 5380 1796 5466">
    <p class='ocr_par' dir='ltr' id='par_1_56' title="bbox 173 5380 1796 5466">
     <span class='ocr_line' id='line_1_56' title="bbox 173 5380 1796 5466; baseline -0.014 -15"><span class='ocrx_word' id='word_1_456' title='bbox 173 5399 403 5466; x_wconf 74' lang='lat' dir='ltr'><strong>quibus</strong></span> <span class='ocrx_word' id='word_1_457' title='bbox 425 5391 619 5445; x_wconf 75' lang='lat' dir='ltr'><strong>venisti</strong></span> <span class='ocrx_word' id='word_1_458' title='bbox 647 5405 739 5457; x_wconf 88' lang='lat' dir='ltr'><strong>per</strong></span> <span class='ocrx_word' id='word_1_459' title='bbox 763 5386 1034 5449; x_wconf 88' lang='lat' dir='ltr'><strong>mundum,</strong></span> <span class='ocrx_word' id='word_1_460' title='bbox 1057 5392 1301 5452; x_wconf 81' lang='lat' dir='ltr'><strong>tauquam</strong></span> <span class='ocrx_word' id='word_1_461' title='bbox 1320 5383 1370 5435; x_wconf 87' lang='lat' dir='ltr'><strong>in</strong></span> <span class='ocrx_word' id='word_1_462' title='bbox 1392 5380 1483 5434; x_wconf 89' lang='lat' dir='ltr'><strong>illo</strong></span> <span class='ocrx_word' id='word_1_463' title='bbox 1500 5393 1656 5432; x_wconf 83' lang='lat' dir='ltr'><strong>curru</strong></span> <span class='ocrx_word' id='word_1_464' title='bbox 1675 5392 1796 5445; x_wconf 85' lang='lat' dir='ltr'><strong>per-</strong></span> 
     </span>
    </p>
   </div>
   <div class='ocr_carea' id='block_1_57' title="bbox 173 5467 1795 5556">
    <p class='ocr_par' dir='ltr' id='par_1_57' title="bbox 173 5467 1795 5556">
     <span class='ocr_line' id='line_1_57' title="bbox 173 5467 1795 5556; baseline -0.013 -15"><span class='ocrx_word' id='word_1_465' title='bbox 173 5495 504 5556; x_wconf 81' lang='lat' dir='ltr'><strong>agrawrns</strong></span> <span class='ocrx_word' id='word_1_466' title='bbox 557 5480 738 5534; x_wconf 89' lang='lat' dir='ltr'><strong>orbem</strong></span> <span class='ocrx_word' id='word_1_467' title='bbox 783 5488 1074 5540; x_wconf 84' lang='lat' dir='ltr'><strong>terrarum;</strong></span> <span class='ocrx_word' id='word_1_468' title='bbox 1107 5487 1238 5544; x_wconf 88' lang='lat' dir='ltr'><strong>quos</strong></span> <span class='ocrx_word' id='word_1_469' title='bbox 1265 5482 1318 5526; x_wconf 93' lang='lat' dir='ltr'><strong>et</strong></span> <span class='ocrx_word' id='word_1_470' title='bbox 1344 5470 1511 5526; x_wconf 87' lang='lat' dir='ltr'><strong>nubes</strong></span> <span class='ocrx_word' id='word_1_471' title='bbox 1538 5471 1589 5522; x_wconf 90' lang='lat' dir='ltr'><strong>in</strong></span> <span class='ocrx_word' id='word_1_472' title='bbox 1617 5467 1795 5522; x_wconf 82' lang='lat' dir='ltr'><strong>Evan-</strong></span> 
     </span>
    </p>
   </div>
   <div class='ocr_carea' id='block_1_58' title="bbox 169 5559 1798 5649">
    <p class='ocr_par' dir='ltr' id='par_1_58' title="bbox 169 5559 1798 5649">
     <span class='ocr_line' id='line_1_58' title="bbox 169 5559 1798 5649; baseline -0.015 -15"><span class='ocrx_word' id='word_1_473' title='bbox 169 5579 339 5649; x_wconf 76' lang='lat' dir='ltr'><strong>gelia</strong></span> <span class='ocrx_word' id='word_1_474' title='bbox 373 5581 604 5630; x_wconf 86' lang='lat' dir='ltr'><strong>sanctos</strong></span> <span class='ocrx_word' id='word_1_475' title='bbox 629 5581 682 5626; x_wconf 93' lang='lat' dir='ltr'><strong>et</strong></span> <span class='ocrx_word' id='word_1_476' title='bbox 706 5569 890 5623; x_wconf 88' lang='lat' dir='ltr'><strong>ﬁdeles</strong></span> <span class='ocrx_word' id='word_1_477' title='bbox 909 5581 1033 5645; x_wconf 85' lang='lat' dir='ltr'><strong>suos</strong></span> <span class='ocrx_word' id='word_1_478' title='bbox 1058 5563 1346 5636; x_wconf 84' lang='lat' dir='ltr'><strong>signiﬁcat,</strong></span> <span class='ocrx_word' id='word_1_479' title='bbox 1378 5561 1465 5616; x_wconf 86' lang='lat' dir='ltr'><strong>ubi</strong></span> <span class='ocrx_word' id='word_1_480' title='bbox 1494 5561 1570 5615; x_wconf 87' lang='lat' dir='ltr'><strong>ait</strong></span> <span class='ocrx_word' id='word_1_481' title='bbox 1599 5576 1612 5614; x_wconf 90' lang='lat'>:</span> <span class='ocrx_word' id='word_1_482' title='bbox 1644 5559 1798 5612; x_wconf 83' lang='lat' dir='ltr'><strong>Amo-</strong></span> 
     </span>
    </p>
   </div>
   <div class='ocr_carea' id='block_1_59' title="bbox 243 5711 1794 5826">
    <p class='ocr_par' dir='ltr' id='par_1_59' title="bbox 243 5711 1794 5826">
     <span class='ocr_line' id='line_1_59' title="bbox 243 5711 1794 5826; baseline -0.01 -47"><span class='ocrx_word' id='word_1_483' title='bbox 243 5733 291 5826; x_wconf 51' lang='grc' dir='ltr'><strong>τ’</strong></span> <span class='ocrx_word' id='word_1_484' title='bbox 309 5738 442 5780; x_wconf 73' lang='lat' dir='ltr'><strong>uss.</strong></span> <span class='ocrx_word' id='word_1_485' title='bbox 487 5725 712 5789; x_wconf 80' lang='lat' dir='ltr'><strong>plerique</strong></span> <span class='ocrx_word' id='word_1_486' title='bbox 735 5724 973 5784; x_wconf 85' lang='lat' dir='ltr'><strong>omitttmt,</strong></span> <span class='ocrx_word' id='word_1_487' title='bbox 1000 5719 1084 5772; x_wconf 87' lang='lat' dir='ltr'><strong>diu</strong></span> <span class='ocrx_word' id='word_1_488' title='bbox 1116 5732 1140 5772; x_wconf 89' lang='lat'><strong><em>:</em></strong></span> <span class='ocrx_word' id='word_1_489' title='bbox 1171 5727 1224 5771; x_wconf 88' lang='lat' dir='ltr'><strong>et</strong></span> <span class='ocrx_word' id='word_1_490' title='bbox 1259 5717 1450 5795; x_wconf 78' lang='lat' dir='ltr'><strong>quidam</strong></span> <span class='ocrx_word' id='word_1_491' title='bbox 1481 5715 1680 5778; x_wconf 84' lang='lat' dir='ltr'><strong>habent,</strong></span> <span class='ocrx_word' id='word_1_492' title='bbox 1720 5711 1794 5764; x_wconf 86' lang='lat' dir='ltr'><strong>di-</strong></span> 
     </span>
    </p>
   </div>
   <div class='ocr_carea' id='block_1_60' title="bbox 170 5805 376 5842">
    <p class='ocr_par' dir='ltr' id='par_1_60' title="bbox 170 5805 376 5842">
     <span class='ocr_line' id='line_1_60' title="bbox 170 5805 376 5842; baseline -0.019 1"><span class='ocrx_word' id='word_1_493' title='bbox 170 5805 376 5842; x_wconf 68' lang='grc' dir='ltr'><strong>ατηεεε.</strong></span> 
     </span>
    </p>
   </div>
   <div class='ocr_carea' id='block_1_61' title="bbox 1253 335 2344 423">
    <p class='ocr_par' dir='ltr' id='par_1_61' title="bbox 1253 335 2344 423">
     <span class='ocr_line' id='line_1_61' title="bbox 1253 335 2344 423; baseline -0.005 -26"><span class='ocrx_word' id='word_1_494' title='bbox 1253 337 1645 397; x_wconf 77' lang='lat' dir='ltr'><strong>ENARRATIO</strong></span> <span class='ocrx_word' id='word_1_495' title='bbox 1681 335 1748 392; x_wconf 80' lang='lat' dir='ltr'><strong>IN</strong></span> <span class='ocrx_word' id='word_1_496' title='bbox 1777 336 2101 423; x_wconf 71' lang='lat' dir='ltr'><strong>I’SALMUM</strong></span> <span class='ocrx_word' id='word_1_497' title='bbox 2138 339 2344 394; x_wconf 80' lang='lat' dir='ltr'><strong>LXVII.</strong></span> 
     </span>
    </p>
   </div>
   <div class='ocr_carea' id='block_1_62' title="bbox 3335 348 3441 406">
    <p class='ocr_par' dir='ltr' id='par_1_62' title="bbox 3335 348 3441 406">
     <span class='ocr_line' id='line_1_62' title="bbox 3335 348 3441 406; baseline 0.009 -1"><span class='ocrx_word' id='word_1_498' title='bbox 3335 348 3441 406; x_wconf 57' lang='grc' dir='ltr'><strong>εἶμι</strong></span> 
     </span>
    </p>
   </div>
   <div class='ocr_carea' id='block_1_63' title="bbox 1879 446 3440 530">
    <p class='ocr_par' dir='ltr' id='par_1_63' title="bbox 1879 446 3440 530">
     <span class='ocr_line' id='line_1_63' title="bbox 1879 446 3440 530; baseline 0.011 -31"><span class='ocrx_word' id='word_1_499' title='bbox 1879 446 1944 500; x_wconf 86' lang='lat' dir='ltr'><strong>do</strong></span> <span class='ocrx_word' id='word_1_500' title='bbox 1967 448 2190 502; x_wconf 81' lang='lat' dir='ltr'><strong>videbitis</strong></span> <span class='ocrx_word' id='word_1_501' title='bbox 2206 448 2253 502; x_wconf 86' lang='lat' dir='ltr'><strong><em>F</em></strong></span> <span class='ocrx_word' id='word_1_502' title='bbox 2253 450 2393 504; x_wconf 85' lang='lat' dir='ltr'><strong>ilium</strong></span> <span class='ocrx_word' id='word_1_503' title='bbox 2417 450 2630 506; x_wconf 82' lang='lat' dir='ltr'><strong>hominis</strong></span> <span class='ocrx_word' id='word_1_504' title='bbox 2645 451 2914 506; x_wconf 84' lang='lat' dir='ltr'><strong>venientem</strong></span> <span class='ocrx_word' id='word_1_505' title='bbox 2935 454 2986 508; x_wconf 91' lang='lat' dir='ltr'><strong>in</strong></span> <span class='ocrx_word' id='word_1_506' title='bbox 3003 456 3212 512; x_wconf 83' lang='lat' dir='ltr'><strong>nubibus</strong></span> <span class='ocrx_word' id='word_1_507' title='bbox 3228 459 3440 530; x_wconf 80' lang='lat' dir='ltr'><strong>(.Ilatth.</strong></span> 
     </span>
    </p>
   </div>
   <div class='ocr_carea' id='block_1_64' title="bbox 1877 540 3443 614">
    <p class='ocr_par' dir='ltr' id='par_1_64' title="bbox 1877 540 3443 614">
     <span class='ocr_line' id='line_1_64' title="bbox 1877 540 3443 614; baseline 0.01 -22"><span class='ocrx_word' id='word_1_508' title='bbox 1877 555 1998 593; x_wconf 74' lang='lat' dir='ltr'><strong>XXVI</strong></span> <span class='ocrx_word' id='word_1_509' title='bbox 2017 581 2032 606; x_wconf 96' lang='lat'><strong>,</strong></span> <span class='ocrx_word' id='word_1_510' title='bbox 2063 541 2130 595; x_wconf 68' lang='grc'><strong>64</strong></span> <span class='ocrx_word' id='word_1_511' title='bbox 2149 582 2164 607; x_wconf 93' lang='grc'><strong>,</strong></span> <span class='ocrx_word' id='word_1_512' title='bbox 2193 551 2239 594; x_wconf 86' lang='lat' dir='ltr'><strong>et</strong></span> <span class='ocrx_word' id='word_1_513' title='bbox 2266 540 2428 595; x_wconf 84' lang='lat' dir='ltr'><strong>Marc.</strong></span> <span class='ocrx_word' id='word_1_514' title='bbox 2458 558 2548 596; x_wconf 77' lang='lat' dir='ltr'><strong>xm</strong></span> <span class='ocrx_word' id='word_1_515' title='bbox 2569 582 2584 608; x_wconf 96' lang='lat'><strong>,</strong></span> <span class='ocrx_word' id='word_1_516' title='bbox 2612 542 2723 614; x_wconf 75' lang='lat'><strong>26).</strong></span> <span class='ocrx_word' id='word_1_517' title='bbox 2754 543 2984 614; x_wconf 77' lang='lat' dir='ltr'><strong>Excepto</strong></span> <span class='ocrx_word' id='word_1_518' title='bbox 3011 545 3100 601; x_wconf 90' lang='lat' dir='ltr'><strong>illo</strong></span> <span class='ocrx_word' id='word_1_519' title='bbox 3131 548 3358 605; x_wconf 80' lang='lat' dir='ltr'><strong>adventu</strong></span> <span class='ocrx_word' id='word_1_520' title='bbox 3389 553 3443 607; x_wconf 90' lang='lat' dir='ltr'><strong>iu</strong></span> 
     </span>
    </p>
   </div>
   <div class='ocr_carea' id='block_1_65' title="bbox 1877 631 3440 711">
    <p class='ocr_par' dir='ltr' id='par_1_65' title="bbox 1877 631 3440 711">
     <span class='ocr_line' id='line_1_65' title="bbox 1877 631 3440 711; baseline 0.01 -29"><span class='ocrx_word' id='word_1_521' title='bbox 1877 643 1983 699; x_wconf 89' lang='lat' dir='ltr'><strong>quo</strong></span> <span class='ocrx_word' id='word_1_522' title='bbox 2007 631 2105 684; x_wconf 89' lang='lat' dir='ltr'><strong>erit</strong></span> <span class='ocrx_word' id='word_1_523' title='bbox 2125 631 2288 698; x_wconf 82' lang='lat' dir='ltr'><strong>judex</strong></span> <span class='ocrx_word' id='word_1_524' title='bbox 2313 633 2548 688; x_wconf 82' lang='lat' dir='ltr'><strong>vivorum</strong></span> <span class='ocrx_word' id='word_1_525' title='bbox 2576 642 2733 704; x_wconf 83' lang='lat' dir='ltr'><strong>atque</strong></span> <span class='ocrx_word' id='word_1_526' title='bbox 2759 647 3084 691; x_wconf 88' lang='lat' dir='ltr'><strong>mortuorum</strong></span> <span class='ocrx_word' id='word_1_527' title='bbox 3110 639 3170 708; x_wconf 90' lang='lat' dir='ltr'><strong>(lt</strong></span> <span class='ocrx_word' id='word_1_528' title='bbox 3200 639 3334 696; x_wconf 84' lang='lat' dir='ltr'><strong>Tim.</strong></span> <span class='ocrx_word' id='word_1_529' title='bbox 3368 659 3440 711; x_wconf 80' lang='lat' dir='ltr'><strong>tv,</strong></span> 
     </span>
    </p>
   </div>
   <div class='ocr_carea' id='block_1_66' title="bbox 1880 720 3528 792">
    <p class='ocr_par' dir='ltr' id='par_1_66' title="bbox 1880 720 3528 792">
     <span class='ocr_line' id='line_1_66' title="bbox 1880 720 3528 792; baseline 0.008 -21"><span class='ocrx_word' id='word_1_530' title='bbox 1880 721 1968 789; x_wconf 72' lang='lat'><strong>1);</strong></span> <span class='ocrx_word' id='word_1_531' title='bbox 2000 720 2210 786; x_wconf 82' lang='lat' dir='ltr'><strong>Amodo,</strong></span> <span class='ocrx_word' id='word_1_532' title='bbox 2241 721 2428 792; x_wconf 85' lang='lat' dir='ltr'><strong>inquit,</strong></span> <span class='ocrx_word' id='word_1_533' title='bbox 2458 723 2680 778; x_wconf 66' lang='lat' dir='ltr'><strong>videbitis</strong></span> <span class='ocrx_word' id='word_1_534' title='bbox 2711 724 2901 778; x_wconf 84' lang='lat' dir='ltr'><strong>Filium</strong></span> <span class='ocrx_word' id='word_1_535' title='bbox 2930 727 3145 782; x_wconf 75' lang='lat' dir='ltr'><strong>hominis</strong></span> <span class='ocrx_word' id='word_1_536' title='bbox 3175 731 3444 785; x_wconf 84' lang='lat' dir='ltr'><strong>venientem</strong></span> <span class='ocrx_word' id='word_1_537' title='bbox 3521 753 3528 762; x_wconf 74' lang='lat'>&#39;</span> 
     </span>
    </p>
   </div>
   <div class='ocr_carea' id='block_1_67' title="bbox 1879 810 3446 884">
    <p class='ocr_par' dir='ltr' id='par_1_67' title="bbox 1879 810 3446 884">
     <span class='ocr_line' id='line_1_67' title="bbox 1879 810 3446 884; baseline 0.01 -22"><span class='ocrx_word' id='word_1_538' title='bbox 1879 811 1928 862; x_wconf 89' lang='lat' dir='ltr'><strong>in</strong></span> <span class='ocrx_word' id='word_1_539' title='bbox 1955 810 2183 865; x_wconf 87' lang='lat' dir='ltr'><strong>nubibus.</strong></span> <span class='ocrx_word' id='word_1_540' title='bbox 2216 811 2286 865; x_wconf 79' lang='lat' dir='ltr'><strong>Ili</strong></span> <span class='ocrx_word' id='word_1_541' title='bbox 2308 830 2506 882; x_wconf 80' lang='lat' dir='ltr'><strong>gressus</strong></span> <span class='ocrx_word' id='word_1_542' title='bbox 2535 816 2605 867; x_wconf 87' lang='lat' dir='ltr'><strong>tui</strong></span> <span class='ocrx_word' id='word_1_543' title='bbox 2631 817 2721 870; x_wconf 85' lang='lat' dir='ltr'><strong>visi</strong></span> <span class='ocrx_word' id='word_1_544' title='bbox 2748 827 2880 880; x_wconf 83' lang='lat' dir='ltr'><strong>sunt.</strong></span> <span class='ocrx_word' id='word_1_545' title='bbox 2915 819 2964 872; x_wconf 91' lang='lat' dir='ltr'><strong>id</strong></span> <span class='ocrx_word' id='word_1_546' title='bbox 2996 829 3095 884; x_wconf 88' lang='lat' dir='ltr'><strong>cst,</strong></span> <span class='ocrx_word' id='word_1_547' title='bbox 3129 822 3446 878; x_wconf 87' lang='lat' dir='ltr'><strong>manifestati</strong></span> 
     </span>
    </p>
   </div>
   <div class='ocr_carea' id='block_1_68' title="bbox 1879 904 3444 974">
    <p class='ocr_par' dir='ltr' id='par_1_68' title="bbox 1879 904 3444 974">
     <span class='ocr_line' id='line_1_68' title="bbox 1879 904 3444 974; baseline 0.01 -20"><span class='ocrx_word' id='word_1_548' title='bbox 1879 910 2032 969; x_wconf 83' lang='lat' dir='ltr'><strong>sunt,</strong></span> <span class='ocrx_word' id='word_1_549' title='bbox 2065 904 2293 957; x_wconf 83' lang='lat' dir='ltr'><strong>revelata</strong></span> <span class='ocrx_word' id='word_1_550' title='bbox 2322 906 2486 974; x_wconf 85' lang='lat' dir='ltr'><strong>gratia</strong></span> <span class='ocrx_word' id='word_1_551' title='bbox 2517 907 2836 962; x_wconf 89' lang='lat' dir='ltr'><strong>Testamenti</strong></span> <span class='ocrx_word' id='word_1_552' title='bbox 2867 909 3000 964; x_wconf 86' lang='lat' dir='ltr'><strong>Novi</strong></span> <span class='ocrx_word' id='word_1_553' title='bbox 3033 929 3044 964; x_wconf 92' lang='lat'>:</span> <span class='ocrx_word' id='word_1_554' title='bbox 3080 912 3219 968; x_wconf 90' lang='lat' dir='ltr'><strong>unde</strong></span> <span class='ocrx_word' id='word_1_555' title='bbox 3247 913 3444 969; x_wconf 90' lang='lat' dir='ltr'><strong>dictum</strong></span> 
     </span>
    </p>
   </div>
   <div class='ocr_carea' id='block_1_69' title="bbox 1878 994 3440 1073">
    <p class='ocr_par' dir='ltr' id='par_1_69' title="bbox 1878 994 3440 1073">
     <span class='ocr_line' id='line_1_69' title="bbox 1878 994 3440 1073; baseline 0.008 -27"><span class='ocrx_word' id='word_1_556' title='bbox 1878 1003 1975 1056; x_wconf 88' lang='lat' dir='ltr'><strong>est,</strong></span> <span class='ocrx_word' id='word_1_557' title='bbox 2015 994 2177 1060; x_wconf 85' lang='lat' dir='ltr'><strong>Quam</strong></span> <span class='ocrx_word' id='word_1_558' title='bbox 2203 996 2412 1066; x_wconf 82' lang='lat' dir='ltr'><strong>speciosi</strong></span> <span class='ocrx_word' id='word_1_559' title='bbox 2436 997 2583 1066; x_wconf 80' lang='lat' dir='ltr'><strong>pedes</strong></span> <span class='ocrx_word' id='word_1_560' title='bbox 2610 1015 2781 1051; x_wconf 88' lang='lat' dir='ltr'><strong>eorum</strong></span> <span class='ocrx_word' id='word_1_561' title='bbox 2807 1001 2895 1069; x_wconf 84' lang='lat' dir='ltr'><strong>qui</strong></span> <span class='ocrx_word' id='word_1_562' title='bbox 2920 1004 3216 1056; x_wconf 84' lang='lat' dir='ltr'><strong>annuntiant</strong></span> <span class='ocrx_word' id='word_1_563' title='bbox 3248 1021 3440 1073; x_wconf 86' lang='lat' dir='ltr'><strong>pacem.</strong></span> 
     </span>
    </p>
   </div>
   <div class='ocr_carea' id='block_1_70' title="bbox 1878 1085 3444 1166">
    <p class='ocr_par' dir='ltr' id='par_1_70' title="bbox 1878 1085 3444 1166">
     <span class='ocr_line' id='line_1_70' title="bbox 1878 1085 3444 1166; baseline 0.01 -31"><span class='ocrx_word' id='word_1_564' title='bbox 1878 1085 1962 1154; x_wconf 82' lang='lat' dir='ltr'><strong>qui</strong></span> <span class='ocrx_word' id='word_1_565' title='bbox 2002 1087 2302 1138; x_wconf 87' lang='lat' dir='ltr'><strong>annnntiant</strong></span> <span class='ocrx_word' id='word_1_566' title='bbox 2331 1087 2458 1140; x_wconf 87' lang='lat' dir='ltr'><strong>bona</strong></span> <span class='ocrx_word' id='word_1_567' title='bbox 2493 1086 2662 1158; x_wconf 81' lang='lat' dir='ltr'><strong>(Rom.</strong></span> <span class='ocrx_word' id='word_1_568' title='bbox 2693 1105 2727 1142; x_wconf 69' lang='grc' dir='ltr'><strong>Χ</strong></span> <span class='ocrx_word' id='word_1_569' title='bbox 2747 1130 2762 1154; x_wconf 89' lang='grc'><strong>,</strong></span> <span class='ocrx_word' id='word_1_570' title='bbox 2795 1092 2916 1159; x_wconf 76' lang='lat' dir='ltr'><strong>i5)!</strong></span> <span class='ocrx_word' id='word_1_571' title='bbox 2953 1093 3073 1146; x_wconf 69' lang='lat' dir='ltr'><strong>Ilazc</strong></span> <span class='ocrx_word' id='word_1_572' title='bbox 3116 1096 3254 1149; x_wconf 89' lang='lat' dir='ltr'><strong>enim</strong></span> <span class='ocrx_word' id='word_1_573' title='bbox 3283 1099 3444 1166; x_wconf 86' lang='lat' dir='ltr'><strong>gratia</strong></span> 
     </span>
    </p>
   </div>
   <div class='ocr_carea' id='block_1_71' title="bbox 1880 1175 3446 1245">
    <p class='ocr_par' dir='ltr' id='par_1_71' title="bbox 1880 1175 3446 1245">
     <span class='ocr_line' id='line_1_71' title="bbox 1880 1175 3446 1245; baseline 0.01 -19"><span class='ocrx_word' id='word_1_574' title='bbox 1880 1183 1934 1226; x_wconf 88' lang='lat' dir='ltr'><strong>et</strong></span> <span class='ocrx_word' id='word_1_575' title='bbox 1974 1175 2057 1228; x_wconf 91' lang='lat' dir='ltr'><strong>isti</strong></span> <span class='ocrx_word' id='word_1_576' title='bbox 2102 1191 2314 1245; x_wconf 87' lang='lat' dir='ltr'><strong>gressus</strong></span> <span class='ocrx_word' id='word_1_577' title='bbox 2355 1177 2584 1231; x_wconf 89' lang='lat' dir='ltr'><strong>latebant</strong></span> <span class='ocrx_word' id='word_1_578' title='bbox 2616 1179 2664 1232; x_wconf 91' lang='lat' dir='ltr'><strong>in</strong></span> <span class='ocrx_word' id='word_1_579' title='bbox 2695 1179 2886 1235; x_wconf 70' lang='lat' dir='ltr'><strong>Vetere</strong></span> <span class='ocrx_word' id='word_1_580' title='bbox 2911 1181 3248 1239; x_wconf 88' lang='lat' dir='ltr'><strong>Testamento</strong></span> <span class='ocrx_word' id='word_1_581' title='bbox 3280 1202 3292 1238; x_wconf 93' lang='lat'><strong>:</strong></span> <span class='ocrx_word' id='word_1_582' title='bbox 3325 1202 3446 1241; x_wconf 86' lang='lat' dir='ltr'><strong>cum</strong></span> 
     </span>
    </p>
   </div>
   <div class='ocr_carea' id='block_1_72' title="bbox 1880 1267 3449 1341">
    <p class='ocr_par' dir='ltr' id='par_1_72' title="bbox 1880 1267 3449 1341">
     <span class='ocr_line' id='line_1_72' title="bbox 1880 1267 3449 1341; baseline 0.011 -25"><span class='ocrx_word' id='word_1_583' title='bbox 1880 1273 2054 1318; x_wconf 89' lang='lat' dir='ltr'><strong>autem</strong></span> <span class='ocrx_word' id='word_1_584' title='bbox 2083 1267 2224 1320; x_wconf 82' lang='lat' dir='ltr'><strong>venit</strong></span> <span class='ocrx_word' id='word_1_585' title='bbox 2242 1268 2516 1335; x_wconf 88' lang='lat' dir='ltr'><strong>plenitudo</strong></span> <span class='ocrx_word' id='word_1_586' title='bbox 2537 1270 2792 1338; x_wconf 88' lang='lat' dir='ltr'><strong>temporis</strong></span> <span class='ocrx_word' id='word_1_587' title='bbox 2814 1311 2829 1336; x_wconf 95' lang='lat'><strong>,</strong></span> <span class='ocrx_word' id='word_1_588' title='bbox 2862 1281 2913 1325; x_wconf 90' lang='lat' dir='ltr'><strong>et</strong></span> <span class='ocrx_word' id='word_1_589' title='bbox 2940 1273 3132 1341; x_wconf 88' lang='lat' dir='ltr'><strong>placuit</strong></span> <span class='ocrx_word' id='word_1_590' title='bbox 3152 1275 3262 1330; x_wconf 93' lang='lat' dir='ltr'><strong>Deo</strong></span> <span class='ocrx_word' id='word_1_591' title='bbox 3291 1293 3449 1332; x_wconf 85' lang='lat' dir='ltr'><strong>reve-</strong></span> 
     </span>
    </p>
   </div>
   <div class='ocr_carea' id='block_1_73' title="bbox 1881 1356 3446 1439">
    <p class='ocr_par' dir='ltr' id='par_1_73' title="bbox 1881 1356 3446 1439">
     <span class='ocr_line' id='line_1_73' title="bbox 1881 1356 3446 1439; baseline 0.009 -31"><span class='ocrx_word' id='word_1_592' title='bbox 1881 1356 1990 1410; x_wconf 89' lang='lat' dir='ltr'><strong>lare</strong></span> <span class='ocrx_word' id='word_1_593' title='bbox 2018 1357 2206 1410; x_wconf 85' lang='lat' dir='ltr'><strong>Filium</strong></span> <span class='ocrx_word' id='word_1_594' title='bbox 2235 1375 2387 1418; x_wconf 88' lang='lat' dir='ltr'><strong>suum</strong></span> <span class='ocrx_word' id='word_1_595' title='bbox 2411 1402 2426 1425; x_wconf 94' lang='lat'><strong>,</strong></span> <span class='ocrx_word' id='word_1_596' title='bbox 2456 1371 2510 1413; x_wconf 91' lang='lat' dir='ltr'><strong>ut</strong></span> <span class='ocrx_word' id='word_1_597' title='bbox 2534 1363 2931 1416; x_wconf 84' lang='lat' dir='ltr'><strong>annuntiaretur</strong></span> <span class='ocrx_word' id='word_1_598' title='bbox 2957 1364 3007 1416; x_wconf 93' lang='lat' dir='ltr'><strong>in</strong></span> <span class='ocrx_word' id='word_1_599' title='bbox 3037 1367 3282 1435; x_wconf 87' lang='lat' dir='ltr'><strong>gentibus</strong></span> <span class='ocrx_word' id='word_1_600' title='bbox 3305 1367 3446 1439; x_wconf 84' lang='lat' dir='ltr'><strong>(Gal.</strong></span> 
     </span>
    </p>
   </div>
   <div class='ocr_carea' id='block_1_74' title="bbox 1883 1446 3446 1526">
    <p class='ocr_par' dir='ltr' id='par_1_74' title="bbox 1883 1446 3446 1526">
     <span class='ocr_line' id='line_1_74' title="bbox 1883 1446 3446 1526; baseline 0.007 -25"><span class='ocrx_word' id='word_1_601' title='bbox 1883 1462 1935 1501; x_wconf 87' lang='lat' dir='ltr'><strong>tv</strong></span> <span class='ocrx_word' id='word_1_602' title='bbox 1954 1487 1969 1512; x_wconf 94' lang='lat'><strong>,</strong></span> <span class='ocrx_word' id='word_1_603' title='bbox 2001 1446 2056 1517; x_wconf 71' lang='grc' dir='ltr'><strong>ιί)</strong></span> <span class='ocrx_word' id='word_1_604' title='bbox 2078 1491 2090 1510; x_wconf 88' lang='grc'><strong>,</strong></span> <span class='ocrx_word' id='word_1_605' title='bbox 2121 1449 2212 1503; x_wconf 83' lang='lat' dir='ltr'><strong>visi</strong></span> <span class='ocrx_word' id='word_1_606' title='bbox 2251 1461 2365 1503; x_wconf 88' lang='lat' dir='ltr'><strong>sunt</strong></span> <span class='ocrx_word' id='word_1_607' title='bbox 2393 1468 2590 1520; x_wconf 81' lang='lat' dir='ltr'><strong>gressus</strong></span> <span class='ocrx_word' id='word_1_608' title='bbox 2621 1453 2725 1516; x_wconf 87' lang='lat' dir='ltr'><strong>tui,</strong></span> <span class='ocrx_word' id='word_1_609' title='bbox 2761 1453 2932 1519; x_wconf 86' lang='lat' dir='ltr'><strong>Deus;</strong></span> <span class='ocrx_word' id='word_1_610' title='bbox 2958 1473 3156 1526; x_wconf 85' lang='lat' dir='ltr'><strong>gressus</strong></span> <span class='ocrx_word' id='word_1_611' title='bbox 3185 1458 3276 1512; x_wconf 83' lang='lat' dir='ltr'><strong>Dei</strong></span> <span class='ocrx_word' id='word_1_612' title='bbox 3313 1461 3409 1513; x_wconf 86' lang='lat' dir='ltr'><strong>mei</strong></span> <span class='ocrx_word' id='word_1_613' title='bbox 3430 1499 3446 1522; x_wconf 91' lang='lat'><strong>,</strong></span> 
     </span>
    </p>
   </div>
   <div class='ocr_carea' id='block_1_75' title="bbox 1882 1537 3450 1618">
    <p class='ocr_par' dir='ltr' id='par_1_75' title="bbox 1882 1537 3450 1618">
     <span class='ocr_line' id='line_1_75' title="bbox 1882 1537 3450 1618; baseline 0.008 -29"><span class='ocrx_word' id='word_1_614' title='bbox 1882 1537 2012 1606; x_wconf 83' lang='lat' dir='ltr'><strong>regis</strong></span> <span class='ocrx_word' id='word_1_615' title='bbox 2034 1538 2050 1568; x_wconf 86' lang='grc'>¹</span> <span class='ocrx_word' id='word_1_616' title='bbox 2081 1539 2166 1605; x_wconf 83' lang='lat' dir='ltr'><strong>qui</strong></span> <span class='ocrx_word' id='word_1_617' title='bbox 2188 1550 2256 1593; x_wconf 88' lang='lat' dir='ltr'><strong>est</strong></span> <span class='ocrx_word' id='word_1_618' title='bbox 2285 1540 2337 1592; x_wconf 89' lang='lat' dir='ltr'><strong>in</strong></span> <span class='ocrx_word' id='word_1_619' title='bbox 2371 1550 2566 1594; x_wconf 82' lang='lat' dir='ltr'><strong>sancto.</strong></span> <span class='ocrx_word' id='word_1_620' title='bbox 2598 1541 2651 1594; x_wconf 88' lang='lat' dir='ltr'><strong>In</strong></span> <span class='ocrx_word' id='word_1_621' title='bbox 2677 1557 2779 1610; x_wconf 92' lang='lat' dir='ltr'><strong>quo</strong></span> <span class='ocrx_word' id='word_1_622' title='bbox 2811 1553 2981 1596; x_wconf 85' lang='lat' dir='ltr'><strong>sancto</strong></span> <span class='ocrx_word' id='word_1_623' title='bbox 3001 1586 3014 1609; x_wconf 96' lang='lat'><strong>,</strong></span> <span class='ocrx_word' id='word_1_624' title='bbox 3050 1546 3146 1599; x_wconf 88' lang='lat' dir='ltr'><strong>nisi</strong></span> <span class='ocrx_word' id='word_1_625' title='bbox 3174 1547 3225 1600; x_wconf 92' lang='lat' dir='ltr'><strong>in</strong></span> <span class='ocrx_word' id='word_1_626' title='bbox 3256 1551 3450 1618; x_wconf 88' lang='lat' dir='ltr'><strong>templo</strong></span> 
     </span>
    </p>
   </div>
   <div class='ocr_carea' id='block_1_76' title="bbox 1883 1629 3452 1708">
    <p class='ocr_par' dir='ltr' id='par_1_76' title="bbox 1883 1629 3452 1708">
     <span class='ocr_line' id='line_1_76' title="bbox 1883 1629 3452 1708; baseline 0.008 -26"><span class='ocrx_word' id='word_1_627' title='bbox 1883 1630 2020 1684; x_wconf 85' lang='lat' dir='ltr'><strong>suo?</strong></span> <span class='ocrx_word' id='word_1_628' title='bbox 2051 1629 2307 1702; x_wconf 84' lang='lat' dir='ltr'><strong>Templum</strong></span> <span class='ocrx_word' id='word_1_629' title='bbox 2335 1633 2463 1685; x_wconf 89' lang='lat' dir='ltr'><strong>enim</strong></span> <span class='ocrx_word' id='word_1_630' title='bbox 2488 1631 2582 1686; x_wconf 88' lang='lat' dir='ltr'><strong>Dei</strong></span> <span class='ocrx_word' id='word_1_631' title='bbox 2610 1644 2832 1687; x_wconf 85' lang='lat' dir='ltr'><strong>sanctum</strong></span> <span class='ocrx_word' id='word_1_632' title='bbox 2862 1644 2952 1702; x_wconf 89' lang='lat' dir='ltr'><strong>est,</strong></span> <span class='ocrx_word' id='word_1_633' title='bbox 2976 1636 3163 1706; x_wconf 87' lang='lat' dir='ltr'><strong>inquit,</strong></span> <span class='ocrx_word' id='word_1_634' title='bbox 3187 1639 3319 1708; x_wconf 85' lang='lat' dir='ltr'><strong>quod</strong></span> <span class='ocrx_word' id='word_1_635' title='bbox 3339 1641 3452 1694; x_wconf 79' lang='lat' dir='ltr'><strong>estis</strong></span> 
     </span>
    </p>
   </div>
   <div class='ocr_carea' id='block_1_77' title="bbox 1884 1721 2445 1795">
    <p class='ocr_par' dir='ltr' id='par_1_77' title="bbox 1884 1721 2445 1795">
     <span class='ocr_line' id='line_1_77' title="bbox 1884 1721 2445 1795; baseline 0.007 -21"><span class='ocrx_word' id='word_1_636' title='bbox 1884 1737 1968 1775; x_wconf 84' lang='lat' dir='ltr'><strong>vos</strong></span> <span class='ocrx_word' id='word_1_637' title='bbox 2000 1721 2040 1790; x_wconf 88' lang='grc' dir='ltr'><strong>(Ι</strong></span> <span class='ocrx_word' id='word_1_638' title='bbox 2066 1722 2181 1778; x_wconf 90' lang='lat' dir='ltr'><strong>Cor.</strong></span> <span class='ocrx_word' id='word_1_639' title='bbox 2215 1740 2301 1788; x_wconf 91' lang='grc' dir='ltr'>ιιι,</span> <span class='ocrx_word' id='word_1_640' title='bbox 2335 1723 2445 1795; x_wconf 80' lang='grc'><strong>17).</strong></span> 
     </span>
    </p>
   </div>
   <div class='ocr_carea' id='block_1_78' title="bbox 1955 1814 3451 1900">
    <p class='ocr_par' dir='ltr' id='par_1_78' title="bbox 1955 1814 3451 1900">
     <span class='ocr_line' id='line_1_78' title="bbox 1955 1814 3451 1900; baseline 0.005 -31"><span class='ocrx_word' id='word_1_641' title='bbox 1955 1814 2042 1869; x_wconf 77' lang='grc'><strong>54.</strong></span> <span class='ocrx_word' id='word_1_642' title='bbox 2075 1814 2225 1900; x_wconf 79' lang='lat' dir='ltr'><strong>[vers.</strong></span> <span class='ocrx_word' id='word_1_643' title='bbox 2256 1814 2372 1888; x_wconf 78' lang='lat'><strong>26.]</strong></span> <span class='ocrx_word' id='word_1_644' title='bbox 2405 1816 2470 1871; x_wconf 92' lang='lat' dir='ltr'><strong>Ut</strong></span> <span class='ocrx_word' id='word_1_645' title='bbox 2516 1825 2689 1871; x_wconf 90' lang='lat' dir='ltr'><strong>autem</strong></span> <span class='ocrx_word' id='word_1_646' title='bbox 2737 1832 2948 1887; x_wconf 89' lang='lat' dir='ltr'><strong>gressus</strong></span> <span class='ocrx_word' id='word_1_647' title='bbox 2992 1819 3076 1872; x_wconf 89' lang='lat' dir='ltr'><strong>isti</strong></span> <span class='ocrx_word' id='word_1_648' title='bbox 3108 1820 3451 1890; x_wconf 78' lang='lat' dir='ltr'><strong>viderentur,</strong></span> 
     </span>
    </p>
   </div>
   <div class='ocr_carea' id='block_1_79' title="bbox 1887 1904 3453 1979">
    <p class='ocr_par' dir='ltr' id='par_1_79' title="bbox 1887 1904 3453 1979">
     <span class='ocr_line' id='line_1_79' title="bbox 1887 1904 3453 1979; baseline 0.004 -19"><span class='ocrx_word' id='word_1_649' title='bbox 1887 1904 2241 1961; x_wconf 69' lang='lat' dir='ltr'><strong>Prazvcnerunt</strong></span> <span class='ocrx_word' id='word_1_650' title='bbox 2267 1908 2516 1977; x_wconf 81' lang='lat' dir='ltr'><strong>principes</strong></span> <span class='ocrx_word' id='word_1_651' title='bbox 2543 1909 2796 1977; x_wconf 81' lang='lat' dir='ltr'><strong>conjuncti</strong></span> <span class='ocrx_word' id='word_1_652' title='bbox 2825 1910 3148 1979; x_wconf 84' lang='lat' dir='ltr'><strong>psallentibus</strong></span> <span class='ocrx_word' id='word_1_653' title='bbox 3165 1953 3179 1977; x_wconf 94' lang='lat'><strong>,</strong></span> <span class='ocrx_word' id='word_1_654' title='bbox 3214 1913 3266 1965; x_wconf 88' lang='lat' dir='ltr'><strong>in</strong></span> <span class='ocrx_word' id='word_1_655' title='bbox 3292 1914 3453 1967; x_wconf 87' lang='lat' dir='ltr'><strong>medio</strong></span> 
     </span>
    </p>
   </div>
   <div class='ocr_carea' id='block_1_80' title="bbox 1885 1998 3456 2074">
    <p class='ocr_par' dir='ltr' id='par_1_80' title="bbox 1885 1998 3456 2074">
     <span class='ocr_line' id='line_1_80' title="bbox 1885 1998 3456 2074; baseline 0.004 -24"><span class='ocrx_word' id='word_1_656' title='bbox 1885 1998 2366 2052; x_wconf 84' lang='lat' dir='ltr'><strong>adolescentularnm</strong></span> <span class='ocrx_word' id='word_1_657' title='bbox 2384 2001 2862 2070; x_wconf 84' lang='lat' dir='ltr'><strong>tgmpanistriarum.</strong></span> <span class='ocrx_word' id='word_1_658' title='bbox 2885 2001 3153 2072; x_wconf 88' lang='lat' dir='ltr'><strong>Principes</strong></span> <span class='ocrx_word' id='word_1_659' title='bbox 3175 2013 3298 2057; x_wconf 89' lang='lat' dir='ltr'><strong>sunt</strong></span> <span class='ocrx_word' id='word_1_660' title='bbox 3315 2006 3352 2057; x_wconf 79' lang='grc' dir='ltr'>Α</span> <span class='ocrx_word' id='word_1_661' title='bbox 3362 2020 3456 2074; x_wconf 87' lang='lat' dir='ltr'><strong>po-</strong></span> 
     </span>
    </p>
   </div>
   <div class='ocr_carea' id='block_1_81' title="bbox 1886 2089 3453 2163">
    <p class='ocr_par' dir='ltr' id='par_1_81' title="bbox 1886 2089 3453 2163">
     <span class='ocr_line' id='line_1_81' title="bbox 1886 2089 3453 2163; baseline 0.003 -19"><span class='ocrx_word' id='word_1_662' title='bbox 1886 2089 2008 2145; x_wconf 87' lang='lat' dir='ltr'><strong>stoli</strong></span> <span class='ocrx_word' id='word_1_663' title='bbox 2042 2108 2054 2143; x_wconf 94' lang='lat'>:</span> <span class='ocrx_word' id='word_1_664' title='bbox 2089 2090 2186 2160; x_wconf 89' lang='lat' dir='ltr'><strong>ipsi</strong></span> <span class='ocrx_word' id='word_1_665' title='bbox 2210 2091 2348 2144; x_wconf 89' lang='lat' dir='ltr'><strong>enim</strong></span> <span class='ocrx_word' id='word_1_666' title='bbox 2373 2101 2770 2158; x_wconf 74' lang='lat' dir='ltr'><strong>praevenerunt,</strong></span> <span class='ocrx_word' id='word_1_667' title='bbox 2799 2098 2858 2144; x_wconf 88' lang='lat' dir='ltr'><strong>ut</strong></span> <span class='ocrx_word' id='word_1_668' title='bbox 2882 2092 3057 2160; x_wconf 89' lang='lat' dir='ltr'><strong>populi</strong></span> <span class='ocrx_word' id='word_1_669' title='bbox 3087 2103 3453 2163; x_wconf 90' lang='lat' dir='ltr'><strong>sequerentur.</strong></span> 
     </span>
    </p>
   </div>
   <div class='ocr_carea' id='block_1_82' title="bbox 1890 2183 3460 2252">
    <p class='ocr_par' dir='ltr' id='par_1_82' title="bbox 1890 2183 3460 2252">
     <span class='ocr_line' id='line_1_82' title="bbox 1890 2183 3460 2252; baseline 0.002 -14"><span class='ocrx_word' id='word_1_670' title='bbox 1890 2183 2268 2252; x_wconf 77' lang='lat' dir='ltr'><strong>Prcevenerunt,</strong></span> <span class='ocrx_word' id='word_1_671' title='bbox 2282 2186 2652 2239; x_wconf 88' lang='lat' dir='ltr'><strong>annuntiantes</strong></span> <span class='ocrx_word' id='word_1_672' title='bbox 2673 2183 2876 2239; x_wconf 87' lang='lat' dir='ltr'><strong>Novum</strong></span> <span class='ocrx_word' id='word_1_673' title='bbox 2898 2185 3320 2251; x_wconf 89' lang='lat' dir='ltr'><strong>Testamentum;</strong></span> <span class='ocrx_word' id='word_1_674' title='bbox 3340 2203 3460 2241; x_wconf 87' lang='lat' dir='ltr'><strong>con-</strong></span> 
     </span>
    </p>
   </div>
   <div class='ocr_carea' id='block_1_83' title="bbox 1878 2275 3459 2347">
    <p class='ocr_par' dir='ltr' id='par_1_83' title="bbox 1878 2275 3459 2347">
     <span class='ocr_line' id='line_1_83' title="bbox 1878 2275 3459 2347; baseline 0.003 -19"><span class='ocrx_word' id='word_1_675' title='bbox 1878 2277 2047 2347; x_wconf 86' lang='lat' dir='ltr'><strong>juncti</strong></span> <span class='ocrx_word' id='word_1_676' title='bbox 2086 2276 2444 2343; x_wconf 85' lang='lat' dir='ltr'><strong>psallentibus,</strong></span> <span class='ocrx_word' id='word_1_677' title='bbox 2479 2275 2545 2330; x_wconf 90' lang='lat' dir='ltr'><strong>de</strong></span> <span class='ocrx_word' id='word_1_678' title='bbox 2572 2291 2796 2346; x_wconf 91' lang='lat' dir='ltr'><strong>quorum</strong></span> <span class='ocrx_word' id='word_1_679' title='bbox 2839 2277 2994 2332; x_wconf 85' lang='lat' dir='ltr'><strong>bonis</strong></span> <span class='ocrx_word' id='word_1_680' title='bbox 3030 2278 3276 2346; x_wconf 88' lang='lat' dir='ltr'><strong>operibus</strong></span> <span class='ocrx_word' id='word_1_681' title='bbox 3300 2279 3459 2333; x_wconf 89' lang='lat' dir='ltr'><strong>etiam</strong></span> 
     </span>
    </p>
   </div>
   <div class='ocr_carea' id='block_1_84' title="bbox 1887 2367 3458 2438">
    <p class='ocr_par' dir='ltr' id='par_1_84' title="bbox 1887 2367 3458 2438">
     <span class='ocr_line' id='line_1_84' title="bbox 1887 2367 3458 2438; baseline 0.004 -20"><span class='ocrx_word' id='word_1_682' title='bbox 1887 2367 2201 2429; x_wconf 84' lang='lat' dir='ltr'><strong>visibilibus,</strong></span> <span class='ocrx_word' id='word_1_683' title='bbox 2219 2376 2464 2436; x_wconf 90' lang='lat' dir='ltr'><strong>tanquam</strong></span> <span class='ocrx_word' id='word_1_684' title='bbox 2479 2367 2688 2436; x_wconf 89' lang='lat' dir='ltr'><strong>organis</strong></span> <span class='ocrx_word' id='word_1_685' title='bbox 2703 2367 2890 2434; x_wconf 91' lang='lat' dir='ltr'><strong>laudis,</strong></span> <span class='ocrx_word' id='word_1_686' title='bbox 2904 2369 3284 2438; x_wconf 86' lang='lat' dir='ltr'><strong>gloriﬁcaretur</strong></span> <span class='ocrx_word' id='word_1_687' title='bbox 3297 2370 3458 2425; x_wconf 88' lang='lat' dir='ltr'><strong>Deus.</strong></span> 
     </span>
    </p>
   </div>
   <div class='ocr_carea' id='block_1_85' title="bbox 1881 2447 3462 2532">
    <p class='ocr_par' dir='ltr' id='par_1_85' title="bbox 1881 2447 3462 2532">
     <span class='ocr_line' id='line_1_85' title="bbox 1881 2447 3462 2532; baseline 0.001 -20"><span class='ocrx_word' id='word_1_688' title='bbox 1881 2447 2053 2513; x_wconf 78' lang='lat' dir='ltr'><strong>Iidem</strong></span> <span class='ocrx_word' id='word_1_689' title='bbox 2078 2465 2250 2513; x_wconf 90' lang='lat' dir='ltr'><strong>autem</strong></span> <span class='ocrx_word' id='word_1_690' title='bbox 2277 2459 2540 2527; x_wconf 89' lang='lat' dir='ltr'><strong>principes</strong></span> <span class='ocrx_word' id='word_1_691' title='bbox 2569 2459 2620 2511; x_wconf 88' lang='lat' dir='ltr'><strong>in</strong></span> <span class='ocrx_word' id='word_1_692' title='bbox 2645 2459 2809 2512; x_wconf 86' lang='lat' dir='ltr'><strong>medio</strong></span> <span class='ocrx_word' id='word_1_693' title='bbox 2825 2460 3310 2513; x_wconf 85' lang='lat' dir='ltr'><strong>adolescentularum</strong></span> <span class='ocrx_word' id='word_1_694' title='bbox 3332 2472 3462 2532; x_wconf 83' lang='lat' dir='ltr'><strong>tym-</strong></span> 
     </span>
    </p>
   </div>
   <div class='ocr_carea' id='block_1_86' title="bbox 1889 2551 3459 2632">
    <p class='ocr_par' dir='ltr' id='par_1_86' title="bbox 1889 2551 3459 2632">
     <span class='ocr_line' id='line_1_86' title="bbox 1889 2551 3459 2632; baseline 0.002 -28"><span class='ocrx_word' id='word_1_695' title='bbox 1889 2552 2281 2632; x_wconf 82' lang='lat' dir='ltr'><strong>panistriarnm,</strong></span> <span class='ocrx_word' id='word_1_696' title='bbox 2329 2553 2380 2605; x_wconf 88' lang='lat' dir='ltr'><strong>in</strong></span> <span class='ocrx_word' id='word_1_697' title='bbox 2411 2551 2704 2606; x_wconf 88' lang='lat' dir='ltr'><strong>ministerio</strong></span> <span class='ocrx_word' id='word_1_698' title='bbox 2733 2551 2935 2606; x_wconf 90' lang='lat' dir='ltr'><strong>scilicet</strong></span> <span class='ocrx_word' id='word_1_699' title='bbox 2962 2552 3256 2607; x_wconf 90' lang='lat' dir='ltr'><strong>honorabili</strong></span> <span class='ocrx_word' id='word_1_700' title='bbox 3291 2568 3304 2605; x_wconf 91' lang='lat'><strong>:</strong></span> <span class='ocrx_word' id='word_1_701' title='bbox 3338 2569 3459 2607; x_wconf 91' lang='lat' dir='ltr'><strong>nam</strong></span> 
     </span>
    </p>
   </div>
   <div class='ocr_carea' id='block_1_87' title="bbox 1889 2641 3462 2713">
    <p class='ocr_par' dir='ltr' id='par_1_87' title="bbox 1889 2641 3462 2713">
     <span class='ocr_line' id='line_1_87' title="bbox 1889 2641 3462 2713; baseline 0.001 -15"><span class='ocrx_word' id='word_1_702' title='bbox 1889 2644 1958 2698; x_wconf 91' lang='lat' dir='ltr'><strong>ita</strong></span> <span class='ocrx_word' id='word_1_703' title='bbox 1987 2654 2109 2698; x_wconf 92' lang='lat' dir='ltr'><strong>sunt</strong></span> <span class='ocrx_word' id='word_1_704' title='bbox 2135 2645 2184 2698; x_wconf 93' lang='lat' dir='ltr'><strong>in</strong></span> <span class='ocrx_word' id='word_1_705' title='bbox 2213 2644 2386 2699; x_wconf 89' lang='lat' dir='ltr'><strong>medio</strong></span> <span class='ocrx_word' id='word_1_706' title='bbox 2411 2645 2634 2698; x_wconf 89' lang='lat' dir='ltr'><strong>ministri</strong></span> <span class='ocrx_word' id='word_1_707' title='bbox 2666 2641 2929 2713; x_wconf 62' lang='lat' dir='ltr'><strong>praepositi</strong></span> <span class='ocrx_word' id='word_1_708' title='bbox 2960 2644 3317 2700; x_wconf 86' lang='lat' dir='ltr'><strong>Ecclesiarum</strong></span> <span class='ocrx_word' id='word_1_709' title='bbox 3361 2659 3462 2699; x_wconf 82' lang='lat' dir='ltr'><strong>no-</strong></span> 
     </span>
    </p>
   </div>
   <div class='ocr_carea' id='block_1_88' title="bbox 1889 2735 3459 2804">
    <p class='ocr_par' dir='ltr' id='par_1_88' title="bbox 1889 2735 3459 2804">
     <span class='ocr_line' id='line_1_88' title="bbox 1889 2735 3459 2804; baseline 0 -14"><span class='ocrx_word' id='word_1_710' title='bbox 1889 2752 2108 2801; x_wconf 78' lang='lat' dir='ltr'><strong>varum;</strong></span> <span class='ocrx_word' id='word_1_711' title='bbox 2141 2737 2241 2792; x_wconf 93' lang='lat' dir='ltr'><strong>hoc</strong></span> <span class='ocrx_word' id='word_1_712' title='bbox 2268 2738 2408 2792; x_wconf 91' lang='lat' dir='ltr'><strong>enim</strong></span> <span class='ocrx_word' id='word_1_713' title='bbox 2440 2745 2554 2804; x_wconf 90' lang='lat' dir='ltr'><strong>est,</strong></span> <span class='ocrx_word' id='word_1_714' title='bbox 2584 2735 3067 2790; x_wconf 82' lang='lat' dir='ltr'><strong>adolescentulamm</strong></span> <span class='ocrx_word' id='word_1_715' title='bbox 3096 2754 3115 2788; x_wconf 90' lang='lat'><strong><em>:</em></strong></span> <span class='ocrx_word' id='word_1_716' title='bbox 3144 2752 3304 2792; x_wconf 87' lang='lat' dir='ltr'><strong>carne</strong></span> <span class='ocrx_word' id='word_1_717' title='bbox 3331 2736 3459 2790; x_wconf 85' lang='lat' dir='ltr'><strong>edo-</strong></span> 
     </span>
    </p>
   </div>
   <div class='ocr_carea' id='block_1_89' title="bbox 1891 2809 3463 2898">
    <p class='ocr_par' dir='ltr' id='par_1_89' title="bbox 1891 2809 3463 2898">
     <span class='ocr_line' id='line_1_89' title="bbox 1891 2809 3463 2898; baseline -0.002 -16"><span class='ocrx_word' id='word_1_718' title='bbox 1891 2831 2017 2882; x_wconf 88' lang='lat' dir='ltr'><strong>mita</strong></span> <span class='ocrx_word' id='word_1_719' title='bbox 2066 2828 2230 2882; x_wconf 92' lang='lat' dir='ltr'><strong>Deum</strong></span> <span class='ocrx_word' id='word_1_720' title='bbox 2281 2827 2641 2892; x_wconf 89' lang='lat' dir='ltr'><strong>laudantium;</strong></span> <span class='ocrx_word' id='word_1_721' title='bbox 2698 2827 2798 2882; x_wconf 90' lang='lat' dir='ltr'><strong>hoc</strong></span> <span class='ocrx_word' id='word_1_722' title='bbox 2842 2829 2982 2882; x_wconf 90' lang='lat' dir='ltr'><strong>enim</strong></span> <span class='ocrx_word' id='word_1_723' title='bbox 3030 2809 3149 2894; x_wconf 83' lang='lat' dir='ltr'><strong>est,</strong></span> <span class='ocrx_word' id='word_1_724' title='bbox 3205 2829 3463 2898; x_wconf 82' lang='lat' dir='ltr'><strong>tympani-</strong></span> 
     </span>
    </p>
   </div>
   <div class='ocr_carea' id='block_1_90' title="bbox 1889 2917 3463 2989">
    <p class='ocr_par' dir='ltr' id='par_1_90' title="bbox 1889 2917 3463 2989">
     <span class='ocr_line' id='line_1_90' title="bbox 1889 2917 3463 2989; baseline 0 -17"><span class='ocrx_word' id='word_1_725' title='bbox 1889 2920 2158 2985; x_wconf 85' lang='lat' dir='ltr'><strong>striarum,</strong></span> <span class='ocrx_word' id='word_1_726' title='bbox 2191 2933 2256 2973; x_wconf 90' lang='lat' dir='ltr'><strong>eo</strong></span> <span class='ocrx_word' id='word_1_727' title='bbox 2284 2917 2421 2989; x_wconf 91' lang='lat' dir='ltr'><strong>quod</strong></span> <span class='ocrx_word' id='word_1_728' title='bbox 2455 2927 2701 2989; x_wconf 86' lang='lat' dir='ltr'><strong>tympana</strong></span> <span class='ocrx_word' id='word_1_729' title='bbox 2732 2918 2858 2972; x_wconf 85' lang='lat' dir='ltr'><strong>ﬁant</strong></span> <span class='ocrx_word' id='word_1_730' title='bbox 2887 2917 3034 2972; x_wconf 87' lang='lat' dir='ltr'><strong>corio</strong></span> <span class='ocrx_word' id='word_1_731' title='bbox 3062 2917 3260 2972; x_wconf 86' lang='lat' dir='ltr'><strong>siccato</strong></span> <span class='ocrx_word' id='word_1_732' title='bbox 3289 2927 3341 2972; x_wconf 91' lang='lat' dir='ltr'><strong>et</strong></span> <span class='ocrx_word' id='word_1_733' title='bbox 3369 2933 3463 2972; x_wconf 76' lang='lat' dir='ltr'><strong>ex-</strong></span> 
     </span>
    </p>
   </div>
   <div class='ocr_carea' id='block_1_91' title="bbox 1890 3019 2054 3066">
    <p class='ocr_par' dir='ltr' id='par_1_91' title="bbox 1890 3019 2054 3066">
     <span class='ocr_line' id='line_1_91' title="bbox 1890 3019 2054 3066; baseline 0 -2"><span class='ocrx_word' id='word_1_734' title='bbox 1890 3019 1976 3066; x_wconf 89' lang='lat' dir='ltr'><strong>ten</strong></span> <span class='ocrx_word' id='word_1_735' title='bbox 1985 3022 2054 3066; x_wconf 81' lang='grc' dir='ltr'><strong>ιο.</strong></span> 
     </span>
    </p>
   </div>
   <div class='ocr_carea' id='block_1_92' title="bbox 1959 3100 3464 3176">
    <p class='ocr_par' dir='ltr' id='par_1_92' title="bbox 1959 3100 3464 3176">
     <span class='ocr_line' id='line_1_92' title="bbox 1959 3100 3464 3176; baseline 0 -18"><span class='ocrx_word' id='word_1_736' title='bbox 1959 3105 2048 3158; x_wconf 77' lang='grc'><strong>55.</strong></span> <span class='ocrx_word' id='word_1_737' title='bbox 2081 3101 2228 3176; x_wconf 77' lang='lat' dir='ltr'><strong>[vers.</strong></span> <span class='ocrx_word' id='word_1_738' title='bbox 2259 3100 2374 3174; x_wconf 78' lang='lat'><strong>9.7.]</strong></span> <span class='ocrx_word' id='word_1_739' title='bbox 2406 3101 2527 3157; x_wconf 86' lang='lat' dir='ltr'><strong>Ideo</strong></span> <span class='ocrx_word' id='word_1_740' title='bbox 2554 3118 2620 3157; x_wconf 89' lang='lat' dir='ltr'><strong>ne</strong></span> <span class='ocrx_word' id='word_1_741' title='bbox 2644 3103 2920 3172; x_wconf 89' lang='lat' dir='ltr'><strong>quisquam</strong></span> <span class='ocrx_word' id='word_1_742' title='bbox 2947 3102 3230 3156; x_wconf 88' lang='lat' dir='ltr'><strong>carnaliter</strong></span> <span class='ocrx_word' id='word_1_743' title='bbox 3259 3103 3354 3156; x_wconf 90' lang='lat' dir='ltr'><strong>ista</strong></span> <span class='ocrx_word' id='word_1_744' title='bbox 3376 3117 3464 3158; x_wconf 91' lang='lat' dir='ltr'><strong>ac-</strong></span> 
     </span>
    </p>
   </div>
   <div class='ocr_carea' id='block_1_93' title="bbox 1888 3192 3462 3267">
    <p class='ocr_par' dir='ltr' id='par_1_93' title="bbox 1888 3192 3462 3267">
     <span class='ocr_line' id='line_1_93' title="bbox 1888 3192 3462 3267; baseline 0 -17"><span class='ocrx_word' id='word_1_745' title='bbox 1888 3197 2088 3267; x_wconf 92' lang='lat' dir='ltr'><strong>ciperet</strong></span> <span class='ocrx_word' id='word_1_746' title='bbox 2107 3238 2121 3261; x_wconf 88' lang='lat'><strong>,</strong></span> <span class='ocrx_word' id='word_1_747' title='bbox 2150 3205 2204 3250; x_wconf 89' lang='lat' dir='ltr'><strong>et</strong></span> <span class='ocrx_word' id='word_1_748' title='bbox 2231 3211 2294 3250; x_wconf 80' lang='lat' dir='ltr'><strong>ex</strong></span> <span class='ocrx_word' id='word_1_749' title='bbox 2327 3195 2409 3248; x_wconf 89' lang='lat' dir='ltr'><strong>his</strong></span> <span class='ocrx_word' id='word_1_750' title='bbox 2449 3194 2626 3249; x_wconf 87' lang='lat' dir='ltr'><strong>verbis</strong></span> <span class='ocrx_word' id='word_1_751' title='bbox 2652 3195 2905 3264; x_wconf 89' lang='lat' dir='ltr'><strong>quosdam</strong></span> <span class='ocrx_word' id='word_1_752' title='bbox 2933 3193 3155 3247; x_wconf 80' lang='lat' dir='ltr'><strong>luxuriae</strong></span> <span class='ocrx_word' id='word_1_753' title='bbox 3181 3192 3372 3248; x_wconf 88' lang='lat' dir='ltr'><strong>choros</strong></span> <span class='ocrx_word' id='word_1_754' title='bbox 3410 3195 3462 3250; x_wconf 91' lang='lat' dir='ltr'><strong>in</strong></span> 
     </span>
    </p>
   </div>
   <div class='ocr_carea' id='block_1_94' title="bbox 1887 3283 3462 3356">
    <p class='ocr_par' dir='ltr' id='par_1_94' title="bbox 1887 3283 3462 3356">
     <span class='ocr_line' id='line_1_94' title="bbox 1887 3283 3462 3356; baseline -0.001 -14"><span class='ocrx_word' id='word_1_755' title='bbox 1887 3289 2119 3342; x_wconf 89' lang='lat' dir='ltr'><strong>animum</strong></span> <span class='ocrx_word' id='word_1_756' title='bbox 2153 3287 2458 3353; x_wconf 89' lang='lat' dir='ltr'><strong>induceret,</strong></span> <span class='ocrx_word' id='word_1_757' title='bbox 2485 3286 2722 3356; x_wconf 90' lang='lat' dir='ltr'><strong>sequitur</strong></span> <span class='ocrx_word' id='word_1_758' title='bbox 2745 3293 2798 3340; x_wconf 90' lang='lat' dir='ltr'><strong>et</strong></span> <span class='ocrx_word' id='word_1_759' title='bbox 2829 3285 2989 3352; x_wconf 89' lang='lat' dir='ltr'><strong>dicit,</strong></span> <span class='ocrx_word' id='word_1_760' title='bbox 3018 3283 3083 3338; x_wconf 86' lang='lat' dir='ltr'><strong>In</strong></span> <span class='ocrx_word' id='word_1_761' title='bbox 3110 3283 3349 3340; x_wconf 81' lang='lat' dir='ltr'><strong>Ecclesiis</strong></span> <span class='ocrx_word' id='word_1_762' title='bbox 3377 3286 3462 3340; x_wconf 86' lang='lat' dir='ltr'><strong>be-</strong></span> 
     </span>
    </p>
   </div>
   <div class='ocr_carea' id='block_1_95' title="bbox 1888 3377 3464 3448">
    <p class='ocr_par' dir='ltr' id='par_1_95' title="bbox 1888 3377 3464 3448">
     <span class='ocr_line' id='line_1_95' title="bbox 1888 3377 3464 3448; baseline -0.001 -15"><span class='ocrx_word' id='word_1_763' title='bbox 1888 3380 2098 3433; x_wconf 85' lang='lat' dir='ltr'><strong>nedicite</strong></span> <span class='ocrx_word' id='word_1_764' title='bbox 2131 3378 2438 3432; x_wconf 87' lang='lat' dir='ltr'><strong>Dominum:</strong></span> <span class='ocrx_word' id='word_1_765' title='bbox 2460 3386 2705 3448; x_wconf 89' lang='lat' dir='ltr'><strong>tanquam</strong></span> <span class='ocrx_word' id='word_1_766' title='bbox 2733 3377 2952 3442; x_wconf 86' lang='lat' dir='ltr'><strong>diceret,</strong></span> <span class='ocrx_word' id='word_1_767' title='bbox 2987 3377 3200 3446; x_wconf 87' lang='lat' dir='ltr'><strong>thuid,</strong></span> <span class='ocrx_word' id='word_1_768' title='bbox 3230 3393 3350 3432; x_wconf 90' lang='lat' dir='ltr'><strong>cum</strong></span> <span class='ocrx_word' id='word_1_769' title='bbox 3370 3393 3464 3432; x_wconf 89' lang='lat' dir='ltr'><strong>au-</strong></span> 
     </span>
    </p>
   </div>
   <div class='ocr_carea' id='block_1_96' title="bbox 1887 3469 3466 3540">
    <p class='ocr_par' dir='ltr' id='par_1_96' title="bbox 1887 3469 3466 3540">
     <span class='ocr_line' id='line_1_96' title="bbox 1887 3469 3466 3540; baseline -0.001 -14"><span class='ocrx_word' id='word_1_770' title='bbox 1887 3472 2011 3526; x_wconf 91' lang='lat' dir='ltr'><strong>ditis</strong></span> <span class='ocrx_word' id='word_1_771' title='bbox 2025 3471 2443 3526; x_wconf 90' lang='lat' dir='ltr'><strong>adolescentulas</strong></span> <span class='ocrx_word' id='word_1_772' title='bbox 2465 3471 2875 3540; x_wconf 76' lang='lat' dir='ltr'><strong>tympanistrias,</strong></span> <span class='ocrx_word' id='word_1_773' title='bbox 2902 3470 3094 3524; x_wconf 80' lang='lat' dir='ltr'><strong>lasciva</strong></span> <span class='ocrx_word' id='word_1_774' title='bbox 3111 3469 3466 3525; x_wconf 81' lang='lat' dir='ltr'><strong>delectamen-</strong></span> 
     </span>
    </p>
   </div>
   <div class='ocr_carea' id='block_1_97' title="bbox 1890 3557 3464 3630">
    <p class='ocr_par' dir='ltr' id='par_1_97' title="bbox 1890 3557 3464 3630">
     <span class='ocr_line' id='line_1_97' title="bbox 1890 3557 3464 3630; baseline 0 -16"><span class='ocrx_word' id='word_1_775' title='bbox 1890 3572 1940 3615; x_wconf 89' lang='lat' dir='ltr'><strong>ta</strong></span> <span class='ocrx_word' id='word_1_776' title='bbox 1985 3560 2262 3630; x_wconf 87' lang='lat' dir='ltr'><strong>cogitatis?</strong></span> <span class='ocrx_word' id='word_1_777' title='bbox 2292 3559 2362 3613; x_wconf 83' lang='lat' dir='ltr'><strong>In</strong></span> <span class='ocrx_word' id='word_1_778' title='bbox 2390 3559 2629 3613; x_wconf 86' lang='lat' dir='ltr'><strong>Ecclesiis</strong></span> <span class='ocrx_word' id='word_1_779' title='bbox 2654 3557 2924 3612; x_wconf 84' lang='lat' dir='ltr'><strong>benedicite</strong></span> <span class='ocrx_word' id='word_1_780' title='bbox 2952 3557 3242 3612; x_wconf 85' lang='lat' dir='ltr'><strong>Dominum.</strong></span> <span class='ocrx_word' id='word_1_781' title='bbox 3277 3560 3464 3614; x_wconf 73' lang='lat' dir='ltr'><strong>Eccle-</strong></span> 
     </span>
    </p>
   </div>
   <div class='ocr_carea' id='block_1_98' title="bbox 1889 3648 3466 3721">
    <p class='ocr_par' dir='ltr' id='par_1_98' title="bbox 1889 3648 3466 3721">
     <span class='ocr_line' id='line_1_98' title="bbox 1889 3648 3466 3721; baseline -0.001 -16"><span class='ocrx_word' id='word_1_782' title='bbox 1889 3653 1981 3705; x_wconf 66' lang='lat' dir='ltr'><strong>sim</strong></span> <span class='ocrx_word' id='word_1_783' title='bbox 1997 3652 2190 3721; x_wconf 91' lang='lat' dir='ltr'><strong>quippe</strong></span> <span class='ocrx_word' id='word_1_784' title='bbox 2209 3651 2357 3704; x_wconf 88' lang='lat' dir='ltr'><strong>vobis</strong></span> <span class='ocrx_word' id='word_1_785' title='bbox 2384 3649 2483 3704; x_wconf 91' lang='lat' dir='ltr'><strong>hac</strong></span> <span class='ocrx_word' id='word_1_786' title='bbox 2509 3651 2728 3719; x_wconf 85' lang='lat' dir='ltr'><strong>mystica</strong></span> <span class='ocrx_word' id='word_1_787' title='bbox 2759 3648 3141 3718; x_wconf 88' lang='lat' dir='ltr'><strong>signiﬁcatione</strong></span> <span class='ocrx_word' id='word_1_788' title='bbox 3166 3660 3466 3704; x_wconf 90' lang='lat' dir='ltr'><strong>monstran-</strong></span> 
     </span>
    </p>
   </div>
   <div class='ocr_carea' id='block_1_99' title="bbox 1891 3739 3463 3808">
    <p class='ocr_par' dir='ltr' id='par_1_99' title="bbox 1891 3739 3463 3808">
     <span class='ocr_line' id='line_1_99' title="bbox 1891 3739 3463 3808; baseline -0.001 -12"><span class='ocrx_word' id='word_1_789' title='bbox 1891 3754 1975 3796; x_wconf 91' lang='lat' dir='ltr'><strong>tur</strong></span> <span class='ocrx_word' id='word_1_790' title='bbox 2007 3759 2018 3794; x_wconf 92' lang='lat'>:</span> <span class='ocrx_word' id='word_1_791' title='bbox 2053 3741 2304 3795; x_wconf 76' lang='lat' dir='ltr'><strong>Ecclesia:</strong></span> <span class='ocrx_word' id='word_1_792' title='bbox 2332 3749 2454 3794; x_wconf 92' lang='lat' dir='ltr'><strong>sunt</strong></span> <span class='ocrx_word' id='word_1_793' title='bbox 2499 3739 2941 3806; x_wconf 75' lang='lat' dir='ltr'><strong>adolescentulae,</strong></span> <span class='ocrx_word' id='word_1_794' title='bbox 2974 3754 3106 3792; x_wconf 83' lang='lat' dir='ltr'><strong>nova</strong></span> <span class='ocrx_word' id='word_1_795' title='bbox 3154 3740 3318 3808; x_wconf 86' lang='lat' dir='ltr'><strong>gratia</strong></span> <span class='ocrx_word' id='word_1_796' title='bbox 3366 3740 3463 3794; x_wconf 83' lang='lat' dir='ltr'><strong>de-</strong></span> 
     </span>
    </p>
   </div>
   <div class='ocr_carea' id='block_1_100' title="bbox 1890 3830 3464 3899">
    <p class='ocr_par' dir='ltr' id='par_1_100' title="bbox 1890 3830 3464 3899">
     <span class='ocr_line' id='line_1_100' title="bbox 1890 3830 3464 3899; baseline -0.001 -12"><span class='ocrx_word' id='word_1_797' title='bbox 1890 3841 2118 3898; x_wconf 63' lang='lat' dir='ltr'><strong>corata};</strong></span> <span class='ocrx_word' id='word_1_798' title='bbox 2147 3831 2398 3887; x_wconf 66' lang='lat' dir='ltr'><strong>Ecclesia:</strong></span> <span class='ocrx_word' id='word_1_799' title='bbox 2423 3839 2548 3884; x_wconf 83' lang='lat' dir='ltr'><strong>sunt</strong></span> <span class='ocrx_word' id='word_1_800' title='bbox 2573 3830 2950 3898; x_wconf 73' lang='lat' dir='ltr'><strong>tympanistria:</strong></span> <span class='ocrx_word' id='word_1_801' title='bbox 2969 3871 2983 3894; x_wconf 88' lang='lat'><strong>,</strong></span> <span class='ocrx_word' id='word_1_802' title='bbox 3026 3830 3274 3899; x_wconf 79' lang='lat' dir='ltr'><strong>castigata</strong></span> <span class='ocrx_word' id='word_1_803' title='bbox 3303 3846 3464 3887; x_wconf 86' lang='lat' dir='ltr'><strong>carne</strong></span> 
     </span>
    </p>
   </div>
   <div class='ocr_carea' id='block_1_101' title="bbox 1890 3918 3463 3992">
    <p class='ocr_par' dir='ltr' id='par_1_101' title="bbox 1890 3918 3463 3992">
     <span class='ocr_line' id='line_1_101' title="bbox 1890 3918 3463 3992; baseline -0.003 -14"><span class='ocrx_word' id='word_1_804' title='bbox 1890 3923 2230 3992; x_wconf 86' lang='lat' dir='ltr'><strong>Spiritualitcr</strong></span> <span class='ocrx_word' id='word_1_805' title='bbox 2275 3935 2501 3975; x_wconf 73' lang='lat' dir='ltr'><strong>sonorze.</strong></span> <span class='ocrx_word' id='word_1_806' title='bbox 2531 3920 2599 3974; x_wconf 85' lang='lat' dir='ltr'><strong>In</strong></span> <span class='ocrx_word' id='word_1_807' title='bbox 2641 3918 2881 3974; x_wconf 87' lang='lat' dir='ltr'><strong>Ecclesiis</strong></span> <span class='ocrx_word' id='word_1_808' title='bbox 2907 3934 3032 3989; x_wconf 84' lang='lat' dir='ltr'><strong>ergo</strong></span> <span class='ocrx_word' id='word_1_809' title='bbox 3058 3920 3324 3974; x_wconf 84' lang='lat' dir='ltr'><strong>benedicile</strong></span> <span class='ocrx_word' id='word_1_810' title='bbox 3352 3919 3463 3974; x_wconf 89' lang='lat' dir='ltr'><strong>Do-</strong></span> 
     </span>
    </p>
   </div>
   <div class='ocr_carea' id='block_1_102' title="bbox 1890 4009 3458 4086">
    <p class='ocr_par' dir='ltr' id='par_1_102' title="bbox 1890 4009 3458 4086">
     <span class='ocr_line' id='line_1_102' title="bbox 1890 4009 3458 4086; baseline 0 -17"><span class='ocrx_word' id='word_1_811' title='bbox 1890 4009 2080 4069; x_wconf 84' lang='lat' dir='ltr'><strong>minum</strong></span> <span class='ocrx_word' id='word_1_812' title='bbox 2122 4015 2283 4068; x_wconf 89' lang='lat' dir='ltr'><strong>Deum</strong></span> <span class='ocrx_word' id='word_1_813' title='bbox 2321 4015 2384 4068; x_wconf 84' lang='lat' dir='ltr'><strong>de</strong></span> <span class='ocrx_word' id='word_1_814' title='bbox 2427 4013 2646 4086; x_wconf 83' lang='lat' dir='ltr'><strong>fontibus</strong></span> <span class='ocrx_word' id='word_1_815' title='bbox 2676 4013 2857 4068; x_wconf 81' lang='lat' dir='ltr'><strong>Israel.</strong></span> <span class='ocrx_word' id='word_1_816' title='bbox 2901 4014 3026 4068; x_wconf 88' lang='lat' dir='ltr'><strong>Inde</strong></span> <span class='ocrx_word' id='word_1_817' title='bbox 3078 4015 3268 4083; x_wconf 83' lang='lat' dir='ltr'><strong>quippe</strong></span> <span class='ocrx_word' id='word_1_818' title='bbox 3315 4015 3458 4084; x_wconf 82' lang='lat' dir='ltr'><strong>prius</strong></span> 
     </span>
    </p>
   </div>
   <div class='ocr_carea' id='block_1_103' title="bbox 1891 4105 3461 4177">
    <p class='ocr_par' dir='ltr' id='par_1_103' title="bbox 1891 4105 3461 4177">
     <span class='ocr_line' id='line_1_103' title="bbox 1891 4105 3461 4177; baseline 0 -17"><span class='ocrx_word' id='word_1_819' title='bbox 1891 4107 2049 4177; x_wconf 85' lang='lat' dir='ltr'><strong>elegit</strong></span> <span class='ocrx_word' id='word_1_820' title='bbox 2078 4121 2209 4177; x_wconf 90' lang='lat' dir='ltr'><strong>quos</strong></span> <span class='ocrx_word' id='word_1_821' title='bbox 2235 4106 2406 4160; x_wconf 82' lang='lat' dir='ltr'><strong>fontes</strong></span> <span class='ocrx_word' id='word_1_822' title='bbox 2432 4105 2647 4160; x_wconf 88' lang='lat' dir='ltr'><strong>faceret.</strong></span> <span class='ocrx_word' id='word_1_823' title='bbox 2679 4105 2810 4160; x_wconf 86' lang='lat' dir='ltr'><strong>Nam</strong></span> <span class='ocrx_word' id='word_1_824' title='bbox 2839 4105 2960 4160; x_wconf 88' lang='lat' dir='ltr'><strong>inde</strong></span> <span class='ocrx_word' id='word_1_825' title='bbox 2985 4115 3108 4160; x_wconf 86' lang='lat' dir='ltr'><strong>sunt</strong></span> <span class='ocrx_word' id='word_1_826' title='bbox 3133 4106 3286 4161; x_wconf 90' lang='lat' dir='ltr'><strong>electi</strong></span> <span class='ocrx_word' id='word_1_827' title='bbox 3315 4107 3461 4175; x_wconf 88' lang='lat' dir='ltr'><strong>Apo-</strong></span> 
     </span>
    </p>
   </div>
   <div class='ocr_carea' id='block_1_104' title="bbox 1892 4178 3464 4268">
    <p class='ocr_par' dir='ltr' id='par_1_104' title="bbox 1892 4178 3464 4268">
     <span class='ocr_line' id='line_1_104' title="bbox 1892 4178 3464 4268; baseline -0.001 -16"><span class='ocrx_word' id='word_1_828' title='bbox 1892 4199 2050 4264; x_wconf 88' lang='lat' dir='ltr'><strong>stoli;</strong></span> <span class='ocrx_word' id='word_1_829' title='bbox 2082 4208 2135 4253; x_wconf 92' lang='lat' dir='ltr'><strong>et</strong></span> <span class='ocrx_word' id='word_1_830' title='bbox 2160 4198 2211 4252; x_wconf 90' lang='lat' dir='ltr'><strong>hi</strong></span> <span class='ocrx_word' id='word_1_831' title='bbox 2256 4198 2500 4267; x_wconf 87' lang='lat' dir='ltr'><strong>primitus</strong></span> <span class='ocrx_word' id='word_1_832' title='bbox 2541 4197 2819 4252; x_wconf 88' lang='lat' dir='ltr'><strong>audierunt</strong></span> <span class='ocrx_word' id='word_1_833' title='bbox 2851 4215 2863 4250; x_wconf 92' lang='lat'><strong>:</strong></span> <span class='ocrx_word' id='word_1_834' title='bbox 2900 4198 2998 4264; x_wconf 86' lang='lat' dir='ltr'><strong>Qui</strong></span> <span class='ocrx_word' id='word_1_835' title='bbox 3028 4197 3200 4251; x_wconf 86' lang='lat' dir='ltr'><strong>biberit</strong></span> <span class='ocrx_word' id='word_1_836' title='bbox 3233 4178 3296 4252; x_wconf 75' lang='lat' dir='ltr'><strong>ex</strong></span> <span class='ocrx_word' id='word_1_837' title='bbox 3332 4214 3464 4268; x_wconf 72' lang='lat' dir='ltr'><strong>aqua</strong></span> 
     </span>
    </p>
   </div>
   <div class='ocr_carea' id='block_1_105' title="bbox 1891 4275 3528 4361">
    <p class='ocr_par' dir='ltr' id='par_1_105' title="bbox 1891 4275 3528 4361">
     <span class='ocr_line' id='line_1_105' title="bbox 1891 4275 3528 4361; baseline -0.001 -17"><span class='ocrx_word' id='word_1_838' title='bbox 1891 4307 2042 4361; x_wconf 86' lang='lat' dir='ltr'><strong>quam</strong></span> <span class='ocrx_word' id='word_1_839' title='bbox 2089 4308 2176 4361; x_wconf 89' lang='lat' dir='ltr'><strong>ego</strong></span> <span class='ocrx_word' id='word_1_840' title='bbox 2220 4289 2384 4355; x_wconf 83' lang='lat' dir='ltr'><strong>dabo,</strong></span> <span class='ocrx_word' id='word_1_841' title='bbox 2431 4306 2531 4342; x_wconf 89' lang='lat' dir='ltr'><strong>non</strong></span> <span class='ocrx_word' id='word_1_842' title='bbox 2571 4290 2697 4344; x_wconf 84' lang='lat' dir='ltr'><strong>sitiet</strong></span> <span class='ocrx_word' id='word_1_843' title='bbox 2744 4305 3005 4358; x_wconf 86' lang='lat' dir='ltr'><strong>unquam;</strong></span> <span class='ocrx_word' id='word_1_844' title='bbox 3044 4289 3132 4342; x_wconf 86' lang='lat' dir='ltr'><strong>sed</strong></span> <span class='ocrx_word' id='word_1_845' title='bbox 3179 4289 3262 4356; x_wconf 76' lang='lat' dir='ltr'><strong>[iet</strong></span> <span class='ocrx_word' id='word_1_846' title='bbox 3306 4289 3359 4341; x_wconf 88' lang='lat' dir='ltr'><strong>in</strong></span> <span class='ocrx_word' id='word_1_847' title='bbox 3404 4275 3491 4342; x_wconf 44' lang='lat' dir='ltr'><strong>eo.</strong></span> <span class='ocrx_word' id='word_1_848' title='bbox 3526 4318 3528 4320; x_wconf 94' lang='lat'><strong><em>-</em></strong></span> 
     </span>
    </p>
   </div>
   <div class='ocr_carea' id='block_1_106' title="bbox 1891 4377 3459 4454">
    <p class='ocr_par' dir='ltr' id='par_1_106' title="bbox 1891 4377 3459 4454">
     <span class='ocr_line' id='line_1_106' title="bbox 1891 4377 3459 4454; baseline -0.001 -19"><span class='ocrx_word' id='word_1_849' title='bbox 1891 4387 2005 4451; x_wconf 78' lang='lat' dir='ltr'><strong>fons</strong></span> <span class='ocrx_word' id='word_1_850' title='bbox 2033 4398 2176 4454; x_wconf 81' lang='lat' dir='ltr'><strong>aqua:</strong></span> <span class='ocrx_word' id='word_1_851' title='bbox 2205 4381 2426 4436; x_wconf 86' lang='lat' dir='ltr'><strong>salientis</strong></span> <span class='ocrx_word' id='word_1_852' title='bbox 2465 4380 2518 4434; x_wconf 87' lang='lat' dir='ltr'><strong>in</strong></span> <span class='ocrx_word' id='word_1_853' title='bbox 2548 4381 2698 4434; x_wconf 85' lang='lat' dir='ltr'><strong>vitam</strong></span> <span class='ocrx_word' id='word_1_854' title='bbox 2727 4389 2965 4434; x_wconf 75' lang='lat' dir='ltr'><strong>mternam</strong></span> <span class='ocrx_word' id='word_1_855' title='bbox 2995 4377 3192 4451; x_wconf 85' lang='lat' dir='ltr'><strong>(Joan.</strong></span> <span class='ocrx_word' id='word_1_856' title='bbox 3227 4394 3279 4433; x_wconf 83' lang='lat' dir='ltr'><strong>tv</strong></span> <span class='ocrx_word' id='word_1_857' title='bbox 3305 4420 3320 4446; x_wconf 95' lang='lat'><strong>,</strong></span> <span class='ocrx_word' id='word_1_858' title='bbox 3355 4379 3421 4433; x_wconf 75' lang='grc'><strong>15</strong></span> <span class='ocrx_word' id='word_1_859' title='bbox 3440 4420 3459 4447; x_wconf 84' lang='grc'><strong>,</strong></span> 
     </span>
    </p>
   </div>
   <div class='ocr_carea' id='block_1_107' title="bbox 1892 4472 2020 4547">
    <p class='ocr_par' dir='ltr' id='par_1_107' title="bbox 1892 4472 2020 4547">
     <span class='ocr_line' id='line_1_107' title="bbox 1892 4472 2020 4547; baseline -0.039 -16"><span class='ocrx_word' id='word_1_860' title='bbox 1892 4476 1958 4530; x_wconf 70' lang='lat' dir='ltr'><strong>tt</strong></span> <span class='ocrx_word' id='word_1_861' title='bbox 1979 4472 2020 4547; x_wconf 90' lang='lat'><strong>).</strong></span> 
     </span>
    </p>
   </div>
   <div class='ocr_carea' id='block_1_108' title="bbox 1963 4563 3462 4640">
    <p class='ocr_par' dir='ltr' id='par_1_108' title="bbox 1963 4563 3462 4640">
     <span class='ocr_line' id='line_1_108' title="bbox 1963 4563 3462 4640; baseline -0.002 -19"><span class='ocrx_word' id='word_1_862' title='bbox 1963 4567 2049 4622; x_wconf 75' lang='lat'><strong>56.</strong></span> <span class='ocrx_word' id='word_1_863' title='bbox 2083 4565 2233 4640; x_wconf 86' lang='lat' dir='ltr'><strong>[vers.</strong></span> <span class='ocrx_word' id='word_1_864' title='bbox 2265 4564 2383 4638; x_wconf 67' lang='lat'><strong>28.]</strong></span> <span class='ocrx_word' id='word_1_865' title='bbox 2414 4564 2494 4618; x_wconf 86' lang='lat' dir='ltr'><strong>Ibi</strong></span> <span class='ocrx_word' id='word_1_866' title='bbox 2512 4564 2774 4636; x_wconf 86' lang='lat' dir='ltr'><strong>Benjamin</strong></span> <span class='ocrx_word' id='word_1_867' title='bbox 2803 4563 3163 4618; x_wconf 85' lang='lat' dir='ltr'><strong>adolescentior</strong></span> <span class='ocrx_word' id='word_1_868' title='bbox 3189 4563 3239 4616; x_wconf 89' lang='lat' dir='ltr'><strong>in</strong></span> <span class='ocrx_word' id='word_1_869' title='bbox 3267 4564 3462 4618; x_wconf 85' lang='lat' dir='ltr'><strong>ecstasi.</strong></span> 
     </span>
    </p>
   </div>
   <div class='ocr_carea' id='block_1_109' title="bbox 1893 4653 3462 4724">
    <p class='ocr_par' dir='ltr' id='par_1_109' title="bbox 1893 4653 3462 4724">
     <span class='ocr_line' id='line_1_109' title="bbox 1893 4653 3462 4724; baseline -0.003 -11"><span class='ocrx_word' id='word_1_870' title='bbox 1893 4657 1965 4713; x_wconf 84' lang='lat' dir='ltr'><strong>Ibi</strong></span> <span class='ocrx_word' id='word_1_871' title='bbox 1995 4657 2190 4711; x_wconf 85' lang='lat' dir='ltr'><strong>Paulus</strong></span> <span class='ocrx_word' id='word_1_872' title='bbox 2220 4657 2534 4710; x_wconf 84' lang='lat' dir='ltr'><strong>novissimus</strong></span> <span class='ocrx_word' id='word_1_873' title='bbox 2568 4654 2974 4724; x_wconf 85' lang='lat' dir='ltr'><strong>Apostolorum,</strong></span> <span class='ocrx_word' id='word_1_874' title='bbox 3005 4654 3093 4723; x_wconf 90' lang='lat' dir='ltr'><strong>qui</strong></span> <span class='ocrx_word' id='word_1_875' title='bbox 3133 4653 3293 4720; x_wconf 80' lang='lat' dir='ltr'><strong>dicit,</strong></span> <span class='ocrx_word' id='word_1_876' title='bbox 3327 4654 3462 4709; x_wconf 82' lang='lat' dir='ltr'><strong>Nam</strong></span> 
     </span>
    </p>
   </div>
   <div class='ocr_carea' id='block_1_110' title="bbox 1893 4733 3462 4818">
    <p class='ocr_par' dir='ltr' id='par_1_110' title="bbox 1893 4733 3462 4818">
     <span class='ocr_line' id='line_1_110' title="bbox 1893 4733 3462 4818; baseline -0.001 -16"><span class='ocrx_word' id='word_1_877' title='bbox 1893 4757 1937 4803; x_wconf 84' lang='lat' dir='ltr'><strong>et</strong></span> <span class='ocrx_word' id='word_1_878' title='bbox 1965 4765 2057 4818; x_wconf 85' lang='lat' dir='ltr'><strong>ego</strong></span> <span class='ocrx_word' id='word_1_879' title='bbox 2081 4733 2315 4800; x_wconf 75' lang='lat' dir='ltr'><strong>Israelita</strong></span> <span class='ocrx_word' id='word_1_880' title='bbox 2345 4763 2454 4799; x_wconf 85' lang='lat' dir='ltr'><strong>sum</strong></span> <span class='ocrx_word' id='word_1_881' title='bbox 2479 4763 2540 4799; x_wconf 79' lang='lat' dir='ltr'><strong>ea:</strong></span> <span class='ocrx_word' id='word_1_882' title='bbox 2558 4747 2743 4798; x_wconf 85' lang='lat' dir='ltr'><strong>semine</strong></span> <span class='ocrx_word' id='word_1_883' title='bbox 2770 4743 3022 4798; x_wconf 82' lang='lat' dir='ltr'><strong>Abraham</strong></span> <span class='ocrx_word' id='word_1_884' title='bbox 3044 4785 3057 4806; x_wconf 94' lang='lat'><strong>,</strong></span> <span class='ocrx_word' id='word_1_885' title='bbox 3089 4744 3151 4797; x_wconf 87' lang='lat' dir='ltr'><strong>de</strong></span> <span class='ocrx_word' id='word_1_886' title='bbox 3175 4745 3301 4798; x_wconf 85' lang='lat' dir='ltr'><strong>tribu</strong></span> <span class='ocrx_word' id='word_1_887' title='bbox 3327 4745 3462 4800; x_wconf 81' lang='lat' dir='ltr'><strong>Ben-</strong></span> 
     </span>
    </p>
   </div>
   <div class='ocr_carea' id='block_1_111' title="bbox 1885 4834 3466 4910">
    <p class='ocr_par' dir='ltr' id='par_1_111' title="bbox 1885 4834 3466 4910">
     <span class='ocr_line' id='line_1_111' title="bbox 1885 4834 3466 4910; baseline 0 -19"><span class='ocrx_word' id='word_1_888' title='bbox 1885 4837 2338 4910; x_wconf 78' lang='lat' dir='ltr'><strong>jamin_(Pltilipp.</strong></span> <span class='ocrx_word' id='word_1_889' title='bbox 2368 4853 2422 4891; x_wconf 91' lang='grc' dir='ltr'><strong>ιιι</strong></span> <span class='ocrx_word' id='word_1_890' title='bbox 2446 4879 2461 4905; x_wconf 89' lang='grc'><strong>,</strong></span> <span class='ocrx_word' id='word_1_891' title='bbox 2479 4837 2574 4907; x_wconf 72' lang='grc'><strong>5).</strong></span> <span class='ocrx_word' id='word_1_892' title='bbox 2602 4834 2704 4890; x_wconf 87' lang='lat' dir='ltr'><strong>Sed</strong></span> <span class='ocrx_word' id='word_1_893' title='bbox 2734 4836 2887 4904; x_wconf 87' lang='lat' dir='ltr'><strong>plane</strong></span> <span class='ocrx_word' id='word_1_894' title='bbox 2924 4835 2976 4888; x_wconf 88' lang='lat' dir='ltr'><strong>in</strong></span> <span class='ocrx_word' id='word_1_895' title='bbox 2999 4837 3174 4888; x_wconf 87' lang='lat' dir='ltr'><strong>ecstasi</strong></span> <span class='ocrx_word' id='word_1_896' title='bbox 3190 4852 3209 4902; x_wconf 90' lang='lat'><strong><em>;</em></strong></span> <span class='ocrx_word' id='word_1_897' title='bbox 3237 4852 3466 4906; x_wconf 77' lang='lat' dir='ltr'><strong>expave-</strong></span> 
     </span>
    </p>
   </div>
   <div class='ocr_carea' id='block_1_112' title="bbox 1894 4928 3468 4998">
    <p class='ocr_par' dir='ltr' id='par_1_112' title="bbox 1894 4928 3468 4998">
     <span class='ocr_line' id='line_1_112' title="bbox 1894 4928 3468 4998; baseline -0.003 -10"><span class='ocrx_word' id='word_1_898' title='bbox 1894 4933 2162 4988; x_wconf 91' lang='lat' dir='ltr'><strong>scentibns</strong></span> <span class='ocrx_word' id='word_1_899' title='bbox 2186 4932 2432 4986; x_wconf 89' lang='lat' dir='ltr'><strong>omnibus</strong></span> <span class='ocrx_word' id='word_1_900' title='bbox 2457 4939 2561 4984; x_wconf 89' lang='lat' dir='ltr'><strong>tam</strong></span> <span class='ocrx_word' id='word_1_901' title='bbox 2585 4943 2830 4998; x_wconf 79' lang='lat' dir='ltr'><strong>magnum</strong></span> <span class='ocrx_word' id='word_1_902' title='bbox 2858 4928 2908 4981; x_wconf 93' lang='lat' dir='ltr'><strong>in</strong></span> <span class='ocrx_word' id='word_1_903' title='bbox 2933 4928 3048 4997; x_wconf 90' lang='lat' dir='ltr'><strong>ejus</strong></span> <span class='ocrx_word' id='word_1_904' title='bbox 3073 4929 3345 4984; x_wconf 86' lang='lat' dir='ltr'><strong>vocatione</strong></span> <span class='ocrx_word' id='word_1_905' title='bbox 3368 4931 3468 4984; x_wconf 90' lang='lat' dir='ltr'><strong>mi-</strong></span> 
     </span>
    </p>
   </div>
   <div class='ocr_carea' id='block_1_113' title="bbox 1895 5019 3464 5096">
    <p class='ocr_par' dir='ltr' id='par_1_113' title="bbox 1895 5019 3464 5096">
     <span class='ocr_line' id='line_1_113' title="bbox 1895 5019 3464 5096; baseline -0.001 -18"><span class='ocrx_word' id='word_1_906' title='bbox 1895 5025 2152 5079; x_wconf 88' lang='lat' dir='ltr'><strong>raculum.</strong></span> <span class='ocrx_word' id='word_1_907' title='bbox 2185 5022 2420 5077; x_wconf 83' lang='lat' dir='ltr'><strong>Ecstasis</strong></span> <span class='ocrx_word' id='word_1_908' title='bbox 2447 5035 2674 5089; x_wconf 84' lang='lat' dir='ltr'><strong>namque</strong></span> <span class='ocrx_word' id='word_1_909' title='bbox 2697 5029 2778 5073; x_wconf 88' lang='lat' dir='ltr'><strong>est</strong></span> <span class='ocrx_word' id='word_1_910' title='bbox 2801 5019 3265 5096; x_wconf 20' lang='lat' dir='ltr'><strong>mentis&#39;cxcessus</strong></span> <span class='ocrx_word' id='word_1_911' title='bbox 3287 5037 3299 5072; x_wconf 92' lang='lat'><strong>:</strong></span> <span class='ocrx_word' id='word_1_912' title='bbox 3325 5021 3464 5091; x_wconf 92' lang='lat' dir='ltr'><strong>quod</strong></span> 
     </span>
    </p>
   </div>
   <div class='ocr_carea' id='block_1_114' title="bbox 1897 5111 3464 5186">
    <p class='ocr_par' dir='ltr' id='par_1_114' title="bbox 1897 5111 3464 5186">
     <span class='ocr_line' id='line_1_114' title="bbox 1897 5111 3464 5186; baseline -0.003 -16"><span class='ocrx_word' id='word_1_913' title='bbox 1897 5114 2177 5186; x_wconf 87' lang='lat' dir='ltr'><strong>aliquando</strong></span> <span class='ocrx_word' id='word_1_914' title='bbox 2195 5128 2387 5183; x_wconf 86' lang='lat' dir='ltr'><strong>pavore</strong></span> <span class='ocrx_word' id='word_1_915' title='bbox 2410 5111 2695 5180; x_wconf 84' lang='lat' dir='ltr'><strong>contingit;</strong></span> <span class='ocrx_word' id='word_1_916' title='bbox 2718 5126 3086 5179; x_wconf 85' lang='lat' dir='ltr'><strong>nonnunquam</strong></span> <span class='ocrx_word' id='word_1_917' title='bbox 3107 5125 3232 5166; x_wconf 86' lang='lat' dir='ltr'><strong>vero</strong></span> <span class='ocrx_word' id='word_1_918' title='bbox 3256 5127 3348 5180; x_wconf 92' lang='lat' dir='ltr'><strong>per</strong></span> <span class='ocrx_word' id='word_1_919' title='bbox 3369 5113 3464 5166; x_wconf 80' lang='lat' dir='ltr'><strong>ali-</strong></span> 
     </span>
    </p>
   </div>
   <div class='ocr_carea' id='block_1_115' title="bbox 1898 5201 3465 5277">
    <p class='ocr_par' dir='ltr' id='par_1_115' title="bbox 1898 5201 3465 5277">
     <span class='ocr_line' id='line_1_115' title="bbox 1898 5201 3465 5277; baseline -0.003 -19"><span class='ocrx_word' id='word_1_920' title='bbox 1898 5223 2052 5277; x_wconf 88' lang='lat' dir='ltr'><strong>quam</strong></span> <span class='ocrx_word' id='word_1_921' title='bbox 2070 5204 2446 5260; x_wconf 87' lang='lat' dir='ltr'><strong>revelationem</strong></span> <span class='ocrx_word' id='word_1_922' title='bbox 2463 5201 2808 5255; x_wconf 76' lang='lat' dir='ltr'><strong>alienatione’</strong></span> <span class='ocrx_word' id='word_1_923' title='bbox 2835 5202 3024 5254; x_wconf 85' lang='lat' dir='ltr'><strong>mentis</strong></span> <span class='ocrx_word' id='word_1_924' title='bbox 3045 5215 3073 5252; x_wconf 89' lang='lat' dir='ltr'><strong>a</strong></span> <span class='ocrx_word' id='word_1_925' title='bbox 3095 5202 3336 5256; x_wconf 90' lang='lat' dir='ltr'><strong>sensibus</strong></span> <span class='ocrx_word' id='word_1_926' title='bbox 3350 5216 3465 5255; x_wconf 89' lang='lat' dir='ltr'><strong>cor-</strong></span> 
     </span>
    </p>
   </div>
   <div class='ocr_carea' id='block_1_116' title="bbox 1901 5292 3470 5367">
    <p class='ocr_par' dir='ltr' id='par_1_116' title="bbox 1901 5292 3470 5367">
     <span class='ocr_line' id='line_1_116' title="bbox 1901 5292 3470 5367; baseline -0.005 -15"><span class='ocrx_word' id='word_1_927' title='bbox 1901 5299 2064 5367; x_wconf 90' lang='lat' dir='ltr'><strong>poris,</strong></span> <span class='ocrx_word' id='word_1_928' title='bbox 2083 5306 2140 5350; x_wconf 90' lang='lat' dir='ltr'><strong>ut</strong></span> <span class='ocrx_word' id='word_1_929' title='bbox 2167 5295 2373 5365; x_wconf 88' lang='lat' dir='ltr'><strong>spiritui</strong></span> <span class='ocrx_word' id='word_1_930' title='bbox 2389 5293 2527 5362; x_wconf 91' lang='lat' dir='ltr'><strong>quod</strong></span> <span class='ocrx_word' id='word_1_931' title='bbox 2547 5293 3013 5346; x_wconf 85' lang='lat' dir='ltr'><strong>demenstraudum</strong></span> <span class='ocrx_word' id='word_1_932' title='bbox 3042 5303 3124 5346; x_wconf 91' lang='lat' dir='ltr'><strong>est</strong></span> <span class='ocrx_word' id='word_1_933' title='bbox 3140 5292 3470 5347; x_wconf 88' lang='lat' dir='ltr'><strong>demonstre-</strong></span> 
     </span>
    </p>
   </div>
   <div class='ocr_carea' id='block_1_117' title="bbox 1903 5382 3464 5454">
    <p class='ocr_par' dir='ltr' id='par_1_117' title="bbox 1903 5382 3464 5454">
     <span class='ocr_line' id='line_1_117' title="bbox 1903 5382 3464 5454; baseline -0.007 -12"><span class='ocrx_word' id='word_1_934' title='bbox 1903 5399 2004 5442; x_wconf 90' lang='lat' dir='ltr'><strong>tur.</strong></span> <span class='ocrx_word' id='word_1_935' title='bbox 2032 5386 2181 5442; x_wconf 88' lang='lat' dir='ltr'><strong>Undc</strong></span> <span class='ocrx_word' id='word_1_936' title='bbox 2206 5385 2422 5454; x_wconf 89' lang='lat' dir='ltr'><strong>intelligi</strong></span> <span class='ocrx_word' id='word_1_937' title='bbox 2452 5383 2609 5437; x_wconf 87' lang='lat' dir='ltr'><strong>etiam</strong></span> <span class='ocrx_word' id='word_1_938' title='bbox 2649 5382 2726 5436; x_wconf 91' lang='lat' dir='ltr'><strong>sic</strong></span> <span class='ocrx_word' id='word_1_939' title='bbox 2750 5389 2921 5450; x_wconf 87' lang='lat' dir='ltr'><strong>potest</strong></span> <span class='ocrx_word' id='word_1_940' title='bbox 2953 5382 3092 5450; x_wconf 88' lang='lat' dir='ltr'><strong>quod</strong></span> <span class='ocrx_word' id='word_1_941' title='bbox 3125 5382 3206 5436; x_wconf 93' lang='lat' dir='ltr'><strong>hic</strong></span> <span class='ocrx_word' id='word_1_942' title='bbox 3241 5383 3464 5452; x_wconf 87' lang='lat' dir='ltr'><strong>positum</strong></span> 
     </span>
    </p>
   </div>
   <div class='ocr_carea' id='block_1_118' title="bbox 1902 5473 3470 5545">
    <p class='ocr_par' dir='ltr' id='par_1_118' title="bbox 1902 5473 3470 5545">
     <span class='ocr_line' id='line_1_118' title="bbox 1902 5473 3470 5545; baseline -0.007 -11"><span class='ocrx_word' id='word_1_943' title='bbox 1902 5487 2016 5545; x_wconf 88' lang='lat' dir='ltr'><strong>est,</strong></span> <span class='ocrx_word' id='word_1_944' title='bbox 2048 5479 2098 5531; x_wconf 91' lang='lat' dir='ltr'><strong>in</strong></span> <span class='ocrx_word' id='word_1_945' title='bbox 2128 5478 2343 5540; x_wconf 86' lang='lat' dir='ltr'><strong>ecstasi;</strong></span> <span class='ocrx_word' id='word_1_946' title='bbox 2370 5474 2490 5545; x_wconf 89' lang='lat' dir='ltr'><strong>quia</strong></span> <span class='ocrx_word' id='word_1_947' title='bbox 2519 5488 2635 5528; x_wconf 89' lang='lat' dir='ltr'><strong>cum</strong></span> <span class='ocrx_word' id='word_1_948' title='bbox 2667 5473 2714 5528; x_wconf 92' lang='lat' dir='ltr'><strong>ei</strong></span> <span class='ocrx_word' id='word_1_949' title='bbox 2749 5474 3067 5542; x_wconf 89' lang='lat' dir='ltr'><strong>persecutori</strong></span> <span class='ocrx_word' id='word_1_950' title='bbox 3107 5473 3300 5526; x_wconf 86' lang='lat' dir='ltr'><strong>dictum</strong></span> <span class='ocrx_word' id='word_1_951' title='bbox 3329 5479 3470 5525; x_wconf 88' lang='lat' dir='ltr'><strong>esset</strong></span> 
     </span>
    </p>
   </div>
   <div class='ocr_carea' id='block_1_119' title="bbox 1968 5649 3474 5730">
    <p class='ocr_par' dir='ltr' id='par_1_119' title="bbox 1968 5649 3474 5730">
     <span class='ocr_line' id='line_1_119' title="bbox 1968 5649 3474 5730; baseline 0.001 -33"><span class='ocrx_word' id='word_1_952' title='bbox 1968 5653 1985 5684; x_wconf 78' lang='grc' dir='ltr'><strong>ι</strong></span> <span class='ocrx_word' id='word_1_953' title='bbox 1999 5651 2151 5730; x_wconf 46' lang='lat' dir='ltr'><strong>add”</strong></span> <span class='ocrx_word' id='word_1_954' title='bbox 2171 5649 2300 5716; x_wconf 82' lang='lat' dir='ltr'><strong>regis</strong></span> <span class='ocrx_word' id='word_1_955' title='bbox 2317 5650 2426 5700; x_wconf 84' lang='lat' dir='ltr'><strong>mei.</strong></span> <span class='ocrx_word' id='word_1_956' title='bbox 2453 5658 2569 5711; x_wconf 77' lang='lat' dir='ltr'><strong>Vox,</strong></span> <span class='ocrx_word' id='word_1_957' title='bbox 2591 5649 2703 5709; x_wconf 78' lang='lat' dir='ltr'><strong>mei,</strong></span> <span class='ocrx_word' id='word_1_958' title='bbox 2726 5663 2821 5699; x_wconf 85' lang='lat' dir='ltr'><strong>non</strong></span> <span class='ocrx_word' id='word_1_959' title='bbox 2846 5657 2921 5699; x_wconf 90' lang='lat' dir='ltr'><strong>est</strong></span> <span class='ocrx_word' id='word_1_960' title='bbox 2943 5650 2992 5698; x_wconf 87' lang='lat' dir='ltr'><strong>in</strong></span> <span class='ocrx_word' id='word_1_961' title='bbox 3013 5655 3117 5697; x_wconf 74' lang='lat' dir='ltr'><strong>uss.</strong></span> <span class='ocrx_word' id='word_1_962' title='bbox 3137 5661 3229 5697; x_wconf 86' lang='lat' dir='ltr'><strong>nec</strong></span> <span class='ocrx_word' id='word_1_963' title='bbox 3250 5649 3297 5697; x_wconf 86' lang='lat' dir='ltr'><strong>in</strong></span> <span class='ocrx_word' id='word_1_964' title='bbox 3315 5661 3474 5712; x_wconf 65' lang='grc' dir='ltr'><strong>ειτηεο</strong></span> 
     </span>
    </p>
   </div>
   <div class='ocr_carea' id='block_1_120' title="bbox 1907 5719 3207 5838">
    <p class='ocr_par' dir='ltr' id='par_1_120' title="bbox 1907 5719 3207 5838">
     <span class='ocr_line' id='line_1_120' title="bbox 1907 5719 3207 5838; baseline -0.003 -16"><span class='ocrx_word' id='word_1_965' title='bbox 1907 5719 2096 5824; x_wconf 45' lang='grc' dir='ltr'><strong>Ι’,ζὶέίσε</strong></span> <span class='ocrx_word' id='word_1_966' title='bbox 2117 5776 2277 5838; x_wconf 75' lang='lat' dir='ltr'><strong>proba:</strong></span> <span class='ocrx_word' id='word_1_967' title='bbox 2300 5782 2423 5824; x_wconf 57' lang='lat' dir='ltr'><strong>notas</strong></span> <span class='ocrx_word' id='word_1_968' title='bbox 2448 5783 2552 5823; x_wconf 79' lang='lat' dir='ltr'><strong>Mss.</strong></span> <span class='ocrx_word' id='word_1_969' title='bbox 2576 5779 2630 5822; x_wconf 73' lang='lat' dir='ltr'><strong>at</strong></span> <span class='ocrx_word' id='word_1_970' title='bbox 2651 5773 2783 5832; x_wconf 58' lang='lat' dir='ltr'><strong>add,</strong></span> <span class='ocrx_word' id='word_1_971' title='bbox 2805 5779 2848 5822; x_wconf 88' lang='lat' dir='ltr'><strong>et</strong></span> <span class='ocrx_word' id='word_1_972' title='bbox 2871 5769 3207 5821; x_wconf 81' lang='lat' dir='ltr'><strong>alienationem.</strong></span> 
     </span>
    </p>
   </div>
  </div>
