4022 6200
593 277 698 335 835

591 395 659 449 de
697 389 833 450 celo
854 430 871 455 ,
899 387 1057 445 Saule
1077 426 1095 452 ,
1124 385 1281 442 Saule
1302 427 1317 450 ,
1347 383 1466 456 quid
1492 401 1568 439 me
1591 384 1897 456 persequeris
1920 425 1933 447 ,
1965 383 2148 438 adem-

590 492 681 555 pto
704 480 899 537 lumine
922 477 1193 532 oculorum
1219 476 1527 541 carnalium,
1556 475 1908 545 respondebat
1929 474 2151 528 Domino

585 586 740 645 quem
767 568 954 639 spiritu
980 566 1186 621 videbat
1210 583 1224 626 ;
1244 566 1342 636 ,qui
1368 574 1545 620 autem
1572 579 1691 619 cum
1721 563 1808 617 illo
1838 572 1987 619 erant
2006 603 2022 628 ,
2055 576 2148 616 vo-

586 676 700 716 cem
728 655 1095 729 respondentis
1123 654 1438 718 audiebant,
1470 654 1733 708 neminem
1765 661 1935 707 tamen
1964 651 2148 706 viden-

586 760 663 804 tes
701 751 783 804 cui
814 749 1115 817 loqueretur
1143 743 1275 818 (Act.
1305 761 1356 799 ix
1378 785 1392 809 ,
1423 744 1561 815 4-7).
1590 744 1772 799 Potest
1810 743 1894 798 hic
1928 743 2148 798 ecstasis

583 842 742 897 etiam
772 840 861 895 illa
888 840 1001 908 ejus
1026 837 1266 908 intelligi,
1296 837 1361 891 de
1383 852 1483 906 qua
1512 836 1624 905 ipse
1652 836 1873 904 loquens
1896 836 1988 900 ait,
2011 834 2148 890 scire

584 949 641 989 sc
667 932 932 989 hominem
958 940 1161 1000 raptum
1182 945 1346 1000 usque
1369 930 1418 982 in
1447 929 1657 983 tertium
1685 927 2034 992 cmlum;sive
2054 942 2148 980 au-

586 1034 688 1081 tem
717 1024 773 1077 in
799 1040 1054 1093 corpore,
1087 1023 1196 1076 sive
1226 1032 1371 1076 extra
1403 1036 1595 1089 corpus
1614 1060 1628 1082 ,
1662 1020 1897 1079 nescire;
1926 1019 2018 1075 sed
2056 1034 2147 1073 ra-

583 1127 727 1185 ptum
759 1115 808 1169 in
840 1114 1137 1185 paradisum
1166 1112 1373 1166 audisse
1400 1108 1681 1164 ineffabilia
1699 1109 1878 1173 verba,
1901 1124 2017 1179 qua:
2040 1124 2143 1163 non

582 1209 765 1264 liceret
794 1207 993 1262 homini
1021 1205 1161 1274 loqui
1189 1203 1251 1274 (ll
1282 1203 1397 1258 Cor.
1427 1219 1519 1265 xu,
1540 1200 1677 1272 2-4).
1707 1199 2141 1271 Principesluda,

581 1305 729 1357 duces
748 1316 955 1363 eorum;
982 1298 1229 1370 principes
1251 1296 1498 1359 Zabulon,
1520 1295 1768 1364 principes
1790 1292 2139 1364 Neplttltalim.

580 1392 711 1448 Cum
737 1391 1019 1460 Apostolus
1044 1389 1304 1459 signiﬁcet
1328 1387 1589 1457 principes
1606 1427 1620 1451 ,
1650 1385 1734 1438 ubi
1773 1393 1933 1440 estet
1957 1382 2144 1453 Benja-

581 1486 682 1537 ntin
710 1481 1068 1537 adolescentior
1095 1481 1147 1534 in
1171 1479 1381 1544 ccstasi;
1409 1477 1597 1548 quibus
1628 1476 1800 1530 verbis
1822 1476 2039 1530 Paulum
2064 1468 2142 1530 si-

579 1576 814 1647 gnificari
845 1588 1000 1628 nemo
1025 1572 1269 1641 ambigit;
1292 1570 1372 1624 vel
1397 1568 1608 1623 nomine
1635 1567 1927 1637 principum
1954 1581 2141 1622 omnes

578 1666 937 1736 signiﬁcentur
961 1664 1012 1718 in
1042 1661 1291 1717 Ecclesiis
1314 1659 1633 1715 excellentes
1658 1667 1814 1727 atque
1850 1656 2141 1712 imitatione

578 1757 870 1829 dignissimi
890 1772 904 1807 :
926 1754 1049 1825 quid
1066 1754 1162 1808 sibi
1180 1753 1361 1807 volunt
1380 1750 1492 1805 inec
1510 1749 1718 1804 numina
1739 1748 1966 1803 tribuum
1983 1747 2142 1803 Israc-

576 1848 877 1904 liticarum?
902 1846 956 1902 Si
985 1846 1125 1903 enim
1157 1853 1358 1898 tantum
1381 1841 1529 1896 Iuda:
1556 1839 1754 1895 mentio
1787 1838 1965 1899 fieret,
2004 1854 2137 1908 quo-

576 1945 812 2017 niamtex
838 1939 935 1994 hac
966 1939 1104 1993 tribu
1129 1951 1278 2006 reges
1319 1934 1541 1996 fuerant,
1574 1946 1637 1984 ex
1664 1944 1764 2000 qua
1791 1939 1865 1985 et'
1885 1928 2141 1983 Dominus

575 2034 816 2091 Christus
839 2030 1125 2087 secundum
1153 2041 1365 2082 carnem
1399 2023 1568 2096 (Rom.
1597 2038 1670 2086 ix,
1691 2021 1782 2089 5);
1816 2021 1933 2074 ideo
1957 2034 2021 2074 ex
2042 2019 2139 2074 hac

562 2128 713 2182 tribu
742 2132 1042 2195 putaremus
1068 2120 1314 2188 figuratus
1339 2116 1493 2169 etiam
1528 2113 1790 2183 principes
1815 2109 2138 2199 Testamenti

574 2218 707 2274 Novi
739 2234 750 2269 :
784 2230 903 2270 cum
932 2227 1057 2268 vero
1085 2209 1321 2279 adjungit
1340 2248 1356 2272 ,
1388 2206 1635 2276 principes
1659 2202 1885 2257 Zabulon
1904 2242 1919 2265 ,
1950 2201 2139 2271 princi-

575 2329 660 2385 pes
687 2307 1335 2382 Nepltthalim;quisquam
1360 2301 1578 2356 forsitan
1605 2299 1745 2354 dicat
1767 2313 1833 2352 ex
1861 2297 1941 2351 his
1970 2294 2138 2351 tribu-

576 2406 674 2460 bus
701 2403 980 2475 Apostolus
1006 2401 1185 2460 fuisse,
1208 2414 1272 2452 ex
1300 2395 1416 2451 aliis
1442 2402 1616 2448 autem
1642 2407 1746 2445 non
1774 2389 1956 2445 fuisse.
1983 2387 2133 2457 Quod

573 2496 697 2552 licet
724 2493 862 2550 unde
880 2491 1086 2564 probari
1114 2490 1215 2544 hoc
1230 2496 1407 2558 posset
1423 2501 1526 2540 non
1541 2483 1775 2546 videam;
1798 2490 1995 2544 tamen,
2015 2480 2134 2550 quia

573 2602 671 2642 nec
700 2584 840 2640 unde
867 2582 1133 2637 refellatur
1160 2577 1390 2641 invenio,
1413 2583 1467 2629 et
1486 2574 1587 2628 hoc
1613 2572 1731 2626 loco
1755 2570 2138 2642 principes-Ec-

572 2679 851 2733 clesiarum
872 2716 887 2740 ,
915 2673 1182 2743 ducesque
1209 2684 1390 2726 eorum
1416 2667 1505 2737 qui
1544 2666 1596 2720 in
1624 2664 1877 2721 Ecclesiis
1919 2662 2136 2717 benedi-

572 2780 697 2825 Cum
723 2760 1000 2823 Dominum
1022 2764 1175 2820 video
1199 2758 1577 2822 commendari,
1597 2773 1702 2812 non
1727 2754 1952 2811 absurde
1976 2755 2136 2810 etiam

575 2859 729 2914 istum
756 2873 969 2913 sensum
1006 2854 1170 2926 probo
1191 2854 1245 2917 ¹;
1273 2851 1366 2906 sed
1395 2850 1513 2919 plus
1540 2863 1625 2903 me
1645 2847 1873 2902 delectat
1896 2844 2034 2914 quod
2070 2848 2136 2900 es

574 2950 792 3005 istorum
822 2947 1093 3002 nominum
1138 2943 1571 3011 interpretatione
1598 2936 1862 2993 clarescit.
1914 2935 2136 2991 Hebraea

573 3042 767 3111 quippe
787 3046 909 3092 sunt
937 3038 1147 3091 nomina
1181 3051 1195 3087 :
1226 3046 1449 3103 quorum
1469 3028 1602 3085 Iuda
1623 3070 1637 3094 ,
1668 3027 1943 3084 Confessio
1968 3025 2138 3082 inter-

573 3130 768 3201 pretari
798 3127 1022 3190 dicitur;
1071 3124 1302 3178 Zabulon
1323 3164 1339 3189 ,
1369 3121 1730 3176 llabitaculum
1773 3118 2135 3190 fortitudinis;

573 3218 927 3289 Nephthalim,
948 3214 1191 3270 Dilatatio
1218 3227 1353 3267 mea.
1373 3210 1501 3279 Qua:
1524 3210 1702 3263 omnia
1719 3207 2022 3264 verissimos
2041 3224 2137 3264 no—

573 3312 654 3366 bis
681 3311 943 3365 insinuant
971 3307 1232 3378 principes
1272 3302 1660 3364 Ecclesiarum,
1692 3300 1879 3369 dignos
1903 3299 2131 3367 ducatu,

571 3404 759 3474 dignos
788 3400 1106 3464 imitatione,
1147 3396 1333 3468 dignos
1361 3392 1668 3448 honoribus.
1699 3391 1956 3462 Martyres
1981 3406 2134 3444 nam-

570 3510 672 3566 que
698 3495 746 3548 in
773 3492 1026 3548 Ecclesiis
1064 3489 1237 3544 locum
1260 3500 1524 3541 summum
1565 3491 1777 3546 tenent,
1804 3491 1963 3553 atque
1987 3482 2135 3552 apice

571 3597 765 3641 saneta:
785 3583 1052 3654 dignitatis
1076 3579 1360 3635 excellunt.
1386 3575 1501 3632 Jam
1521 3590 1650 3631 vero
1679 3575 1732 3629 in
1757 3574 2009 3646 martyrio
2028 3574 2138 3644 pri-

573 3694 655 3731 ma
681 3674 943 3730 confessio
967 3682 1079 3733 est,
1107 3680 1162 3727 et
1197 3684 1292 3740 pro
1320 3668 1407 3723 illa
1429 3666 1680 3737 quidquid
1718 3666 1969 3720 acciderit
2003 3665 2134 3719 tole-

572 3767 720 3823 randi
751 3779 978 3836 scquens
1003 3761 1288 3817 assumitur
1328 3758 1618 3822 fortitudo;
1647 3755 1839 3811 deinde
1879 3764 1995 3825 post
2019 3770 2135 3809 om-

573 3857 657 3911 nia
687 3856 904 3910 tolerata
927 3895 942 3919 ,
975 3853 1134 3924 finitis
1161 3849 1418 3919 angustiis
1437 3891 1451 3915 ,
1477 3847 1697 3903 latitudo
1722 3848 2060 3915 consequitur
2079 3847 2131 3900 in

574 3948 806 4017 pr:rmio.
840 3946 1020 4001 Potest
1048 3953 1101 3999 et
1138 3943 1217 3997 sic
1255 3940 1503 4010 intelligi,
1531 3948 1588 3992 ut
1613 3938 1857 4008 quoniam
1887 3937 1984 3991 tria
2016 3936 2128 3992 haec

571 4041 834 4111 praecipue
861 4035 1195 4093 commendat
1218 4033 1500 4102 Apostolus
1518 4072 1533 4096 ,
1562 4030 1717 4085 fidem
1735 4073 1748 4093 ,
1776 4044 1921 4098 spem
1943 4070 1957 4091 ,
1998 4028 2127 4083 cha-

571 4131 779 4186 ritatem
808 4128 873 4200 (ll
904 4128 1021 4182 Cor.
1050 4143 1141 4181 xui
1161 4167 1175 4192 ,
1209 4124 1297 4196 15)
1317 4167 1332 4188 ,
1361 4123 1620 4178 confessio
1646 4122 1711 4175 sit
1740 4121 1791 4174 in
1822 4120 1955 4184 fide,
1986 4119 2134 4174 forti.

572 4221 699 4275 tudo
724 4220 774 4272 in
801 4234 915 4288 Spe,
934 4215 1153 4270 latitudo
1180 4216 1229 4269 in
1255 4215 1531 4267 charitate.
1557 4211 1704 4266 Fidei
1729 4211 1921 4281 quippe
1945 4225 2031 4267 res
2052 4219 2133 4265 est

570 4323 628 4367 ut
669 4310 829 4366 corde
853 4308 1098 4364 credatur
1125 4307 1190 4360 ad
1228 4305 1484 4375 justitiam
1503 4344 1519 4368 ,
1547 4318 1640 4357 ore
1666 4310 1843 4356 autem
1871 4294 2132 4357 confessio

571 4406 661 4458 fiat
680 4401 746 4457 ad
773 4401 993 4456 salutem
1013 4397 1184 4465 (Rom.
1202 4412 1259 4461 x,
1279 4395 1386 4465 lli).
1408 4394 1463 4448 in
1485 4392 1819 4462 passionibus
1839 4402 2013 4446 autem
2035 4392 2134 4445 tri.

568 4493 893 4550 bulationum
918 4501 1004 4543 res
1025 4486 1195 4540 tristis
1221 4493 1322 4548 est,
1342 4482 1436 4538 sed
1456 4497 1578 4552 spes
1592 4480 1748 4536 fortis
1770 4489 1851 4535 est
1875 4497 1889 4533 :
1914 4479 2128 4536 Sienim

567 4586 700 4655 quod
727 4601 827 4639 non
853 4581 1076 4637 videmus
1112 4592 1371 4648 speramus
1391 4616 1406 4641 ,
1436 4590 1524 4643 per
1552 4572 1843 4643 patientiam
1866 4580 2129 4640 exspecta-

568 4692 679 4729 mus
704 4673 812 4747 (Id.
841 4688 927 4727 vui
948 4713 964 4736 ,
994 4668 1107 4739 25).
1137 4664 1490 4723 Latitudinem
1512 4678 1642 4718 vero
1668 4670 1880 4732 praestat
1903 4661 2134 4718 charita-

573 4767 638 4820 tis
666 4767 717 4820 in
745 4766 906 4821 corde
943 4761 1156 4820 dilfusio
1186 4779 1200 4815 :
1235 4774 1353 4814 nam
1383 4765 1725 4812 consummata
1748 4756 1968 4810 charitas
1992 4755 2129 4825 foras

568 4858 717 4912 mittit
744 4861 969 4912 timorem
995 4856 1038 4929 (l
1058 4856 1213 4910 Joan.
1240 4868 1292 4907 iv
1312 4893 1327 4918 ,
1355 4850 1485 4921 {8);
1513 4849 1601 4919 qui
1628 4848 1787 4902 timor
1812 4856 2128 4903 tormentum

528 4968 537 4977 ο
572 4947 729 5002 habet
754 4964 846 5018 per
865 4948 1053 5002 animo:
1074 4945 1361 5017 angustias.
1391 4940 1654 5013 Principes
1678 4954 1804 5010 ergo
1821 4939 1855 4993 J
1861 4939 1961 4993 uda
1980 4940 2129 4994 duces

569 5056 740 5095 eorum
766 5040 854 5108 qui
873 5041 896 5071 ¹
926 5040 978 5093 in
1010 5038 1262 5093 Ecclesiis
1295 5033 1614 5090 benedicunt
1647 5032 1944 5087 Dominum.
1975 5030 2130 5085 Prin-

483 5142 490 5165 ι
566 5132 701 5201 cipes
737 5127 967 5184 Zabttlon
986 5170 1000 5194 ,
1029 5128 1277 5198 principes
1302 5124 1633 5196 Nepltthalim
1662 5139 1682 5176 :
1712 5122 1976 5193 principes
2000 5136 2129 5177 con-

486 5204 489 5205 ⁷
569 5220 836 5285 fessionis,
855 5219 1191 5283 fortitudinis,
1214 5216 1529 5283 latitudinis;
1553 5214 1816 5285 principes
1832 5213 1972 5281 fidei,
1990 5213 2126 5283 spei,

567 5310 858 5370 charitatis.

630 5511 649 5543 ί
683 5506 903 5569 Plerique
929 5509 1055 5570 35s..
1077 5501 1244 5564 prodo,
1268 5499 1347 5550 vel
1368 5512 1545 5565 promo.
1581 5562 1603 5570 _
1691 5561 1702 5570 _
1731 5560 1742 5570 _
1894 5560 1906 5570 _
1964 5557 1993 5570 ,,

630 5574 652 5604 ε
681 5576 755 5630 Er.
781 5560 838 5618 et'
855 5575 983 5624 lov.,
999 5560 1346 5630 duceseoptm.
1363 5560 1604 5630 buerunt?
1621 5561 1702 5627 qui
1724 5560 1773 5630 in
1797 5560 2034 5630 Ecclesiis,
2047 5573 2126 5616 etc

570 5642 688 5692 Am.,
712 5621 1051 5696 duceseonnn.
1209 5621 1236 5696 _?
1264 5622 1314 5674 in
1336 5621 1573 5682 Ecclesiis,
1598 5621 1675 5672 cie
1726 5623 2029 5681 uss...duces
2050 5639 2129 5676 eo-

569 5686 719 5745 rum':
743 5689 824 5759 qui
843 5689 894 5741 in
914 5686 1149 5748 Ecclesiis,
1174 5694 1252 5737 etc
1935 5754 1965 5796 λ

1808 269 1867 328 S.
1907 266 2265 328 AUGUSTINI
2300 268 2604 327 EPlSCOPl

3719 278 3821 334 836

2327 384 2415 439 37.
2457 382 2605 456 [rem
2636 383 2752 458 29.]
2793 384 3004 452 blanda,
3036 383 3200 454 Deus,
3233 391 3458 444 virtutem
3487 399 3645 445 tuam.
3679 391 3822 451 Unus

2256 476 2396 531 enim
2424 477 2675 542 Dominus
2701 487 2883 533 uoster
2909 477 3064 534 Jesus
3092 477 3338 533 Christus
3357 522 3374 546 ,
3404 496 3498 550 per
3520 472 3675 552 quem
3704 498 3817 536 om-

2255 566 2362 632 nia,
2388 576 2442 621 et
2468 581 2563 622 nos
2593 567 2644 623 in
2672 566 2786 636 ipso
2808 566 2867 639 (Ι
2894 568 3011 622 Cor.
3038 585 3148 631 vin,
3179 568 3257 642 6),
3284 586 3440 641 quem
3470 573 3694 641 legimus
3728 573 3821 632 Dei

2206 678 2213 683 -
2257 654 2513 712 Virtutem
2541 666 2593 712 et
2615 658 2709 713 Dei
2734 659 3058 729 Sapientiam
3084 659 3191 733 (Id.
3224 678 3261 727 ι,
3289 661 3402 736 9.4).
3429 663 3706 731 Quomodo
3731 682 3814 718 an-

2254 754 2359 801 tem
2406 747 2542 802 Deus
2583 749 2796 803 mandat
2831 748 3099 805 Christum
3143 767 3294 806 suum
3322 794 3339 819 ,
3385 755 3484 809 nisi
3530 755 3656 809 dum
3700 772 3803 810 eun
3842 787 3846 791 «

2251 839 2622 895 Commendat?
2663 840 2987 897 Commendat
3023 844 3157 897 enim
3181 843 3319 899 Deus
3355 847 3651 901 charitatetn
3680 865 3821 901 suain

2250 931 2302 985 in
2318 933 2476 995 nobis,
2497 934 2733 1004 quoniam
2759 935 2878 989 dum
2907 936 3073 990 adhuc
3098 948 3383 1006 peccatores
3407 955 3645 1003 essemus,
3670 938 3815 994 Cltri-

2248 1033 2354 1078 stus
2393 1041 2483 1095 pro
2505 1025 2645 1079 nobis
2683 1035 2906 1080 mortuus
2940 1039 3012 1082 est
3048 1028 3225 1097 (Rom.
3253 1044 3302 1091 v,
3326 1028 3401 1099 8).
3430 1029 3698 1097 Quomodo
3725 1049 3815 1086 nos

2249 1124 2294 1167 et
2313 1132 2425 1168 cum
2451 1117 2539 1169 illo
2568 1117 2737 1170 omnia
2774 1118 2915 1172 nobis
2946 1119 3147 1174 donavit
3186 1114 3297 1193 (Id.
3322 1136 3432 1184 Viti,
3458 1120 3577 1195 52)?
3603 1122 3820 1189 blanda,

2248 1203 2407 1272 Deus,
2434 1208 2661 1260 virtutem
2682 1215 2815 1259 tuam
2840 1223 2858 1260 :
2874 1210 3139 1276 con/irata,
3171 1208 3325 1274 Deus,
3353 1212 3447 1265 hoc
3473 1212 3610 1282 quod
3636 1229 3809 1282 Opera.

2247 1306 2325 1349 tus
2349 1312 2400 1350 es
2426 1297 2478 1349 in
2505 1297 2666 1351 nobis.
2696 1297 2882 1352 blanda
2908 1298 3165 1365 docendo,
3191 1299 3446 1356 confirma
3468 1302 3731 1370 juvando.

2317 1388 2404 1443 58.
2446 1386 2595 1460 [verm
2623 1390 2691 1444 50
2712 1430 2727 1455 ,
2761 1388 2873 1462 δι]
2912 1389 2956 1443 Α
2984 1391 3167 1460 templo
3194 1401 3280 1447 tuo
3305 1394 3356 1447 in
3380 1392 3668 1449 Jerusalem
3692 1438 3708 1460 ,
3738 1397 3823 1450 tibi

2244 1477 2616 1550 o/ferentreges
2641 1495 2867 1533 munera.
2899 1480 2939 1533 Α
2968 1480 3153 1551 templo
3181 1491 3265 1536 tuo
3292 1482 3345 1536 in
3366 1483 3672 1551 Jerusalem,
3706 1503 3820 1556 qua:

2242 1578 2322 1623 est
2351 1569 2513 1625 libera
2546 1579 2712 1626 mater
2738 1580 2918 1626 nostra
2949 1570 3091 1643 (Gal.
3123 1588 3192 1639 tv,
3225 1573 3340 1643 9.6),
3370 1575 3491 1645 quia
3518 1585 3573 1630 et
3600 1578 3717 1646 ipsa
3742 1589 3821 1632 est

2245 1661 2493 1730 templum
2523 1671 2759 1718 sanctum
2788 1670 2930 1717 tuum
2961 1682 2975 1718 :
3001 1664 3068 1718 ab
3098 1664 3185 1718 illo
3208 1679 3334 1735 ergo
3364 1666 3560 1737 templo
3586 1669 3677 1721 tibi
3702 1668 3820 1735 οπε-

2241 1760 2350 1805 rent
2372 1768 2508 1822 reges
2529 1769 2754 1807 munera.
2778 1752 3104 1825 Quicumque
3124 1770 3275 1825 reges
3296 1756 3686 1827 intelligantur;
3710 1761 3820 1815 sive

2241 1858 2392 1913 reges
2423 1852 2578 1899 terra:
2598 1885 2613 1910 ,
2644 1844 2756 1899 sive
2785 1858 2935 1915 reges
2977 1861 3111 1916 quos
3139 1845 3389 1901 discernit
3418 1850 3819 1917 superetnlestis

2241 1948 2400 2005 super
2421 1936 2718 1991 columbam
2745 1936 3173 2007 deargentatam;
3199 1937 3289 1992 tibi
3312 1937 3522 2004 oﬂ'erent
3539 1956 3684 2010 reges
3712 1958 3818 1994 nnt-

2240 2044 2379 2081 nera.
2429 2027 2496 2081 Et
2530 2043 2647 2098 qua:
2676 2044 2893 2083 munera
2924 2030 3169 2100 gratiosa,
3214 2045 3368 2100 quam
3409 2032 3668 2086 sacrificia
3705 2033 3814 2087 lau-

2240 2117 2324 2173 dis
2352 2118 2403 2173 ‘l
2435 2118 2538 2174 Sed
2568 2118 2691 2175 huic
2720 2120 2858 2174 laudi
2888 2121 3232 2190 obstrepunt,
3263 2119 3614 2176 christianum
3655 2139 3813 2179 voca-

2239 2207 2420 2264 bulum
2450 2208 2720 2275 habentes,
2746 2219 2800 2265 et
2819 2210 3024 2265 diversa
3053 2211 3365 2267 sentientes.
3387 2210 3502 2266 Fiat
3521 2228 3652 2282 ergo
3676 2213 3811 2284 quod

2240 2302 2477 2371 sequitur
2513 2318 2533 2355 :
2573 2301 2788 2373 Increpa
2829 2307 2962 2374 feras
3002 2305 3201 2357 calami.
3246 2304 3376 2359 Nam
3416 2316 3471 2361 et
3505 2307 3631 2362 fera:
3669 2316 3807 2367 sunt,

2239 2392 2488 2462 quoniam
2535 2407 2641 2447 non
2692 2393 3033 2463 intelligendo
3077 2405 3302 2459 nocent;
3350 2405 3405 2450 et
3450 2396 3580 2451 fera:
3625 2398 3811 2452 calami

2238 2490 2377 2548 sunt,
2410 2483 2657 2551 quoniam
2685 2483 3071 2553 Scripturarum
3114 2500 3328 2540 sensum
3371 2503 3468 2557 pro
3498 2503 3597 2542 suo
3627 2504 3810 2543 errore

2239 2581 2566 2641 pervertunt.
2614 2573 2715 2628 Per
2760 2574 3019 2629 calamum
3067 2576 3258 2645 quippe
3300 2586 3404 2631 tam
3433 2579 3812 2635 convenienter

2238 2661 2523 2733 Scriptum:
2568 2664 2947 2735 significantur,
2994 2682 3150 2737 quam
3198 2683 3375 2725 sermo
3417 2687 3511 2740 per
3539 2672 3805 2743 linguam;

2238 2754 2527 2809 secundum
2553 2758 2692 2827 quod
2721 2756 2913 2813 dicitur
2940 2757 3113 2829 lingua
3141 2758 3371 2825 hebrum,
3401 2762 3485 2817 vel
3508 2779 3704 2834 ενι-παι,
3729 2767 3810 2820 vel

2239 2844 2420 2912 latina,
2452 2847 2534 2902 vel
2582 2848 2685 2902 alia
2729 2850 3011 2918 quaelibet,
3060 2866 3156 2920 per
3182 2852 3494 2909 efficientem
3522 2843 3731 2913 scilicet
3760 2857 3810 2912 id

2237 2939 2378 3008 quod
2417 2938 2660 2995 efficitur.
2710 2939 2970 2996 Usitatum
2999 2951 3083 2996 est
3118 2952 3293 2998 autem
3324 2944 3376 2998 in
3410 2946 3571 3001 latino
3597 2947 3814 3017 eloquio

2238 3038 2297 3084 ut
2322 3031 2582 3100 scriptura
2609 3032 2759 3086 stilus
2784 3042 3021 3095 vocetur,
3068 3035 3207 3104 quod
3255 3036 3377 3090 stilo
3407 3038 3536 3103 fiat;
3570 3040 3641 3093 ita
3685 3057 3813 3109 ergo

2238 3127 2293 3175 et
2318 3120 2572 3187 calamus,
2611 3122 2750 3192 quod
2771 3123 2973 3178 calamo
3006 3124 3112 3179 fiat.
3148 3127 3284 3180 Dicit
3316 3131 3588 3197 apostolus
3621 3131 3815 3190 Petrus

2238 3211 2477 3267 indoctos
2513 3221 2567 3267 et
2614 3213 2881 3268 instabiles
2927 3224 3230 3283 pervertere
3253 3216 3554 3288 Scripturas
3582 3223 3646 3276 ad
3678 3239 3808 3293 pro.

2237 3304 2407 3371 prium
2434 3314 2585 3357 Suum
2613 3302 2881 3359 interitum
2908 3305 2970 3375 (ll
3005 3304 3142 3360 Petr.
3169 3322 3247 3371 ιιι,
3275 3308 3359 3377 16)
3384 3326 3397 3361 :
3426 3310 3510 3365 ha:
3531 3323 3660 3366 sunt
3686 3313 3811 3369 fera:

2236 3391 2445 3454 calami,
2474 3391 2540 3446 de
2565 3393 2756 3462 quibus
2782 3393 2865 3447 hic
2888 3393 3098 3457 dicitur,
3127 3395 3153 3448 1
3162 3411 3345 3466 ncrepa
3372 3402 3504 3467 [eras
3528 3402 3738 3456 calami.

2305 3483 2395 3538 39.
2438 3483 2513 3539 De
2552 3483 2632 3538 his
2660 3493 2743 3539 est
2783 3486 2940 3540 etiam
2984 3486 3125 3555 quod
3168 3486 3403 3558 adjungit
3432 3507 3445 3543 :
3476 3488 3809 3562 Congregatio

2237 3583 2493 3626 taurorum
2519 3574 2646 3627 inter
2671 3590 2844 3628 vaccas
2869 3576 3187 3645 populorum,
3220 3586 3273 3629 ut
3294 3579 3628 3633 excludantur
3654 3584 3696 3635 ii
3724 3583 3811 3651 qui

2243 3664 2436 3733 probati
2464 3673 2579 3718 sunt
2605 3674 2808 3735 argento
2852 3664 2952 3736 (α).
2994 3664 3198 3719 Tauros
3225 3682 3439 3732 vocans,
3472 3679 3690 3737 propter
3715 3688 3809 3724 su-

2237 3756 2470 3824 perbiam
2497 3754 2643 3809 dura:
2670 3755 3044 3825 indomitteque
3072 3757 3326 3822 cervicis;
3372 3759 3635 3828 significat
3660 3764 3807 3817 enim

2237 3844 2536 3900 hmreticos.
2575 3844 2760 3899 Vacca:
2781 3856 2956 3900 autem
2980 3846 3303 3916 papulorum,
3324 3849 3669 3907 seductibiles
3692 3856 3809 3906 auio

2238 3952 2350 3991 mas
2396 3936 2761 4007 intelligendas
2806 3948 2963 4007 puto,
3013 3940 3133 4006 quia
3175 3937 3328 3994 facile
3369 3950 3666 4008 sequuntur
3710 3943 3812 3998 lius

2235 4036 2432 4082 tauros.
2457 4028 2571 4081 Non
2595 4026 2732 4081 enim
2762 4028 2981 4098 populos
3005 4028 3280 4083 universos
3306 4031 3583 4094 seducunt,
3607 4034 3665 4088 in
3691 4036 3810 4103 qui-

2234 4120 2333 4175 bus
2361 4129 2483 4174 sunt
2512 4134 2697 4190 graves
2734 4129 2788 4175 et
2832 4120 3079 4182 stabiles;
3122 4112 3257 4175 unde
3293 4125 3544 4189 scriptum
3581 4136 3703 4191 est,
3742 4125 3811 4179 In

2236 4212 2422 4281 populo
2449 4213 2585 4281 gravi
2613 4210 2827 4263 laudabo
2857 4220 2902 4264 te
2933 4209 3104 4281 (Psal.
3133 4227 3322 4278 xxxw,
3352 4215 3477 4283 18);
3509 4216 3605 4268 sed
3636 4217 3696 4272 in
3728 4221 3809 4273 eis

2234 4302 2442 4372 populis
2468 4315 2600 4369 quas
2629 4302 2924 4354 invenerint
2953 4316 3156 4355 vaccas.
3187 4301 3273 4356 Ea:
3308 4305 3385 4358 his
3409 4306 3543 4357 enim
3572 4320 3697 4360 sunt
3722 4310 3811 4378 qui

2235 4400 2491 4462 penetrant
2520 4391 2713 4457 domos,
2740 4401 2785 4444 et
2812 4392 3034 4462 captivas
3058 4394 3249 4447 ducunt
3275 4396 3597 4451 mulierculas
3624 4415 3813 4454 onera-

2233 4493 2309 4538 tas
2354 4484 2596 4552 peccatis,
2644 4499 2756 4551 qua:
2799 4483 3045 4538 ducuntur
3084 4486 3235 4539 variis
3272 4485 3575 4555 desideriis;
3602 4508 3811 4562 semper

2232 4573 2493 4640 discentes,
2525 4584 2569 4628 et
2597 4574 2665 4628 ad
2691 4576 2911 4629 veritatis
2936 4576 3191 4631 scientiam
3218 4595 3472 4644 nunquam
3501 4588 3812 4650 pervarie..-

2233 4677 2304 4722 tes
2330 4666 2393 4741 (ll
2415 4667 2548 4721 Tim.
2577 4683 2655 4730 ιιι.
2679 4667 2732 4730 6,
2759 4668 2838 4739 7).
2859 4668 3009 4736 Quod
3029 4678 3202 4725 autem
3225 4671 3299 4724 ait
3340 4671 3478 4726 idem
3502 4678 3790 4743 apostolus

2235 4757 2441 4829 Oportet
2467 4767 2514 4812 et
2539 4758 2747 4812 hareses
2767 4774 2889 4822 esse,
2920 4767 2975 4812 ut
3002 4761 3192 4823 probati
3217 4762 3475 4829 manifesti
3491 4766 3619 4833 [iant
3644 4768 3702 4821 in
3728 4786 3816 4821 ro-

2232 4847 2305 4902 bis
2331 4846 2380 4914 (l
2408 4846 2527 4902 Car.
2553 4863 2628 4911 XI,
2660 4847 2781 4917 i9);
2812 4848 2913 4902 hoc
2938 4849 3094 4904 etiam
3123 4851 3206 4905 hic
3234 4853 3490 4922 sequitur,
3526 4854 3596 4910 Ut
3623 4861 3818 4912 exclu-

2232 4938 2419 4990 dantur
2441 4938 2479 4989 ii
2502 4937 2587 5006 qui
2615 4936 2807 5005 probati
2833 4947 2949 4991 sunt
2976 4949 3197 5007 argento,
3249 4940 3299 4994 id
3339 4949 3441 5007 est,
3472 4944 3560 5013 qui
3591 4948 3817 5014 probati

2232 5035 2353 5081 sunt
2374 5026 2596 5096 eloquiis
2623 5025 2854 5081 Domini.
2882 5026 3096 5099 Eloquia
3124 5030 3315 5100 quippe
3342 5030 3575 5099 Domini,
3602 5036 3820 5105 eloquia

2232 5128 2388 5183 casta,
2413 5128 2670 5188 argentum
2690 5119 2802 5190 igne
2829 5122 3090 5189 probatum
3117 5130 3262 5187 terra
3284 5120 3452 5193 (Psal.
3473 5140 3547 5187 ιιι,
3573 5126 3647 5193 7).
3666 5126 3814 5182 Nam

2234 5208 2567 5263 excludantur
2592 5210 2789 5263 dictum
2814 5219 2895 5264 est
2912 5250 2928 5274 ,
2970 5222 3255 5280 appareant
3272 5253 3288 5277 ,
3314 5214 3614 5282 emineant;
3655 5220 3841 5288 quod.

2232 5300 2307 5352 ait
2333 5299 2442 5364 ille,
2472 5299 2723 5367 manifesti
2747 5300 2891 5367 ﬁant.
2917 5299 3068 5355 Unde
3092 5311 3144 5355 et
3171 5303 3220 5355 in
3244 5311 3359 5358 arte
3382 5308 3685 5373 argenturia
3716 5326 3825 5365 ex-

2233 5390 2467 5446 clusorcs
2492 5401 2765 5461 vocantur,
2787 5393 2874 5464 qui
2896 5394 2961 5448 de
2981 5395 3292 5452 confusione
3316 5412 3503 5453 massa:
3527 5413 3818 5458 noverunt

2232 5538 2672 5688 ﬁt;
2685 5579 2803 5617 vero
2818 5580 2830 5615 :
2843 5573 2899 5616 Et
2918 5580 3231 5631 qawmtmera
3245 5570 3271 5621 .’
3289 5571 3515 5625 Gratiosa.
3535 5585 3653 5637 oua!
3671 5582 3831 5632 sacri

2294 5690 2367 5749 (ai
2389 5695 2456 5737 De
2480 5688 2651 5738 eidem
2672 5696 2808 5751 parte
2830 5689 2877 5752 ᾓ,
2902 5690 2958 5741 3t
2994 5691 3103 5744 vide
3133 5698 3267 5745 Enar.
3297 5697 3347 5745 in
3379 5696 3503 5748 Pssl.
3523 5714 3617 5762 ur.
3642 5698 3713 5755 αἱ
3734 5704 3827 5760 22.
