4022 6200
287 328 393 382 857

288 444 508 492 tormam
541 438 680 493 vasis
706 437 1019 507 exprimere.
1049 436 1192 492 Multi
1217 435 1359 492 enim
1385 450 1574 491 sensus
1600 435 1840 504 Scriptu-

286 544 462 583 rarum
494 537 789 582 sanctarum
832 529 1014 591 latent,
1044 538 1098 583 et
1139 528 1317 598 paucis
1352 527 1842 598 intelligentioribus

282 620 392 673 noti
434 628 589 682 sunt;
637 635 732 674 nec
759 630 1062 674 asseruntur
1088 619 1416 674 commodius
1444 627 1499 674 et
1540 619 1840 688 acceptabi-

282 710 382 765 lius
404 751 420 777 ,
450 710 549 764 nisi
576 726 694 765 cum
724 711 1075 780 respondendi
1107 710 1369 765 haereticis
1398 724 1521 764 cura
1548 709 1837 779 compellit.

282 800 429 855 'l‘uuc
472 802 611 855 enim
642 803 797 855 etiam
826 802 912 872 qui
944 802 1211 871 negligunt
1239 801 1410 855 studia
1441 800 1715 865 doctrinm,
1749 815 1838 854 so-

278 906 407 959 pore
434 892 670 945 discusso
690 933 705 957 ,
734 892 799 945 ad
825 892 1066 945 audiendi
1092 893 1383 947 excitantur
1406 890 1751 960 diligentiam,
1784 899 1842 942 ut

278 984 563 1037 adversarii
592 983 915 1038 refellantur.
936 984 1168 1053 Denique
1182 998 1339 1053 quam
1365 983 1512 1035 multi
1540 981 1839 1050 Scriptura-

280 1090 394 1128 rum
438 1083 736 1141 sanctarum
774 1088 960 1128 sensus
1001 1074 1068 1128 de
1110 1072 1319 1127 Christo
1363 1073 1472 1126 Deo
1500 1071 1685 1125 asserti
1717 1077 1841 1124 sunt

274 1178 457 1222 contra
504 1167 818 1221 l‘hotiuum!
872 1182 1027 1236 quam
1077 1165 1227 1219 multi
1268 1165 1335 1220 de
1376 1164 1586 1218 homine
1624 1162 1837 1217 Christo

276 1268 458 1310 contra
489 1256 827 1310 Manichmum
855 1257 866 1309 !
898 1271 1054 1326 quam
1086 1256 1233 1309 multi
1272 1254 1338 1309 de
1367 1254 1624 1308 Trinitate
1653 1260 1835 1306 contra

276 1347 595 1403 Sabellium!
646 1362 801 1415 quam
840 1346 985 1398 multi
1016 1345 1082 1399 de
1112 1345 1311 1398 unitate
1354 1343 1624 1397 Trinitatis
1652 1349 1834 1395 contra

276 1440 521 1501 Arianos,
548 1437 922 1500 Eunomianos,
951 1434 1384 1488 Macedoniauos!
1415 1448 1571 1504 quam
1594 1432 1741 1485 multi
1768 1430 1835 1485 de

275 1531 531 1583 catholica
566 1528 796 1581 Ecclesia
828 1534 937 1580 toto
979 1526 1108 1580 orbe
1150 1525 1359 1590 diﬁ‘usa,
1391 1534 1445 1579 et
1473 1524 1539 1578 de
1576 1522 1833 1576 malorum

274 1622 648 1676 commixtione
687 1633 851 1688 usque
893 1618 945 1672 in
986 1618 1141 1671 linem
1178 1617 1379 1680 saeculi,
1421 1615 1560 1685 quod
1598 1614 1751 1668 bonis
1780 1611 1832 1667 in

273 1720 718 1768 sacramentorum
750 1710 863 1778 ejus
892 1708 1144 1764 societate
1188 1722 1292 1761 non
1336 1707 1531 1772 obsint,
1578 1705 1832 1759 adversus

276 1804 580 1857 Donatistas
605 1812 651 1855 et
686 1801 1048 1857 Luciferiauos
1072 1801 1307 1870 aliosque
1326 1842 1340 1864 ,
1370 1799 1412 1854 si
1442 1800 1528 1868 qui
1556 1808 1678 1853 sunt
1697 1838 1714 1864 ,
1743 1798 1833 1868 qui

269 1895 428 1948 snuili
458 1910 639 1949 errore
663 1909 691 1946 a
718 1894 937 1948 veritate
959 1891 1310 1948 dissentiunt!
1342 1906 1496 1961 quam
1526 1889 1674 1944 multi
1701 1903 1831 1943 con-

271 1996 349 2039 tra
378 1996 599 2039 ca-tcrns
630 1984 904 2039 haereticos
924 2025 939 2050 ,
968 1997 1103 2053 quos
1146 1996 1456 2037 enumerare
1484 1980 1566 2035 vel
1595 1994 1831 2034 comme-

269 2092 483 2130 morare
500 2075 657 2130 nimis
672 2076 882 2145 longum
907 2085 1008 2141 est,
1026 2083 1079 2129 et
1094 2074 1341 2143 prmsenti
1358 2072 1502 2143 operi
1522 2088 1626 2126 non
1645 2086 1831 2127 neces-

270 2169 499 2223 Sarium‘
531 2173 763 2234 Quorum
796 2178 968 2222 tamen
995 2182 1246 2222 sensuum
1280 2166 1484 2235 probati
1512 2175 1827 2231 assertores,

267 2270 356 2312 aut
386 2275 601 2329 prorsus
630 2260 872 2321 laterent,
921 2266 1011 2311 aut
1038 2272 1143 2311 non
1174 2258 1243 2311 ita
1289 2257 1606 2317 eminerent,
1658 2264 1713 2308 ιιι
1737 2269 1831 2310 eos

267 2353 502 2406 eminere
533 2351 767 2403 fecerunt
808 2349 1154 2419 superborum
1199 2347 1667 2410 contradictiones,
1697 2359 1830 2415 quos

266 2443 408 2496 velut
452 2453 650 2506 tauros,
697 2440 746 2495 id
776 2440 1006 2509 estjugo
1044 2438 1339 2507 disciplina:
1377 2436 1597 2507 paciﬁco
1625 2436 1831 2505 lenique

265 2548 372 2587 non
421 2532 687 2598 subditos,
738 2539 1120 2585 commemorat
1168 2529 1488 2598 Apostolus,
1536 2526 1624 2581 ubi
1674 2526 1830 2581 talem

264 2623 398 2677 dixit
421 2621 719 2693 eligendum
750 2621 814 2674 ad
847 2618 1241 2690 episcopatum,
1272 2629 1326 2672 ut
1357 2630 1530 2688 potens
1558 2620 1620 2672 sit
1646 2618 1829 2672 exhor—

263 2715 361 2767 tari
387 2715 438 2767 in
468 2715 693 2767 doctrina
717 2730 860 2774 sana,
891 2721 936 2765 et
962 2712 1355 2766 contradicentes
1383 2710 1679 2781 redarguere
1704 2710 1828 2781 (Tit.

263 2822 301 2872 ι,
328 2806 403 2874 9).
430 2806 565 2861 Sunt
589 2805 729 2859 enim
758 2804 905 2857 multi
936 2819 1039 2857 non
1067 2803 1260 2857 subditi
1284 2817 1300 2867 ;
1330 2802 1380 2855 hi
1408 2812 1531 2878 sunt
1558 2802 1694 2854 tauri
1723 2801 1831 2855 ela-

265 2900 410 2953 tione
433 2896 654 2952 cervicis
682 2896 1015 2965 impatientes
1037 2895 1197 2949 aratri
1223 2904 1379 2963 atque
1403 2895 1665 2961 junctum:
1695 2910 1708 2944 :
1735 2906 1827 2945 va-

262 2992 484 3059 niloqui,
526 3002 576 3045 et
618 2990 872 3044 mentium
898 2990 1239 3049 seductores;
1272 2987 1367 3041 has
1392 2996 1597 3042 mentes
1626 2985 1827 3056 signiﬁ-

260 3081 402 3136 cavit
440 3083 537 3135 iste
582 3081 814 3149 psalmus
853 3078 1206 3148 appellatione
1234 3092 1533 3132 vaccarum.
1560 3076 1656 3152 (Ad
1694 3076 1829 3130 hanc

259 3187 390 3239 ergo
421 3171 696 3225 utilitatem
722 3210 735 3233 ,
783 3168 1117 3223 Providentia
1161 3167 1334 3221 divina
1364 3166 1620 3236 permittit
1650 3174 1829 3220 tauros

258 3260 567 3330 Congregari
605 3261 742 3314 inter
779 3274 966 3314 vaccas
1002 3259 1347 3329 pepulorum,
1388 3268 1445 3313 ut
1473 3258 1824 3322 excludantur,

259 3351 312 3404 id
344 3359 445 3413 est,
492 3359 547 3403 ut
591 3351 856 3405 emineant
894 3350 978 3421 qui
1007 3350 1200 3418 probati
1224 3359 1341 3403 sunt
1366 3358 1589 3421 argento.
1619 3350 1698 3404 Ad
1727 3350 1827 3402 hoc

258 3443 399 3495 enim
428 3441 657 3495 lnereses
682 3441 927 3495 sinuntur
946 3456 1084 3501 esse.
1113 3452 1169 3494 ut
1196 3442 1389 3509 probati
1410 3441 1657 3511 manifesti
1678 3440 1823 3508 ﬁant.

259 3534 567 3602 Quanquam
597 3542 649 3587 et
689 3534 766 3588 sic
793 3534 961 3603 possit
988 3533 1205 3603 intelligi
1236 3550 1249 3585 :
1283 3533 1609 3604 Congregatio
1652 3542 1824 3585 tauro-

258 3644 371 3679 rum
411 3628 538 3679 inter
566 3643 739 3680 vaccas
770 3628 1069 3696 populorum
1092 3668 1107 3693 ,
1151 3635 1210 3680 ut
1248 3628 1314 3680 ab
1344 3628 1421 3681 eis
1446 3629 1620 3682 vaccis
1648 3628 1817 3680 exclu-

257 3720 448 3771 dantur
470 3718 553 3787 qui
580 3718 773 3786 probati
798 3727 910 3770 sunt
933 3726 1156 3788 argento.
1184 3717 1330 3772 Hauc
1355 3718 1492 3772 enim
1522 3718 1718 3771 habent
1744 3719 1826 3771 in:

256 3810 547 3864 tentionem
571 3808 800 3863 lueretici
822 3808 1086 3874 doctores,
1111 3818 1166 3862 ut
1186 3809 1253 3863 ab
1271 3809 1483 3863 auribus
1503 3811 1821 3878 animarum,

254 3913 389 3971 quas
417 3898 671 3953 seducere
700 3899 1008 3963 moliuntur,
1037 3898 1318 3952 excludant
1347 3914 1459 3966 eos,
1507 3900 1557 3953 id
1601 3911 1702 3965 est,
1735 3915 1822 3955 se-

257 4000 445 4063 parent
468 4006 560 4046 eos
580 3992 664 4060 qui
690 3991 893 4059 probati
918 3999 1041 4045 sunt
1070 4000 1306 4061 argento,
1339 3991 1388 4045 id
1414 4001 1514 4059 est,
1538 3993 1623 4061 qui
1648 3993 1821 4049 idonei

254 4092 379 4137 sunt
399 4082 592 4137 docere
614 4082 821 4151 eloquia
847 4081 1076 4138 Domini.
1101 4080 1206 4137 Sed
1232 4083 1342 4137 sive
1368 4082 1455 4137 ille
1477 4082 1631 4152 hujus
1654 4085 1819 4149 verbi,

254 4179 368 4230 sive
395 4176 494 4231 iste
535 4176 604 4229 sit
640 4190 860 4241 sensus;
890 4176 1128 4245 sequitur
1175 4193 1189 4229 :
1234 4175 1478 4247 Disperge
1517 4185 1684 4248 gentes
1710 4194 1824 4247 qua:

254 4269 388 4321 bella
417 4268 603 4321 volunt.
634 4266 759 4321 -Non
804 4267 943 4322 enim
986 4268 1324 4333 correcﬁoni,
1371 4268 1464 4323 sed
1495 4270 1821 4326 contentioni

255 4358 485 4413 student.
534 4359 643 4413 lloc
668 4373 792 4427 ergo
821 4359 1121 4429 prbpbetat,
1151 4368 1207 4413 ut
1249 4360 1347 4429 ipsi
1392 4361 1566 4430 potius
1612 4362 1820 4431 disper-

253 4458 445 4519 gantur
472 4450 559 4520 qui
590 4450 782 4520 corrigi
812 4451 1018 4518 nolunt,
1046 4451 1135 4521 qui
1163 4467 1374 4522 gregem
1397 4454 1590 4508 Christi
1614 4454 1823 4525 disper-

251 4556 381 4611 gere
410 4541 672 4595 aﬁ'ectant.
698 4540 894 4596 Gentes
921 4550 1097 4597 autem
1123 4543 1439 4612 appellavit,
1469 4560 1572 4597 non
1604 4555 1821 4614 propter

252 4632 624 4701 generationes
661 4630 997 4696 familiarum,
1037 4633 1130 4688 sed
1170 4644 1384 4703 pr0pter
1422 4649 1613 4703 genera
1652 4648 1821 4692 secta-

252 4739 392 4787 rum,
422 4723 506 4777 ubi
533 4725 699 4778 series
723 4725 1074 4779 successionis
1096 4727 1373 4780 confirmat
1398 4742 1655 4782 errorem.

321 4814 411 4869 40.
462 4814 636 4891 vers.
683 4815 910 4888 52-5i.]
977 4816 1179 4871 Venient
1233 4820 1384 4889 legati
1437 4812 1818 4891 emingypto;

248 4906 520 4975 Afthiopia
552 4910 811 4977 prteveniet
850 4926 1026 4963 manus
1061 4912 1187 4980 ejus.
1216 4911 1428 4983 ngypti
1448 4954 1464 4978 ,
1493 4912 1573 4968 vel
1603 4912 1816 4968 {Ethio-

249 4999 351 5067 pi:e
397 4998 632 5060 nomine,
678 5000 914 5052 omnium
958 5002 1192 5069 gentium
1242 5002 1399 5057 ﬁdem
1426 5004 1757 5073 signiﬁcavit,
1786 5022 1815 5061 a

248 5098 401 5157 parte
429 5096 629 5151 totum;
661 5088 862 5157 legatos
897 5090 1169 5160 appellans
1208 5093 1649 5148 reconciliationis
1677 5110 1815 5164 pra:-

242 5180 534 5233 dicatores.
588 5176 691 5231 Pro
738 5178 964 5244 Christo,
1009 5180 1205 5251 inquit,
1252 5182 1495 5253 legatione
1535 5184 1813 5255 fungimur,

245 5283 486 5339 tanquam
532 5267 641 5323 Deo
691 5272 983 5324 exhortante
1031 5288 1118 5341 per
1162 5290 1251 5327 nos
1297 5289 1315 5327 :
1364 5274 1676 5329 obsecramus
1722 5294 1814 5347 pro

246 5361 446 5415 Christo
475 5361 786 5414 reconciliari
813 5360 921 5414 Deo
952 5360 1027 5432 (ll
1058 5361 1175 5416 Cor.
1208 5380 1260 5426 v,
1290 5362 1419 5434 20).
1451 5363 1562 5418 Non
1590 5381 1717 5437 ergo
1745 5368 1813 5423 de

246 5454 374 5506 solis
419 5452 685 5516 lsraelitis,
735 5454 873 5509 unde
916 5456 1150 5525 Apostoli
1181 5456 1334 5510 electi
1362 5468 1503 5523 sunt,
1533 5458 1624 5513 sed
1652 5460 1809 5515 etiam

252 5543 320 5596 de
363 5543 568 5597 exteris
597 5545 840 5613 gentibus
873 5545 1079 5600 l'nturos
1112 5547 1485 5616 prazdicatores
1510 5549 1812 5607 christiana:

248 5632 412 5700 pacis,
437 5632 534 5687 hoc
560 5634 716 5688 modo
744 5635 967 5707 mystice
994 5638 1360 5709 pr0phetatum
1382 5650 1483 5695 est.
1505 5641 1655 5708 Quod
1681 5658 1809 5699 vero

246 5723 342 5790 ait,
359 5722 631 5780 I’m‘veniet
653 5744 827 5783 manus
842 5730 965 5800 ejus,
988 5729 1084 5786 hoc
1102 5732 1192 5801 ait,
1216 5733 1501 5803 pI‘CCVt‘tlicl.
1520 5734 1803 5792 vindictam

1404 324 1795 382 ENARRATIO
1832 326 1898 383 IN
1935 327 2252 386 PSALMUM
2294 331 2500 390 L-XVII.

3413 349 3513 405 858

1953 440 2100 507 ejus;
2133 442 2479 497 conversione
2504 442 2703 499 scilicet
2731 444 2797 499 ad
2821 461 2961 515 eum,
2994 459 3051 504 ut
3094 464 3302 522 peccata
3330 456 3502 511 dimit-

1951 539 2146 592 tantur,
2177 546 2243 585 ne
2272 543 2577 600 peccatores
2603 539 2960 605 permanando
3004 543 3304 611 puniantur.
3350 548 3501 614 Quod

1949 621 2106 675 etiam
2133 623 2183 675 in
2208 624 2310 675 alio
2331 626 2532 692 psalmo
2557 626 2748 681 dicitur
2772 646 2784 681 :
2818 629 3185 687 Pra'veniamns
3206 637 3381 701 faciem
3402 641 3509 708 ejus

1946 710 1997 762 in
2027 714 2334 779 confessione
2371 713 2554 785 (Psal.
2586 733 2729 784 χειν,
2761 718 2849 791 2).
2881 720 3026 776 Sicut
3056 739 3149 793 per
3173 742 3352 781 manus
3381 729 3500 782 vin-

1944 799 2171 866 dictam,
2218 804 2285 855 ita
2320 820 2411 872 per
2437 805 2615 873 facient
2658 811 3031 867 revelationem
3060 818 3503 887 priesentiamque

1944 891 2220 958 signiﬁcat,
2266 910 2382 962 qua:
2413 894 2586 951 futura
2629 907 2710 953 est
2753 892 2803 953 in
2832 901 3047 970 judicio.
3094 906 3224 972 Quia
3253 922 3379 976 ergo
3408 922 3501 976 per

1944 981 2229 1051 Aigyptum
2255 993 2412 1053 atque
2432 985 2756 1058 fEtbiopiam
2784 994 2943 1048 totius
2968 996 3110 1048 orbis
3136 1008 3318 1065 gentes
3343 999 3507 1068 signi-

1942 1071 2136 1139 ﬁcavit,
2163 1075 2414 1128 continuo
2433 1077 2700 1146 subjunxit
2727 1096 2741 1134 :
2768 1080 2874 1135 Deo
2897 1100 3051 1153 regna
3077 1095 3238 1141 terraz.
3268 1087 3379 1141 Non
3408 1090 3508 1142 Sa-

1941 1162 2119 1227 bellio,
2162 1180 2266 1218 non
2312 1168 2459 1230 Ario,
2506 1185 2611 1223 non
2662 1171 2883 1239 Donato,
2939 1192 3042 1229 non
3092 1181 3299 1234 caeteris
3343 1183 3507 1235 tauris

1939 1254 2248 1319 cervicatis;
2282 1256 2397 1321 sed,
2431 1258 2533 1312 Deo
2561 1277 2714 1330 regna
2741 1272 2904 1316 terrm.

2007 1345 2096 1398 4i.
2139 1345 2321 1401 Plures
2356 1359 2531 1403 autem
2558 1351 2767 1407 codices
2794 1354 2975 1421 latini,
3008 1366 3061 1411 et
3090 1358 3317 1415 maxime
3343 1361 3500 1430 graeci

1938 1434 2009 1489 ita
2050 1435 2327 1493 distinctos
2355 1456 2539 1496 versus
2570 1443 2781 1511 habent,
2811 1454 2866 1499 ut
2909 1462 3013 1501 non
3059 1449 3128 1502 sit
3154 1450 3202 1503 in
3245 1451 3321 1505 eis
3366 1467 3503 1507 unus

1938 1527 2250 1595 versiculus,
2282 1529 2386 1584 Deo
2410 1548 2564 1603 regna
2591 1544 2769 1600 teri-a2;
2792 1537 2902 1601 sed,
2930 1538 3055 1602 Deo,
3085 1539 3137 1594 in
3163 1542 3264 1595 ﬁne
3290 1543 3360 1597 sit
3385 1559 3503 1597 ver-

1936 1630 2028 1670 sus
2054 1619 2362 1687 superioris,
2394 1631 2552 1692 atque
2583 1624 2650 1677 ita
2682 1625 2902 1692 dicatur,
2935 1628 3202 1700 ΑΞιΙιὶονὶα
3241 1634 3504 1703 prtevenie:

1936 1723 2113 1762 manus
2148 1711 2255 1780 ejus
2293 1709 2397 1765 Deo
2420 1753 2433 1777 ,
2482 1728 2543 1768 ac
2584 1715 2775 1771 deinde
2811 1729 3061 1788 sequatur
3092 1721 3141 1774 in
3172 1722 3276 1776 alio
3306 1737 3458 1776 versu
3483 1762 3500 1785 ,

1936 1797 2115 1868 Regna
2141 1808 2305 1867 terraz,
2335 1813 2532 1858 cantate
2564 1804 2687 1872 Deo,
2720 1790 2915 1875 psallite
2945 1809 3185 1866 Domino.
3235 1813 3344 1880 Qua
3388 1813 3500 1867 dis-

1938 1887 2205 1949 tinctione,
2225 1891 2508 1945 multorum
2539 1894 2777 1950 codicum
2800 1907 2853 1951 et
2878 1902 3185 1956 auctoritate
3204 1902 3499 1972 digniorum

1937 1980 2312 2047 consonantia,
2340 1982 2456 2036 sine
2484 1982 2643 2037 dubio
2676 1986 3001 2053 przeferenda
3023 2032 3037 2053 ,
3070 1991 3199 2046 ﬁdes
3226 2006 3501 2047 commen—

1936 2067 2048 2122 dari
2078 2068 2207 2123 mihi
2234 2069 2463 2138 videtur,
2496 2089 2613 2142 quae
2657 2090 2817 2146 opera
2864 2080 3115 2147 prtecedit
3161 2099 3174 2133 :
3220 2082 3339 2149 quia
3386 2082 3501 2137 sine

1936 2159 2192 2214 bonorum
2230 2175 2447 2231 operum
2481 2165 2683 2221 meritis
2729 2184 2823 2238 per
2848 2169 3004 2225 lidem
3038 2172 3355 2241 justiﬁeatur
3396 2175 3500 2227 im-

1934 2252 2072 2321 pius,
2100 2252 2235 2306 sicut
2261 2254 2388 2308 dicit
2417 2258 2699 2325 Apostolus
2717 2302 2731 2325 ,
2763 2261 2995 2316 Credenti
3022 2264 3075 2317 in
3100 2279 3215 2318 eum
3239 2267 3323 2337 qui
3339 2268 3499 2338 justi-

1936 2343 2055 2411 βίαι
2087 2343 2317 2412 impium,
2343 2346 2608 2416 deputatur
2641 2351 2766 2417 [ides
2800 2353 2909 2421 ejus
2935 2355 3001 2406 ad
3027 2355 3277 2423 justitiam
3318 2358 3498 2425 (Rom.

1934 2448 2011 2496 tv,
2039 2432 2111 2506 5)
2136 2452 2150 2499 ;
2194 2444 2251 2489 ut
2286 2435 2478 2492 deinde
2505 2440 2613 2507 ipsa
2641 2441 2770 2495 ﬁdes
2797 2459 2890 2512 per
2930 2444 3261 2500 dilectionem
3290 2447 3501 2517 incipiat

1933 2525 2161 2592 operari.
2212 2525 2285 2579 Ea
2315 2527 2508 2597 quippe
2551 2532 2660 2583 sola
2690 2531 2828 2586 bona
2872 2548 3032 2602 opera
3077 2537 3296 2591 dicenda
3339 2548 3498 2605 sunt,

1934 2628 2051 2684 qua:
2079 2615 2211 2670 ﬁunt
2252 2632 2347 2686 per
2374 2618 2708 2675 dilectionem
2740 2622 2852 2677 Dei.
2904 2624 3027 2679 llaec
3065 2634 3238 2681 autem
3284 2643 3500 2684 necesse

1934 2716 2017 2761 est
2041 2708 2317 2763 antecedat
2346 2709 2477 2763 ﬁdes
2499 2752 2514 2777 ,
2541 2722 2601 2766 ut
2625 2713 2747 2768 inde
2774 2716 2893 2781 ista,
2923 2732 3026 2770 non
3051 2717 3119 2771 ab
3145 2719 3258 2772 istis
3285 2719 3499 2788 incipiat

1934 2798 2055 2863 illa;
2087 2799 2334 2867 quoniam
2376 2800 2549 2855 nullus
2591 2815 2844 2872 operatur
2875 2821 2966 2874 per
2994 2807 3332 2863 dilectionem
3365 2810 3496 2875 Dei,

1934 2889 2033 2941 nisi
2064 2889 2209 2955 prius
2248 2890 2429 2943 credat
2460 2892 2510 2944 in
2539 2892 2727 2947 Deum.
2759 2895 2884 2950 [hec
2911 2905 2991 2951 est
3020 2897 3167 2959 lides,
3198 2898 3265 2954 de
3292 2916 3391 2969 qua
3419 2899 3501 2953 di-

1932 2978 2069 3033 citur
2105 2997 2118 3032 :
2161 2979 2226 3032 In
2252 2980 2451 3035 Christo
2478 2985 2612 3038 enim
2638 2984 2761 3040 Iesu
2786 2992 2943 3059 neque
2967 2990 3275 3044 circumcisio
3303 2992 3500 3063 aliquid

1933 3071 2080 3132 valet.
2118 3087 2276 3143 neque
2301 3075 2646 3143 praeputium;
2671 3076 2759 3130 sed
2785 3078 2911 3146 ﬁdes
2934 3096 3046 3150 qua:
3071 3097 3161 3151 per
3185 3081 3499 3136 dilectionem

1932 3173 2168 3233 aperatur
2188 3163 2331 3235 (Gal.
2356 3182 2406 3228 v,
2435 3166 2515 3237 6).
2547 3167 2672 3224 llaec
2688 3179 2772 3224 est
2798 3170 2947 3237 ﬁdes,
2975 3172 3042 3227 de
3066 3188 3166 3242 qua
3192 3174 3290 3243 ipsi
3317 3174 3499 3230 Eccle-
3536 3178 3556 3201 ’

1931 3256 2023 3310 size
2050 3255 2242 3311 dicitur
2269 3258 2317 3311 in
2350 3259 2582 3315 Canticis
2608 3264 2936 3318 canticorum
2983 3283 2996 3319 :
3058 3264 3248 3331 Venice,
3293 3279 3339 3321 et
3387 3285 3498 3335 per-

1932 3347 2141 3400 transies
2167 3347 2229 3400 ab
2257 3348 2399 3402 initio
2424 3350 2541 3419 ﬁdei
2572 3350 2742 3422 (Cant.
2775 3367 2852 3419 tv,
2881 3357 2934 3419 8,
2967 3371 3066 3408 sec.
3107 3355 3310 3428 LXX).
3345 3358 3497 3412 Venit

1929 3442 2069 3495 enim
2117 3451 2364 3512 tanquam
2408 3458 2596 3499 currus
2646 3446 2735 3500 Dei
2784 3446 2836 3500 in
2885 3448 3119 3502 millibus
3167 3450 3493 3517 laetantium,

1930 3547 2239 3601 prosperum
2280 3534 2379 3586 iter
2404 3533 2620 3597 habens,
2649 3542 2703 3589 et
2730 3537 3034 3604 pertransiit
3058 3537 3124 3592 de
3166 3538 3265 3594 hoc
3293 3542 3495 3595 mundo

1929 3623 1992 3675 ad
2025 3623 2233 3676 Patrem
2260 3621 2439 3690 (Joan.
2468 3640 2584 3690 xm,
2612 3624 2665 3697 l)
2695 3643 2709 3678 :
2739 3635 2796 3678 ut
2820 3627 2909 3680 ﬁat
2935 3628 2985 3681 in
3012 3643 3071 3682 ea
3100 3631 3238 3698 quod
3269 3645 3490 3700 sponsus

1928 3711 2042 3779 ipse
2070 3711 2216 3776 dicit,
2266 3713 2353 3781 qui
2400 3715 2606 3767 transiit
2649 3715 2717 3768 de
2763 3716 2862 3769 hoc
2908 3717 3105 3770 mundo
3148 3718 3213 3772 ad
3259 3720 3489 3788 Patrem,

1936 3798 2062 3854 Volo
2087 3810 2141 3854 ut
2169 3802 2253 3854 ubi
2281 3818 2369 3872 ego
2396 3820 2525 3867 sum,
2553 3814 2599 3856 et
2624 3805 2706 3857 isti
2734 3805 2833 3858 sint
2860 3822 3051 3860 mecum
3077 3806 3182 3877 (Id.
3211 3826 3337 3875 xvn,
3363 3810 3489 3883 2i);

1929 3892 2022 3947 sed
2060 3892 2128 3947 ab
2156 3893 2304 3969 initio
2347 3893 2486 3949 ﬁdei.
2517 3895 2648 3963 Quia
2677 3911 2803 3968 ergo
2831 3909 2887 3953 ut
2911 3900 3044 3954 bona
3075 3916 3234 3971 opera
3261 3919 3490 3974 sequan-

1930 3992 2033 4051 tur,
2079 3985 2329 4054 praecedit
2370 3986 2531 4051 ﬁdes,
2564 4004 2662 4044 nec
2704 3991 2806 4044 ulla
2849 4001 2971 4046 sunt
2998 3993 3131 4047 bona
3161 4011 3319 4065 opera
3344 4039 3359 4064 ,
3392 3999 3489 4054 nisi

1926 4092 2043 4145 qua:
2070 4087 2359 4146 sequuntur
2386 4080 2771 4146 praecedentem
2804 4082 2956 4137 ﬁdem
2989 4102 3001 4138 :
3031 4084 3156 4140 nihil
3183 4087 3320 4142 aliud
3350 4090 3493 4145 vide-

1926 4176 2012 4221 tur
2034 4168 2250 4233 dictum,
2281 4168 2550 4239 Ai'thiopia
2580 4174 2845 4241 pra’veniet
2874 4192 3050 4230 manus
3078 4178 3186 4246 ejus
3212 4177 3336 4244 Deo,
3367 4182 3488 4246 nisi,

1926 4256 2195 4328 EthiOpia
2216 4260 2395 4314 credet
2421 4262 2547 4317 Deo.
2574 4262 2661 4318 Sic
2687 4265 2823 4317 enim
2856 4269 3117 4335 prtcvcniel
3145 4286 3323 4324 manus
3360 4274 3486 4341 ejus,

1927 4350 1977 4403 id
2006 4360 2087 4403 est
2110 4365 2267 4418 opera
2292 4351 2425 4421 ejus.
2452 4353 2631 4423 Cujus,
2664 4355 2760 4408 nisi
2801 4357 2962 4424 ipsius
2992 4357 3317 4429 IEthiopim?
3355 4362 3488 4428 Quia

1927 4439 2026 4493 hoc
2055 4441 2104 4494 in
2133 4456 2305 4509 graeco
2335 4457 2437 4496 non
2468 4455 2549 4498 est
2573 4444 2871 4515 ambiguum
2901 4463 2916 4501 :
2948 4450 3058 4515 eius
3087 4450 3279 4519 quippe
3309 4451 3377 4505 ibi
3411 4451 3491 4506 fe-

1925 4530 2125 4583 minino
2165 4546 2360 4599 genere
2388 4533 2722 4602 apertissime
2754 4537 2980 4605 positum
3012 4549 3112 4592 est.
3155 4541 3232 4595 Ac
3270 4556 3364 4609 per
3393 4541 3490 4598 hoc

1925 4620 2054 4673 nihil
2080 4621 2218 4675 aliud
2248 4622 2441 4676 dictum
2470 4634 2568 4689 est,
2602 4641 2756 4694 quam
2788 4625 3058 4698 .Ethiopia
3088 4633 3349 4698 prwveniet
3378 4650 3487 4685 ma‘

1924 4728 2017 4766 nus
2055 4729 2172 4767 suas
2202 4712 2329 4778 Deo,
2378 4715 2429 4769 id
2472 4726 2573 4781 est,
2620 4717 2885 4773 credendo
2930 4720 2985 4774 in
3014 4721 3175 4775 Deum
3208 4726 3489 4791 prtevcnit-t
3533 4716 3540 4725 ⁴

1923 4820 2084 4873 opera
2111 4820 2228 4860 sua.
2258 4804 2505 4861 Existimo
2530 4810 2680 4875 enim,
2706 4810 2873 4878 inquit
2892 4811 3196 4881 Apostolus,
3216 4816 3488 4886 justi/icari

1923 4896 2170 4949 hominem
2200 4914 2289 4967 per
2318 4898 2467 4965 ﬁdem
2491 4901 2598 4952 sine
2625 4900 2855 4967 operibus
2884 4900 3050 4971 Legis.
3090 4904 3169 4955 An
3195 4903 3487 4964 Iudaeorum

1921 4984 2059 5039 Deus
2088 4992 2321 5041 tantum?
2345 5005 2509 5043 nonne
2535 4999 2578 5043 et
2610 4990 2841 5043 Gentium
2886 4990 3057 5060 (Rom.
3088 5009 3175 5056 nt.
3208 4994 3277 5049 28
3293 5006 3336 5047 et
3357 4998 3489 5068 9.9)?

1920 5076 2005 5132 Sic
2030 5093 2155 5146 ergo
2179 5078 2466 5147 Ethiopia,
2494 5095 2611 5150 qua:
2634 5080 2841 5135 videtur
2859 5091 3097 5137 extrema
3117 5082 3384 5151 Gentium,
3403 5087 3487 5156 ju-

1919 5167 2177 5222 stiﬁcatur
2206 5183 2300 5237 per
2325 5168 2480 5223 iidem
2506 5170 2621 5225 sine
2644 5171 2891 5239 Operibus
2911 5171 3085 5243 Legis.
3108 5173 3221 5228 Non
3242 5176 3407 5241 eitim,
3430 5185 3483 5232 ut

1916 5256 2251 5327 iustiﬁcetur,
2281 5258 2347 5314 de
2375 5259 2529 5330 Legis
2555 5259 2805 5330 operibus
2830 5262 3119 5332 gloriatur;
3149 5280 3247 5320 nec
3277 5281 3485 5334 praspo-

1918 5349 1997 5402 nit
2025 5348 2145 5403 ﬁdei
2176 5349 2361 5405 merita
2404 5365 2520 5416 sua,
2568 5351 2660 5405 sed
2708 5350 2810 5407 ﬁde
2860 5354 3113 5423 prmvenit
3158 5369 3319 5425 Opera
3366 5370 3483 5410 sua.

1918 5442 2100 5498 Plures
2143 5458 2269 5499 sane
2306 5445 2514 5500 codices
2554 5447 2570 5477 ¹
2616 5462 2718 5500 non
2746 5446 2958 5514 habent,
2992 5467 3192 5515 manus,
3221 5450 3333 5511 sed,
3370 5467 3480 5502 ma-

1916 5550 2074 5599 num;
2111 5534 2249 5605 quod
2295 5537 2617 5592 tantumdem
2644 5538 2811 5604 valet,
2840 5545 3084 5611 quoniam
3114 5558 3207 5611 pro
3232 5541 3482 5612 operibus

2184 5689 2368 5741 εοάὶεεδ
2388 5702 2538 5756 graeci
2559 5704 2651 5744 non
2672 5692 2862 5745 habent.
2886 5695 3049 5755 AbeSt.
3075 5694 3240 5759 greci,
3261 5708 3288 5746 a
3311 5697 3478 5749 melio-
