4020 6198
537 334 643 395 839

539 452 765 527 positum
787 456 888 505 est.
905 443 1107 500 Mallem
1132 448 1305 496 autem
1327 433 1476 491 latini
1494 433 1807 501 interpretes
1827 427 1903 482 sic
1919 435 2095 480 trans-

538 517 777 602 lulisscut
815 556 830 593 :
863 534 1130 604 [EthiOpia
1181 527 1444 600 prm'eniet
1474 539 1649 577 atauus
1673 535 1824 581 suas,
1862 517 1947 571 vel
1984 529 2097 567 ma-

541 655 656 693 num
682 649 827 688 suam
854 630 960 685 Deo
990 630 1042 691 ις
1085 622 1331 695 quoniam
1378 616 1582 688 planius
1612 613 1711 666 hoc
1752 617 1910 674 esset,
1941 620 2099 677 quam

539 726 674 797 quod
714 737 855 778 nunc
898 719 1096 775 dictum
1127 724 1241 777 est,
1287 711 1396 779 ejus
1422 724 1441 762 :
1486 716 1539 762 et
1567 703 1710 758 salva
1736 702 1956 756 veritate
1985 697 2100 752 lteri

541 793 739 887 posset,
768 812 887 883 quia
913 811 963 864 in
991 820 1159 876 grzrea
1178 804 1361 872 lingua
1392 798 1441 853 id
1472 807 1761 866 pronomen
1788 793 1965 852 αὖτῆς,
1993 802 2099 841 non

536 909 710 965 solum
733 907 864 975 ejus,
890 900 982 955 sed
1010 899 1165 951 etiam
1194 908 1337 947 suam
1366 888 1449 944 vel
1477 902 1596 939 suas
1627 890 1798 952 potest
1825 876 2044 946 intelligi
2083 892 2098 929 :

538 1017 683 1055 suam
710 1012 868 1066 ergo,
914 993 960 1047 si
1002 1001 1243 1047 manum;
1284 998 1398 1036 suos
1427 989 1601 1033 autem
1623 1017 1638 1039 ,
1669 973 1713 1026 si
1744 986 1938 1024 manus.
1969 966 2099 1021 Nam

504 1072 509 1083 ’
540 1090 679 1162 quod
707 1057 864 1143 e’sliu
892 1095 1067 1155 graeco
1088 1122 1101 1144 ,
1139 1093 1272 1146 χεῖρα
1304 1075 1449 1132 αὐτῆς
1469 1111 1484 1135 ,
1523 1065 1660 1137 quod
1689 1063 1865 1133 plures
1891 1057 2102 1114 codices

542 1149 757 1246 habent,
789 1188 843 1232 et
868 1149 1069 1228 "ianum
1096 1170 1224 1239 ejus,
1255 1175 1306 1220 et
1330 1177 1532 1217 manum
1556 1173 1718 1218 suam,
1749 1161 1925 1225 potest
1951 1149 2103 1205 intel-

542 1275 629 1343 ligi
661 1290 675 1327 ε
704 1268 842 1340 quod
870 1280 993 1319 vero
1020 1275 1193 1315 rarum
1219 1264 1303 1312 est
1327 1256 1379 1308 in
1406 1250 1673 1307 codicibus
1699 1245 1913 1316 grzrcis,
1947 1247 2103 1311 χαρὰς

544 1331 792 1424 martia-et
819 1371 995 1410 manus
1024 1351 1150 1420 ejus,
1183 1356 1235 1400 et
1263 1360 1437 1398 manus
1457 1356 1573 1395 suas
1602 1338 1758 1390 latine
1785 1341 1957 1403 potest
1979 1331 2101 1384 dici.

741 1450 875 1503 llinc
897 1446 1026 1515 jam,
1051 1441 1195 1494 velut
1222 1435 1458 1491 decursis
1476 1446 1571 1501 per
1593 1426 1921 1498 prophetiam
1944 1421 2104 1476 rebus

547 1539 813 1604 oumibtls,
842 1552 970 1606 quas
998 1533 1239 1600 impletas
1273 1541 1391 1582 esse
1417 1525 1521 1593 jam
1546 1519 1835 1579 cernimus,
1868 1518 2107 1568 hortatur

551 1634 616 1687 ad
663 1604 873 1685 laudem
916 1622 1131 1684 Christi,
1163 1634 1238 1673 ~ac
1279 1615 1469 1671 deinde
1514 1607 1830 1681 praenuntiat
1876 1604 2107 1657 futurum

548 1727 663 1792 ejus
686 1723 989 1776 adventum.
1015 1715 1189 1784 Regna
1212 1722 1377 1773 terrm,
1405 1713 1601 1760 cantate
1628 1701 1753 1761 Deo,
1780 1698 1980 1768 psallite
1998 1694 2110 1748 Do-

549 1817 719 1877 mino;
758 1810 954 1880 psallite
983 1805 1090 1859 Deo
1116 1804 1201 1872 qui
1237 1797 1458 1853 ascendit
1484 1808 1633 1861 super
1658 1789 1834 1844 malum
1872 1785 2110 1839 caelorum

549 1907 617 1961 ad
638 1898 881 1958 orientem
908 1916 927 1954 :
953 1898 1035 1952 vel
1078 1895 1215 1950 sicut
1254 1887 1487 1945 nonnulli
1523 1882 1735 1938 codices
1764 1878 1980 1941 habent,
2010 1874 2111 1941 Qui

550 1997 773 2053 ascendit
800 2008 951 2062 super
981 1988 1157 2042 cretum
1198 1981 1306 2037 caeli
1336 1979 1402 2032 ad
1442 1978 1693 2030 orientem.
1738 1970 1794 2024 lu
1824 1969 1905 2022 bis
1935 1965 2108 2020 verbis

552 2090 640 2144 ille
677 2102 783 2140 non
814 2059 1060 2149 inuelligit
1082 2075 1373 2133 Christum,
1405 2067 1495 2138 qui
1523 2065 1638 2134 ejus
1662 2059 2110 2117 resurrectionem

544 2176 1016 2241 ascensioucntque
1056 2181 1162 2222 non
1202 2161 1389 2218 credit.
1430 2157 1512 2212 Ad
1546 2155 1791 2209 orientem
1817 2164 1943 2205 vero
1973 2146 2114 2218 quod

546 2268 771 2329 addidit,
797 2234 973 2319 nonne
998 2260 1155 2315 etiam
1184 2256 1354 2325 ipsum
1384 2251 1578 2311 locum,
1604 2234 1848 2315 quoniam
1878 2241 1928 2295 in
1950 2238 2114 2310 parti-

554 2362 651 2415 bus
676 2356 895 2411 orientis
921 2361 1004 2408 est
1033 2351 1119 2405 ubi
1158 2343 1447 2402 resurrexit
1472 2349 1526 2396 et
1563 2338 1701 2393 unde
1731 2332 1991 2395 ascendit,
2022 2344 2143 2399 (δι-η

442 2512 451 2521 ,
554 2449 783 2522 pressit?
814 2447 954 2515 Ergo
988 2457 1153 2511 super
1183 2438 1375 2493 malum
1407 2432 1527 2487 εαξιί
1561 2428 1710 2484 sedet
1740 2425 1805 2480 ad
1832 2425 2116 2479 dexteram

555 2514 745 2599 l’atris.
789 2514 903 2593 Hoc
938 2542 1022 2590 est
1061 2531 1198 2602 quod
1234 2529 1362 2583 dicit
1401 2524 1685 2595 Apostolus
1711 2538 1725 2573 :
1749 2517 1870 2589 Ipse
1916 2525 1987 2570 est
2028 2514 2119 2586 qui

553 2634 775 2689 ascendit
815 2645 966 2698 super
1015 2640 1184 2680 omnes
1230 2620 1381 2675 caelos
1428 2616 1641 2688 (Ephes.
1694 2628 1772 2675 tv,
1825 2609 1934 2681 l0).
1982 2604 2118 2676 Quid

470 2785 489 2799 ,
550 2729 697 2782 enim
722 2724 978 2779 «elotum
1008 2724 1173 2772 restat
1198 2720 1319 2783 post
1341 2709 1534 2765 coelum
1562 2703 1719 2762 cteli?
1753 2702 1901 2768 Quos
1929 2709 1982 2754 et
2009 2710 2119 2753 cb-

556 2998 748 3065 gimus,
780 2992 869 3046 ubi
912 2990 1165 3058 scriptum
1207 2992 1326 3038 est:
1352 2979 1420 3034 Et
1459 2993 1602 3049 aquae
1636 2990 1747 3046 qua:
1783 2988 1934 3042 super
1974 2969 2121 3025 caios

554 3060 695 3150 sunt,
720 3082 927 3138 laudent
944 3094 1124 3132 nautea
1144 3071 1347 3127 Domini
1376 3068 1546 3140 (Psal.
1563 3080 1776 3127 csum,
1799 3061 1878 3135 4).
1898 3060 1969 3115 Et
1984 3074 2123 3130 quo-

485 3187 508 3209 ⁶
558 3178 701 3230 niam
734 3172 856 3228 inde
880 3178 1132 3224 venturus
1160 3170 1245 3227 est
1271 3161 1336 3214 ad
1372 3157 1686 3228 jndicandos
1712 3155 1859 3208 vivos
1892 3162 1950 3207 et
1976 3164 2123 3205 mor-

564 3275 705 3328 tuos,
736 3260 945 3315 attende
972 3255 1112 3325 quod
1142 3253 1376 3320 sequitur
1408 3266 1421 3303 :
1452 3246 1580 3300 Ecce
1605 3244 1741 3297 dabit
1766 3256 1934 3294 vocent
1956 3255 2119 3303 suam,

558 3370 730 3411 vocem
765 3350 980 3407 uirtutis.
1008 3346 1102 3403 ille
1130 3343 1217 3414 qui
1258 3341 1385 3395 sicut
1427 3354 1587 3408 agnus
1608 3349 1777 3388 ceram
1815 3331 2047 3387 tondente
2069 3345 2124 3385 se

555 3448 658 3519 fuit
687 3446 794 3499 sine
831 3458 947 3497 uoce
990 3437 1140 3510 (Isai.
1171 3450 1280 3500 un,
1311 3431 1388 3503 7),
1436 3446 1544 3483 ecce
1571 3426 1705 3481 dabit
1742 3439 1907 3478 vocem
1939 3436 2124 3478 suam:

564 3513 665 3592 nec
693 3549 874 3590 voce-nt
905 3529 1245 3590 inﬁrmitatis,
1276 3532 1522 3593 tanquam
1544 3515 1887 3588 jutlicandus;
1918 3513 2010 3569 sed
2035 3524 2124 3567 oo-

560 3644 672 3681 cem
708 3623 924 3687 virtutis,
973 3631 1216 3689 tanquam
1251 3613 1600 3683 iudicaturus.
1637 3608 1750 3663 Non
1795 3606 1935 3661 enim
1985 3605 2125 3660 Deus

559 3717 820 3779 occultus,
850 3714 984 3768 sicut
1014 3711 1176 3780 prius,
1202 3717 1256 3760 et
1277 3705 1331 3759 in
1360 3703 1630 3758 hominum
1652 3698 1848 3768 judicio
1874 3712 1977 3752 non
2002 3712 2127 3766 ape-

561 3810 706 3864 riens
736 3820 801 3859 os
824 3818 1015 3867 suum;
1041 3800 1133 3854 sed
1176 3797 1310 3851 Deus
1339 3794 1629 3864 manifestus
1655 3790 1809 3844 ueniet
1832 3805 1850 3853 ;
1877 3787 2012 3842 Deus
2036 3800 2129 3839 no-

560 3911 682 3964 ster,
731 3908 777 3952 et
805 3913 905 3951 non
931 3893 1091 3948 silebit
1126 3889 1296 3958 (Psal.
1334 3900 1482 3950 sus,
1510 3883 1589 3951 5).
1635 3879 1769 3948 Quid
1805 3869 2122 3948 desperatis‘,

564 3991 838 4048 inlideles‘!
873 3986 998 4055 quid
1040 3979 1308 4037 irridetis?
1349 3975 1483 4044 Quid
1514 3974 1640 4027 dicit
1684 3985 1868 4025 servus
1908 3969 2121 4022 ntalus:

569 4083 757 4136 Tardat
788 4079 1029 4132 Dominus
1052 4088 1191 4129 meus
1225 4069 1387 4123 venire
1418 4064 1567 4137 (Luc.
1593 4078 1687 4126 xu,
1718 4059 1846 4132 ιδῃ
1871 4058 2003 4113 Ecce
2029 4057 2127 4111 da-

564 4173 635 4226 bit
664 4186 830 4225 vocent
856 4183 1022 4227 suam,
1044 4180 1210 4217 vocem
1235 4159 1447 4216 virtutis.

639 4262 728 4317 l5.
770 4257 918 4331 [vers.
948 4253 1064 4326 55.]
1104 4246 1231 4305 Date
1258 4249 1468 4321 gloriam
1492 4244 1596 4299 Deo
1615 4258 1638 4298 :
1656 4258 1806 4314 super
1829 4239 1991 4294 Israel
2015 4253 2127 4291 ma-

568 4329 860 4427 gniﬁcentia
886 4349 1014 4417 ejus.
1045 4349 1117 4399 De
1135 4358 1240 4413 quo
1266 4340 1392 4395 dicit
1418 4337 1701 4407 Apostolus
1729 4354 1742 4388 :
1772 4334 1940 4402 Super
1966 4329 2129 4386 Israel

571 4419 669 4501 Dei
694 4442 834 4510 (Gal.
866 4454 939 4504 Vl,
971 4434 1081 4509 16).
1117 4433 1235 4486 Non
1271 4431 1402 4484 enim
1441 4443 1608 4482 omnes
1643 4425 1728 4496 qui
1769 4440 1833 4479 ex
1860 4422 2041 4485 Israel,
2073 4419 2126 4474 hi

565 4545 684 4591 sunt
707 4530 955 4587 Israelita:
973 4524 1146 4597 (Rom.
1183 4538 1255 4584 ut,
1279 4521 1370 4590 6);
1401 4518 1646 4588 quoniam
1675 4523 1833 4570 estet
1858 4513 2014 4569 lsrael
2040 4526 2130 4567 se-

572 4626 799 4683 cundant
836 4634 1071 4677 carnem.
1118 4614 1268 4671 Unde
1310 4613 1424 4665 ait:
1467 4608 1635 4662 Videte
1672 4605 1837 4661 Israel
1862 4603 2132 4660 secundum

570 4734 769 4772 carnem
796 4714 838 4786 (l
868 4712 985 4767 Cor.
1009 4725 1065 4773 ι,
1097 4707 1204 4775 18).
1252 4700 1372 4757 Νοη
1409 4710 1575 4753 autem
1601 4698 1688 4768 qui
1717 4696 1811 4765 ﬁlii
1854 4696 2037 4760 carnis,
2079 4695 2132 4748 hi

576 4807 669 4876 ﬁlii
698 4806 791 4859 Dei
807 4784 832 4866 ﬁ;
872 4802 959 4857 sed
1001 4799 1101 4869 ﬁlii
1125 4791 1467 4869 promissionis
1512 4790 1814 4858 deputantur
1856 4787 1909 4839 in
1951 4784 2133 4839 semine

576 4875 751 4965 (Rom.
784 4909 862 4959 ιχ,
889 4891 966 4965 8).
998 4891 1147 4945 Tunc
1186 4900 1311 4955 ergo
1336 4880 1546 4954 quando
1572 4880 1672 4933 erit
1695 4879 1806 4931 sine
1837 4876 1939 4931 ulla
1964 4875 2132 4928 malo-

576 5002 691 5043 rum
721 4984 1092 5039 commistione
1118 4979 1339 5050 populus
1369 4975 1505 5044 ejus,
1539 4980 1783 5039 tanquam
1810 4982 1983 5022 massa
2007 4981 2134 5021 ven-

577 5076 768 5132 tilahro
796 5072 1072 5129 emundata
1101 5069 1312 5139 (Matth.
1355 5082 1433 5132 tu,
1462 5063 1571 5135 l2),
1620 5071 1862 5129 tanquam
1892 5055 2052 5111 lsrael
2081 5057 2134 5110 in

576 5184 682 5240 quo
715 5166 867 5219 dolus
910 5178 1014 5216 non
1053 5170 1135 5216 est
1159 5159 1334 5230 (Joan.
1358 5173 1394 5219 ι,
1425 5155 1539 5225 Π),
1567 5161 1691 5207 tunc
1720 5147 2135 5205 eminentissima

577 5260 677 5314 erit
704 5271 853 5324 super
878 5251 1042 5307 Israel
1062 5248 1429 5320 magniﬁcentia
1452 5248 1559 5317 ejus
1583 5253 1629 5297 et
1654 5242 1806 5295 uirtus
1825 5241 1931 5311 ejus
1956 5239 2009 5291 in
2037 5253 2134 5291 nu-

580 5354 737 5407 bibus.
767 5347 882 5403 Nou
920 5344 1060 5398 enim
1109 5343 1261 5421 solus,
1281 5339 1459 5393 veniet
1497 5336 1563 5390 ad
1590 5335 1863 5406 judicium,
1903 5330 1997 5387 sed
2022 5345 2135 5382 cum

578 5445 851 5499 senioribus
891 5436 1063 5510 pepuli
1106 5433 1183 5485 sui
1226 5431 1373 5500 (Isai.
1400 5445 1477 5491 ut,
1510 5430 1637 5499 ll);
1684 5428 1871 5498 quibus
1900 5425 2139 5494 promisit

581 5537 720 5609 quod
765 5530 1225 5595 SBdClﬂlllLSupCt‘
1266 5521 1421 5576 sedes
1463 5518 1741 5590 iudicaturi
1783 5516 1995 5589 (Matth.
2019 5532 2135 5587 nx,

645 5735 662 5768 ⁸
696 5736 766 5785 ste
788 5742 889 5785 uss.
916 5737 970 5782 At
988 5727 1081 5780 Fdd
1104 5761 1122 5791 ,
1143 5738 1286 5792 quam
1307 5735 1474 5776 humus
1495 5732 1596 5783 ejus
1618 5727 1731 5771 Deo.

1754 312 1811 370 S.
1847 306 2207 367 AUGUSTINI
2236 306 2541 365 EPISCOPI

3646 322 3747 379 8m

2202 422 2318 495 28),
2348 427 2622 497 quietiam
2648 425 2864 498 angelos
2892 424 3199 497 ~iudicabunt
3236 421 3282 495 (1
3303 425 3423 482 Cor.
3453 441 3525 489 rt.
3551 428 3628 497 3).
3663 427 3757 484 lla:

2201 528 2324 573 sunt
2348 520 2531 574 nubes.

2270 611 2359 666 Η.
2400 609 2549 684 [ιορη.
2593 609 2706 685 36.]
2746 611 2979 681 Denique
3012 626 3084 666 ne
3122 610 3262 665 aliud
3293 611 3460 666 nubes
3493 610 3763 679 intellige-

2202 711 2406 766 rentur,
2459 710 2669 756 secutus
2704 701 2943 766 adiunxit
2970 719 2983 755 :
3015 701 3259 756 Mirabilis
3296 700 3435 756 Deus
3476 702 3528 756 in
3573 706 3766 757 sanctis

2200 793 2325 854 suis,
2356 790 2494 844 Deus
2518 790 2699 846 Israel.
2726 791 2872 847 Tunc
2911 792 3049 847 enim
3069 801 3130 846 et
3165 808 3356 847 nomen
3394 793 3563 862 ipsum
3591 794 3767 846 reris-

2159 882 2164 887 ’
2203 882 2336 936 sitne
2358 896 2419 937 ac
2443 882 2747 953 plenissime
2772 882 3069 953 implebitur
3084 882 3270 947 lsrael,
3296 883 3435 953 quod
3461 893 3543 938 est
3563 882 3769 940 Videas

2196 969 2403 1036 «Deum;
2433 972 2667 1041 quoniam
2707 973 2977 1040 videbitmts
3012 988 3122 1025 eum
3160 973 3307 1025 sicuti
3328 982 3399 1027 est
3422 973 3463 1043 (Ι
3488 972 3653 1027 Joan.
3686 989 3769 1038 tu,

2198 1059 2283 1130 .2).
2311 1058 2430 1132 Ipse
2448 1060 2584 1114 dabit
2601 1063 2829 1116 uirtutem
2846 1071 2899 1115 et
2918 1062 3256 1133 fortitudinem
3276 1063 3407 1133 plebi
3430 1078 3539 1118 sua:
3554 1065 3773 1118 benedit-

2204 1160 2311 1205 ctus
2342 1149 2473 1205 Deus
2496 1167 2515 1206 :
2537 1152 2875 1221 nunc-fragili
2918 1161 2972 1207 et
3016 1153 3236 1207 inﬁrtme
3256 1155 3294 1207 '.
3331 1152 3585 1209 Habemus
3614 1156 3774 1213 enim

2200 1241 2492 1297 thesaurum
2509 1243 2658 1298 istum
2684 1244 2736 1297 in
2764 1245 2891 1298 vasis
2911 1243 3143 1312 ﬁctilibus
3162 1244 3232 1316 (ll
3258 1243 3373 1298 Cor.
3402 1261 3474 1311 tv,
3502 1245 3585 1316 8).
3616 1246 3777 1303 Tunc

2206 1350 2353 1400 vero,
2399 1334 2558 1388 etiam
2590 1348 2873 1406 corporum
2919 1336 3294 1406 gloriosissima
3331 1338 3775 1402 commutatione,

2198 1425 2314 1495 ipse
2335 1425 2474 1479 dabit
2498 1426 2724 1480 virtutem
2744 1436 2790 1479 et
2812 1426 3152 1495 fortitudinem
3169 1428 3300 1497 plebi
3319 1442 3446 1483 sua.
3473 1428 3780 1483 Semith

2201 1516 2348 1570 enim
2403 1516 2496 1570 hoc
2544 1532 2724 1587 corpus
2767 1517 2819 1570 in
2881 1517 3203 1585 inﬁrmitate;
3256 1528 3426 1589 surget
3486 1520 3540 1573 in
3594 1520 3782 1574 uirtute

2202 1605 2264 1680 (1
2286 1606 2409 1663 Cor.
2433 1624 2524 1674 xv,
2545 1610 2656 1679 45).
2680 1608 2807 1679 Ipse
2833 1623 2960 1678 ergo
2988 1608 3125 1662 dabit
3158 1603 3387 1663 virtutem
3411 1620 3568 1679 quam
3600 1611 3655 1664 in
3683 1620 3782 1667 sua

2204 1715 2370 1755 carne
2389 1701 2660 1770 prmmisit,
2685 1700 2753 1753 de
2778 1715 2876 1770 qua
2905 1700 3033 1756 dicit
3056 1701 3339 1771 Apostolus
3369 1719 3382 1755 :
3424 1700 3671 1755 Virtutrm
3697 1718 3783 1756 re-

2206 1790 2528 1844 surrectionis
2549 1790 2658 1862 ejus
2686 1789 3033 1861 (Philippm,
3061 1792 3167 1862 10).
3188 1790 3556 1845 Fortitudinmt
3574 1804 3780 1857 autem,

2208 1896 2315 1950 qua
2342 1881 2542 1934 inimica
2569 1880 2848 1935 destruetur
2866 1898 3000 1936 mors
3029 1881 3069 1951 (l
3098 1881 3217 1937 Cor.
3246 1897 3339 1945 xv.
3370 1882 3485 1953 26).
3517 1884 3784 1950 Quoniam

2208 1972 2390 2041 itaque
2414 1971 2696 2041 prolixum,
2728 1982 2784 2027 et
2803 1970 2869 2026 ad
2905 1972 3298 2043 intelligendum
3327 1973 3598 2029 difﬁcilem
3630 1973 3785 2028 1³5³1-

2214 2077 2359 2117 mum
2397 2063 2605 2117 tandem
2646 2063 2949 2133 aliquando,
2990 2064 3105 2135 ipso
3147 2066 3445 2135 adiuvante,
3495 2066 3782 2120 linit-intust

2217 2151 2513 2206 Benedictus
2539 2152 2693 2206 Deus.
2725 2158 2913 2207 Amen.

2597 2358 2678 2418 IN
2719 2356 3094 2420 PSALMUM
3135 2352 3393 2420 LXVIII

2791 2499 3113 2554 ΕΝᾹΒΒΑΤ
3119 2500 3202 2556 10.

2885 2649 3055 2689 8121110
3080 2650 3117 2687 1.

2671 2768 2744 2824 De
2774 2770 2936 2839 prima
2960 2779 3106 2840 parte
3130 2768 3345 2825 Psalmi.

2292 2910 2350 2966 ἰ.
2388 2907 2464 2965 Eo
2493 2915 2732 2977 tempore
2769 2907 2818 2961 in
2846 2905 2947 2960 hoc
2971 2906 3163 2960 saecqu
3184 2905 3362 2961 exorti
3404 2920 3585 2960 smnus
3611 2915 3668 2962 et
3696 2922 3789 2979 τις.

2222 3002 2420 3072 gregali
2444 3000 2638 3071 pepqu
2666 2998 2778 3064 Dei,
2804 3013 2912 3069 quo
2933 2997 3045 3067 jam
3073 2998 3188 3051 olus
3210 2997 3333 3052 iilud
3359 3012 3424 3053 ex
3452 3013 3617 3068 grano
3641 2999 3789 3053 sinas

2226 3065 2552 3161 pistetentlit
2593 3089 2802 3143 brachia
2824 3065 2968 3153 sua;
3009 3103 3114 3157 quo
3150 3088 3258 3158 jam
3288 3065 3608 3144 fermentum
3641 3090 3792 3155 illud,
3856 3065 3865 3071 “

2222 3180 2365 3253 quod
2396 3181 2564 3251 primo
2584 3178 2976 3248 contemptibile
3004 3179 3119 3244 fuit,
3142 3179 3478 3233 fermentavit
3506 3189 3615 3235 tres
3643 3196 3795 3235 men-

2221 3286 2376 3328 suras
2400 3270 2613 3343 (Matth.
2643 3286 2757 3338 xm,
2785 3269 3000 3341 3|~33),
3041 3270 3222 3335 idest,
3262 3281 3427 3327 totum
3473 3273 3656 3328 orbein
3690 3283 3796 3329 ter-

2226 3378 2403 3418 rarum
2444 3372 2739 3433 reparatum
2779 3362 3041 3417 extribus
3068 3360 3187 3417 liliis
3230 3358 3515 3434 Noe(6eu.
3545 3380 3619 3429 ix,
3653 3365 3791 3435 l9):

2224 3456 2474 3526 quoniam
2498 3455 2565 3508 ab
2584 3455 2788 3509 oriente
2813 3461 2867 3509 et
2890 3453 3162 3508 occidente
3182 3461 3235 3507 et
3261 3455 3505 3523 aquilone
3532 3461 3798 3510 claustro

2227 3549 2467 3612 veniunt,
2517 3546 2605 3616 qui
2656 3544 2967 3600 recumbeut
3007 3558 3127 3598 eum
3170 3543 3510 3612 Patriarchis,
3557 3548 3800 3617 expulsis

2227 3639 2370 3695 foras
2396 3638 2472 3695 eis
2500 3638 2591 3709 qui
2623 3637 2689 3693 de
2726 3637 2934 3692 illorum
2975 3650 3133 3692 carne
3175 3644 3298 3690 sunt
3339 3638 3467 3703 nati,
3515 3646 3570 3693 et
3607 3650 3797 3693 eorum

2230 3732 2388 3787 ﬁdem
2430 3745 2533 3784 nou
2583 3738 2705 3783 sunt
2738 3728 2926 3782 imitati
2971 3728 3186 3799 (Matth.
3216 3745 3329 3792 νιιι,
3363 3728 3473 3800 ll).
3527 3730 3609 3784 Ad
3660 3729 3798 3787 hanc

2228 3839 2355 3893 ergo
2380 3821 2577 3877 Christi
2624 3820 2873 3875 Ecclesia:
2902 3820 3120 3891 gloriam
3160 3821 3343 3876 oculos
3372 3822 3721 3893 aperuimus;
3747 3835 3799 3879 et

2229 3914 2372 3967 illam
2416 3912 2670 3979 sterilem,
2718 3912 2802 3965 cui
2842 3911 3088 3980 gaudium
3125 3911 3377 3967 indictum
3419 3924 3579 3985 atque
3608 3917 3800 3984 pra-di-

2230 4015 2373 4060 ctum
2402 4014 2502 4070 est,
2533 4004 2671 4075 quod
2700 4004 2877 4074 plures
2905 4003 3037 4059 lilios
3067 4004 3304 4060 habitura
3332 4015 3493 4072 esset,
3522 4018 3685 4077 quam
3715 4008 3801 4064 illa

2230 4114 2346 4166 quae
2376 4097 2598 4151 habebat
2620 4096 2787 4149 virum
2820 4092 2968 4167 (Isai.
2992 4110 3098 4161 uv,
3131 4095 3181 4158 1,
3212 4106 3259 4150 et
3286 4094 3405 4151 Gal.
3438 4113 3514 4163 tv,
3541 4094 3657 4168 27),
3689 4098 3801 4170 jam

2229 4187 2390 4242 talem
2434 4184 2727 4240 invenimus
2755 4194 2872 4256 quae
2915 4185 3079 4240 oblita
3118 4194 3260 4242 esset
3300 4189 3711 4257 opprobrionnu
3752 4199 3803 4247 et

2232 4274 2531 4347 ignominiae
2549 4272 2819 4329 viduitatis
2842 4290 2989 4331 sum:
3019 4284 3074 4330 et
3092 4276 3209 4331 ideo
3236 4288 3515 4348 possumus
3535 4278 3673 4336 forte
3706 4284 3804 4336 mi-

2233 4368 2342 4423 rari
2368 4382 2487 4422 cum
2516 4378 2675 4421 voces
2699 4365 3009 4422 humilitatis
3049 4364 3263 4431 Christi,
3295 4369 3374 4423 vel
3406 4382 3625 4435 nostrae,
3654 4372 3798 4442 lege-

2232 4463 2400 4514 rimus
2426 4461 2478 4513 in
2505 4459 2674 4528 aliqua
2697 4458 2990 4528 prophetia.
3020 4457 3087 4512 Et
3108 4459 3218 4513 lierl
3246 4468 3416 4529 tmtest
3444 4473 3499 4515 ut
3530 4464 3712 4517 minus
3740 4481 3801 4518 ex

2233 4555 2317 4608 eis
2340 4553 2651 4617 alliciamur,
2673 4552 2792 4621 quia
2815 4566 2919 4605 non
2941 4565 3005 4605 eo
3036 4560 3271 4620 tempore
3299 4552 3560 4617 venimus,
3588 4557 3805 4624 quando

2233 4645 2330 4700 ista
2359 4659 2478 4699 cum
2502 4658 2691 4712 sapore
2715 4642 3040 4713 legebantur,
3071 4642 3370 4697 abundante
3397 4659 3666 4713 pressura.
3699 4647 3802 4702 Sed

2233 4737 2419 4790 rursus
2465 4734 2510 4789 si
2538 4734 2933 4789 tribulationum
2976 4732 3347 4788 abundantiam
3390 4737 3711 4805 cogitemus,
3754 4747 3804 4793 et

2236 4829 2287 4882 in
2311 4842 2413 4898 qua
2442 4826 2768 4902 ambulemus
2800 4826 2881 4879 via
2904 4838 3283 4895 cognoscamus
3307 4825 3388 4894 (si
3418 4834 3598 4882 tamen
3626 4829 3677 4881 in
3714 4830 3798 4883 illa

2235 4920 2630 4986 ambulamus),
2660 4931 2813 4987 quam
2852 4917 2923 4971 sit
2940 4924 3156 4985 angusta
3204 4914 3413 4989 (Matth.
3454 4933 3550 4984 vn,
3594 4919 3709 4987 Η),
3752 4930 3805 4974 et

2235 5027 2331 5083 per
2373 5024 2646 5080 pressurus
2695 5017 2853 5076 atque
2896 5006 3256 5061 tribulationes
3295 5006 3547 5076 perducat
3598 5006 3663 5062 ad
3718 5026 3802 5063 re-

2237 5104 2410 5176 quiem
2441 5100 2813 5171 sempiternam
2838 5113 2854 5162 ;
2882 5112 3146 5167 quamque
3168 5098 3277 5167 ipsa
3298 5114 3415 5167 quae
3440 5098 3492 5152 in
3523 5099 3685 5154 rebus
3708 5101 3807 5155 Ιιιι⁴

2238 5196 2409 5250 manis
2436 5201 2651 5247 vocatur
2691 5190 2935 5254 felicitas,
2979 5190 3099 5259 plus
3142 5190 3212 5244 sit
3250 5189 3481 5245 timenda
3510 5205 3669 5261 quam
3700 5193 3801 5246 mi—

2239 5285 2414 5345 seria;
2459 5278 2883 5353 quandoquidem
2927 5279 3140 5333 miseria
3179 5279 3488 5348 plerumque
3535 5280 3693 5335 τίσει-ι
3737 5295 3807 5336 ex

2240 5375 2577 5433 tribulatione
2603 5372 2829 5428 fructum
2860 5371 3078 5436 bonum,
3107 5370 3327 5427 felicitas
3355 5381 3529 5426 autem
3553 5385 3804 5427 corrum-

2243 5469 2318 5538 pit
2336 5467 2564 5521 animam
2589 5477 2836 5537 perversa
2860 5462 3161 5526 securitate,
3190 5472 3245 5517 et
3269 5461 3358 5516 dat
3386 5462 3568 5516 locum’
3582 5462 3805 5518 diabolo

2242 5559 2489 5620 tentatori
2518 5571 2675 5612 :cum
2700 5571 2827 5627 ergo
2865 5556 3272 5629 cogitaverimus
3298 5555 3585 5626 prudenter
3623 5568 3677 5616 et
3717 5573 3801 5616 re-

2307 5716 2326 5748 ι
2358 5714 2431 5765 Sic
2449 5719 2554 5764 uss.
2581 5717 2636 5762 At
2650 5710 2782 5772 Edd.,
2803 5714 2928 5761 nuru:
2950 5708 3151 5775 fragiles
3165 5716 3212 5761 et
3226 5708 3421 5775 inﬁrmi.
