  <div class='ocr_page' id='page_1' title='image "/cluster/home/n/w/nwhite01/storage/ocr_20150623/36/hvd.32044096580584/428.png"; bbox 0 0 4020 6198; ppageno 0'>
   <div class='ocr_carea' id='block_1_1' title="bbox 274 367 368 427">
    <p class='ocr_par' dir='ltr' id='par_1_1' title="bbox 274 367 368 427">
     <span class='ocr_line' id='line_1_1' title="bbox 274 367 368 427; baseline -0.064 -1"><span class='ocrx_word' id='word_1_1' title='bbox 274 367 335 427; x_wconf 65' lang='lat' dir='ltr'><strong>Sd</strong></span> <span class='ocrx_word' id='word_1_2' title='bbox 352 369 368 421; x_wconf 85' lang='lat' dir='ltr'><strong>l</strong></span> 
     </span>
    </p>
   </div>
   <div class='ocr_carea' id='block_1_2' title="bbox 272 462 1844 548">
    <p class='ocr_par' dir='ltr' id='par_1_2' title="bbox 272 462 1844 548">
     <span class='ocr_line' id='line_1_2' title="bbox 272 462 1844 548; baseline -0.014 -12"><span class='ocrx_word' id='word_1_3' title='bbox 272 493 378 548; x_wconf 86' lang='lat' dir='ltr'><strong>cte,</strong></span> <span class='ocrx_word' id='word_1_4' title='bbox 400 480 536 534; x_wconf 84' lang='lat' dir='ltr'><strong>sicut</strong></span> <span class='ocrx_word' id='word_1_5' title='bbox 561 477 713 530; x_wconf 87' lang='lat' dir='ltr'><strong>salita</strong></span> <span class='ocrx_word' id='word_1_6' title='bbox 745 474 1011 532; x_wconf 71' lang='lat' dir='ltr'><strong>victima‘.</strong></span> <span class='ocrx_word' id='word_1_7' title='bbox 1035 470 1377 525; x_wconf 77' lang='lat' dir='ltr'><strong>tmitationcm</strong></span> <span class='ocrx_word' id='word_1_8' title='bbox 1411 481 1528 522; x_wconf 82' lang='lat' dir='ltr'><strong>csse</strong></span> <span class='ocrx_word' id='word_1_9' title='bbox 1560 465 1718 518; x_wconf 88' lang='lat' dir='ltr'><strong>vitam</strong></span> <span class='ocrx_word' id='word_1_10' title='bbox 1749 462 1844 516; x_wconf 85' lang='lat' dir='ltr'><strong>hu-</strong></span> 
     </span>
    </p>
   </div>
   <div class='ocr_carea' id='block_1_3' title="bbox 274 559 1847 639">
    <p class='ocr_par' dir='ltr' id='par_1_3' title="bbox 274 559 1847 639">
     <span class='ocr_line' id='line_1_3' title="bbox 274 559 1847 639; baseline -0.011 -12"><span class='ocrx_word' id='word_1_11' title='bbox 274 588 482 627; x_wconf 84' lang='lat' dir='ltr'><strong>manam</strong></span> <span class='ocrx_word' id='word_1_12' title='bbox 538 583 698 639; x_wconf 82' lang='lat' dir='ltr'><strong>super</strong></span> <span class='ocrx_word' id='word_1_13' title='bbox 747 575 942 622; x_wconf 88' lang='lat' dir='ltr'><strong>terram</strong></span> <span class='ocrx_word' id='word_1_14' title='bbox 994 563 1122 636; x_wconf 66' lang='lat' dir='ltr'><strong>(Job</strong></span> <span class='ocrx_word' id='word_1_15' title='bbox 1180 577 1284 623; x_wconf 87' lang='lat' dir='ltr'><strong>vn,</strong></span> <span class='ocrx_word' id='word_1_16' title='bbox 1335 560 1422 631; x_wconf 73' lang='lat'><strong>1),</strong></span> <span class='ocrx_word' id='word_1_17' title='bbox 1475 559 1847 624; x_wconf 88' lang='lat' dir='ltr'><strong>neminemque</strong></span> 
     </span>
    </p>
   </div>
   <div class='ocr_carea' id='block_1_4' title="bbox 274 649 1846 725">
    <p class='ocr_par' dir='ltr' id='par_1_4' title="bbox 274 649 1846 725">
     <span class='ocr_line' id='line_1_4' title="bbox 274 649 1846 725; baseline -0.009 -10"><span class='ocrx_word' id='word_1_18' title='bbox 274 667 491 719; x_wconf 79' lang='lat' dir='ltr'><strong>untnino</strong></span> <span class='ocrx_word' id='word_1_19' title='bbox 518 677 637 717; x_wconf 85' lang='lat' dir='ltr'><strong>esse</strong></span> <span class='ocrx_word' id='word_1_20' title='bbox 669 674 936 725; x_wconf 75' lang='lat' dir='ltr'><strong>securum,</strong></span> <span class='ocrx_word' id='word_1_21' title='bbox 968 671 1067 712; x_wconf 90' lang='lat' dir='ltr'><strong>nec</strong></span> <span class='ocrx_word' id='word_1_22' title='bbox 1092 655 1288 711; x_wconf 82' lang='lat' dir='ltr'><strong>debere</strong></span> <span class='ocrx_word' id='word_1_23' title='bbox 1307 669 1426 709; x_wconf 90' lang='lat' dir='ltr'><strong>esse</strong></span> <span class='ocrx_word' id='word_1_24' title='bbox 1451 667 1720 714; x_wconf 89' lang='lat' dir='ltr'><strong>securum,</strong></span> <span class='ocrx_word' id='word_1_25' title='bbox 1747 649 1846 704; x_wconf 88' lang='lat' dir='ltr'><strong>do-</strong></span> 
     </span>
    </p>
   </div>
   <div class='ocr_carea' id='block_1_5' title="bbox 274 741 1848 821">
    <p class='ocr_par' dir='ltr' id='par_1_5' title="bbox 274 741 1848 821">
     <span class='ocr_line' id='line_1_5' title="bbox 274 741 1848 821; baseline -0.011 -11"><span class='ocrx_word' id='word_1_26' title='bbox 274 773 372 811; x_wconf 84' lang='lat' dir='ltr'><strong>nee</strong></span> <span class='ocrx_word' id='word_1_27' title='bbox 403 755 468 809; x_wconf 88' lang='lat' dir='ltr'><strong>ad</strong></span> <span class='ocrx_word' id='word_1_28' title='bbox 502 755 644 808; x_wconf 85' lang='lat' dir='ltr'><strong>illam</strong></span> <span class='ocrx_word' id='word_1_29' title='bbox 689 749 906 821; x_wconf 84' lang='lat' dir='ltr'><strong>patriam</strong></span> <span class='ocrx_word' id='word_1_30' title='bbox 938 747 1194 811; x_wconf 87' lang='lat' dir='ltr'><strong>veniatur,</strong></span> <span class='ocrx_word' id='word_1_31' title='bbox 1225 747 1365 800; x_wconf 89' lang='lat' dir='ltr'><strong>unde</strong></span> <span class='ocrx_word' id='word_1_32' title='bbox 1395 759 1550 799; x_wconf 89' lang='lat' dir='ltr'><strong>nemo</strong></span> <span class='ocrx_word' id='word_1_33' title='bbox 1579 743 1689 798; x_wconf 76' lang='lat' dir='ltr'><strong>exit</strong></span> <span class='ocrx_word' id='word_1_34' title='bbox 1717 741 1848 794; x_wconf 86' lang='lat' dir='ltr'><strong>ami-</strong></span> 
     </span>
    </p>
   </div>
   <div class='ocr_carea' id='block_1_6' title="bbox 270 834 1846 917">
    <p class='ocr_par' dir='ltr' id='par_1_6' title="bbox 270 834 1846 917">
     <span class='ocr_line' id='line_1_6' title="bbox 270 834 1846 917; baseline -0.01 -16"><span class='ocrx_word' id='word_1_35' title='bbox 270 867 389 914; x_wconf 70' lang='lat' dir='ltr'><strong>cus,</strong></span> <span class='ocrx_word' id='word_1_36' title='bbox 439 862 544 917; x_wconf 92' lang='lat' dir='ltr'><strong>quo</strong></span> <span class='ocrx_word' id='word_1_37' title='bbox 573 860 731 899; x_wconf 87' lang='lat' dir='ltr'><strong>nemo</strong></span> <span class='ocrx_word' id='word_1_38' title='bbox 772 841 1063 896; x_wconf 74' lang='lat' dir='ltr'><strong>admittitur</strong></span> <span class='ocrx_word' id='word_1_39' title='bbox 1105 839 1369 904; x_wconf 89' lang='lat' dir='ltr'><strong>inimicus,</strong></span> <span class='ocrx_word' id='word_1_40' title='bbox 1411 839 1569 892; x_wconf 86' lang='lat' dir='ltr'><strong>etiam</strong></span> <span class='ocrx_word' id='word_1_41' title='bbox 1611 850 1752 889; x_wconf 87' lang='lat' dir='ltr'><strong>nunc</strong></span> <span class='ocrx_word' id='word_1_42' title='bbox 1794 834 1846 887; x_wconf 93' lang='lat' dir='ltr'><strong>in</strong></span> 
     </span>
    </p>
   </div>
   <div class='ocr_carea' id='block_1_7' title="bbox 271 925 1849 1010">
    <p class='ocr_par' dir='ltr' id='par_1_7' title="bbox 271 925 1849 1010">
     <span class='ocr_line' id='line_1_7' title="bbox 271 925 1849 1010; baseline -0.01 -16"><span class='ocrx_word' id='word_1_43' title='bbox 271 943 386 1010; x_wconf 85' lang='lat' dir='ltr'><strong>ipsa</strong></span> <span class='ocrx_word' id='word_1_44' title='bbox 427 937 678 994; x_wconf 79' lang='lat' dir='ltr'><strong>Ecclesia:</strong></span> <span class='ocrx_word' id='word_1_45' title='bbox 714 934 880 1006; x_wconf 79' lang='lat' dir='ltr'><strong>gloria</strong></span> <span class='ocrx_word' id='word_1_46' title='bbox 923 934 1254 1002; x_wconf 79' lang='lat' dir='ltr'><strong>agnoscimus</strong></span> <span class='ocrx_word' id='word_1_47' title='bbox 1298 943 1456 984; x_wconf 87' lang='lat' dir='ltr'><strong>voces</strong></span> <span class='ocrx_word' id='word_1_48' title='bbox 1494 925 1849 982; x_wconf 88' lang='lat' dir='ltr'><strong>tribulationis</strong></span> 
     </span>
    </p>
   </div>
   <div class='ocr_carea' id='block_1_8' title="bbox 279 1019 1848 1096">
    <p class='ocr_par' dir='ltr' id='par_1_8' title="bbox 279 1019 1848 1096">
     <span class='ocr_line' id='line_1_8' title="bbox 279 1019 1848 1096; baseline -0.01 -10"><span class='ocrx_word' id='word_1_49' title='bbox 279 1043 510 1092; x_wconf 71' lang='lat' dir='ltr'><strong>nosti-te;</strong></span> <span class='ocrx_word' id='word_1_50' title='bbox 542 1042 594 1085; x_wconf 90' lang='lat' dir='ltr'><strong>et</strong></span> <span class='ocrx_word' id='word_1_51' title='bbox 616 1039 859 1096; x_wconf 86' lang='lat' dir='ltr'><strong>tanquam</strong></span> <span class='ocrx_word' id='word_1_52' title='bbox 886 1024 1124 1080; x_wconf 88' lang='lat' dir='ltr'><strong>membra</strong></span> <span class='ocrx_word' id='word_1_53' title='bbox 1149 1022 1366 1085; x_wconf 79' lang='lat' dir='ltr'><strong>Christi,</strong></span> <span class='ocrx_word' id='word_1_54' title='bbox 1389 1036 1643 1090; x_wconf 77' lang='lat' dir='ltr'><strong>compage</strong></span> <span class='ocrx_word' id='word_1_55' title='bbox 1671 1019 1848 1075; x_wconf 90' lang='lat' dir='ltr'><strong>chari-</strong></span> 
     </span>
    </p>
   </div>
   <div class='ocr_carea' id='block_1_9' title="bbox 280 1110 1846 1186">
    <p class='ocr_par' dir='ltr' id='par_1_9' title="bbox 280 1110 1846 1186">
     <span class='ocr_line' id='line_1_9' title="bbox 280 1110 1846 1186; baseline -0.009 -11"><span class='ocrx_word' id='word_1_56' title='bbox 280 1123 402 1177; x_wconf 80' lang='lat' dir='ltr'><strong>tatis</strong></span> <span class='ocrx_word' id='word_1_57' title='bbox 430 1120 637 1176; x_wconf 84' lang='lat' dir='ltr'><strong>subdita</strong></span> <span class='ocrx_word' id='word_1_58' title='bbox 668 1118 825 1186; x_wconf 78' lang='lat' dir='ltr'><strong>capiti</strong></span> <span class='ocrx_word' id='word_1_59' title='bbox 856 1123 1058 1178; x_wconf 89' lang='lat' dir='ltr'><strong>nostro,</strong></span> <span class='ocrx_word' id='word_1_60' title='bbox 1086 1122 1140 1168; x_wconf 91' lang='lat' dir='ltr'><strong>et</strong></span> <span class='ocrx_word' id='word_1_61' title='bbox 1164 1129 1260 1167; x_wconf 92' lang='lat' dir='ltr'><strong>nos</strong></span> <span class='ocrx_word' id='word_1_62' title='bbox 1288 1112 1509 1168; x_wconf 85' lang='lat' dir='ltr'><strong>invicem</strong></span> <span class='ocrx_word' id='word_1_63' title='bbox 1544 1110 1846 1174; x_wconf 85' lang='lat' dir='ltr'><strong>retinentia,</strong></span> 
     </span>
    </p>
   </div>
   <div class='ocr_carea' id='block_1_10' title="bbox 278 1200 1849 1274">
    <p class='ocr_par' dir='ltr' id='par_1_10' title="bbox 278 1200 1849 1274">
     <span class='ocr_line' id='line_1_10' title="bbox 278 1200 1849 1274; baseline -0.008 -10"><span class='ocrx_word' id='word_1_64' title='bbox 278 1215 517 1267; x_wconf 75' lang='lat' dir='ltr'><strong>dicemus</strong></span> <span class='ocrx_word' id='word_1_65' title='bbox 545 1211 612 1264; x_wconf 91' lang='lat' dir='ltr'><strong>de</strong></span> <span class='ocrx_word' id='word_1_66' title='bbox 649 1208 890 1272; x_wconf 77' lang='lat' dir='ltr'><strong>Psalmis,</strong></span> <span class='ocrx_word' id='word_1_67' title='bbox 937 1204 1078 1274; x_wconf 91' lang='lat' dir='ltr'><strong>quod</strong></span> <span class='ocrx_word' id='word_1_68' title='bbox 1124 1204 1208 1258; x_wconf 93' lang='lat' dir='ltr'><strong>hic</strong></span> <span class='ocrx_word' id='word_1_69' title='bbox 1249 1203 1447 1257; x_wconf 80' lang='lat' dir='ltr'><strong>dixisse</strong></span> <span class='ocrx_word' id='word_1_70' title='bbox 1492 1200 1849 1257; x_wconf 88' lang='lat' dir='ltr'><strong>invenerimus</strong></span> 
     </span>
    </p>
   </div>
   <div class='ocr_carea' id='block_1_11' title="bbox 282 1293 1851 1374">
    <p class='ocr_par' dir='ltr' id='par_1_11' title="bbox 282 1293 1851 1374">
     <span class='ocr_line' id='line_1_11' title="bbox 282 1293 1851 1374; baseline -0.008 -18"><span class='ocrx_word' id='word_1_71' title='bbox 282 1313 540 1374; x_wconf 84' lang='lat' dir='ltr'><strong>martyres</strong></span> <span class='ocrx_word' id='word_1_72' title='bbox 564 1302 650 1371; x_wconf 89' lang='lat' dir='ltr'><strong>qui</strong></span> <span class='ocrx_word' id='word_1_73' title='bbox 694 1301 904 1354; x_wconf 82' lang='lat' dir='ltr'><strong>luerunt</strong></span> <span class='ocrx_word' id='word_1_74' title='bbox 943 1305 1068 1350; x_wconf 88' lang='lat' dir='ltr'><strong>ante</strong></span> <span class='ocrx_word' id='word_1_75' title='bbox 1097 1309 1216 1361; x_wconf 83' lang='lat' dir='ltr'><strong>nos,</strong></span> <span class='ocrx_word' id='word_1_76' title='bbox 1261 1295 1380 1363; x_wconf 82' lang='lat' dir='ltr'><strong>quia</strong></span> <span class='ocrx_word' id='word_1_77' title='bbox 1412 1293 1676 1348; x_wconf 86' lang='lat' dir='ltr'><strong>tribulatio</strong></span> <span class='ocrx_word' id='word_1_78' title='bbox 1706 1306 1851 1345; x_wconf 91' lang='lat' dir='ltr'><strong>com-</strong></span> 
     </span>
    </p>
   </div>
   <div class='ocr_carea' id='block_1_12' title="bbox 282 1381 1848 1454">
    <p class='ocr_par' dir='ltr' id='par_1_12' title="bbox 282 1381 1848 1454">
     <span class='ocr_line' id='line_1_12' title="bbox 282 1381 1848 1454; baseline -0.01 -4"><span class='ocrx_word' id='word_1_79' title='bbox 282 1391 455 1450; x_wconf 86' lang='lat' dir='ltr'><strong>munis</strong></span> <span class='ocrx_word' id='word_1_80' title='bbox 485 1403 562 1447; x_wconf 89' lang='lat' dir='ltr'><strong>est</strong></span> <span class='ocrx_word' id='word_1_81' title='bbox 590 1391 852 1452; x_wconf 88' lang='lat' dir='ltr'><strong>omnibus,</strong></span> <span class='ocrx_word' id='word_1_82' title='bbox 883 1386 950 1441; x_wconf 88' lang='lat' dir='ltr'><strong>ab</strong></span> <span class='ocrx_word' id='word_1_83' title='bbox 980 1386 1129 1440; x_wconf 91' lang='lat' dir='ltr'><strong>initio</strong></span> <span class='ocrx_word' id='word_1_84' title='bbox 1168 1399 1334 1454; x_wconf 89' lang='lat' dir='ltr'><strong>usque</strong></span> <span class='ocrx_word' id='word_1_85' title='bbox 1363 1386 1414 1438; x_wconf 91' lang='lat' dir='ltr'><strong>in</strong></span> <span class='ocrx_word' id='word_1_86' title='bbox 1443 1385 1621 1437; x_wconf 84' lang='lat' dir='ltr'><strong>tinem.</strong></span> <span class='ocrx_word' id='word_1_87' title='bbox 1651 1381 1848 1435; x_wconf 90' lang='lat' dir='ltr'><strong>Tamen</strong></span> 
     </span>
    </p>
   </div>
   <div class='ocr_carea' id='block_1_13' title="bbox 282 1473 1853 1556">
    <p class='ocr_par' dir='ltr' id='par_1_13' title="bbox 282 1473 1853 1556">
     <span class='ocr_line' id='line_1_13' title="bbox 282 1473 1853 1556; baseline -0.009 -15"><span class='ocrx_word' id='word_1_88' title='bbox 282 1489 442 1542; x_wconf 88' lang='lat' dir='ltr'><strong>istum</strong></span> <span class='ocrx_word' id='word_1_89' title='bbox 473 1486 728 1556; x_wconf 80' lang='lat' dir='ltr'><strong>psalmum</strong></span> <span class='ocrx_word' id='word_1_90' title='bbox 754 1495 908 1551; x_wconf 67' lang='lat' dir='ltr'><strong>quem</strong></span> <span class='ocrx_word' id='word_1_91' title='bbox 937 1477 1269 1533; x_wconf 89' lang='lat' dir='ltr'><strong>tractandum</strong></span> <span class='ocrx_word' id='word_1_92' title='bbox 1311 1478 1663 1546; x_wconf 84' lang='lat' dir='ltr'><strong>suscepimus,</strong></span> <span class='ocrx_word' id='word_1_93' title='bbox 1703 1483 1758 1530; x_wconf 88' lang='lat' dir='ltr'><strong>et</strong></span> <span class='ocrx_word' id='word_1_94' title='bbox 1786 1473 1853 1527; x_wconf 90' lang='lat' dir='ltr'><strong>de</strong></span> 
     </span>
    </p>
   </div>
   <div class='ocr_carea' id='block_1_14' title="bbox 281 1567 1852 1647">
    <p class='ocr_par' dir='ltr' id='par_1_14' title="bbox 281 1567 1852 1647">
     <span class='ocr_line' id='line_1_14' title="bbox 281 1567 1852 1647; baseline -0.008 -18"><span class='ocrx_word' id='word_1_95' title='bbox 281 1593 392 1647; x_wconf 78' lang='lat' dir='ltr'><strong>&#39;quo</strong></span> <span class='ocrx_word' id='word_1_96' title='bbox 415 1576 552 1645; x_wconf 80' lang='lat' dir='ltr'><strong>loqui</strong></span> <span class='ocrx_word' id='word_1_97' title='bbox 579 1571 834 1628; x_wconf 84' lang='lat' dir='ltr'><strong>Cltaritati</strong></span> <span class='ocrx_word' id='word_1_98' title='bbox 869 1570 1065 1625; x_wconf 71' lang='lat' dir='ltr'><strong>Vestra:</strong></span> <span class='ocrx_word' id='word_1_99' title='bbox 1097 1570 1147 1621; x_wconf 94' lang='lat' dir='ltr'><strong>in</strong></span> <span class='ocrx_word' id='word_1_100' title='bbox 1179 1568 1392 1622; x_wconf 88' lang='lat' dir='ltr'><strong>nomine</strong></span> <span class='ocrx_word' id='word_1_101' title='bbox 1420 1567 1626 1621; x_wconf 89' lang='lat' dir='ltr'><strong>Domini</strong></span> <span class='ocrx_word' id='word_1_102' title='bbox 1659 1581 1852 1634; x_wconf 88' lang='lat' dir='ltr'><strong>propo-</strong></span> 
     </span>
    </p>
   </div>
   <div class='ocr_carea' id='block_1_15' title="bbox 284 1661 1855 1736">
    <p class='ocr_par' dir='ltr' id='par_1_15' title="bbox 284 1661 1855 1736">
     <span class='ocr_line' id='line_1_15' title="bbox 284 1661 1855 1736; baseline -0.006 -14"><span class='ocrx_word' id='word_1_103' title='bbox 284 1671 507 1732; x_wconf 81' lang='lat' dir='ltr'><strong>suimus,</strong></span> <span class='ocrx_word' id='word_1_104' title='bbox 554 1669 604 1721; x_wconf 92' lang='lat' dir='ltr'><strong>in</strong></span> <span class='ocrx_word' id='word_1_105' title='bbox 647 1679 812 1736; x_wconf 88' lang='lat' dir='ltr'><strong>grano</strong></span> <span class='ocrx_word' id='word_1_106' title='bbox 853 1662 1052 1732; x_wconf 87' lang='lat' dir='ltr'><strong>sinapis</strong></span> <span class='ocrx_word' id='word_1_107' title='bbox 1082 1661 1762 1732; x_wconf 74' lang='lat' dir='ltr'><strong>agnoscamuszpaululum</strong></span> <span class='ocrx_word' id='word_1_108' title='bbox 1788 1661 1855 1713; x_wconf 86' lang='lat' dir='ltr'><strong>ab</strong></span> 
     </span>
    </p>
   </div>
   <div class='ocr_carea' id='block_1_16' title="bbox 285 1752 1854 1816">
    <p class='ocr_par' dir='ltr' id='par_1_16' title="bbox 285 1752 1854 1816">
     <span class='ocr_line' id='line_1_16' title="bbox 285 1752 1854 1816; baseline -0.004 -3"><span class='ocrx_word' id='word_1_109' title='bbox 285 1761 558 1813; x_wconf 79' lang='lat' dir='ltr'><strong>altitudine</strong></span> <span class='ocrx_word' id='word_1_110' title='bbox 599 1756 760 1811; x_wconf 86' lang='lat' dir='ltr'><strong>oleris</strong></span> <span class='ocrx_word' id='word_1_111' title='bbox 801 1764 856 1811; x_wconf 93' lang='lat' dir='ltr'><strong>et</strong></span> <span class='ocrx_word' id='word_1_112' title='bbox 891 1754 1174 1811; x_wconf 77' lang='lat' dir='ltr'><strong>dill‘usione</strong></span> <span class='ocrx_word' id='word_1_113' title='bbox 1223 1768 1514 1816; x_wconf 89' lang='lat' dir='ltr'><strong>ramormn,</strong></span> <span class='ocrx_word' id='word_1_114' title='bbox 1556 1763 1610 1808; x_wconf 89' lang='lat' dir='ltr'><strong>et</strong></span> <span class='ocrx_word' id='word_1_115' title='bbox 1655 1752 1723 1806; x_wconf 90' lang='lat' dir='ltr'><strong>ab</strong></span> <span class='ocrx_word' id='word_1_116' title='bbox 1765 1752 1854 1807; x_wconf 89' lang='lat' dir='ltr'><strong>illa</strong></span> 
     </span>
    </p>
   </div>
   <div class='ocr_carea' id='block_1_17' title="bbox 282 1844 1853 1918">
    <p class='ocr_par' dir='ltr' id='par_1_17' title="bbox 282 1844 1853 1918">
     <span class='ocr_line' id='line_1_17' title="bbox 282 1844 1853 1918; baseline -0.003 -18"><span class='ocrx_word' id='word_1_117' title='bbox 282 1851 467 1918; x_wconf 76' lang='lat' dir='ltr'><strong>gloria,</strong></span> <span class='ocrx_word' id='word_1_118' title='bbox 497 1847 581 1902; x_wconf 86' lang='lat' dir='ltr'><strong>ubi</strong></span> <span class='ocrx_word' id='word_1_119' title='bbox 622 1860 748 1902; x_wconf 88' lang='lat' dir='ltr'><strong>aves</strong></span> <span class='ocrx_word' id='word_1_120' title='bbox 775 1847 895 1902; x_wconf 73' lang='lat' dir='ltr'><strong>cceli</strong></span> <span class='ocrx_word' id='word_1_121' title='bbox 942 1845 1300 1916; x_wconf 90' lang='lat' dir='ltr'><strong>requiescunt,</strong></span> <span class='ocrx_word' id='word_1_122' title='bbox 1341 1858 1625 1899; x_wconf 78' lang='lat' dir='ltr'><strong>avocemus</strong></span> <span class='ocrx_word' id='word_1_123' title='bbox 1651 1844 1853 1913; x_wconf 81' lang='lat' dir='ltr'><strong>Cogita-</strong></span> 
     </span>
    </p>
   </div>
   <div class='ocr_carea' id='block_1_18' title="bbox 284 1935 1851 2007">
    <p class='ocr_par' dir='ltr' id='par_1_18' title="bbox 284 1935 1851 2007">
     <span class='ocr_line' id='line_1_18' title="bbox 284 1935 1851 2007; baseline -0.003 -13"><span class='ocrx_word' id='word_1_124' title='bbox 284 1942 480 1994; x_wconf 83' lang='lat' dir='ltr'><strong>tionem</strong></span> <span class='ocrx_word' id='word_1_125' title='bbox 504 1954 517 2002; x_wconf 92' lang='lat'><strong>;</strong></span> <span class='ocrx_word' id='word_1_126' title='bbox 545 1949 598 1993; x_wconf 88' lang='lat' dir='ltr'><strong>et</strong></span> <span class='ocrx_word' id='word_1_127' title='bbox 623 1938 736 1992; x_wconf 79' lang='lat' dir='ltr'><strong>ha:c</strong></span> <span class='ocrx_word' id='word_1_128' title='bbox 764 1936 1068 2007; x_wconf 83' lang='lat' dir='ltr'><strong>magnitudo</strong></span> <span class='ocrx_word' id='word_1_129' title='bbox 1093 1952 1211 2006; x_wconf 75' lang='lat' dir='ltr'><strong>qua:</strong></span> <span class='ocrx_word' id='word_1_130' title='bbox 1239 1951 1335 1991; x_wconf 90' lang='lat' dir='ltr'><strong>nos</strong></span> <span class='ocrx_word' id='word_1_131' title='bbox 1355 1935 1583 1991; x_wconf 85' lang='lat' dir='ltr'><strong>delectat</strong></span> <span class='ocrx_word' id='word_1_132' title='bbox 1607 1935 1660 1989; x_wconf 92' lang='lat' dir='ltr'><strong>in</strong></span> <span class='ocrx_word' id='word_1_133' title='bbox 1685 1937 1851 2001; x_wconf 86' lang='lat' dir='ltr'><strong>olere,</strong></span> 
     </span>
    </p>
   </div>
   <div class='ocr_carea' id='block_1_19' title="bbox 284 2025 1853 2098">
    <p class='ocr_par' dir='ltr' id='par_1_19' title="bbox 284 2025 1853 2098">
     <span class='ocr_line' id='line_1_19' title="bbox 284 2025 1853 2098; baseline -0.003 -16"><span class='ocrx_word' id='word_1_134' title='bbox 284 2045 440 2098; x_wconf 88' lang='lat' dir='ltr'><strong>quam</strong></span> <span class='ocrx_word' id='word_1_135' title='bbox 471 2028 536 2083; x_wconf 89' lang='lat' dir='ltr'><strong>de</strong></span> <span class='ocrx_word' id='word_1_136' title='bbox 567 2044 726 2098; x_wconf 89' lang='lat' dir='ltr'><strong>parvo</strong></span> <span class='ocrx_word' id='word_1_137' title='bbox 764 2027 1056 2082; x_wconf 77' lang='lat' dir='ltr'><strong>surrexerit</strong></span> <span class='ocrx_word' id='word_1_138' title='bbox 1096 2026 1389 2080; x_wconf 84' lang='lat' dir='ltr'><strong>audiamus.</strong></span> <span class='ocrx_word' id='word_1_139' title='bbox 1434 2025 1677 2080; x_wconf 84' lang='lat' dir='ltr'><strong>Christus</strong></span> <span class='ocrx_word' id='word_1_140' title='bbox 1712 2026 1853 2081; x_wconf 89' lang='lat' dir='ltr'><strong>enim</strong></span> 
     </span>
    </p>
   </div>
   <div class='ocr_carea' id='block_1_20' title="bbox 293 2115 1856 2188">
    <p class='ocr_par' dir='ltr' id='par_1_20' title="bbox 293 2115 1856 2188">
     <span class='ocr_line' id='line_1_20' title="bbox 293 2115 1856 2188; baseline -0.003 -16"><span class='ocrx_word' id='word_1_141' title='bbox 293 2121 378 2174; x_wconf 86' lang='lat' dir='ltr'><strong>hic</strong></span> <span class='ocrx_word' id='word_1_142' title='bbox 415 2120 646 2188; x_wconf 89' lang='lat' dir='ltr'><strong>loquitur</strong></span> <span class='ocrx_word' id='word_1_143' title='bbox 688 2117 802 2188; x_wconf 83' lang='lat' dir='ltr'><strong>(sed</strong></span> <span class='ocrx_word' id='word_1_144' title='bbox 826 2119 934 2185; x_wconf 90' lang='lat' dir='ltr'><strong>jam</strong></span> <span class='ocrx_word' id='word_1_145' title='bbox 980 2115 1267 2172; x_wconf 81' lang='lat' dir='ltr'><strong>scientibus</strong></span> <span class='ocrx_word' id='word_1_146' title='bbox 1301 2115 1587 2186; x_wconf 88' lang='lat' dir='ltr'><strong>dicimus);</strong></span> <span class='ocrx_word' id='word_1_147' title='bbox 1615 2115 1856 2169; x_wconf 81' lang='lat' dir='ltr'><strong>Christus</strong></span> 
     </span>
    </p>
   </div>
   <div class='ocr_carea' id='block_1_21' title="bbox 289 2197 1902 2277">
    <p class='ocr_par' dir='ltr' id='par_1_21' title="bbox 289 2197 1902 2277">
     <span class='ocr_line' id='line_1_21' title="bbox 289 2197 1902 2277; baseline -0.004 -13"><span class='ocrx_word' id='word_1_148' title='bbox 289 2227 392 2264; x_wconf 88' lang='lat' dir='ltr'><strong>non</strong></span> <span class='ocrx_word' id='word_1_149' title='bbox 416 2209 585 2263; x_wconf 88' lang='lat' dir='ltr'><strong>solum</strong></span> <span class='ocrx_word' id='word_1_150' title='bbox 614 2217 790 2277; x_wconf 82' lang='lat' dir='ltr'><strong>caput,</strong></span> <span class='ocrx_word' id='word_1_151' title='bbox 819 2208 908 2261; x_wconf 88' lang='lat' dir='ltr'><strong>sed</strong></span> <span class='ocrx_word' id='word_1_152' title='bbox 936 2218 988 2260; x_wconf 91' lang='lat' dir='ltr'><strong>et</strong></span> <span class='ocrx_word' id='word_1_153' title='bbox 1017 2220 1230 2276; x_wconf 88' lang='lat' dir='ltr'><strong>corpus.</strong></span> <span class='ocrx_word' id='word_1_154' title='bbox 1254 2205 1333 2260; x_wconf 80' lang='lat' dir='ltr'><strong>Ex</strong></span> <span class='ocrx_word' id='word_1_155' title='bbox 1353 2205 1483 2275; x_wconf 85' lang='lat' dir='ltr'><strong>ipsis</strong></span> <span class='ocrx_word' id='word_1_156' title='bbox 1507 2206 1683 2261; x_wconf 87' lang='lat' dir='ltr'><strong>verbis</strong></span> <span class='ocrx_word' id='word_1_157' title='bbox 1703 2222 1858 2275; x_wconf 84' lang='lat' dir='ltr'><strong>agno-</strong></span> <span class='ocrx_word' id='word_1_158' title='bbox 1896 2197 1902 2202; x_wconf 81' lang='grc'><strong>’</strong></span> 
     </span>
    </p>
   </div>
   <div class='ocr_carea' id='block_1_22' title="bbox 286 2296 1859 2368">
    <p class='ocr_par' dir='ltr' id='par_1_22' title="bbox 286 2296 1859 2368">
     <span class='ocr_line' id='line_1_22' title="bbox 286 2296 1859 2368; baseline -0.004 -12"><span class='ocrx_word' id='word_1_159' title='bbox 286 2303 500 2358; x_wconf 77' lang='lat' dir='ltr'><strong>scimus.</strong></span> <span class='ocrx_word' id='word_1_160' title='bbox 546 2298 676 2353; x_wconf 88' lang='lat' dir='ltr'><strong>Nam</strong></span> <span class='ocrx_word' id='word_1_161' title='bbox 727 2300 845 2368; x_wconf 90' lang='lat' dir='ltr'><strong>quia</strong></span> <span class='ocrx_word' id='word_1_162' title='bbox 891 2297 1135 2351; x_wconf 85' lang='lat' dir='ltr'><strong>Christus</strong></span> <span class='ocrx_word' id='word_1_163' title='bbox 1186 2297 1271 2350; x_wconf 90' lang='lat' dir='ltr'><strong>hic</strong></span> <span class='ocrx_word' id='word_1_164' title='bbox 1315 2297 1571 2366; x_wconf 86' lang='lat' dir='ltr'><strong>loquitur,</strong></span> <span class='ocrx_word' id='word_1_165' title='bbox 1616 2296 1859 2350; x_wconf 84' lang='lat' dir='ltr'><strong>dubitare</strong></span> 
     </span>
    </p>
   </div>
   <div class='ocr_carea' id='block_1_23' title="bbox 289 2389 1859 2460">
    <p class='ocr_par' dir='ltr' id='par_1_23' title="bbox 289 2389 1859 2460">
     <span class='ocr_line' id='line_1_23' title="bbox 289 2389 1859 2460; baseline -0.003 -15"><span class='ocrx_word' id='word_1_166' title='bbox 289 2394 507 2446; x_wconf 82' lang='lat' dir='ltr'><strong>omnino</strong></span> <span class='ocrx_word' id='word_1_167' title='bbox 559 2407 662 2445; x_wconf 86' lang='lat' dir='ltr'><strong>non</strong></span> <span class='ocrx_word' id='word_1_168' title='bbox 699 2391 1072 2460; x_wconf 87' lang='lat' dir='ltr'><strong>permittimur.</strong></span> <span class='ocrx_word' id='word_1_169' title='bbox 1123 2389 1219 2444; x_wconf 80' lang='lat' dir='ltr'><strong>llic</strong></span> <span class='ocrx_word' id='word_1_170' title='bbox 1261 2398 1384 2442; x_wconf 84' lang='lat' dir='ltr'><strong>sunt</strong></span> <span class='ocrx_word' id='word_1_171' title='bbox 1421 2389 1561 2444; x_wconf 85' lang='lat' dir='ltr'><strong>cnim</strong></span> <span class='ocrx_word' id='word_1_172' title='bbox 1608 2402 1859 2458; x_wconf 74' lang='lat' dir='ltr'><strong>eXpressa</strong></span> 
     </span>
    </p>
   </div>
   <div class='ocr_carea' id='block_1_24' title="bbox 290 2479 1862 2553">
    <p class='ocr_par' dir='ltr' id='par_1_24' title="bbox 290 2479 1862 2553">
     <span class='ocr_line' id='line_1_24' title="bbox 290 2479 1862 2553; baseline -0.003 -16"><span class='ocrx_word' id='word_1_173' title='bbox 290 2484 453 2539; x_wconf 83' lang='lat' dir='ltr'><strong>verba</strong></span> <span class='ocrx_word' id='word_1_174' title='bbox 477 2500 595 2553; x_wconf 70' lang='lat' dir='ltr'><strong>qua:</strong></span> <span class='ocrx_word' id='word_1_175' title='bbox 627 2483 676 2535; x_wconf 90' lang='lat' dir='ltr'><strong>in</strong></span> <span class='ocrx_word' id='word_1_176' title='bbox 705 2481 819 2550; x_wconf 86' lang='lat' dir='ltr'><strong>ejus</strong></span> <span class='ocrx_word' id='word_1_177' title='bbox 843 2481 1094 2552; x_wconf 87' lang='lat' dir='ltr'><strong>passione</strong></span> <span class='ocrx_word' id='word_1_178' title='bbox 1123 2481 1383 2549; x_wconf 87' lang='lat' dir='ltr'><strong>completa</strong></span> <span class='ocrx_word' id='word_1_179' title='bbox 1409 2491 1532 2534; x_wconf 88' lang='lat' dir='ltr'><strong>sunt</strong></span> <span class='ocrx_word' id='word_1_180' title='bbox 1561 2497 1574 2532; x_wconf 90' lang='lat'><strong>:</strong></span> <span class='ocrx_word' id='word_1_181' title='bbox 1606 2479 1862 2534; x_wconf 84' lang='lat' dir='ltr'><strong>Dederunt</strong></span> 
     </span>
    </p>
   </div>
   <div class='ocr_carea' id='block_1_25' title="bbox 293 2575 1857 2643">
    <p class='ocr_par' dir='ltr' id='par_1_25' title="bbox 293 2575 1857 2643">
     <span class='ocr_line' id='line_1_25' title="bbox 293 2575 1857 2643; baseline -0.003 -12"><span class='ocrx_word' id='word_1_182' title='bbox 293 2581 344 2631; x_wconf 90' lang='lat' dir='ltr'><strong>in</strong></span> <span class='ocrx_word' id='word_1_183' title='bbox 377 2592 538 2631; x_wconf 82' lang='lat' dir='ltr'><strong>escam</strong></span> <span class='ocrx_word' id='word_1_184' title='bbox 566 2592 726 2628; x_wconf 80' lang='lat' dir='ltr'><strong>meum</strong></span> <span class='ocrx_word' id='word_1_185' title='bbox 755 2575 841 2643; x_wconf 77' lang='lat' dir='ltr'><strong>fet,</strong></span> <span class='ocrx_word' id='word_1_186' title='bbox 873 2585 916 2627; x_wconf 88' lang='lat' dir='ltr'><strong>et</strong></span> <span class='ocrx_word' id='word_1_187' title='bbox 946 2575 996 2627; x_wconf 86' lang='lat' dir='ltr'><strong>in</strong></span> <span class='ocrx_word' id='word_1_188' title='bbox 1026 2575 1107 2626; x_wconf 88' lang='lat' dir='ltr'><strong>siti</strong></span> <span class='ocrx_word' id='word_1_189' title='bbox 1131 2590 1239 2626; x_wconf 88' lang='lat' dir='ltr'><strong>mea</strong></span> <span class='ocrx_word' id='word_1_190' title='bbox 1263 2583 1555 2643; x_wconf 81' lang='lat' dir='ltr'><strong>potaverunt</strong></span> <span class='ocrx_word' id='word_1_191' title='bbox 1584 2589 1661 2627; x_wconf 87' lang='lat' dir='ltr'><strong>me</strong></span> <span class='ocrx_word' id='word_1_192' title='bbox 1685 2584 1857 2627; x_wconf 82' lang='lat' dir='ltr'><strong>aceto:</strong></span> 
     </span>
    </p>
   </div>
   <div class='ocr_carea' id='block_1_26' title="bbox 287 2648 1864 2737">
    <p class='ocr_par' dir='ltr' id='par_1_26' title="bbox 287 2648 1864 2737">
     <span class='ocr_line' id='line_1_26' title="bbox 287 2648 1864 2737; baseline 0.001 -18"><span class='ocrx_word' id='word_1_193' title='bbox 287 2666 500 2737; x_wconf 87' lang='lat' dir='ltr'><strong>quando</strong></span> <span class='ocrx_word' id='word_1_194' title='bbox 535 2666 632 2719; x_wconf 90' lang='lat' dir='ltr'><strong>ista</strong></span> <span class='ocrx_word' id='word_1_195' title='bbox 675 2674 728 2718; x_wconf 89' lang='lat' dir='ltr'><strong>et</strong></span> <span class='ocrx_word' id='word_1_196' title='bbox 757 2663 822 2717; x_wconf 89' lang='lat' dir='ltr'><strong>ad</strong></span> <span class='ocrx_word' id='word_1_197' title='bbox 869 2664 1094 2717; x_wconf 77' lang='lat' dir='ltr'><strong>litteram</strong></span> <span class='ocrx_word' id='word_1_198' title='bbox 1139 2663 1355 2731; x_wconf 91' lang='lat' dir='ltr'><strong>impleta</strong></span> <span class='ocrx_word' id='word_1_199' title='bbox 1394 2648 1614 2730; x_wconf 67' lang='lat' dir='ltr'><strong>sunt;et</strong></span> <span class='ocrx_word' id='word_1_200' title='bbox 1646 2677 1864 2733; x_wconf 84' lang='lat' dir='ltr'><strong>prorsus</strong></span> 
     </span>
    </p>
   </div>
   <div class='ocr_carea' id='block_1_27' title="bbox 290 2753 1864 2830">
    <p class='ocr_par' dir='ltr' id='par_1_27' title="bbox 290 2753 1864 2830">
     <span class='ocr_line' id='line_1_27' title="bbox 290 2753 1864 2830; baseline 0 -20"><span class='ocrx_word' id='word_1_201' title='bbox 290 2756 556 2826; x_wconf 89' lang='lat' dir='ltr'><strong>quomodo</strong></span> <span class='ocrx_word' id='word_1_202' title='bbox 584 2755 850 2830; x_wconf 80' lang='lat' dir='ltr'><strong>pra-dicta,</strong></span> <span class='ocrx_word' id='word_1_203' title='bbox 880 2755 957 2809; x_wconf 86' lang='lat' dir='ltr'><strong>sie</strong></span> <span class='ocrx_word' id='word_1_204' title='bbox 979 2753 1202 2809; x_wconf 90' lang='lat' dir='ltr'><strong>reddita.</strong></span> <span class='ocrx_word' id='word_1_205' title='bbox 1225 2753 1460 2824; x_wconf 87' lang='lat' dir='ltr'><strong>Cumque</strong></span> <span class='ocrx_word' id='word_1_206' title='bbox 1486 2754 1599 2825; x_wconf 90' lang='lat' dir='ltr'><strong>ipse</strong></span> <span class='ocrx_word' id='word_1_207' title='bbox 1621 2753 1864 2812; x_wconf 87' lang='lat' dir='ltr'><strong>Christus</strong></span> 
     </span>
    </p>
   </div>
   <div class='ocr_carea' id='block_1_28' title="bbox 282 2845 1861 2916">
    <p class='ocr_par' dir='ltr' id='par_1_28' title="bbox 282 2845 1861 2916">
     <span class='ocr_line' id='line_1_28' title="bbox 282 2845 1861 2916; baseline -0.001 -13"><span class='ocrx_word' id='word_1_208' title='bbox 282 2850 531 2914; x_wconf 74' lang='lat' dir='ltr'><strong>dixisset,</strong></span> <span class='ocrx_word' id='word_1_209' title='bbox 565 2847 716 2912; x_wconf 86' lang='lat' dir='ltr'><strong>Sitio,</strong></span> <span class='ocrx_word' id='word_1_210' title='bbox 750 2847 987 2916; x_wconf 88' lang='lat' dir='ltr'><strong>pendens</strong></span> <span class='ocrx_word' id='word_1_211' title='bbox 1027 2845 1078 2900; x_wconf 89' lang='lat' dir='ltr'><strong>in</strong></span> <span class='ocrx_word' id='word_1_212' title='bbox 1109 2861 1284 2909; x_wconf 91' lang='lat' dir='ltr'><strong>cruce,</strong></span> <span class='ocrx_word' id='word_1_213' title='bbox 1317 2854 1370 2900; x_wconf 88' lang='lat' dir='ltr'><strong>et</strong></span> <span class='ocrx_word' id='word_1_214' title='bbox 1409 2845 1475 2900; x_wconf 90' lang='lat' dir='ltr'><strong>ad</strong></span> <span class='ocrx_word' id='word_1_215' title='bbox 1515 2847 1615 2902; x_wconf 91' lang='lat' dir='ltr'><strong>hoc</strong></span> <span class='ocrx_word' id='word_1_216' title='bbox 1643 2847 1861 2901; x_wconf 85' lang='lat' dir='ltr'><strong>verbum</strong></span> 
     </span>
    </p>
   </div>
   <div class='ocr_carea' id='block_1_29' title="bbox 290 2937 1864 3008">
    <p class='ocr_par' dir='ltr' id='par_1_29' title="bbox 290 2937 1864 3008">
     <span class='ocr_line' id='line_1_29' title="bbox 290 2937 1864 3008; baseline -0.001 -15"><span class='ocrx_word' id='word_1_217' title='bbox 290 2943 339 2994; x_wconf 82' lang='lat' dir='ltr'><strong>ri</strong></span> <span class='ocrx_word' id='word_1_218' title='bbox 368 2953 570 2994; x_wconf 75' lang='lat' dir='ltr'><strong>acetum</strong></span> <span class='ocrx_word' id='word_1_219' title='bbox 601 2942 649 2992; x_wconf 92' lang='lat' dir='ltr'><strong>in</strong></span> <span class='ocrx_word' id='word_1_220' title='bbox 679 2941 896 3008; x_wconf 88' lang='lat' dir='ltr'><strong>spongia</strong></span> <span class='ocrx_word' id='word_1_221' title='bbox 935 2937 1111 2993; x_wconf 87' lang='lat' dir='ltr'><strong>datum</strong></span> <span class='ocrx_word' id='word_1_222' title='bbox 1140 2946 1301 3004; x_wconf 86' lang='lat' dir='ltr'><strong>esset,</strong></span> <span class='ocrx_word' id='word_1_223' title='bbox 1329 2953 1434 3007; x_wconf 91' lang='lat' dir='ltr'><strong>quo</strong></span> <span class='ocrx_word' id='word_1_224' title='bbox 1466 2949 1684 3008; x_wconf 89' lang='lat' dir='ltr'><strong>accepto</strong></span> <span class='ocrx_word' id='word_1_225' title='bbox 1709 2938 1864 3005; x_wconf 80' lang='lat' dir='ltr'><strong>dixit,</strong></span> 
     </span>
    </p>
   </div>
   <div class='ocr_carea' id='block_1_30' title="bbox 287 3029 1866 3099">
    <p class='ocr_par' dir='ltr' id='par_1_30' title="bbox 287 3029 1866 3099">
     <span class='ocr_line' id='line_1_30' title="bbox 287 3029 1866 3099; baseline -0.001 -14"><span class='ocrx_word' id='word_1_226' title='bbox 287 3033 701 3085; x_wconf 76' lang='lat' dir='ltr'><strong>Consummatth</strong></span> <span class='ocrx_word' id='word_1_227' title='bbox 726 3040 816 3093; x_wconf 80' lang='lat' dir='ltr'><strong>cst,</strong></span> <span class='ocrx_word' id='word_1_228' title='bbox 850 3039 904 3084; x_wconf 91' lang='lat' dir='ltr'><strong>et</strong></span> <span class='ocrx_word' id='word_1_229' title='bbox 936 3031 1012 3083; x_wconf 90' lang='lat' dir='ltr'><strong>sic</strong></span> <span class='ocrx_word' id='word_1_230' title='bbox 1044 3029 1296 3083; x_wconf 90' lang='lat' dir='ltr'><strong>inclinato</strong></span> <span class='ocrx_word' id='word_1_231' title='bbox 1321 3029 1493 3099; x_wconf 89' lang='lat' dir='ltr'><strong>capite</strong></span> <span class='ocrx_word' id='word_1_232' title='bbox 1518 3029 1733 3084; x_wconf 87' lang='lat' dir='ltr'><strong>tradidit</strong></span> <span class='ocrx_word' id='word_1_233' title='bbox 1760 3031 1866 3099; x_wconf 87' lang='lat' dir='ltr'><strong>spi-</strong></span> 
     </span>
    </p>
   </div>
   <div class='ocr_carea' id='block_1_31' title="bbox 299 3119 1866 3192">
    <p class='ocr_par' dir='ltr' id='par_1_31' title="bbox 299 3119 1866 3192">
     <span class='ocr_line' id='line_1_31' title="bbox 299 3119 1866 3192; baseline 0.001 -18"><span class='ocrx_word' id='word_1_234' title='bbox 299 3125 455 3175; x_wconf 88' lang='lat' dir='ltr'><strong>ritum</strong></span> <span class='ocrx_word' id='word_1_235' title='bbox 488 3122 660 3192; x_wconf 83' lang='lat' dir='ltr'><strong>(Joan.</strong></span> <span class='ocrx_word' id='word_1_236' title='bbox 693 3137 806 3186; x_wconf 72' lang='lat' dir='ltr'><strong>xxx,</strong></span> <span class='ocrx_word' id='word_1_237' title='bbox 837 3119 1053 3186; x_wconf 71' lang='lat'><strong>98-30),</strong></span> <span class='ocrx_word' id='word_1_238' title='bbox 1083 3119 1370 3175; x_wconf 87' lang='lat' dir='ltr'><strong>ostendens</strong></span> <span class='ocrx_word' id='word_1_239' title='bbox 1407 3121 1506 3174; x_wconf 89' lang='lat' dir='ltr'><strong>ista</strong></span> <span class='ocrx_word' id='word_1_240' title='bbox 1543 3121 1719 3174; x_wconf 89' lang='lat' dir='ltr'><strong>omnia</strong></span> <span class='ocrx_word' id='word_1_241' title='bbox 1747 3138 1866 3189; x_wconf 77' lang='lat' dir='ltr'><strong>qua:</strong></span> 
     </span>
    </p>
   </div>
   <div class='ocr_carea' id='block_1_32' title="bbox 288 3212 1863 3285">
    <p class='ocr_par' dir='ltr' id='par_1_32' title="bbox 288 3212 1863 3285">
     <span class='ocr_line' id='line_1_32' title="bbox 288 3212 1863 3285; baseline 0 -19"><span class='ocrx_word' id='word_1_242' title='bbox 288 3215 546 3285; x_wconf 69' lang='lat' dir='ltr'><strong>prmdicta</strong></span> <span class='ocrx_word' id='word_1_243' title='bbox 589 3225 711 3267; x_wconf 88' lang='lat' dir='ltr'><strong>sunt</strong></span> <span class='ocrx_word' id='word_1_244' title='bbox 740 3216 791 3265; x_wconf 92' lang='lat' dir='ltr'><strong>in</strong></span> <span class='ocrx_word' id='word_1_245' title='bbox 829 3214 916 3266; x_wconf 87' lang='lat' dir='ltr'><strong>illo</strong></span> <span class='ocrx_word' id='word_1_246' title='bbox 955 3212 1115 3268; x_wconf 83' lang='lat' dir='ltr'><strong>fuisse</strong></span> <span class='ocrx_word' id='word_1_247' title='bbox 1157 3222 1282 3266; x_wconf 89' lang='lat' dir='ltr'><strong>tunc</strong></span> <span class='ocrx_word' id='word_1_248' title='bbox 1326 3223 1724 3276; x_wconf 86' lang='lat' dir='ltr'><strong>consummata;</strong></span> <span class='ocrx_word' id='word_1_249' title='bbox 1761 3227 1863 3266; x_wconf 90' lang='lat' dir='ltr'><strong>non</strong></span> 
     </span>
    </p>
   </div>
   <div class='ocr_carea' id='block_1_33' title="bbox 287 3304 1866 3375">
    <p class='ocr_par' dir='ltr' id='par_1_33' title="bbox 287 3304 1866 3375">
     <span class='ocr_line' id='line_1_33' title="bbox 287 3304 1866 3375; baseline -0.003 -13"><span class='ocrx_word' id='word_1_250' title='bbox 287 3305 419 3362; x_wconf 79' lang='lat' dir='ltr'><strong>licet</strong></span> <span class='ocrx_word' id='word_1_251' title='bbox 439 3306 524 3359; x_wconf 90' lang='lat' dir='ltr'><strong>hic</strong></span> <span class='ocrx_word' id='word_1_252' title='bbox 547 3305 684 3359; x_wconf 88' lang='lat' dir='ltr'><strong>aliud</strong></span> <span class='ocrx_word' id='word_1_253' title='bbox 715 3306 1026 3375; x_wconf 89' lang='lat' dir='ltr'><strong>intelligere.</strong></span> <span class='ocrx_word' id='word_1_254' title='bbox 1061 3304 1299 3374; x_wconf 82' lang='lat' dir='ltr'><strong>Apostoli</strong></span> <span class='ocrx_word' id='word_1_255' title='bbox 1321 3305 1479 3359; x_wconf 89' lang='lat' dir='ltr'><strong>etiam</strong></span> <span class='ocrx_word' id='word_1_256' title='bbox 1509 3305 1779 3375; x_wconf 84' lang='lat' dir='ltr'><strong>loquentes</strong></span> <span class='ocrx_word' id='word_1_257' title='bbox 1799 3304 1866 3359; x_wconf 85' lang='lat' dir='ltr'><strong>de</strong></span> 
     </span>
    </p>
   </div>
   <div class='ocr_carea' id='block_1_34' title="bbox 292 3396 1865 3472">
    <p class='ocr_par' dir='ltr' id='par_1_34' title="bbox 292 3396 1865 3472">
     <span class='ocr_line' id='line_1_34' title="bbox 292 3396 1865 3472; baseline -0.003 -19"><span class='ocrx_word' id='word_1_258' title='bbox 292 3399 526 3461; x_wconf 86' lang='lat' dir='ltr'><strong>Christo,</strong></span> <span class='ocrx_word' id='word_1_259' title='bbox 577 3397 874 3452; x_wconf 88' lang='lat' dir='ltr'><strong>testimonia</strong></span> <span class='ocrx_word' id='word_1_260' title='bbox 915 3413 978 3472; x_wconf 72' lang='lat' dir='ltr'><strong>ex</strong></span> <span class='ocrx_word' id='word_1_261' title='bbox 1029 3398 1128 3450; x_wconf 87' lang='lat' dir='ltr'><strong>isto</strong></span> <span class='ocrx_word' id='word_1_262' title='bbox 1177 3397 1381 3466; x_wconf 87' lang='lat' dir='ltr'><strong>psalmo</strong></span> <span class='ocrx_word' id='word_1_263' title='bbox 1422 3396 1698 3451; x_wconf 88' lang='lat' dir='ltr'><strong>dederunt.</strong></span> <span class='ocrx_word' id='word_1_264' title='bbox 1737 3397 1865 3464; x_wconf 86' lang='lat' dir='ltr'><strong>Quis</strong></span> 
     </span>
    </p>
   </div>
   <div class='ocr_carea' id='block_1_35' title="bbox 294 3489 1864 3559">
    <p class='ocr_par' dir='ltr' id='par_1_35' title="bbox 294 3489 1864 3559">
     <span class='ocr_line' id='line_1_35' title="bbox 294 3489 1864 3559; baseline -0.001 -17"><span class='ocrx_word' id='word_1_265' title='bbox 294 3501 470 3543; x_wconf 82' lang='lat' dir='ltr'><strong>autent</strong></span> <span class='ocrx_word' id='word_1_266' title='bbox 500 3489 669 3555; x_wconf 85' lang='lat' dir='ltr'><strong>deviet</strong></span> <span class='ocrx_word' id='word_1_267' title='bbox 700 3507 726 3540; x_wconf 74' lang='grc' dir='ltr'>ει</span> <span class='ocrx_word' id='word_1_268' title='bbox 751 3489 1028 3543; x_wconf 88' lang='lat' dir='ltr'><strong>sententiis</strong></span> <span class='ocrx_word' id='word_1_269' title='bbox 1053 3489 1274 3543; x_wconf 86' lang='lat' dir='ltr'><strong>eorum?</strong></span> <span class='ocrx_word' id='word_1_270' title='bbox 1304 3498 1395 3542; x_wconf 90' lang='lat' dir='ltr'><strong>aut</strong></span> <span class='ocrx_word' id='word_1_271' title='bbox 1420 3489 1538 3559; x_wconf 89' lang='lat' dir='ltr'><strong>quis</strong></span> <span class='ocrx_word' id='word_1_272' title='bbox 1563 3504 1732 3558; x_wconf 88' lang='lat' dir='ltr'><strong>agnus</strong></span> <span class='ocrx_word' id='word_1_273' title='bbox 1761 3505 1864 3541; x_wconf 91' lang='lat' dir='ltr'><strong>non</strong></span> 
     </span>
    </p>
   </div>
   <div class='ocr_carea' id='block_1_36' title="bbox 293 3580 1865 3650">
    <p class='ocr_par' dir='ltr' id='par_1_36' title="bbox 293 3580 1865 3650">
     <span class='ocr_line' id='line_1_36' title="bbox 293 3580 1865 3650; baseline -0.001 -16"><span class='ocrx_word' id='word_1_274' title='bbox 293 3582 544 3650; x_wconf 81' lang='lat' dir='ltr'><strong>sequatur</strong></span> <span class='ocrx_word' id='word_1_275' title='bbox 578 3581 810 3635; x_wconf 83' lang='lat' dir='ltr'><strong>arietes?</strong></span> <span class='ocrx_word' id='word_1_276' title='bbox 858 3581 993 3648; x_wconf 74' lang='lat' dir='ltr'><strong>Ergo</strong></span> <span class='ocrx_word' id='word_1_277' title='bbox 1039 3580 1279 3635; x_wconf 88' lang='lat' dir='ltr'><strong>Christus</strong></span> <span class='ocrx_word' id='word_1_278' title='bbox 1327 3581 1413 3635; x_wconf 91' lang='lat' dir='ltr'><strong>hic</strong></span> <span class='ocrx_word' id='word_1_279' title='bbox 1454 3581 1682 3649; x_wconf 89' lang='lat' dir='ltr'><strong>loquitur</strong></span> <span class='ocrx_word' id='word_1_280' title='bbox 1711 3596 1726 3633; x_wconf 89' lang='lat'><strong>:</strong></span> <span class='ocrx_word' id='word_1_281' title='bbox 1752 3597 1865 3633; x_wconf 92' lang='lat' dir='ltr'><strong>ma-</strong></span> 
     </span>
    </p>
   </div>
   <div class='ocr_carea' id='block_1_37' title="bbox 291 3672 1865 3742">
    <p class='ocr_par' dir='ltr' id='par_1_37' title="bbox 291 3672 1865 3742">
     <span class='ocr_line' id='line_1_37' title="bbox 291 3672 1865 3742; baseline 0.001 -18"><span class='ocrx_word' id='word_1_282' title='bbox 291 3674 478 3742; x_wconf 78' lang='lat' dir='ltr'><strong>giSque</strong></span> <span class='ocrx_word' id='word_1_283' title='bbox 520 3673 670 3725; x_wconf 88' lang='lat' dir='ltr'><strong>nobis</strong></span> <span class='ocrx_word' id='word_1_284' title='bbox 711 3672 1180 3726; x_wconf 82' lang='lat' dir='ltr'><strong>demonstramlum</strong></span> <span class='ocrx_word' id='word_1_285' title='bbox 1221 3672 1307 3726; x_wconf 87' lang='lat' dir='ltr'><strong>est</strong></span> <span class='ocrx_word' id='word_1_286' title='bbox 1344 3672 1432 3726; x_wconf 89' lang='lat' dir='ltr'><strong>ubi</strong></span> <span class='ocrx_word' id='word_1_287' title='bbox 1475 3673 1589 3740; x_wconf 87' lang='lat' dir='ltr'><strong>ejus</strong></span> <span class='ocrx_word' id='word_1_288' title='bbox 1632 3672 1865 3726; x_wconf 89' lang='lat' dir='ltr'><strong>membra</strong></span> 
     </span>
    </p>
   </div>
   <div class='ocr_carea' id='block_1_38' title="bbox 296 3763 1862 3832">
    <p class='ocr_par' dir='ltr' id='par_1_38' title="bbox 296 3763 1862 3832">
     <span class='ocr_line' id='line_1_38' title="bbox 296 3763 1862 3832; baseline 0 -15"><span class='ocrx_word' id='word_1_289' title='bbox 296 3765 598 3832; x_wconf 74' lang='lat' dir='ltr'><strong>loiptantur,</strong></span> <span class='ocrx_word' id='word_1_290' title='bbox 647 3772 702 3815; x_wconf 92' lang='lat' dir='ltr'><strong>ut</strong></span> <span class='ocrx_word' id='word_1_291' title='bbox 745 3763 1086 3816; x_wconf 88' lang='lat' dir='ltr'><strong>ostendamus</strong></span> <span class='ocrx_word' id='word_1_292' title='bbox 1132 3764 1250 3830; x_wconf 88' lang='lat' dir='ltr'><strong>quia</strong></span> <span class='ocrx_word' id='word_1_293' title='bbox 1303 3773 1444 3818; x_wconf 90' lang='lat' dir='ltr'><strong>totus</strong></span> <span class='ocrx_word' id='word_1_294' title='bbox 1487 3763 1572 3818; x_wconf 90' lang='lat' dir='ltr'><strong>hic</strong></span> <span class='ocrx_word' id='word_1_295' title='bbox 1614 3764 1862 3831; x_wconf 88' lang='lat' dir='ltr'><strong>loquitur,</strong></span> 
     </span>
    </p>
   </div>
   <div class='ocr_carea' id='block_1_39' title="bbox 294 3852 1549 3923">
    <p class='ocr_par' dir='ltr' id='par_1_39' title="bbox 294 3852 1549 3923">
     <span class='ocr_line' id='line_1_39' title="bbox 294 3852 1549 3923; baseline -0.002 -15"><span class='ocrx_word' id='word_1_296' title='bbox 294 3870 453 3923; x_wconf 88' lang='lat' dir='ltr'><strong>quam</strong></span> <span class='ocrx_word' id='word_1_297' title='bbox 481 3853 823 3907; x_wconf 89' lang='lat' dir='ltr'><strong>dubitandum</strong></span> <span class='ocrx_word' id='word_1_298' title='bbox 855 3853 994 3920; x_wconf 87' lang='lat' dir='ltr'><strong>quod</strong></span> <span class='ocrx_word' id='word_1_299' title='bbox 1024 3852 1263 3907; x_wconf 89' lang='lat' dir='ltr'><strong>Christus</strong></span> <span class='ocrx_word' id='word_1_300' title='bbox 1286 3853 1549 3923; x_wconf 90' lang='lat' dir='ltr'><strong>loquatur.</strong></span> 
     </span>
    </p>
   </div>
   <div class='ocr_carea' id='block_1_40' title="bbox 358 3940 1870 4014">
    <p class='ocr_par' dir='ltr' id='par_1_40' title="bbox 358 3940 1870 4014">
     <span class='ocr_line' id='line_1_40' title="bbox 358 3940 1870 4014; baseline 0.003 -18"><span class='ocrx_word' id='word_1_301' title='bbox 358 3944 412 3996; x_wconf 74' lang='lat'><strong>2.</strong></span> <span class='ocrx_word' id='word_1_302' title='bbox 457 3942 604 4014; x_wconf 62' lang='lat' dir='ltr'><strong>[rem</strong></span> <span class='ocrx_word' id='word_1_303' title='bbox 635 3942 710 4014; x_wconf 82' lang='grc'><strong>1.]</strong></span> <span class='ocrx_word' id='word_1_304' title='bbox 750 3940 954 3996; x_wconf 85' lang='lat' dir='ltr'><strong>Titulus</strong></span> <span class='ocrx_word' id='word_1_305' title='bbox 997 3943 1191 3996; x_wconf 85' lang='lat' dir='ltr'><strong>Psalmi</strong></span> <span class='ocrx_word' id='word_1_306' title='bbox 1220 3953 1300 3997; x_wconf 89' lang='lat' dir='ltr'><strong>est</strong></span> <span class='ocrx_word' id='word_1_307' title='bbox 1330 3962 1340 3995; x_wconf 95' lang='lat'>:</span> <span class='ocrx_word' id='word_1_308' title='bbox 1366 3941 1431 3996; x_wconf 87' lang='lat' dir='ltr'><strong>In</strong></span> <span class='ocrx_word' id='word_1_309' title='bbox 1457 3945 1628 4012; x_wconf 82' lang='lat' dir='ltr'><strong>finem,</strong></span> <span class='ocrx_word' id='word_1_310' title='bbox 1664 3962 1755 4014; x_wconf 82' lang='lat' dir='ltr'><strong>pro</strong></span> <span class='ocrx_word' id='word_1_311' title='bbox 1794 3946 1870 4000; x_wconf 80' lang='lat' dir='ltr'><strong>his</strong></span> 
     </span>
    </p>
   </div>
   <div class='ocr_carea' id='block_1_41' title="bbox 295 4019 1870 4104">
    <p class='ocr_par' dir='ltr' id='par_1_41' title="bbox 295 4019 1870 4104">
     <span class='ocr_line' id='line_1_41' title="bbox 295 4019 1870 4104; baseline 0.001 -16"><span class='ocrx_word' id='word_1_312' title='bbox 295 4038 380 4104; x_wconf 83' lang='lat' dir='ltr'><strong>qui</strong></span> <span class='ocrx_word' id='word_1_313' title='bbox 403 4035 858 4100; x_wconf 66' lang='lat' dir='ltr'><strong>committebantur,</strong></span> <span class='ocrx_word' id='word_1_314' title='bbox 891 4035 987 4104; x_wconf 83' lang='lat' dir='ltr'><strong>ipsi</strong></span> <span class='ocrx_word' id='word_1_315' title='bbox 1009 4034 1198 4087; x_wconf 82' lang='lat' dir='ltr'><strong>David.</strong></span> <span class='ocrx_word' id='word_1_316' title='bbox 1229 4034 1379 4090; x_wconf 88' lang='lat' dir='ltr'><strong>Nunc</strong></span> <span class='ocrx_word' id='word_1_317' title='bbox 1403 4019 1870 4091; x_wconf 87' lang='lat' dir='ltr'><strong>commutationem</strong></span> 
     </span>
    </p>
   </div>
   <div class='ocr_carea' id='block_1_42' title="bbox 300 4126 1867 4193">
    <p class='ocr_par' dir='ltr' id='par_1_42' title="bbox 300 4126 1867 4193">
     <span class='ocr_line' id='line_1_42' title="bbox 300 4126 1867 4193; baseline 0.001 -14"><span class='ocrx_word' id='word_1_318' title='bbox 300 4128 352 4180; x_wconf 91' lang='lat' dir='ltr'><strong>in</strong></span> <span class='ocrx_word' id='word_1_319' title='bbox 383 4127 571 4192; x_wconf 78' lang='lat' dir='ltr'><strong>melius</strong></span> <span class='ocrx_word' id='word_1_320' title='bbox 592 4127 710 4180; x_wconf 88' lang='lat' dir='ltr'><strong>audi</strong></span> <span class='ocrx_word' id='word_1_321' title='bbox 739 4146 750 4180; x_wconf 92' lang='lat'>:</span> <span class='ocrx_word' id='word_1_322' title='bbox 775 4126 1118 4180; x_wconf 68' lang='lat' dir='ltr'><strong>commutatio</strong></span> <span class='ocrx_word' id='word_1_323' title='bbox 1142 4127 1304 4192; x_wconf 78' lang='lat' dir='ltr'><strong>enim,</strong></span> <span class='ocrx_word' id='word_1_324' title='bbox 1331 4127 1409 4181; x_wconf 87' lang='lat' dir='ltr'><strong>vel</strong></span> <span class='ocrx_word' id='word_1_325' title='bbox 1442 4127 1493 4180; x_wconf 92' lang='lat' dir='ltr'><strong>in</strong></span> <span class='ocrx_word' id='word_1_326' title='bbox 1517 4126 1748 4182; x_wconf 89' lang='lat' dir='ltr'><strong>deterius</strong></span> <span class='ocrx_word' id='word_1_327' title='bbox 1768 4137 1867 4193; x_wconf 88' lang='lat' dir='ltr'><strong>est,</strong></span> 
     </span>
    </p>
   </div>
   <div class='ocr_carea' id='block_1_43' title="bbox 296 4216 1869 4288">
    <p class='ocr_par' dir='ltr' id='par_1_43' title="bbox 296 4216 1869 4288">
     <span class='ocr_line' id='line_1_43' title="bbox 296 4216 1869 4288; baseline 0.003 -19"><span class='ocrx_word' id='word_1_328' title='bbox 296 4220 382 4270; x_wconf 84' lang='lat' dir='ltr'><strong>vel</strong></span> <span class='ocrx_word' id='word_1_329' title='bbox 416 4218 466 4270; x_wconf 90' lang='lat' dir='ltr'><strong>in</strong></span> <span class='ocrx_word' id='word_1_330' title='bbox 493 4218 701 4271; x_wconf 89' lang='lat' dir='ltr'><strong>melius.</strong></span> <span class='ocrx_word' id='word_1_331' title='bbox 732 4216 896 4270; x_wconf 82' lang='lat' dir='ltr'><strong>Adam</strong></span> <span class='ocrx_word' id='word_1_332' title='bbox 919 4227 972 4272; x_wconf 89' lang='lat' dir='ltr'><strong>et</strong></span> <span class='ocrx_word' id='word_1_333' title='bbox 999 4217 1108 4271; x_wconf 85' lang='lat' dir='ltr'><strong>Eva</strong></span> <span class='ocrx_word' id='word_1_334' title='bbox 1135 4218 1186 4270; x_wconf 92' lang='lat' dir='ltr'><strong>in</strong></span> <span class='ocrx_word' id='word_1_335' title='bbox 1213 4217 1476 4283; x_wconf 85' lang='lat' dir='ltr'><strong>deterius;</strong></span> <span class='ocrx_word' id='word_1_336' title='bbox 1499 4219 1586 4288; x_wconf 88' lang='lat' dir='ltr'><strong>qui</strong></span> <span class='ocrx_word' id='word_1_337' title='bbox 1613 4236 1677 4273; x_wconf 73' lang='lat' dir='ltr'><strong>ex</strong></span> <span class='ocrx_word' id='word_1_338' title='bbox 1702 4220 1869 4274; x_wconf 83' lang='lat' dir='ltr'><strong>Adam</strong></span> 
     </span>
    </p>
   </div>
   <div class='ocr_carea' id='block_1_44' title="bbox 293 4307 1869 4384">
    <p class='ocr_par' dir='ltr' id='par_1_44' title="bbox 293 4307 1869 4384">
     <span class='ocr_line' id='line_1_44' title="bbox 293 4307 1869 4384; baseline 0.002 -21"><span class='ocrx_word' id='word_1_339' title='bbox 293 4319 359 4363; x_wconf 87' lang='lat' dir='ltr'><strong>et</strong></span> <span class='ocrx_word' id='word_1_340' title='bbox 407 4310 510 4362; x_wconf 77' lang='lat' dir='ltr'><strong>Eva</strong></span> <span class='ocrx_word' id='word_1_341' title='bbox 553 4307 770 4384; x_wconf 85' lang='lat' dir='ltr'><strong>Christo</strong></span> <span class='ocrx_word' id='word_1_342' title='bbox 820 4309 1178 4376; x_wconf 81' lang='lat' dir='ltr'><strong>adhaeserunt,</strong></span> <span class='ocrx_word' id='word_1_343' title='bbox 1232 4310 1283 4363; x_wconf 91' lang='lat' dir='ltr'><strong>in</strong></span> <span class='ocrx_word' id='word_1_344' title='bbox 1334 4312 1524 4366; x_wconf 90' lang='lat' dir='ltr'><strong>melius</strong></span> <span class='ocrx_word' id='word_1_345' title='bbox 1565 4315 1869 4366; x_wconf 87' lang='lat' dir='ltr'><strong>commutati</strong></span> 
     </span>
    </p>
   </div>
   <div class='ocr_carea' id='block_1_45' title="bbox 298 4391 1873 4473">
    <p class='ocr_par' dir='ltr' id='par_1_45' title="bbox 298 4391 1873 4473">
     <span class='ocr_line' id='line_1_45' title="bbox 298 4391 1873 4473; baseline 0.002 -19"><span class='ocrx_word' id='word_1_346' title='bbox 298 4409 442 4454; x_wconf 80' lang='lat' dir='ltr'><strong>sunt.</strong></span> <span class='ocrx_word' id='word_1_347' title='bbox 474 4400 616 4454; x_wconf 80' lang='lat' dir='ltr'><strong>Sicut</strong></span> <span class='ocrx_word' id='word_1_348' title='bbox 655 4402 784 4452; x_wconf 85' lang='lat' dir='ltr'><strong>enim</strong></span> <span class='ocrx_word' id='word_1_349' title='bbox 815 4418 902 4469; x_wconf 82' lang='lat' dir='ltr'><strong>per</strong></span> <span class='ocrx_word' id='word_1_350' title='bbox 941 4417 1099 4454; x_wconf 81' lang='lat' dir='ltr'><strong>unum</strong></span> <span class='ocrx_word' id='word_1_351' title='bbox 1138 4391 1390 4455; x_wconf 75' lang='lat' dir='ltr'><strong>hominem</strong></span> <span class='ocrx_word' id='word_1_352' title='bbox 1416 4420 1565 4466; x_wconf 72' lang='lat' dir='ltr'><strong>mors,</strong></span> <span class='ocrx_word' id='word_1_353' title='bbox 1612 4405 1682 4456; x_wconf 86' lang='lat' dir='ltr'><strong>ita</strong></span> <span class='ocrx_word' id='word_1_354' title='bbox 1720 4414 1764 4457; x_wconf 87' lang='lat' dir='ltr'><strong>et</strong></span> <span class='ocrx_word' id='word_1_355' title='bbox 1787 4422 1873 4473; x_wconf 80' lang='lat' dir='ltr'><strong>per</strong></span> 
     </span>
    </p>
   </div>
   <div class='ocr_carea' id='block_1_46' title="bbox 298 4492 1873 4550">
    <p class='ocr_par' dir='ltr' id='par_1_46' title="bbox 298 4492 1873 4550">
     <span class='ocr_line' id='line_1_46' title="bbox 298 4492 1873 4550; baseline 0.003 -6"><span class='ocrx_word' id='word_1_356' title='bbox 298 4509 460 4544; x_wconf 85' lang='lat' dir='ltr'><strong>unum</strong></span> <span class='ocrx_word' id='word_1_357' title='bbox 510 4492 759 4543; x_wconf 79' lang='lat' dir='ltr'><strong>hominem</strong></span> <span class='ocrx_word' id='word_1_358' title='bbox 813 4493 1106 4545; x_wconf 74' lang='lat' dir='ltr'><strong>resurrectio</strong></span> <span class='ocrx_word' id='word_1_359' title='bbox 1157 4502 1467 4546; x_wconf 86' lang='lat' dir='ltr'><strong>mortuorum</strong></span> <span class='ocrx_word' id='word_1_360' title='bbox 1502 4510 1519 4546; x_wconf 93' lang='lat'><strong><em>:</em></strong></span> <span class='ocrx_word' id='word_1_361' title='bbox 1550 4506 1596 4547; x_wconf 87' lang='lat' dir='ltr'><strong>et</strong></span> <span class='ocrx_word' id='word_1_362' title='bbox 1650 4496 1776 4548; x_wconf 82' lang='lat' dir='ltr'><strong>sicut</strong></span> <span class='ocrx_word' id='word_1_363' title='bbox 1822 4497 1873 4550; x_wconf 86' lang='lat' dir='ltr'><strong>in</strong></span> 
     </span>
    </p>
   </div>
   <div class='ocr_carea' id='block_1_47' title="bbox 300 4584 1871 4654">
    <p class='ocr_par' dir='ltr' id='par_1_47' title="bbox 300 4584 1871 4654">
     <span class='ocr_line' id='line_1_47' title="bbox 300 4584 1871 4654; baseline 0.001 -16"><span class='ocrx_word' id='word_1_364' title='bbox 300 4585 465 4638; x_wconf 82' lang='lat' dir='ltr'><strong>Adam</strong></span> <span class='ocrx_word' id='word_1_365' title='bbox 496 4600 664 4636; x_wconf 86' lang='lat' dir='ltr'><strong>omnes</strong></span> <span class='ocrx_word' id='word_1_366' title='bbox 693 4584 997 4649; x_wconf 72' lang='lat' dir='ltr'><strong>moriuntur,</strong></span> <span class='ocrx_word' id='word_1_367' title='bbox 1027 4587 1096 4637; x_wconf 85' lang='lat' dir='ltr'><strong>sic</strong></span> <span class='ocrx_word' id='word_1_368' title='bbox 1137 4595 1181 4636; x_wconf 84' lang='lat' dir='ltr'><strong>et</strong></span> <span class='ocrx_word' id='word_1_369' title='bbox 1211 4585 1261 4636; x_wconf 88' lang='lat' dir='ltr'><strong>in</strong></span> <span class='ocrx_word' id='word_1_370' title='bbox 1289 4584 1488 4638; x_wconf 76' lang='lat' dir='ltr'><strong>Christo</strong></span> <span class='ocrx_word' id='word_1_371' title='bbox 1516 4603 1685 4640; x_wconf 84' lang='lat' dir='ltr'><strong>omnes</strong></span> <span class='ocrx_word' id='word_1_372' title='bbox 1711 4588 1871 4654; x_wconf 84' lang='lat' dir='ltr'><strong>vivi/i-</strong></span> 
     </span>
    </p>
   </div>
   <div class='ocr_carea' id='block_1_48' title="bbox 297 4675 1873 4748">
    <p class='ocr_par' dir='ltr' id='par_1_48' title="bbox 297 4675 1873 4748">
     <span class='ocr_line' id='line_1_48' title="bbox 297 4675 1873 4748; baseline 0.002 -19"><span class='ocrx_word' id='word_1_373' title='bbox 297 4676 545 4729; x_wconf 83' lang='lat' dir='ltr'><strong>cubnntur</strong></span> <span class='ocrx_word' id='word_1_374' title='bbox 569 4676 607 4748; x_wconf 90' lang='lat' dir='ltr'><strong>(I</strong></span> <span class='ocrx_word' id='word_1_375' title='bbox 642 4675 757 4728; x_wconf 83' lang='lat' dir='ltr'><strong>Cor.</strong></span> <span class='ocrx_word' id='word_1_376' title='bbox 790 4692 877 4741; x_wconf 78' lang='lat' dir='ltr'><strong>xv,</strong></span> <span class='ocrx_word' id='word_1_377' title='bbox 907 4676 972 4730; x_wconf 73' lang='lat'><strong>‘21</strong></span> <span class='ocrx_word' id='word_1_378' title='bbox 992 4689 1035 4729; x_wconf 89' lang='lat' dir='ltr'><strong>ct</strong></span> <span class='ocrx_word' id='word_1_379' title='bbox 1062 4675 1174 4745; x_wconf 69' lang='lat'><strong>2‘3.)</strong></span> <span class='ocrx_word' id='word_1_380' title='bbox 1215 4677 1295 4730; x_wconf 81' lang='lat' dir='ltr'><strong>Ab</strong></span> <span class='ocrx_word' id='word_1_381' title='bbox 1340 4695 1404 4732; x_wconf 89' lang='lat' dir='ltr'><strong>eo</strong></span> <span class='ocrx_word' id='word_1_382' title='bbox 1446 4679 1582 4746; x_wconf 90' lang='lat' dir='ltr'><strong>quod</strong></span> <span class='ocrx_word' id='word_1_383' title='bbox 1630 4680 1873 4732; x_wconf 78' lang='lat' dir='ltr'><strong>formavit</strong></span> 
     </span>
    </p>
   </div>
   <div class='ocr_carea' id='block_1_49' title="bbox 300 4769 1876 4839">
    <p class='ocr_par' dir='ltr' id='par_1_49' title="bbox 300 4769 1876 4839">
     <span class='ocr_line' id='line_1_49' title="bbox 300 4769 1876 4839; baseline 0.001 -17"><span class='ocrx_word' id='word_1_384' title='bbox 300 4770 466 4834; x_wconf 85' lang='lat' dir='ltr'><strong>Dens,</strong></span> <span class='ocrx_word' id='word_1_385' title='bbox 505 4778 737 4822; x_wconf 79' lang='lat' dir='ltr'><strong>imitatus</strong></span> <span class='ocrx_word' id='word_1_386' title='bbox 781 4777 862 4822; x_wconf 88' lang='lat' dir='ltr'><strong>est</strong></span> <span class='ocrx_word' id='word_1_387' title='bbox 899 4771 1100 4834; x_wconf 83' lang='lat' dir='ltr'><strong>Adam;</strong></span> <span class='ocrx_word' id='word_1_388' title='bbox 1152 4770 1244 4823; x_wconf 87' lang='lat' dir='ltr'><strong>sed</strong></span> <span class='ocrx_word' id='word_1_389' title='bbox 1294 4769 1347 4823; x_wconf 90' lang='lat' dir='ltr'><strong>in</strong></span> <span class='ocrx_word' id='word_1_390' title='bbox 1392 4770 1542 4839; x_wconf 86' lang='lat' dir='ltr'><strong>pejus</strong></span> <span class='ocrx_word' id='word_1_391' title='bbox 1583 4770 1876 4839; x_wconf 70' lang='lat' dir='ltr'><strong>iniquitatis</strong></span> 
     </span>
    </p>
   </div>
   <div class='ocr_carea' id='block_1_50' title="bbox 297 4859 1876 4930">
    <p class='ocr_par' dir='ltr' id='par_1_50' title="bbox 297 4859 1876 4930">
     <span class='ocr_line' id='line_1_50' title="bbox 297 4859 1876 4930; baseline 0 -16"><span class='ocrx_word' id='word_1_392' title='bbox 297 4877 412 4914; x_wconf 76' lang='lat' dir='ltr'><strong>Siue</strong></span> <span class='ocrx_word' id='word_1_393' title='bbox 442 4876 456 4912; x_wconf 88' lang='lat'><strong>:</strong></span> <span class='ocrx_word' id='word_1_394' title='bbox 485 4861 552 4912; x_wconf 91' lang='lat' dir='ltr'><strong>ab</strong></span> <span class='ocrx_word' id='word_1_395' title='bbox 588 4875 653 4912; x_wconf 87' lang='lat' dir='ltr'><strong>eo</strong></span> <span class='ocrx_word' id='word_1_396' title='bbox 682 4859 823 4929; x_wconf 88' lang='lat' dir='ltr'><strong>quod</strong></span> <span class='ocrx_word' id='word_1_397' title='bbox 853 4869 1067 4928; x_wconf 87' lang='lat' dir='ltr'><strong>operata</strong></span> <span class='ocrx_word' id='word_1_398' title='bbox 1098 4869 1180 4914; x_wconf 83' lang='lat' dir='ltr'><strong>est</strong></span> <span class='ocrx_word' id='word_1_399' title='bbox 1206 4861 1474 4930; x_wconf 88' lang='lat' dir='ltr'><strong>iniquitas,</strong></span> <span class='ocrx_word' id='word_1_400' title='bbox 1519 4871 1789 4916; x_wconf 89' lang='lat' dir='ltr'><strong>mutantur</strong></span> <span class='ocrx_word' id='word_1_401' title='bbox 1816 4866 1876 4915; x_wconf 80' lang='lat' dir='ltr'><strong>ti-</strong></span> 
     </span>
    </p>
   </div>
   <div class='ocr_carea' id='block_1_51' title="bbox 298 4951 1872 5022">
    <p class='ocr_par' dir='ltr' id='par_1_51' title="bbox 298 4951 1872 5022">
     <span class='ocr_line' id='line_1_51' title="bbox 298 4951 1872 5022; baseline 0.001 -16"><span class='ocrx_word' id='word_1_402' title='bbox 298 4954 488 5014; x_wconf 85' lang='lat' dir='ltr'><strong>deles;</strong></span> <span class='ocrx_word' id='word_1_403' title='bbox 522 4951 613 5005; x_wconf 87' lang='lat' dir='ltr'><strong>sed</strong></span> <span class='ocrx_word' id='word_1_404' title='bbox 645 4953 694 5004; x_wconf 92' lang='lat' dir='ltr'><strong>in</strong></span> <span class='ocrx_word' id='word_1_405' title='bbox 726 4951 915 5006; x_wconf 89' lang='lat' dir='ltr'><strong>melius</strong></span> <span class='ocrx_word' id='word_1_406' title='bbox 942 4968 1034 5022; x_wconf 92' lang='lat' dir='ltr'><strong>per</strong></span> <span class='ocrx_word' id='word_1_407' title='bbox 1055 4953 1273 5022; x_wconf 82' lang='lat' dir='ltr'><strong>gratiam</strong></span> <span class='ocrx_word' id='word_1_408' title='bbox 1307 4951 1422 5006; x_wconf 86' lang='lat' dir='ltr'><strong>Dei.</strong></span> <span class='ocrx_word' id='word_1_409' title='bbox 1459 4951 1526 5007; x_wconf 86' lang='lat' dir='ltr'><strong>Ut</strong></span> <span class='ocrx_word' id='word_1_410' title='bbox 1551 4966 1872 5009; x_wconf 78' lang='lat' dir='ltr'><strong>mutarentur</strong></span> 
     </span>
    </p>
   </div>
   <div class='ocr_carea' id='block_1_52' title="bbox 297 5041 1871 5111">
    <p class='ocr_par' dir='ltr' id='par_1_52' title="bbox 297 5041 1871 5111">
     <span class='ocr_line' id='line_1_52' title="bbox 297 5041 1871 5111; baseline 0.002 -15"><span class='ocrx_word' id='word_1_411' title='bbox 297 5047 353 5096; x_wconf 88' lang='lat' dir='ltr'><strong>iu</strong></span> <span class='ocrx_word' id='word_1_412' title='bbox 385 5041 554 5111; x_wconf 85' lang='lat' dir='ltr'><strong>pejus,</strong></span> <span class='ocrx_word' id='word_1_413' title='bbox 585 5051 770 5096; x_wconf 88' lang='lat' dir='ltr'><strong>nostra</strong></span> <span class='ocrx_word' id='word_1_414' title='bbox 805 5042 1052 5110; x_wconf 76' lang='lat' dir='ltr'><strong>iniquitas</strong></span> <span class='ocrx_word' id='word_1_415' title='bbox 1080 5044 1210 5110; x_wconf 68' lang='lat' dir='ltr'><strong>fuit:</strong></span> <span class='ocrx_word' id='word_1_416' title='bbox 1242 5054 1296 5097; x_wconf 93' lang='grc' dir='ltr'><strong>ιιι</strong></span> <span class='ocrx_word' id='word_1_417' title='bbox 1326 5055 1654 5097; x_wconf 78' lang='lat' dir='ltr'><strong>mutarentur</strong></span> <span class='ocrx_word' id='word_1_418' title='bbox 1679 5045 1729 5098; x_wconf 92' lang='lat' dir='ltr'><strong>in</strong></span> <span class='ocrx_word' id='word_1_419' title='bbox 1759 5061 1871 5099; x_wconf 55' lang='lat' dir='ltr'><strong>meo</strong></span> 
     </span>
    </p>
   </div>
   <div class='ocr_carea' id='block_1_53' title="bbox 293 5133 1871 5205">
    <p class='ocr_par' dir='ltr' id='par_1_53' title="bbox 293 5133 1871 5205">
     <span class='ocr_line' id='line_1_53' title="bbox 293 5133 1871 5205; baseline 0.001 -18"><span class='ocrx_word' id='word_1_420' title='bbox 293 5137 423 5198; x_wconf 88' lang='lat' dir='ltr'><strong>lius,</strong></span> <span class='ocrx_word' id='word_1_421' title='bbox 453 5148 558 5186; x_wconf 89' lang='lat' dir='ltr'><strong>non</strong></span> <span class='ocrx_word' id='word_1_422' title='bbox 582 5142 757 5186; x_wconf 88' lang='lat' dir='ltr'><strong>nostra</strong></span> <span class='ocrx_word' id='word_1_423' title='bbox 775 5133 998 5201; x_wconf 87' lang='lat' dir='ltr'><strong>justitia,</strong></span> <span class='ocrx_word' id='word_1_424' title='bbox 1025 5134 1115 5188; x_wconf 82' lang='lat' dir='ltr'><strong>sed</strong></span> <span class='ocrx_word' id='word_1_425' title='bbox 1143 5136 1306 5204; x_wconf 85' lang='lat' dir='ltr'><strong>gratia</strong></span> <span class='ocrx_word' id='word_1_426' title='bbox 1343 5136 1430 5189; x_wconf 82' lang='lat' dir='ltr'><strong>Dei</strong></span> <span class='ocrx_word' id='word_1_427' title='bbox 1457 5146 1693 5205; x_wconf 69' lang='lat' dir='ltr'><strong>prarstat.</strong></span> <span class='ocrx_word' id='word_1_428' title='bbox 1724 5136 1871 5201; x_wconf 81' lang='lat' dir='ltr'><strong>Qttod</strong></span> 
     </span>
    </p>
   </div>
   <div class='ocr_carea' id='block_1_54' title="bbox 293 5225 1869 5299">
    <p class='ocr_par' dir='ltr' id='par_1_54' title="bbox 293 5225 1869 5299">
     <span class='ocr_line' id='line_1_54' title="bbox 293 5225 1869 5299; baseline 0.001 -19"><span class='ocrx_word' id='word_1_429' title='bbox 293 5241 430 5296; x_wconf 85' lang='lat' dir='ltr'><strong>ergo</strong></span> <span class='ocrx_word' id='word_1_430' title='bbox 459 5227 510 5279; x_wconf 89' lang='lat' dir='ltr'><strong>in</strong></span> <span class='ocrx_word' id='word_1_431' title='bbox 543 5225 694 5294; x_wconf 84' lang='lat' dir='ltr'><strong>pejus</strong></span> <span class='ocrx_word' id='word_1_432' title='bbox 721 5226 904 5279; x_wconf 89' lang='lat' dir='ltr'><strong>mutati</strong></span> <span class='ocrx_word' id='word_1_433' title='bbox 928 5241 1132 5291; x_wconf 87' lang='lat' dir='ltr'><strong>smnus,</strong></span> <span class='ocrx_word' id='word_1_434' title='bbox 1161 5227 1314 5279; x_wconf 88' lang='lat' dir='ltr'><strong>nobis</strong></span> <span class='ocrx_word' id='word_1_435' title='bbox 1344 5229 1660 5296; x_wconf 85' lang='lat' dir='ltr'><strong>intputemus</strong></span> <span class='ocrx_word' id='word_1_436' title='bbox 1688 5249 1698 5281; x_wconf 91' lang='lat'><strong>:</strong></span> <span class='ocrx_word' id='word_1_437' title='bbox 1731 5232 1869 5299; x_wconf 81' lang='lat' dir='ltr'><strong>quod</strong></span> 
     </span>
    </p>
   </div>
   <div class='ocr_carea' id='block_1_55' title="bbox 295 5317 1873 5379">
    <p class='ocr_par' dir='ltr' id='par_1_55' title="bbox 295 5317 1873 5379">
     <span class='ocr_line' id='line_1_55' title="bbox 295 5317 1873 5379; baseline 0.003 -9"><span class='ocrx_word' id='word_1_438' title='bbox 295 5319 352 5370; x_wconf 82' lang='lat' dir='ltr'><strong>in</strong></span> <span class='ocrx_word' id='word_1_439' title='bbox 395 5317 582 5371; x_wconf 90' lang='lat' dir='ltr'><strong>melius</strong></span> <span class='ocrx_word' id='word_1_440' title='bbox 634 5326 1040 5379; x_wconf 90' lang='lat' dir='ltr'><strong>commutamur,</strong></span> <span class='ocrx_word' id='word_1_441' title='bbox 1085 5317 1247 5371; x_wconf 87' lang='lat' dir='ltr'><strong>Deum</strong></span> <span class='ocrx_word' id='word_1_442' title='bbox 1301 5317 1596 5374; x_wconf 86' lang='lat' dir='ltr'><strong>laudemus.</strong></span> <span class='ocrx_word' id='word_1_443' title='bbox 1646 5319 1751 5374; x_wconf 85' lang='lat' dir='ltr'><strong>Pro</strong></span> <span class='ocrx_word' id='word_1_444' title='bbox 1796 5323 1873 5374; x_wconf 79' lang='lat' dir='ltr'><strong>his</strong></span> 
     </span>
    </p>
   </div>
   <div class='ocr_carea' id='block_1_56' title="bbox 297 5405 1870 5477">
    <p class='ocr_par' dir='ltr' id='par_1_56' title="bbox 297 5405 1870 5477">
     <span class='ocr_line' id='line_1_56' title="bbox 297 5405 1870 5477; baseline 0.001 -15"><span class='ocrx_word' id='word_1_445' title='bbox 297 5423 429 5477; x_wconf 85' lang='lat' dir='ltr'><strong>ergo</strong></span> <span class='ocrx_word' id='word_1_446' title='bbox 475 5409 575 5461; x_wconf 92' lang='lat' dir='ltr'><strong>iste</strong></span> <span class='ocrx_word' id='word_1_447' title='bbox 604 5405 856 5476; x_wconf 82' lang='lat' dir='ltr'><strong>psalmus,</strong></span> <span class='ocrx_word' id='word_1_448' title='bbox 897 5408 982 5475; x_wconf 84' lang='lat' dir='ltr'><strong>qui</strong></span> <span class='ocrx_word' id='word_1_449' title='bbox 1027 5409 1482 5462; x_wconf 75' lang='lat' dir='ltr'><strong>committebantur.</strong></span> <span class='ocrx_word' id='word_1_450' title='bbox 1514 5408 1667 5464; x_wconf 92' lang='lat' dir='ltr'><strong>Unde</strong></span> <span class='ocrx_word' id='word_1_451' title='bbox 1694 5420 1870 5464; x_wconf 84' lang='lat' dir='ltr'><strong>autem</strong></span> 
     </span>
    </p>
   </div>
   <div class='ocr_carea' id='block_1_57' title="bbox 300 5497 1872 5570">
    <p class='ocr_par' dir='ltr' id='par_1_57' title="bbox 300 5497 1872 5570">
     <span class='ocr_line' id='line_1_57' title="bbox 300 5497 1872 5570; baseline 0.001 -17"><span class='ocrx_word' id='word_1_452' title='bbox 300 5501 402 5554; x_wconf 87' lang='lat' dir='ltr'><strong>ista</strong></span> <span class='ocrx_word' id='word_1_453' title='bbox 432 5497 774 5553; x_wconf 88' lang='lat' dir='ltr'><strong>commutatio</strong></span> <span class='ocrx_word' id='word_1_454' title='bbox 812 5497 946 5552; x_wconf 75' lang='lat' dir='ltr'><strong>facta</strong></span> <span class='ocrx_word' id='word_1_455' title='bbox 989 5507 1092 5559; x_wconf 84' lang='lat' dir='ltr'><strong>est.</strong></span> <span class='ocrx_word' id='word_1_456' title='bbox 1123 5499 1222 5552; x_wconf 80' lang='lat' dir='ltr'><strong>nisi</strong></span> <span class='ocrx_word' id='word_1_457' title='bbox 1262 5515 1327 5554; x_wconf 77' lang='lat' dir='ltr'><strong>ex</strong></span> <span class='ocrx_word' id='word_1_458' title='bbox 1349 5501 1596 5570; x_wconf 83' lang='lat' dir='ltr'><strong>passione</strong></span> <span class='ocrx_word' id='word_1_459' title='bbox 1635 5501 1872 5555; x_wconf 82' lang='lat' dir='ltr'><strong>Christi?</strong></span> 
     </span>
    </p>
   </div>
   <div class='ocr_carea' id='block_1_58' title="bbox 297 5591 1873 5664">
    <p class='ocr_par' dir='ltr' id='par_1_58' title="bbox 297 5591 1873 5664">
     <span class='ocr_line' id='line_1_58' title="bbox 297 5591 1873 5664; baseline 0.001 -16"><span class='ocrx_word' id='word_1_460' title='bbox 297 5592 500 5648; x_wconf 80' lang='lat' dir='ltr'><strong>Pascha</strong></span> <span class='ocrx_word' id='word_1_461' title='bbox 529 5591 698 5660; x_wconf 89' lang='lat' dir='ltr'><strong>ipsum</strong></span> <span class='ocrx_word' id='word_1_462' title='bbox 728 5591 888 5645; x_wconf 89' lang='lat' dir='ltr'><strong>latine</strong></span> <span class='ocrx_word' id='word_1_463' title='bbox 917 5591 1191 5648; x_wconf 86' lang='lat' dir='ltr'><strong>Transitus</strong></span> <span class='ocrx_word' id='word_1_464' title='bbox 1223 5592 1618 5664; x_wconf 87' lang='lat' dir='ltr'><strong>interpretatur.</strong></span> <span class='ocrx_word' id='word_1_465' title='bbox 1646 5593 1761 5648; x_wconf 79' lang='lat' dir='ltr'><strong>Non</strong></span> <span class='ocrx_word' id='word_1_466' title='bbox 1790 5606 1873 5649; x_wconf 88' lang='lat' dir='ltr'><strong>est</strong></span> 
     </span>
    </p>
   </div>
   <div class='ocr_carea' id='block_1_59' title="bbox 363 5746 1866 5814">
    <p class='ocr_par' dir='ltr' id='par_1_59' title="bbox 363 5746 1866 5814">
     <span class='ocr_line' id='line_1_59' title="bbox 363 5746 1866 5814; baseline 0.005 -20"><span class='ocrx_word' id='word_1_467' title='bbox 363 5748 378 5778; x_wconf 71' lang='grc'>⁸</span> <span class='ocrx_word' id='word_1_468' title='bbox 413 5749 484 5814; x_wconf 77' lang='lat' dir='ltr'><strong>sic</strong></span> <span class='ocrx_word' id='word_1_469' title='bbox 509 5746 681 5814; x_wconf 76' lang='lat' dir='ltr'><strong>ttegius</strong></span> <span class='ocrx_word' id='word_1_470' title='bbox 702 5753 781 5796; x_wconf 83' lang='lat' dir='ltr'><strong>Ms.</strong></span> <span class='ocrx_word' id='word_1_471' title='bbox 809 5754 862 5794; x_wconf 77' lang='lat' dir='ltr'><strong>At</strong></span> <span class='ocrx_word' id='word_1_472' title='bbox 891 5747 1022 5805; x_wconf 77' lang='lat' dir='ltr'><strong>t-de.,</strong></span> <span class='ocrx_word' id='word_1_473' title='bbox 1045 5747 1168 5814; x_wconf 60' lang='lat' dir='ltr'><strong>sicut</strong></span> <span class='ocrx_word' id='word_1_474' title='bbox 1185 5749 1342 5812; x_wconf 74' lang='lat' dir='ltr'><strong>psaltit</strong></span> <span class='ocrx_word' id='word_1_475' title='bbox 1381 5751 1484 5800; x_wconf 66' lang='lat' dir='ltr'><strong>hzrc</strong></span> <span class='ocrx_word' id='word_1_476' title='bbox 1507 5750 1694 5804; x_wconf 68' lang='lat' dir='ltr'><strong>victima</strong></span> <span class='ocrx_word' id='word_1_477' title='bbox 1721 5765 1737 5802; x_wconf 91' lang='lat'><em>:</em></span> <span class='ocrx_word' id='word_1_478' title='bbox 1761 5755 1866 5814; x_wconf 79' lang='lat' dir='ltr'><strong>qni-</strong></span> 
     </span>
    </p>
   </div>
   <div class='ocr_carea' id='block_1_60' title="bbox 298 5808 1403 5875">
    <p class='ocr_par' dir='ltr' id='par_1_60' title="bbox 298 5808 1403 5875">
     <span class='ocr_line' id='line_1_60' title="bbox 298 5808 1403 5875; baseline 0.015 -28"><span class='ocrx_word' id='word_1_479' title='bbox 298 5809 388 5858; x_wconf 68' lang='lat' dir='ltr'><strong>L-as</strong></span> <span class='ocrx_word' id='word_1_480' title='bbox 411 5808 629 5870; x_wconf 77' lang='lat' dir='ltr'><strong>plerique</strong></span> <span class='ocrx_word' id='word_1_481' title='bbox 655 5817 757 5856; x_wconf 84' lang='lat' dir='ltr'><strong>Mss.</strong></span> <span class='ocrx_word' id='word_1_482' title='bbox 784 5822 1040 5871; x_wconf 83' lang='lat' dir='ltr'><strong>perperam</strong></span> <span class='ocrx_word' id='word_1_483' title='bbox 1068 5808 1403 5875; x_wconf 65' lang='lat' dir='ltr'><strong>subiugantur.</strong></span> 
     </span>
    </p>
   </div>
   <div class='ocr_carea' id='block_1_61' title="bbox 613 5895 1171 5957">
    <p class='ocr_par' dir='ltr' id='par_1_61' title="bbox 613 5895 1171 5957">
     <span class='ocr_line' id='line_1_61' title="bbox 613 5895 1171 5957; baseline -0.004 -1"><span class='ocrx_word' id='word_1_484' title='bbox 613 5898 880 5956; x_wconf 80' lang='grc' dir='ltr'>ΡΛτιιιιι..</span> <span class='ocrx_word' id='word_1_485' title='bbox 915 5895 1171 5957; x_wconf 62' lang='lat' dir='ltr'><strong>XXXVI</strong></span> 
     </span>
    </p>
   </div>
   <div class='ocr_carea' id='block_1_62' title="bbox 1395 345 2529 412">
    <p class='ocr_par' dir='ltr' id='par_1_62' title="bbox 1395 345 2529 412">
     <span class='ocr_line' id='line_1_62' title="bbox 1395 345 2529 412; baseline 0 -1"><span class='ocrx_word' id='word_1_486' title='bbox 1395 349 1793 411; x_wconf 73' lang='lat' dir='ltr'><strong>ENAltltATIO</strong></span> <span class='ocrx_word' id='word_1_487' title='bbox 1834 345 1897 401; x_wconf 85' lang='lat' dir='ltr'><strong>lN</strong></span> <span class='ocrx_word' id='word_1_488' title='bbox 1942 349 2261 411; x_wconf 69' lang='lat' dir='ltr'><strong>rsauum</strong></span> <span class='ocrx_word' id='word_1_489' title='bbox 2301 355 2529 412; x_wconf 79' lang='lat' dir='ltr'><strong>vaul.</strong></span> 
     </span>
    </p>
   </div>
   <div class='ocr_carea' id='block_1_63' title="bbox 1956 465 3530 537">
    <p class='ocr_par' dir='ltr' id='par_1_63' title="bbox 1956 465 3530 537">
     <span class='ocr_line' id='line_1_63' title="bbox 1956 465 3530 537; baseline 0.009 -20"><span class='ocrx_word' id='word_1_490' title='bbox 1956 466 2095 518; x_wconf 89' lang='lat' dir='ltr'><strong>enim</strong></span> <span class='ocrx_word' id='word_1_491' title='bbox 2123 465 2320 520; x_wconf 79' lang='lat' dir='ltr'><strong>Pascha</strong></span> <span class='ocrx_word' id='word_1_492' title='bbox 2347 481 2576 537; x_wconf 59' lang='lat' dir='ltr'><strong>gravcum</strong></span> <span class='ocrx_word' id='word_1_493' title='bbox 2605 483 2820 536; x_wconf 90' lang='lat' dir='ltr'><strong>nomen,</strong></span> <span class='ocrx_word' id='word_1_494' title='bbox 2850 470 2941 525; x_wconf 91' lang='lat' dir='ltr'><strong>sed</strong></span> <span class='ocrx_word' id='word_1_495' title='bbox 2973 471 3261 526; x_wconf 73' lang='lat' dir='ltr'><strong>ltehrteum.</strong></span> <span class='ocrx_word' id='word_1_496' title='bbox 3291 473 3530 533; x_wconf 78' lang='lat' dir='ltr'><strong>llcsonat</strong></span> 
     </span>
    </p>
   </div>
   <div class='ocr_carea' id='block_1_64' title="bbox 1956 558 3526 636">
    <p class='ocr_par' dir='ltr' id='par_1_64' title="bbox 1956 558 3526 636">
     <span class='ocr_line' id='line_1_64' title="bbox 1956 558 3526 636; baseline 0.007 -27"><span class='ocrx_word' id='word_1_497' title='bbox 1956 558 2168 626; x_wconf 89' lang='lat' dir='ltr'><strong>quidem</strong></span> <span class='ocrx_word' id='word_1_498' title='bbox 2201 559 2250 612; x_wconf 89' lang='lat' dir='ltr'><strong>in</strong></span> <span class='ocrx_word' id='word_1_499' title='bbox 2281 573 2454 627; x_wconf 69' lang='lat' dir='ltr'><strong>grzrca</strong></span> <span class='ocrx_word' id='word_1_500' title='bbox 2479 560 2654 629; x_wconf 89' lang='lat' dir='ltr'><strong>lingua</strong></span> <span class='ocrx_word' id='word_1_501' title='bbox 2684 562 3004 631; x_wconf 85' lang='lat' dir='ltr'><strong>passionem,</strong></span> <span class='ocrx_word' id='word_1_502' title='bbox 3032 564 3151 633; x_wconf 86' lang='lat' dir='ltr'><strong>quia</strong></span> <span class='ocrx_word' id='word_1_503' title='bbox 3183 579 3396 632; x_wconf 79' lang='grc' dir='ltr'><strong>πασχεῖν,</strong></span> <span class='ocrx_word' id='word_1_504' title='bbox 3418 565 3526 636; x_wconf 89' lang='lat' dir='ltr'><strong>pati</strong></span> 
     </span>
    </p>
   </div>
   <div class='ocr_carea' id='block_1_65' title="bbox 1951 651 3528 724">
    <p class='ocr_par' dir='ltr' id='par_1_65' title="bbox 1951 651 3528 724">
     <span class='ocr_line' id='line_1_65' title="bbox 1951 651 3528 724; baseline 0.006 -23"><span class='ocrx_word' id='word_1_505' title='bbox 1951 652 2179 716; x_wconf 86' lang='lat' dir='ltr'><strong>dieitur;</strong></span> <span class='ocrx_word' id='word_1_506' title='bbox 2213 651 2302 705; x_wconf 87' lang='lat' dir='ltr'><strong>sed</strong></span> <span class='ocrx_word' id='word_1_507' title='bbox 2331 654 2631 706; x_wconf 89' lang='lat' dir='ltr'><strong>consultum</strong></span> <span class='ocrx_word' id='word_1_508' title='bbox 2663 653 2927 708; x_wconf 72' lang='lat' dir='ltr'><strong>hehrmum</strong></span> <span class='ocrx_word' id='word_1_509' title='bbox 2959 655 3246 724; x_wconf 89' lang='lat' dir='ltr'><strong>eloquium,</strong></span> <span class='ocrx_word' id='word_1_510' title='bbox 3276 655 3418 709; x_wconf 90' lang='lat' dir='ltr'><strong>aliud</strong></span> <span class='ocrx_word' id='word_1_511' title='bbox 3445 656 3528 711; x_wconf 87' lang='lat' dir='ltr'><strong>in—</strong></span> 
     </span>
    </p>
   </div>
   <div class='ocr_carea' id='block_1_66' title="bbox 1952 742 3530 813">
    <p class='ocr_par' dir='ltr' id='par_1_66' title="bbox 1952 742 3530 813">
     <span class='ocr_line' id='line_1_66' title="bbox 1952 742 3530 813; baseline 0.006 -19"><span class='ocrx_word' id='word_1_512' title='bbox 1952 742 2112 794; x_wconf 81' lang='lat' dir='ltr'><strong>dicat.</strong></span> <span class='ocrx_word' id='word_1_513' title='bbox 2153 742 2352 796; x_wconf 87' lang='lat' dir='ltr'><strong>Pascha</strong></span> <span class='ocrx_word' id='word_1_514' title='bbox 2383 744 2659 798; x_wconf 88' lang='lat' dir='ltr'><strong>transitum</strong></span> <span class='ocrx_word' id='word_1_515' title='bbox 2691 746 3046 800; x_wconf 87' lang='lat' dir='ltr'><strong>commendat.</strong></span> <span class='ocrx_word' id='word_1_516' title='bbox 3075 745 3226 813; x_wconf 86' lang='lat' dir='ltr'><strong>Quod</strong></span> <span class='ocrx_word' id='word_1_517' title='bbox 3253 747 3530 804; x_wconf 89' lang='lat' dir='ltr'><strong>admonuit</strong></span> 
     </span>
    </p>
   </div>
   <div class='ocr_carea' id='block_1_67' title="bbox 1953 834 3525 910">
    <p class='ocr_par' dir='ltr' id='par_1_67' title="bbox 1953 834 3525 910">
     <span class='ocr_line' id='line_1_67' title="bbox 1953 834 3525 910; baseline 0.004 -22"><span class='ocrx_word' id='word_1_518' title='bbox 1953 836 2108 888; x_wconf 85' lang='lat' dir='ltr'><strong>etiam</strong></span> <span class='ocrx_word' id='word_1_519' title='bbox 2135 834 2364 888; x_wconf 86' lang='lat' dir='ltr'><strong>Joannes</strong></span> <span class='ocrx_word' id='word_1_520' title='bbox 2389 836 2734 906; x_wconf 82' lang='lat' dir='ltr'><strong>evangelista,</strong></span> <span class='ocrx_word' id='word_1_521' title='bbox 2777 839 2865 906; x_wconf 89' lang='lat' dir='ltr'><strong>qui</strong></span> <span class='ocrx_word' id='word_1_522' title='bbox 2910 838 3217 894; x_wconf 88' lang='lat' dir='ltr'><strong>itmuinente</strong></span> <span class='ocrx_word' id='word_1_523' title='bbox 3257 843 3525 910; x_wconf 89' lang='lat' dir='ltr'><strong>passione,</strong></span> 
     </span>
    </p>
   </div>
   <div class='ocr_carea' id='block_1_68' title="bbox 1952 925 3532 1000">
    <p class='ocr_par' dir='ltr' id='par_1_68' title="bbox 1952 925 3532 1000">
     <span class='ocr_line' id='line_1_68' title="bbox 1952 925 3532 1000; baseline 0.004 -20"><span class='ocrx_word' id='word_1_524' title='bbox 1952 941 2072 980; x_wconf 82' lang='lat' dir='ltr'><strong>cum</strong></span> <span class='ocrx_word' id='word_1_525' title='bbox 2103 925 2309 982; x_wconf 86' lang='lat' dir='ltr'><strong>veniret.</strong></span> <span class='ocrx_word' id='word_1_526' title='bbox 2341 926 2598 980; x_wconf 91' lang='lat' dir='ltr'><strong>Dominus</strong></span> <span class='ocrx_word' id='word_1_527' title='bbox 2636 928 2702 982; x_wconf 92' lang='lat' dir='ltr'><strong>ad</strong></span> <span class='ocrx_word' id='word_1_528' title='bbox 2747 943 2952 984; x_wconf 72' lang='lat' dir='ltr'><strong>cmuam</strong></span> <span class='ocrx_word' id='word_1_529' title='bbox 2993 945 3094 1000; x_wconf 86' lang='lat' dir='ltr'><strong>qua</strong></span> <span class='ocrx_word' id='word_1_530' title='bbox 3137 932 3532 986; x_wconf 87' lang='lat' dir='ltr'><strong>commendavit</strong></span> 
     </span>
    </p>
   </div>
   <div class='ocr_carea' id='block_1_69' title="bbox 1953 1019 3528 1092">
    <p class='ocr_par' dir='ltr' id='par_1_69' title="bbox 1953 1019 3528 1092">
     <span class='ocr_line' id='line_1_69' title="bbox 1953 1019 3528 1092; baseline 0.006 -24"><span class='ocrx_word' id='word_1_531' title='bbox 1953 1025 2340 1071; x_wconf 83' lang='lat' dir='ltr'><strong>sacramentum</strong></span> <span class='ocrx_word' id='word_1_532' title='bbox 2365 1019 2606 1088; x_wconf 88' lang='lat' dir='ltr'><strong>corporis</strong></span> <span class='ocrx_word' id='word_1_533' title='bbox 2634 1028 2691 1073; x_wconf 90' lang='lat' dir='ltr'><strong>et</strong></span> <span class='ocrx_word' id='word_1_534' title='bbox 2718 1022 2993 1089; x_wconf 84' lang='lat' dir='ltr'><strong>sanguinis</strong></span> <span class='ocrx_word' id='word_1_535' title='bbox 3017 1023 3121 1087; x_wconf 90' lang='lat' dir='ltr'><strong>sui,</strong></span> <span class='ocrx_word' id='word_1_536' title='bbox 3155 1021 3226 1076; x_wconf 90' lang='lat' dir='ltr'><strong>ita</strong></span> <span class='ocrx_word' id='word_1_537' title='bbox 3253 1022 3484 1092; x_wconf 81' lang='lat' dir='ltr'><strong>loquitur</strong></span> <span class='ocrx_word' id='word_1_538' title='bbox 3511 1039 3528 1077; x_wconf 87' lang='lat'>:</span> 
     </span>
    </p>
   </div>
   <div class='ocr_carea' id='block_1_70' title="bbox 1952 1103 3530 1181">
    <p class='ocr_par' dir='ltr' id='par_1_70' title="bbox 1952 1103 3530 1181">
     <span class='ocr_line' id='line_1_70' title="bbox 1952 1103 3530 1181; baseline 0.004 -19"><span class='ocrx_word' id='word_1_539' title='bbox 1952 1103 2076 1162; x_wconf 87' lang='lat' dir='ltr'><strong>Cum</strong></span> <span class='ocrx_word' id='word_1_540' title='bbox 2115 1117 2282 1161; x_wconf 82' lang='lat' dir='ltr'><strong>autent</strong></span> <span class='ocrx_word' id='word_1_541' title='bbox 2308 1109 2516 1162; x_wconf 79' lang='lat' dir='ltr'><strong>uenisset</strong></span> <span class='ocrx_word' id='word_1_542' title='bbox 2562 1110 2708 1174; x_wconf 87' lang='lat' dir='ltr'><strong>hora,</strong></span> <span class='ocrx_word' id='word_1_543' title='bbox 2747 1128 2846 1181; x_wconf 84' lang='lat' dir='ltr'><strong>qua</strong></span> <span class='ocrx_word' id='word_1_544' title='bbox 2887 1113 3120 1166; x_wconf 86' lang='lat' dir='ltr'><strong>transiret</strong></span> <span class='ocrx_word' id='word_1_545' title='bbox 3160 1112 3310 1166; x_wconf 86' lang='lat' dir='ltr'><strong>Jesus</strong></span> <span class='ocrx_word' id='word_1_546' title='bbox 3345 1115 3406 1167; x_wconf 82' lang='lat' dir='ltr'><strong>de</strong></span> <span class='ocrx_word' id='word_1_547' title='bbox 3435 1115 3530 1168; x_wconf 86' lang='lat' dir='ltr'><strong>hoc</strong></span> 
     </span>
    </p>
   </div>
   <div class='ocr_carea' id='block_1_71' title="bbox 1953 1200 3534 1277">
    <p class='ocr_par' dir='ltr' id='par_1_71' title="bbox 1953 1200 3534 1277">
     <span class='ocr_line' id='line_1_71' title="bbox 1953 1200 3534 1277; baseline 0.008 -25"><span class='ocrx_word' id='word_1_548' title='bbox 1953 1201 2140 1254; x_wconf 82' lang='lat' dir='ltr'><strong>mundo</strong></span> <span class='ocrx_word' id='word_1_549' title='bbox 2152 1201 2218 1253; x_wconf 89' lang='lat' dir='ltr'><strong>ad</strong></span> <span class='ocrx_word' id='word_1_550' title='bbox 2230 1200 2438 1256; x_wconf 86' lang='lat' dir='ltr'><strong>Patrem</strong></span> <span class='ocrx_word' id='word_1_551' title='bbox 2463 1202 2638 1268; x_wconf 84' lang='lat' dir='ltr'><strong>(Joan.</strong></span> <span class='ocrx_word' id='word_1_552' title='bbox 2663 1220 2775 1270; x_wconf 80' lang='lat' dir='ltr'><strong>xm,</strong></span> <span class='ocrx_word' id='word_1_553' title='bbox 2799 1205 2874 1275; x_wconf 84' lang='grc'><strong>1).</strong></span> <span class='ocrx_word' id='word_1_554' title='bbox 2909 1205 3180 1274; x_wconf 76' lang='lat' dir='ltr'><strong>Expressit</strong></span> <span class='ocrx_word' id='word_1_555' title='bbox 3205 1222 3330 1277; x_wconf 84' lang='lat' dir='ltr'><strong>ergo</strong></span> <span class='ocrx_word' id='word_1_556' title='bbox 3357 1216 3534 1264; x_wconf 85' lang='lat' dir='ltr'><strong>trans-</strong></span> 
     </span>
    </p>
   </div>
   <div class='ocr_carea' id='block_1_72' title="bbox 1958 1291 3528 1364">
    <p class='ocr_par' dir='ltr' id='par_1_72' title="bbox 1958 1291 3528 1364">
     <span class='ocr_line' id='line_1_72' title="bbox 1958 1291 3528 1364; baseline 0.004 -20"><span class='ocrx_word' id='word_1_557' title='bbox 1958 1293 2086 1346; x_wconf 89' lang='lat' dir='ltr'><strong>itum</strong></span> <span class='ocrx_word' id='word_1_558' title='bbox 2126 1291 2358 1346; x_wconf 63' lang='lat' dir='ltr'><strong>Pascbaa.</strong></span> <span class='ocrx_word' id='word_1_559' title='bbox 2383 1293 2485 1348; x_wconf 86' lang='lat' dir='ltr'><strong>Sed</strong></span> <span class='ocrx_word' id='word_1_560' title='bbox 2508 1294 2610 1348; x_wconf 90' lang='lat' dir='ltr'><strong>nisi</strong></span> <span class='ocrx_word' id='word_1_561' title='bbox 2639 1294 2753 1364; x_wconf 90' lang='lat' dir='ltr'><strong>ipse</strong></span> <span class='ocrx_word' id='word_1_562' title='bbox 2779 1297 3027 1350; x_wconf 87' lang='lat' dir='ltr'><strong>transiret</strong></span> <span class='ocrx_word' id='word_1_563' title='bbox 3054 1295 3177 1352; x_wconf 87' lang='lat' dir='ltr'><strong>hinc</strong></span> <span class='ocrx_word' id='word_1_564' title='bbox 3196 1297 3261 1351; x_wconf 92' lang='lat' dir='ltr'><strong>ad</strong></span> <span class='ocrx_word' id='word_1_565' title='bbox 3293 1298 3528 1364; x_wconf 83' lang='lat' dir='ltr'><strong>Patrem,</strong></span> 
     </span>
    </p>
   </div>
   <div class='ocr_carea' id='block_1_73' title="bbox 1955 1385 3535 1460">
    <p class='ocr_par' dir='ltr' id='par_1_73' title="bbox 1955 1385 3535 1460">
     <span class='ocr_line' id='line_1_73' title="bbox 1955 1385 3535 1460; baseline 0.004 -25"><span class='ocrx_word' id='word_1_566' title='bbox 1955 1385 2044 1454; x_wconf 89' lang='lat' dir='ltr'><strong>qui</strong></span> <span class='ocrx_word' id='word_1_567' title='bbox 2093 1393 2308 1454; x_wconf 88' lang='lat' dir='ltr'><strong>propter</strong></span> <span class='ocrx_word' id='word_1_568' title='bbox 2346 1401 2443 1439; x_wconf 86' lang='lat' dir='ltr'><strong>nos</strong></span> <span class='ocrx_word' id='word_1_569' title='bbox 2488 1387 2649 1451; x_wconf 87' lang='lat' dir='ltr'><strong>venit,</strong></span> <span class='ocrx_word' id='word_1_570' title='bbox 2703 1401 2800 1442; x_wconf 91' lang='lat' dir='ltr'><strong>nos</strong></span> <span class='ocrx_word' id='word_1_571' title='bbox 2832 1387 3058 1442; x_wconf 90' lang='lat' dir='ltr'><strong>transire</strong></span> <span class='ocrx_word' id='word_1_572' title='bbox 3102 1388 3225 1442; x_wconf 91' lang='lat' dir='ltr'><strong>hinc</strong></span> <span class='ocrx_word' id='word_1_573' title='bbox 3265 1390 3535 1460; x_wconf 88' lang='lat' dir='ltr'><strong>quomodo</strong></span> 
     </span>
    </p>
   </div>
   <div class='ocr_carea' id='block_1_74' title="bbox 1957 1476 3533 1548">
    <p class='ocr_par' dir='ltr' id='par_1_74' title="bbox 1957 1476 3533 1548">
     <span class='ocr_line' id='line_1_74' title="bbox 1957 1476 3533 1548; baseline 0.003 -20"><span class='ocrx_word' id='word_1_574' title='bbox 1957 1490 2253 1544; x_wconf 89' lang='lat' dir='ltr'><strong>possemus,</strong></span> <span class='ocrx_word' id='word_1_575' title='bbox 2287 1476 2376 1546; x_wconf 89' lang='lat' dir='ltr'><strong>qui</strong></span> <span class='ocrx_word' id='word_1_576' title='bbox 2405 1492 2510 1530; x_wconf 91' lang='lat' dir='ltr'><strong>non</strong></span> <span class='ocrx_word' id='word_1_577' title='bbox 2539 1486 2752 1545; x_wconf 86' lang='lat' dir='ltr'><strong>propter</strong></span> <span class='ocrx_word' id='word_1_578' title='bbox 2775 1478 2972 1548; x_wconf 88' lang='lat' dir='ltr'><strong>aliquid</strong></span> <span class='ocrx_word' id='word_1_579' title='bbox 3001 1479 3279 1534; x_wconf 86' lang='lat' dir='ltr'><strong>levandum</strong></span> <span class='ocrx_word' id='word_1_580' title='bbox 3307 1480 3533 1535; x_wconf 88' lang='lat' dir='ltr'><strong>descen-</strong></span> 
     </span>
    </p>
   </div>
   <div class='ocr_carea' id='block_1_75' title="bbox 1956 1567 3536 1638">
    <p class='ocr_par' dir='ltr' id='par_1_75' title="bbox 1956 1567 3536 1638">
     <span class='ocr_line' id='line_1_75' title="bbox 1956 1567 3536 1638; baseline 0.006 -19"><span class='ocrx_word' id='word_1_581' title='bbox 1956 1567 2152 1634; x_wconf 87' lang='lat' dir='ltr'><strong>dimus,</strong></span> <span class='ocrx_word' id='word_1_582' title='bbox 2183 1568 2276 1624; x_wconf 89' lang='lat' dir='ltr'><strong>sed</strong></span> <span class='ocrx_word' id='word_1_583' title='bbox 2303 1568 2631 1624; x_wconf 89' lang='lat' dir='ltr'><strong>cecidimus?</strong></span> <span class='ocrx_word' id='word_1_584' title='bbox 2666 1569 2783 1638; x_wconf 85' lang='lat' dir='ltr'><strong>Ipse</strong></span> <span class='ocrx_word' id='word_1_585' title='bbox 2823 1581 2998 1626; x_wconf 89' lang='lat' dir='ltr'><strong>autem</strong></span> <span class='ocrx_word' id='word_1_586' title='bbox 3030 1588 3134 1626; x_wconf 89' lang='lat' dir='ltr'><strong>non</strong></span> <span class='ocrx_word' id='word_1_587' title='bbox 3169 1571 3397 1638; x_wconf 88' lang='lat' dir='ltr'><strong>cecidit;</strong></span> <span class='ocrx_word' id='word_1_588' title='bbox 3437 1572 3536 1628; x_wconf 87' lang='lat' dir='ltr'><strong>sed</strong></span> 
     </span>
    </p>
   </div>
   <div class='ocr_carea' id='block_1_76' title="bbox 1956 1658 3539 1730">
    <p class='ocr_par' dir='ltr' id='par_1_76' title="bbox 1956 1658 3539 1730">
     <span class='ocr_line' id='line_1_76' title="bbox 1956 1658 3539 1730; baseline 0.003 -18"><span class='ocrx_word' id='word_1_589' title='bbox 1956 1658 2250 1727; x_wconf 86' lang='lat' dir='ltr'><strong>descendit,</strong></span> <span class='ocrx_word' id='word_1_590' title='bbox 2284 1670 2340 1713; x_wconf 91' lang='grc' dir='ltr'><strong>ιιι</strong></span> <span class='ocrx_word' id='word_1_591' title='bbox 2365 1675 2488 1714; x_wconf 90' lang='lat' dir='ltr'><strong>eum</strong></span> <span class='ocrx_word' id='word_1_592' title='bbox 2512 1661 2615 1730; x_wconf 81' lang='lat' dir='ltr'><strong>qui-</strong></span> <span class='ocrx_word' id='word_1_593' title='bbox 2629 1660 2894 1716; x_wconf 88' lang='lat' dir='ltr'><strong>ceciderat</strong></span> <span class='ocrx_word' id='word_1_594' title='bbox 2922 1662 3241 1718; x_wconf 87' lang='lat' dir='ltr'><strong>sublevaret.</strong></span> <span class='ocrx_word' id='word_1_595' title='bbox 3262 1663 3539 1717; x_wconf 82' lang='lat' dir='ltr'><strong>&#39;l‘ransitus</strong></span> 
     </span>
    </p>
   </div>
   <div class='ocr_carea' id='block_1_77' title="bbox 1958 1751 3539 1822">
    <p class='ocr_par' dir='ltr' id='par_1_77' title="bbox 1958 1751 3539 1822">
     <span class='ocr_line' id='line_1_77' title="bbox 1958 1751 3539 1822; baseline 0.001 -16"><span class='ocrx_word' id='word_1_596' title='bbox 1958 1766 2107 1822; x_wconf 86' lang='lat' dir='ltr'><strong>ergo,</strong></span> <span class='ocrx_word' id='word_1_597' title='bbox 2152 1762 2206 1806; x_wconf 89' lang='lat' dir='ltr'><strong>et</strong></span> <span class='ocrx_word' id='word_1_598' title='bbox 2245 1751 2404 1816; x_wconf 90' lang='lat' dir='ltr'><strong>illius,</strong></span> <span class='ocrx_word' id='word_1_599' title='bbox 2449 1762 2503 1806; x_wconf 91' lang='lat' dir='ltr'><strong>et</strong></span> <span class='ocrx_word' id='word_1_600' title='bbox 2531 1760 2732 1816; x_wconf 84' lang='lat' dir='ltr'><strong>noster,</strong></span> <span class='ocrx_word' id='word_1_601' title='bbox 2783 1752 2907 1807; x_wconf 90' lang='lat' dir='ltr'><strong>hinc</strong></span> <span class='ocrx_word' id='word_1_602' title='bbox 2945 1753 3010 1807; x_wconf 90' lang='lat' dir='ltr'><strong>ad</strong></span> <span class='ocrx_word' id='word_1_603' title='bbox 3056 1753 3302 1818; x_wconf 87' lang='lat' dir='ltr'><strong>Patrem;</strong></span> <span class='ocrx_word' id='word_1_604' title='bbox 3335 1752 3403 1808; x_wconf 89' lang='lat' dir='ltr'><strong>de</strong></span> <span class='ocrx_word' id='word_1_605' title='bbox 3438 1753 3539 1808; x_wconf 86' lang='lat' dir='ltr'><strong>hoc</strong></span> 
     </span>
    </p>
   </div>
   <div class='ocr_carea' id='block_1_78' title="bbox 1959 1841 3536 1914">
    <p class='ocr_par' dir='ltr' id='par_1_78' title="bbox 1959 1841 3536 1914">
     <span class='ocr_line' id='line_1_78' title="bbox 1959 1841 3536 1914; baseline 0.001 -17"><span class='ocrx_word' id='word_1_606' title='bbox 1959 1843 2159 1898; x_wconf 90' lang='lat' dir='ltr'><strong>mundo</strong></span> <span class='ocrx_word' id='word_1_607' title='bbox 2178 1841 2244 1898; x_wconf 87' lang='lat' dir='ltr'><strong>ad</strong></span> <span class='ocrx_word' id='word_1_608' title='bbox 2272 1859 2490 1914; x_wconf 84' lang='lat' dir='ltr'><strong>regnum</strong></span> <span class='ocrx_word' id='word_1_609' title='bbox 2515 1844 2792 1910; x_wconf 73' lang='lat' dir='ltr'><strong>cmlorum,</strong></span> <span class='ocrx_word' id='word_1_610' title='bbox 2821 1844 2889 1900; x_wconf 92' lang='lat' dir='ltr'><strong>de</strong></span> <span class='ocrx_word' id='word_1_611' title='bbox 2917 1845 3025 1899; x_wconf 86' lang='lat' dir='ltr'><strong>vita</strong></span> <span class='ocrx_word' id='word_1_612' title='bbox 3051 1846 3259 1900; x_wconf 89' lang='lat' dir='ltr'><strong>mortali</strong></span> <span class='ocrx_word' id='word_1_613' title='bbox 3286 1845 3352 1900; x_wconf 88' lang='lat' dir='ltr'><strong>ad</strong></span> <span class='ocrx_word' id='word_1_614' title='bbox 3378 1846 3536 1900; x_wconf 89' lang='lat' dir='ltr'><strong>vitam</strong></span> 
     </span>
    </p>
   </div>
   <div class='ocr_carea' id='block_1_79' title="bbox 1960 1933 3541 2004">
    <p class='ocr_par' dir='ltr' id='par_1_79' title="bbox 1960 1933 3541 2004">
     <span class='ocr_line' id='line_1_79' title="bbox 1960 1933 3541 2004; baseline 0.003 -18"><span class='ocrx_word' id='word_1_615' title='bbox 1960 1945 2237 1998; x_wconf 80' lang='lat' dir='ltr'><strong>:cternam,</strong></span> <span class='ocrx_word' id='word_1_616' title='bbox 2269 1935 2335 1988; x_wconf 90' lang='lat' dir='ltr'><strong>de</strong></span> <span class='ocrx_word' id='word_1_617' title='bbox 2357 1933 2464 1988; x_wconf 89' lang='lat' dir='ltr'><strong>vita</strong></span> <span class='ocrx_word' id='word_1_618' title='bbox 2494 1944 2703 1990; x_wconf 89' lang='lat' dir='ltr'><strong>terrena</strong></span> <span class='ocrx_word' id='word_1_619' title='bbox 2733 1936 2799 1990; x_wconf 86' lang='lat' dir='ltr'><strong>ad</strong></span> <span class='ocrx_word' id='word_1_620' title='bbox 2830 1939 2989 1990; x_wconf 88' lang='lat' dir='ltr'><strong>vitam</strong></span> <span class='ocrx_word' id='word_1_621' title='bbox 3018 1937 3311 2004; x_wconf 76' lang='lat' dir='ltr'><strong>ccelestem,</strong></span> <span class='ocrx_word' id='word_1_622' title='bbox 3342 1937 3408 1992; x_wconf 90' lang='lat' dir='ltr'><strong>de</strong></span> <span class='ocrx_word' id='word_1_623' title='bbox 3433 1938 3541 1991; x_wconf 81' lang='lat' dir='ltr'><strong>vita</strong></span> 
     </span>
    </p>
   </div>
   <div class='ocr_carea' id='block_1_80' title="bbox 1959 2024 3538 2096">
    <p class='ocr_par' dir='ltr' id='par_1_80' title="bbox 1959 2024 3538 2096">
     <span class='ocr_line' id='line_1_80' title="bbox 1959 2024 3538 2096; baseline 0.003 -19"><span class='ocrx_word' id='word_1_624' title='bbox 1959 2024 2291 2094; x_wconf 90' lang='lat' dir='ltr'><strong>corruptibili</strong></span> <span class='ocrx_word' id='word_1_625' title='bbox 2352 2025 2420 2079; x_wconf 88' lang='lat' dir='ltr'><strong>ad</strong></span> <span class='ocrx_word' id='word_1_626' title='bbox 2470 2025 2963 2096; x_wconf 90' lang='lat' dir='ltr'><strong>incorruptibilem,</strong></span> <span class='ocrx_word' id='word_1_627' title='bbox 3015 2027 3082 2084; x_wconf 88' lang='lat' dir='ltr'><strong>de</strong></span> <span class='ocrx_word' id='word_1_628' title='bbox 3137 2027 3538 2083; x_wconf 81' lang='lat' dir='ltr'><strong>tribulationum</strong></span> 
     </span>
    </p>
   </div>
   <div class='ocr_carea' id='block_1_81' title="bbox 1961 2115 3544 2187">
    <p class='ocr_par' dir='ltr' id='par_1_81' title="bbox 1961 2115 3544 2187">
     <span class='ocr_line' id='line_1_81' title="bbox 1961 2115 3544 2187; baseline 0.003 -18"><span class='ocrx_word' id='word_1_629' title='bbox 1961 2115 2368 2171; x_wconf 86' lang='lat' dir='ltr'><strong>conversatione</strong></span> <span class='ocrx_word' id='word_1_630' title='bbox 2404 2115 2470 2170; x_wconf 91' lang='lat' dir='ltr'><strong>ad</strong></span> <span class='ocrx_word' id='word_1_631' title='bbox 2514 2128 2822 2187; x_wconf 87' lang='lat' dir='ltr'><strong>perpetuam</strong></span> <span class='ocrx_word' id='word_1_632' title='bbox 2859 2119 3219 2173; x_wconf 57' lang='lat' dir='ltr'><strong>securis-item.</strong></span> <span class='ocrx_word' id='word_1_633' title='bbox 3252 2117 3395 2184; x_wconf 85' lang='lat' dir='ltr'><strong>Ideo,</strong></span> <span class='ocrx_word' id='word_1_634' title='bbox 3435 2117 3544 2174; x_wconf 88' lang='lat' dir='ltr'><strong>Pro</strong></span> 
     </span>
    </p>
   </div>
   <div class='ocr_carea' id='block_1_82' title="bbox 1962 2207 3544 2276">
    <p class='ocr_par' dir='ltr' id='par_1_82' title="bbox 1962 2207 3544 2276">
     <span class='ocr_line' id='line_1_82' title="bbox 1962 2207 3544 2276; baseline 0.002 -16"><span class='ocrx_word' id='word_1_635' title='bbox 1962 2207 2040 2261; x_wconf 79' lang='lat' dir='ltr'><strong>his</strong></span> <span class='ocrx_word' id='word_1_636' title='bbox 2080 2207 2166 2276; x_wconf 85' lang='lat' dir='ltr'><strong>qui</strong></span> <span class='ocrx_word' id='word_1_637' title='bbox 2211 2208 2673 2272; x_wconf 74' lang='lat' dir='ltr'><strong>committebantur,</strong></span> <span class='ocrx_word' id='word_1_638' title='bbox 2724 2207 2920 2264; x_wconf 82' lang='lat' dir='ltr'><strong>Psalmi</strong></span> <span class='ocrx_word' id='word_1_639' title='bbox 2953 2209 3131 2264; x_wconf 89' lang='lat' dir='ltr'><strong>titulus</strong></span> <span class='ocrx_word' id='word_1_640' title='bbox 3173 2218 3274 2265; x_wconf 85' lang='lat' dir='ltr'><strong>est.</strong></span> <span class='ocrx_word' id='word_1_641' title='bbox 3317 2207 3544 2264; x_wconf 82' lang='lat' dir='ltr'><strong>Causam</strong></span> 
     </span>
    </p>
   </div>
   <div class='ocr_carea' id='block_1_83' title="bbox 1964 2299 3546 2372">
    <p class='ocr_par' dir='ltr' id='par_1_83' title="bbox 1964 2299 3546 2372">
     <span class='ocr_line' id='line_1_83' title="bbox 1964 2299 3546 2372; baseline 0.003 -21"><span class='ocrx_word' id='word_1_642' title='bbox 1964 2299 2122 2369; x_wconf 84' lang='lat' dir='ltr'><strong>igitur</strong></span> <span class='ocrx_word' id='word_1_643' title='bbox 2162 2301 2596 2355; x_wconf 89' lang='lat' dir='ltr'><strong>commutationis</strong></span> <span class='ocrx_word' id='word_1_644' title='bbox 2641 2310 2858 2368; x_wconf 65' lang='lat' dir='ltr'><strong>nostrae,</strong></span> <span class='ocrx_word' id='word_1_645' title='bbox 2914 2299 2966 2355; x_wconf 92' lang='lat' dir='ltr'><strong>id</strong></span> <span class='ocrx_word' id='word_1_646' title='bbox 3011 2312 3093 2356; x_wconf 89' lang='lat' dir='ltr'><strong>est</strong></span> <span class='ocrx_word' id='word_1_647' title='bbox 3137 2302 3303 2372; x_wconf 90' lang='lat' dir='ltr'><strong>ipsam</strong></span> <span class='ocrx_word' id='word_1_648' title='bbox 3336 2302 3546 2356; x_wconf 85' lang='lat' dir='ltr'><strong>Domini</strong></span> 
     </span>
    </p>
   </div>
   <div class='ocr_carea' id='block_1_84' title="bbox 1964 2389 3544 2460">
    <p class='ocr_par' dir='ltr' id='par_1_84' title="bbox 1964 2389 3544 2460">
     <span class='ocr_line' id='line_1_84' title="bbox 1964 2389 3544 2460; baseline 0 -16"><span class='ocrx_word' id='word_1_649' title='bbox 1964 2389 2288 2458; x_wconf 86' lang='lat' dir='ltr'><strong>passionem,</strong></span> <span class='ocrx_word' id='word_1_650' title='bbox 2332 2400 2677 2460; x_wconf 90' lang='lat' dir='ltr'><strong>nostramque</strong></span> <span class='ocrx_word' id='word_1_651' title='bbox 2720 2389 2770 2443; x_wconf 93' lang='lat' dir='ltr'><strong>in</strong></span> <span class='ocrx_word' id='word_1_652' title='bbox 2804 2389 3232 2446; x_wconf 88' lang='lat' dir='ltr'><strong>tribulationibus</strong></span> <span class='ocrx_word' id='word_1_653' title='bbox 3260 2406 3444 2446; x_wconf 88' lang='lat' dir='ltr'><strong>vocem</strong></span> <span class='ocrx_word' id='word_1_654' title='bbox 3490 2392 3544 2446; x_wconf 91' lang='lat' dir='ltr'><strong>in</strong></span> 
     </span>
    </p>
   </div>
   <div class='ocr_carea' id='block_1_85' title="bbox 1965 2481 3546 2552">
    <p class='ocr_par' dir='ltr' id='par_1_85' title="bbox 1965 2481 3546 2552">
     <span class='ocr_line' id='line_1_85' title="bbox 1965 2481 3546 2552; baseline 0.001 -18"><span class='ocrx_word' id='word_1_655' title='bbox 1965 2491 2110 2534; x_wconf 78' lang='lat' dir='ltr'><strong>textu</strong></span> <span class='ocrx_word' id='word_1_656' title='bbox 2142 2481 2337 2536; x_wconf 86' lang='lat' dir='ltr'><strong>Psalmi</strong></span> <span class='ocrx_word' id='word_1_657' title='bbox 2364 2481 2725 2548; x_wconf 76' lang='lat' dir='ltr'><strong>advertamus,</strong></span> <span class='ocrx_word' id='word_1_658' title='bbox 2755 2496 3158 2552; x_wconf 89' lang='lat' dir='ltr'><strong>cognoscamus,</strong></span> <span class='ocrx_word' id='word_1_659' title='bbox 3187 2482 3546 2552; x_wconf 62' lang='lat' dir='ltr'><strong>congemiscao</strong></span> 
     </span>
    </p>
   </div>
   <div class='ocr_carea' id='block_1_86' title="bbox 1967 2569 3583 2644">
    <p class='ocr_par' dir='ltr' id='par_1_86' title="bbox 1967 2569 3583 2644">
     <span class='ocr_line' id='line_1_86' title="bbox 1967 2569 3583 2644; baseline 0.002 -18"><span class='ocrx_word' id='word_1_660' title='bbox 1967 2588 2116 2630; x_wconf 83' lang='lat' dir='ltr'><strong>mus:</strong></span> <span class='ocrx_word' id='word_1_661' title='bbox 2139 2585 2194 2630; x_wconf 89' lang='lat' dir='ltr'><strong>ct</strong></span> <span class='ocrx_word' id='word_1_662' title='bbox 2213 2574 2499 2640; x_wconf 87' lang='lat' dir='ltr'><strong>audiendo,</strong></span> <span class='ocrx_word' id='word_1_663' title='bbox 2523 2573 2914 2644; x_wconf 84' lang='lat' dir='ltr'><strong>cognoscendo,</strong></span> <span class='ocrx_word' id='word_1_664' title='bbox 2938 2575 3402 2644; x_wconf 82' lang='lat' dir='ltr'><strong>cougemisceudo,</strong></span> <span class='ocrx_word' id='word_1_665' title='bbox 3429 2591 3547 2629; x_wconf 85' lang='lat' dir='ltr'><strong>mu-</strong></span> <span class='ocrx_word' id='word_1_666' title='bbox 3579 2569 3583 2573; x_wconf 77' lang='grc'><em>’</em></span> 
     </span>
    </p>
   </div>
   <div class='ocr_carea' id='block_1_87' title="bbox 1967 2665 3550 2735">
    <p class='ocr_par' dir='ltr' id='par_1_87' title="bbox 1967 2665 3550 2735">
     <span class='ocr_line' id='line_1_87' title="bbox 1967 2665 3550 2735; baseline 0 -15"><span class='ocrx_word' id='word_1_667' title='bbox 1967 2675 2158 2730; x_wconf 90' lang='lat' dir='ltr'><strong>temur,</strong></span> <span class='ocrx_word' id='word_1_668' title='bbox 2187 2676 2247 2721; x_wconf 89' lang='grc' dir='ltr'><strong>ιιι</strong></span> <span class='ocrx_word' id='word_1_669' title='bbox 2272 2667 2553 2735; x_wconf 88' lang='lat' dir='ltr'><strong>impleatur</strong></span> <span class='ocrx_word' id='word_1_670' title='bbox 2594 2666 2647 2720; x_wconf 92' lang='lat' dir='ltr'><strong>in</strong></span> <span class='ocrx_word' id='word_1_671' title='bbox 2687 2666 2840 2722; x_wconf 85' lang='lat' dir='ltr'><strong>nobis</strong></span> <span class='ocrx_word' id='word_1_672' title='bbox 2884 2667 3068 2722; x_wconf 89' lang='lat' dir='ltr'><strong>titulus</strong></span> <span class='ocrx_word' id='word_1_673' title='bbox 3093 2667 3309 2732; x_wconf 87' lang='lat' dir='ltr'><strong>Psalmi,</strong></span> <span class='ocrx_word' id='word_1_674' title='bbox 3336 2665 3442 2723; x_wconf 83' lang='lat' dir='ltr'><strong>Pro</strong></span> <span class='ocrx_word' id='word_1_675' title='bbox 3469 2668 3550 2721; x_wconf 76' lang='lat' dir='ltr'><strong>his</strong></span> 
     </span>
    </p>
   </div>
   <div class='ocr_carea' id='block_1_88' title="bbox 1966 2756 2522 2826">
    <p class='ocr_par' dir='ltr' id='par_1_88' title="bbox 1966 2756 2522 2826">
     <span class='ocr_line' id='line_1_88' title="bbox 1966 2756 2522 2826; baseline -0.002 -16"><span class='ocrx_word' id='word_1_676' title='bbox 1966 2757 2053 2826; x_wconf 81' lang='lat' dir='ltr'><strong>qui</strong></span> <span class='ocrx_word' id='word_1_677' title='bbox 2071 2756 2522 2810; x_wconf 77' lang='lat' dir='ltr'><strong>commutabantur.</strong></span> 
     </span>
    </p>
   </div>
   <div class='ocr_carea' id='block_1_89' title="bbox 2037 2844 3549 2922">
    <p class='ocr_par' dir='ltr' id='par_1_89' title="bbox 2037 2844 3549 2922">
     <span class='ocr_line' id='line_1_89' title="bbox 2037 2844 3549 2922; baseline 0.002 -22"><span class='ocrx_word' id='word_1_678' title='bbox 2037 2847 2088 2900; x_wconf 84' lang='lat'><strong>5.</strong></span> <span class='ocrx_word' id='word_1_679' title='bbox 2115 2845 2262 2919; x_wconf 73' lang='grc' dir='ltr'><strong>[νει-δ.</strong></span> <span class='ocrx_word' id='word_1_680' title='bbox 2288 2844 2369 2918; x_wconf 78' lang='lat'><strong>2.]</strong></span> <span class='ocrx_word' id='word_1_681' title='bbox 2396 2846 2605 2900; x_wconf 75' lang='lat' dir='ltr'><strong>Salvum</strong></span> <span class='ocrx_word' id='word_1_682' title='bbox 2647 2863 2723 2901; x_wconf 85' lang='lat' dir='ltr'><strong>me</strong></span> <span class='ocrx_word' id='word_1_683' title='bbox 2777 2851 2886 2917; x_wconf 78' lang='lat' dir='ltr'><strong>fac,</strong></span> <span class='ocrx_word' id='word_1_684' title='bbox 2915 2846 3051 2902; x_wconf 83' lang='lat' dir='ltr'><strong>Deus</strong></span> <span class='ocrx_word' id='word_1_685' title='bbox 3071 2889 3086 2913; x_wconf 91' lang='lat'><strong>,</strong></span> <span class='ocrx_word' id='word_1_686' title='bbox 3111 2847 3352 2922; x_wconf 82' lang='lat' dir='ltr'><strong>quoniam</strong></span> <span class='ocrx_word' id='word_1_687' title='bbox 3388 2850 3549 2903; x_wconf 86' lang='lat' dir='ltr'><strong>intro-</strong></span> 
     </span>
    </p>
   </div>
   <div class='ocr_carea' id='block_1_90' title="bbox 1968 2940 3551 3010">
    <p class='ocr_par' dir='ltr' id='par_1_90' title="bbox 1968 2940 3551 3010">
     <span class='ocr_line' id='line_1_90' title="bbox 1968 2940 3551 3010; baseline 0.004 -18"><span class='ocrx_word' id='word_1_688' title='bbox 1968 2940 2130 2993; x_wconf 84' lang='lat' dir='ltr'><strong>ierunt</strong></span> <span class='ocrx_word' id='word_1_689' title='bbox 2157 2956 2298 3009; x_wconf 78' lang='lat' dir='ltr'><strong>aqua:</strong></span> <span class='ocrx_word' id='word_1_690' title='bbox 2332 2956 2486 3010; x_wconf 78' lang='lat' dir='ltr'><strong>usque</strong></span> <span class='ocrx_word' id='word_1_691' title='bbox 2507 2940 2575 2993; x_wconf 83' lang='lat' dir='ltr'><strong>ad</strong></span> <span class='ocrx_word' id='word_1_692' title='bbox 2597 2941 2816 2994; x_wconf 79' lang='lat' dir='ltr'><strong>animum</strong></span> <span class='ocrx_word' id='word_1_693' title='bbox 2848 2958 3026 2995; x_wconf 83' lang='lat' dir='ltr'><strong>meam.</strong></span> <span class='ocrx_word' id='word_1_694' title='bbox 3049 2940 3280 2997; x_wconf 84' lang='lat' dir='ltr'><strong>Granum</strong></span> <span class='ocrx_word' id='word_1_695' title='bbox 3309 2943 3438 2998; x_wconf 87' lang='lat' dir='ltr'><strong>illud</strong></span> <span class='ocrx_word' id='word_1_696' title='bbox 3466 2954 3551 2999; x_wconf 84' lang='lat' dir='ltr'><strong>est</strong></span> 
     </span>
    </p>
   </div>
   <div class='ocr_carea' id='block_1_91' title="bbox 1969 3031 3546 3101">
    <p class='ocr_par' dir='ltr' id='par_1_91' title="bbox 1969 3031 3546 3101">
     <span class='ocr_line' id='line_1_91' title="bbox 1969 3031 3546 3101; baseline 0.001 -16"><span class='ocrx_word' id='word_1_697' title='bbox 1969 3041 2327 3101; x_wconf 90' lang='lat' dir='ltr'><strong>contemptum</strong></span> <span class='ocrx_word' id='word_1_698' title='bbox 2360 3031 2537 3096; x_wconf 90' lang='lat' dir='ltr'><strong>modo,</strong></span> <span class='ocrx_word' id='word_1_699' title='bbox 2571 3032 2710 3101; x_wconf 90' lang='lat' dir='ltr'><strong>quod</strong></span> <span class='ocrx_word' id='word_1_700' title='bbox 2733 3031 2941 3087; x_wconf 90' lang='lat' dir='ltr'><strong>videtur</strong></span> <span class='ocrx_word' id='word_1_701' title='bbox 2965 3032 3194 3088; x_wconf 90' lang='lat' dir='ltr'><strong>humiles</strong></span> <span class='ocrx_word' id='word_1_702' title='bbox 3221 3034 3347 3088; x_wconf 88' lang='lat' dir='ltr'><strong>dare</strong></span> <span class='ocrx_word' id='word_1_703' title='bbox 3365 3049 3546 3089; x_wconf 83' lang='lat' dir='ltr'><strong>voces.</strong></span> 
     </span>
    </p>
   </div>
   <div class='ocr_carea' id='block_1_92' title="bbox 1970 3121 3588 3196">
    <p class='ocr_par' dir='ltr' id='par_1_92' title="bbox 1970 3121 3588 3196">
     <span class='ocr_line' id='line_1_92' title="bbox 1970 3121 3588 3196; baseline 0.004 -22"><span class='ocrx_word' id='word_1_704' title='bbox 1970 3121 2026 3175; x_wconf 88' lang='lat' dir='ltr'><strong>ln</strong></span> <span class='ocrx_word' id='word_1_705' title='bbox 2057 3122 2213 3177; x_wconf 89' lang='lat' dir='ltr'><strong>horto</strong></span> <span class='ocrx_word' id='word_1_706' title='bbox 2253 3121 2513 3188; x_wconf 85' lang='lat' dir='ltr'><strong>obruitur,</strong></span> <span class='ocrx_word' id='word_1_707' title='bbox 2546 3121 2804 3177; x_wconf 89' lang='lat' dir='ltr'><strong>miraturo</strong></span> <span class='ocrx_word' id='word_1_708' title='bbox 2849 3123 3048 3178; x_wconf 90' lang='lat' dir='ltr'><strong>mundo</strong></span> <span class='ocrx_word' id='word_1_709' title='bbox 3075 3124 3235 3180; x_wconf 89' lang='lat' dir='ltr'><strong>oleris</strong></span> <span class='ocrx_word' id='word_1_710' title='bbox 3281 3125 3548 3196; x_wconf 86' lang='lat' dir='ltr'><strong>magnitu-</strong></span> <span class='ocrx_word' id='word_1_711' title='bbox 3586 3156 3588 3158; x_wconf 61' lang='grc' dir='ltr'><strong><em>τ</em></strong></span> 
     </span>
    </p>
   </div>
   <div class='ocr_carea' id='block_1_93' title="bbox 1969 3211 3550 3284">
    <p class='ocr_par' dir='ltr' id='par_1_93' title="bbox 1969 3211 3550 3284">
     <span class='ocr_line' id='line_1_93' title="bbox 1969 3211 3550 3284; baseline 0.001 -17"><span class='ocrx_word' id='word_1_712' title='bbox 1969 3211 2210 3276; x_wconf 67' lang='lat' dir='ltr'><strong>dinem‘,</strong></span> <span class='ocrx_word' id='word_1_713' title='bbox 2242 3211 2394 3281; x_wconf 83' lang='lat' dir='ltr'><strong>cujus</strong></span> <span class='ocrx_word' id='word_1_714' title='bbox 2438 3211 2600 3266; x_wconf 90' lang='lat' dir='ltr'><strong>oleris</strong></span> <span class='ocrx_word' id='word_1_715' title='bbox 2643 3227 2824 3268; x_wconf 86' lang='lat' dir='ltr'><strong>semen</strong></span> <span class='ocrx_word' id='word_1_716' title='bbox 2867 3221 3226 3284; x_wconf 90' lang='lat' dir='ltr'><strong>contemptum</strong></span> <span class='ocrx_word' id='word_1_717' title='bbox 3271 3223 3354 3270; x_wconf 88' lang='lat' dir='ltr'><strong>est</strong></span> <span class='ocrx_word' id='word_1_718' title='bbox 3381 3230 3410 3268; x_wconf 91' lang='lat' dir='ltr'><strong>a</strong></span> <span class='ocrx_word' id='word_1_719' title='bbox 3454 3213 3550 3270; x_wconf 79' lang='lat' dir='ltr'><strong>Ju-</strong></span> 
     </span>
    </p>
   </div>
   <div class='ocr_carea' id='block_1_94' title="bbox 1969 3304 3547 3376">
    <p class='ocr_par' dir='ltr' id='par_1_94' title="bbox 1969 3304 3547 3376">
     <span class='ocr_line' id='line_1_94' title="bbox 1969 3304 3547 3376; baseline 0.002 -17"><span class='ocrx_word' id='word_1_720' title='bbox 1969 3304 2118 3360; x_wconf 71' lang='lat' dir='ltr'><strong>dreis.</strong></span> <span class='ocrx_word' id='word_1_721' title='bbox 2142 3304 2344 3360; x_wconf 83' lang='lat' dir='ltr'><strong>Revera</strong></span> <span class='ocrx_word' id='word_1_722' title='bbox 2373 3305 2516 3360; x_wconf 90' lang='lat' dir='ltr'><strong>enim</strong></span> <span class='ocrx_word' id='word_1_723' title='bbox 2548 3305 2883 3362; x_wconf 87' lang='lat' dir='ltr'><strong>considerate</strong></span> <span class='ocrx_word' id='word_1_724' title='bbox 2909 3323 3092 3362; x_wconf 88' lang='lat' dir='ltr'><strong>semen</strong></span> <span class='ocrx_word' id='word_1_725' title='bbox 3131 3307 3330 3376; x_wconf 84' lang='lat' dir='ltr'><strong>sinapis</strong></span> <span class='ocrx_word' id='word_1_726' title='bbox 3373 3309 3547 3362; x_wconf 86' lang='lat' dir='ltr'><strong>minu-</strong></span> 
     </span>
    </p>
   </div>
   <div class='ocr_carea' id='block_1_95' title="bbox 1970 3395 3549 3468">
    <p class='ocr_par' dir='ltr' id='par_1_95' title="bbox 1970 3395 3549 3468">
     <span class='ocr_line' id='line_1_95' title="bbox 1970 3395 3549 3468; baseline 0.001 -17"><span class='ocrx_word' id='word_1_727' title='bbox 1970 3406 2080 3452; x_wconf 90' lang='lat' dir='ltr'><strong>tum</strong></span> <span class='ocrx_word' id='word_1_728' title='bbox 2106 3439 2120 3462; x_wconf 91' lang='lat'><strong>,</strong></span> <span class='ocrx_word' id='word_1_729' title='bbox 2154 3395 2357 3451; x_wconf 86' lang='lat' dir='ltr'><strong>fuscum</strong></span> <span class='ocrx_word' id='word_1_730' title='bbox 2382 3439 2396 3461; x_wconf 94' lang='lat'><strong>,</strong></span> <span class='ocrx_word' id='word_1_731' title='bbox 2421 3398 2755 3466; x_wconf 87' lang='lat' dir='ltr'><strong>aspernabile</strong></span> <span class='ocrx_word' id='word_1_732' title='bbox 2804 3414 3020 3468; x_wconf 88' lang='lat' dir='ltr'><strong>prorsus</strong></span> <span class='ocrx_word' id='word_1_733' title='bbox 3045 3415 3057 3460; x_wconf 84' lang='lat'><strong>;</strong></span> <span class='ocrx_word' id='word_1_734' title='bbox 3090 3410 3144 3452; x_wconf 85' lang='grc' dir='ltr'><strong>ιιι</strong></span> <span class='ocrx_word' id='word_1_735' title='bbox 3171 3399 3239 3452; x_wconf 89' lang='lat' dir='ltr'><strong>ibi</strong></span> <span class='ocrx_word' id='word_1_736' title='bbox 3269 3398 3549 3467; x_wconf 88' lang='lat' dir='ltr'><strong>impleatur</strong></span> 
     </span>
    </p>
   </div>
   <div class='ocr_carea' id='block_1_96' title="bbox 1971 3486 3550 3559">
    <p class='ocr_par' dir='ltr' id='par_1_96' title="bbox 1971 3486 3550 3559">
     <span class='ocr_line' id='line_1_96' title="bbox 1971 3486 3550 3559; baseline 0.001 -17"><span class='ocrx_word' id='word_1_737' title='bbox 1971 3486 2110 3558; x_wconf 91' lang='lat' dir='ltr'><strong>quod</strong></span> <span class='ocrx_word' id='word_1_738' title='bbox 2159 3487 2356 3541; x_wconf 90' lang='lat' dir='ltr'><strong>dictum</strong></span> <span class='ocrx_word' id='word_1_739' title='bbox 2403 3497 2485 3540; x_wconf 86' lang='lat' dir='ltr'><strong>est</strong></span> <span class='ocrx_word' id='word_1_740' title='bbox 2513 3505 2524 3540; x_wconf 91' lang='lat'><strong>:</strong></span> <span class='ocrx_word' id='word_1_741' title='bbox 2563 3486 2788 3541; x_wconf 80' lang='lat' dir='ltr'><strong>Vidimus</strong></span> <span class='ocrx_word' id='word_1_742' title='bbox 2827 3505 2976 3551; x_wconf 88' lang='lat' dir='ltr'><strong>eum,</strong></span> <span class='ocrx_word' id='word_1_743' title='bbox 3009 3498 3054 3541; x_wconf 73' lang='lat' dir='ltr'><strong>et</strong></span> <span class='ocrx_word' id='word_1_744' title='bbox 3083 3505 3181 3542; x_wconf 85' lang='lat' dir='ltr'><strong>non</strong></span> <span class='ocrx_word' id='word_1_745' title='bbox 3207 3488 3411 3542; x_wconf 83' lang='lat' dir='ltr'><strong>habebat</strong></span> <span class='ocrx_word' id='word_1_746' title='bbox 3435 3507 3550 3559; x_wconf 80' lang='lat' dir='ltr'><strong>spe-</strong></span> 
     </span>
    </p>
   </div>
   <div class='ocr_carea' id='block_1_97' title="bbox 1972 3577 3549 3649">
    <p class='ocr_par' dir='ltr' id='par_1_97' title="bbox 1972 3577 3549 3649">
     <span class='ocr_line' id='line_1_97' title="bbox 1972 3577 3549 3649; baseline 0.001 -17"><span class='ocrx_word' id='word_1_747' title='bbox 1972 3580 2097 3632; x_wconf 87' lang='lat' dir='ltr'><strong>ciem</strong></span> <span class='ocrx_word' id='word_1_748' title='bbox 2144 3594 2302 3648; x_wconf 84' lang='lat' dir='ltr'><strong>neque</strong></span> <span class='ocrx_word' id='word_1_749' title='bbox 2346 3578 2575 3632; x_wconf 84' lang='lat' dir='ltr'><strong>decorem</strong></span> <span class='ocrx_word' id='word_1_750' title='bbox 2605 3577 2754 3649; x_wconf 83' lang='lat' dir='ltr'><strong>(lsai.</strong></span> <span class='ocrx_word' id='word_1_751' title='bbox 2784 3595 2870 3633; x_wconf 85' lang='grc' dir='ltr'>ι.ιιι</span> <span class='ocrx_word' id='word_1_752' title='bbox 2896 3619 2911 3644; x_wconf 86' lang='grc'><em>,</em></span> <span class='ocrx_word' id='word_1_753' title='bbox 2943 3578 3021 3649; x_wconf 70' lang='lat'><strong>2).</strong></span> <span class='ocrx_word' id='word_1_754' title='bbox 3046 3583 3222 3649; x_wconf 87' lang='lat' dir='ltr'><strong>Aquas</strong></span> <span class='ocrx_word' id='word_1_755' title='bbox 3259 3591 3435 3636; x_wconf 89' lang='lat' dir='ltr'><strong>autem</strong></span> <span class='ocrx_word' id='word_1_756' title='bbox 3466 3583 3549 3635; x_wconf 88' lang='lat' dir='ltr'><strong>in-</strong></span> 
     </span>
    </p>
   </div>
   <div class='ocr_carea' id='block_1_98' title="bbox 1976 3670 3550 3740">
    <p class='ocr_par' dir='ltr' id='par_1_98' title="bbox 1976 3670 3550 3740">
     <span class='ocr_line' id='line_1_98' title="bbox 1976 3670 3550 3740; baseline 0.002 -17"><span class='ocrx_word' id='word_1_757' title='bbox 1976 3682 2141 3723; x_wconf 89' lang='lat' dir='ltr'><strong>trasse</strong></span> <span class='ocrx_word' id='word_1_758' title='bbox 2169 3685 2332 3738; x_wconf 90' lang='lat' dir='ltr'><strong>usque</strong></span> <span class='ocrx_word' id='word_1_759' title='bbox 2359 3671 2424 3724; x_wconf 90' lang='lat' dir='ltr'><strong>ad</strong></span> <span class='ocrx_word' id='word_1_760' title='bbox 2470 3670 2702 3723; x_wconf 90' lang='lat' dir='ltr'><strong>animam</strong></span> <span class='ocrx_word' id='word_1_761' title='bbox 2741 3685 2889 3730; x_wconf 87' lang='lat' dir='ltr'><strong>suam</strong></span> <span class='ocrx_word' id='word_1_762' title='bbox 2921 3671 3075 3732; x_wconf 87' lang='lat' dir='ltr'><strong>dicit;</strong></span> <span class='ocrx_word' id='word_1_763' title='bbox 3106 3671 3225 3740; x_wconf 91' lang='lat' dir='ltr'><strong>quia</strong></span> <span class='ocrx_word' id='word_1_764' title='bbox 3266 3682 3550 3740; x_wconf 88' lang='lat' dir='ltr'><strong>potuerunt</strong></span> 
     </span>
    </p>
   </div>
   <div class='ocr_carea' id='block_1_99' title="bbox 1974 3760 3548 3830">
    <p class='ocr_par' dir='ltr' id='par_1_99' title="bbox 1974 3760 3548 3830">
     <span class='ocr_line' id='line_1_99' title="bbox 1974 3760 3548 3830; baseline 0.003 -16"><span class='ocrx_word' id='word_1_765' title='bbox 1974 3762 2077 3814; x_wconf 82' lang='lat' dir='ltr'><strong>illa:</strong></span> <span class='ocrx_word' id='word_1_766' title='bbox 2106 3761 2270 3813; x_wconf 69' lang='lat' dir='ltr'><strong>turba:</strong></span> <span class='ocrx_word' id='word_1_767' title='bbox 2297 3803 2310 3823; x_wconf 92' lang='lat'><strong>,</strong></span> <span class='ocrx_word' id='word_1_768' title='bbox 2338 3776 2470 3829; x_wconf 85' lang='lat' dir='ltr'><strong>quas</strong></span> <span class='ocrx_word' id='word_1_769' title='bbox 2507 3776 2762 3829; x_wconf 86' lang='lat' dir='ltr'><strong>aquarum</strong></span> <span class='ocrx_word' id='word_1_770' title='bbox 2813 3760 3025 3814; x_wconf 90' lang='lat' dir='ltr'><strong>nomine</strong></span> <span class='ocrx_word' id='word_1_771' title='bbox 3069 3761 3409 3830; x_wconf 77' lang='lat' dir='ltr'><strong>signiﬁcavit,</strong></span> <span class='ocrx_word' id='word_1_772' title='bbox 3444 3764 3548 3818; x_wconf 86' lang='lat' dir='ltr'><strong>huc</strong></span> 
     </span>
    </p>
   </div>
   <div class='ocr_carea' id='block_1_100' title="bbox 1977 3851 3545 3920">
    <p class='ocr_par' dir='ltr' id='par_1_100' title="bbox 1977 3851 3545 3920">
     <span class='ocr_line' id='line_1_100' title="bbox 1977 3851 3545 3920; baseline 0.003 -16"><span class='ocrx_word' id='word_1_773' title='bbox 1977 3867 2141 3920; x_wconf 88' lang='lat' dir='ltr'><strong>usque</strong></span> <span class='ocrx_word' id='word_1_774' title='bbox 2169 3852 2452 3920; x_wconf 79' lang='lat' dir='ltr'><strong>prtevalerc</strong></span> <span class='ocrx_word' id='word_1_775' title='bbox 2471 3893 2487 3916; x_wconf 86' lang='lat'><strong>,</strong></span> <span class='ocrx_word' id='word_1_776' title='bbox 2514 3860 2572 3905; x_wconf 92' lang='lat' dir='ltr'><strong>ut</strong></span> <span class='ocrx_word' id='word_1_777' title='bbox 2599 3851 2902 3906; x_wconf 88' lang='lat' dir='ltr'><strong>occiderent</strong></span> <span class='ocrx_word' id='word_1_778' title='bbox 2923 3852 3208 3906; x_wconf 83' lang='lat' dir='ltr'><strong>Christum.</strong></span> <span class='ocrx_word' id='word_1_779' title='bbox 3241 3853 3545 3908; x_wconf 75' lang='lat' dir='ltr'><strong>Prtevaluc-</strong></span> 
     </span>
    </p>
   </div>
   <div class='ocr_carea' id='block_1_101' title="bbox 1977 3930 3622 4013">
    <p class='ocr_par' dir='ltr' id='par_1_101' title="bbox 1977 3930 3622 4013">
     <span class='ocr_line' id='line_1_101' title="bbox 1977 3930 3622 4013; baseline 0.002 -17"><span class='ocrx_word' id='word_1_780' title='bbox 1977 3951 2100 3998; x_wconf 78' lang='lat' dir='ltr'><strong>rUnt</strong></span> <span class='ocrx_word' id='word_1_781' title='bbox 2131 3943 2194 3996; x_wconf 89' lang='lat' dir='ltr'><strong>ad</strong></span> <span class='ocrx_word' id='word_1_782' title='bbox 2225 3943 2691 4004; x_wconf 81' lang='lat' dir='ltr'><strong>contemnendum,</strong></span> <span class='ocrx_word' id='word_1_783' title='bbox 2718 3943 2784 3997; x_wconf 88' lang='lat' dir='ltr'><strong>ad</strong></span> <span class='ocrx_word' id='word_1_784' title='bbox 2813 3944 3117 4009; x_wconf 89' lang='lat' dir='ltr'><strong>tenendum,</strong></span> <span class='ocrx_word' id='word_1_785' title='bbox 3145 3944 3210 3998; x_wconf 88' lang='lat' dir='ltr'><strong>ad</strong></span> <span class='ocrx_word' id='word_1_786' title='bbox 3256 3945 3540 4013; x_wconf 83' lang='lat' dir='ltr'><strong>ligaudutn,</strong></span> <span class='ocrx_word' id='word_1_787' title='bbox 3602 3930 3622 3947; x_wconf 25' lang='grc' dir='ltr'><strong>λ</strong></span> 
     </span>
    </p>
   </div>
   <div class='ocr_carea' id='block_1_102' title="bbox 1976 4035 3542 4106">
    <p class='ocr_par' dir='ltr' id='par_1_102' title="bbox 1976 4035 3542 4106">
     <span class='ocr_line' id='line_1_102' title="bbox 1976 4035 3542 4106; baseline 0.001 -17"><span class='ocrx_word' id='word_1_788' title='bbox 1976 4036 2041 4089; x_wconf 89' lang='lat' dir='ltr'><strong>ad</strong></span> <span class='ocrx_word' id='word_1_789' title='bbox 2064 4035 2440 4100; x_wconf 66' lang='lat' dir='ltr'><strong>insultandum,</strong></span> <span class='ocrx_word' id='word_1_790' title='bbox 2465 4035 2528 4088; x_wconf 88' lang='lat' dir='ltr'><strong>ad</strong></span> <span class='ocrx_word' id='word_1_791' title='bbox 2558 4035 3014 4104; x_wconf 82' lang='lat' dir='ltr'><strong>colaphizandum,</strong></span> <span class='ocrx_word' id='word_1_792' title='bbox 3037 4037 3100 4090; x_wconf 83' lang='lat' dir='ltr'><strong>ad</strong></span> <span class='ocrx_word' id='word_1_793' title='bbox 3128 4038 3542 4106; x_wconf 79' lang='lat' dir='ltr'><strong>couSpuendum.</strong></span> 
     </span>
    </p>
   </div>
   <div class='ocr_carea' id='block_1_103' title="bbox 1977 4126 3550 4200">
    <p class='ocr_par' dir='ltr' id='par_1_103' title="bbox 1977 4126 3550 4200">
     <span class='ocr_line' id='line_1_103' title="bbox 1977 4126 3550 4200; baseline 0.003 -20"><span class='ocrx_word' id='word_1_794' title='bbox 1977 4127 2164 4181; x_wconf 84' lang='lat' dir='ltr'><strong>Adhuc</strong></span> <span class='ocrx_word' id='word_1_795' title='bbox 2210 4126 2523 4198; x_wconf 89' lang='lat' dir='ltr'><strong>quousque?</strong></span> <span class='ocrx_word' id='word_1_796' title='bbox 2573 4127 2750 4197; x_wconf 85' lang='lat' dir='ltr'><strong>Usque</strong></span> <span class='ocrx_word' id='word_1_797' title='bbox 2787 4128 2852 4181; x_wconf 88' lang='lat' dir='ltr'><strong>ad</strong></span> <span class='ocrx_word' id='word_1_798' title='bbox 2899 4138 3141 4183; x_wconf 88' lang='lat' dir='ltr'><strong>mortem.</strong></span> <span class='ocrx_word' id='word_1_799' title='bbox 3194 4131 3331 4200; x_wconf 78' lang='lat' dir='ltr'><strong>Ergo</strong></span> <span class='ocrx_word' id='word_1_800' title='bbox 3391 4131 3550 4185; x_wconf 87' lang='lat' dir='ltr'><strong>intro-</strong></span> 
     </span>
    </p>
   </div>
   <div class='ocr_carea' id='block_1_104' title="bbox 1975 4215 3552 4294">
    <p class='ocr_par' dir='ltr' id='par_1_104' title="bbox 1975 4215 3552 4294">
     <span class='ocr_line' id='line_1_104' title="bbox 1975 4215 3552 4294; baseline 0.002 -20"><span class='ocrx_word' id='word_1_801' title='bbox 1975 4222 2135 4275; x_wconf 83' lang='lat' dir='ltr'><strong>ierunt</strong></span> <span class='ocrx_word' id='word_1_802' title='bbox 2159 4236 2303 4286; x_wconf 75' lang='lat' dir='ltr'><strong>aqua:</strong></span> <span class='ocrx_word' id='word_1_803' title='bbox 2345 4238 2499 4290; x_wconf 83' lang='lat' dir='ltr'><strong>usque</strong></span> <span class='ocrx_word' id='word_1_804' title='bbox 2525 4221 2593 4273; x_wconf 86' lang='lat' dir='ltr'><strong>ad</strong></span> <span class='ocrx_word' id='word_1_805' title='bbox 2638 4222 2856 4274; x_wconf 79' lang='lat' dir='ltr'><strong>mtimam</strong></span> <span class='ocrx_word' id='word_1_806' title='bbox 2879 4238 3056 4275; x_wconf 88' lang='lat' dir='ltr'><strong>meam.</strong></span> <span class='ocrx_word' id='word_1_807' title='bbox 3085 4215 3229 4278; x_wconf 81' lang='lat' dir='ltr'><strong>lianc</strong></span> <span class='ocrx_word' id='word_1_808' title='bbox 3254 4224 3447 4294; x_wconf 88' lang='lat' dir='ltr'><strong>quippe</strong></span> <span class='ocrx_word' id='word_1_809' title='bbox 3475 4226 3552 4280; x_wconf 81' lang='lat' dir='ltr'><strong>vi-</strong></span> 
     </span>
    </p>
   </div>
   <div class='ocr_carea' id='block_1_105' title="bbox 1978 4311 3547 4382">
    <p class='ocr_par' dir='ltr' id='par_1_105' title="bbox 1978 4311 3547 4382">
     <span class='ocr_line' id='line_1_105' title="bbox 1978 4311 3547 4382; baseline 0.002 -16"><span class='ocrx_word' id='word_1_810' title='bbox 1978 4323 2082 4366; x_wconf 89' lang='lat' dir='ltr'><strong>tam</strong></span> <span class='ocrx_word' id='word_1_811' title='bbox 2104 4311 2234 4367; x_wconf 74' lang='lat' dir='ltr'><strong>dixit</strong></span> <span class='ocrx_word' id='word_1_812' title='bbox 2272 4312 2500 4366; x_wconf 87' lang='lat' dir='ltr'><strong>animam</strong></span> <span class='ocrx_word' id='word_1_813' title='bbox 2534 4329 2680 4365; x_wconf 78' lang='lat' dir='ltr'><strong>suam</strong></span> <span class='ocrx_word' id='word_1_814' title='bbox 2702 4356 2716 4373; x_wconf 89' lang='lat'><strong>,</strong></span> <span class='ocrx_word' id='word_1_815' title='bbox 2748 4327 3022 4382; x_wconf 89' lang='lat' dir='ltr'><strong>quousque</strong></span> <span class='ocrx_word' id='word_1_816' title='bbox 3053 4315 3124 4367; x_wconf 85' lang='lat' dir='ltr'><strong>illi</strong></span> <span class='ocrx_word' id='word_1_817' title='bbox 3169 4315 3425 4370; x_wconf 89' lang='lat' dir='ltr'><strong>accedere</strong></span> <span class='ocrx_word' id='word_1_818' title='bbox 3446 4331 3547 4369; x_wconf 81' lang='lat' dir='ltr'><strong>sa:-</strong></span> 
     </span>
    </p>
   </div>
   <div class='ocr_carea' id='block_1_106' title="bbox 1977 4405 3548 4473">
    <p class='ocr_par' dir='ltr' id='par_1_106' title="bbox 1977 4405 3548 4473">
     <span class='ocr_line' id='line_1_106' title="bbox 1977 4405 3548 4473; baseline 0.003 -17"><span class='ocrx_word' id='word_1_819' title='bbox 1977 4406 2167 4458; x_wconf 86' lang='lat' dir='ltr'><strong>viendo</strong></span> <span class='ocrx_word' id='word_1_820' title='bbox 2194 4413 2494 4472; x_wconf 84' lang='lat' dir='ltr'><strong>potuerunt.</strong></span> <span class='ocrx_word' id='word_1_821' title='bbox 2529 4405 2630 4458; x_wconf 84' lang='lat' dir='ltr'><strong>Sed</strong></span> <span class='ocrx_word' id='word_1_822' title='bbox 2664 4405 2912 4472; x_wconf 82' lang='lat' dir='ltr'><strong>tmmquid</strong></span> <span class='ocrx_word' id='word_1_823' title='bbox 2943 4405 3042 4459; x_wconf 90' lang='lat' dir='ltr'><strong>hoc</strong></span> <span class='ocrx_word' id='word_1_824' title='bbox 3085 4414 3319 4473; x_wconf 90' lang='lat' dir='ltr'><strong>possent,</strong></span> <span class='ocrx_word' id='word_1_825' title='bbox 3351 4406 3449 4460; x_wconf 92' lang='lat' dir='ltr'><strong>nisi</strong></span> <span class='ocrx_word' id='word_1_826' title='bbox 3481 4408 3548 4461; x_wconf 90' lang='lat' dir='ltr'><strong>ab</strong></span> 
     </span>
    </p>
   </div>
   <div class='ocr_carea' id='block_1_107' title="bbox 1979 4495 3543 4566">
    <p class='ocr_par' dir='ltr' id='par_1_107' title="bbox 1979 4495 3543 4566">
     <span class='ocr_line' id='line_1_107' title="bbox 1979 4495 3543 4566; baseline 0.002 -18"><span class='ocrx_word' id='word_1_827' title='bbox 1979 4495 2094 4562; x_wconf 78' lang='lat' dir='ltr'><strong>ipso</strong></span> <span class='ocrx_word' id='word_1_828' title='bbox 2126 4495 2577 4564; x_wconf 81' lang='lat' dir='ltr'><strong>pet&#39;t&#39;nillerentttr?</strong></span> <span class='ocrx_word' id='word_1_829' title='bbox 2607 4495 2758 4551; x_wconf 84' lang='lat' dir='ltr'><strong>Unde</strong></span> <span class='ocrx_word' id='word_1_830' title='bbox 2805 4512 2932 4565; x_wconf 85' lang='lat' dir='ltr'><strong>ergo</strong></span> <span class='ocrx_word' id='word_1_831' title='bbox 2960 4507 3205 4565; x_wconf 81' lang='lat' dir='ltr'><strong>tanquam</strong></span> <span class='ocrx_word' id='word_1_832' title='bbox 3234 4497 3428 4566; x_wconf 86' lang='lat' dir='ltr'><strong>aliquid</strong></span> <span class='ocrx_word' id='word_1_833' title='bbox 3459 4498 3543 4551; x_wconf 77' lang='lat' dir='ltr'><strong>itt-</strong></span> 
     </span>
    </p>
   </div>
   <div class='ocr_carea' id='block_1_108' title="bbox 1979 4587 3550 4656">
    <p class='ocr_par' dir='ltr' id='par_1_108' title="bbox 1979 4587 3550 4656">
     <span class='ocr_line' id='line_1_108' title="bbox 1979 4587 3550 4656; baseline 0.003 -17"><span class='ocrx_word' id='word_1_834' title='bbox 1979 4588 2117 4640; x_wconf 83' lang='lat' dir='ltr'><strong>vitus</strong></span> <span class='ocrx_word' id='word_1_835' title='bbox 2147 4589 2370 4654; x_wconf 86' lang='lat' dir='ltr'><strong>patiatur</strong></span> <span class='ocrx_word' id='word_1_836' title='bbox 2418 4588 2494 4641; x_wconf 88' lang='lat' dir='ltr'><strong>sic</strong></span> <span class='ocrx_word' id='word_1_837' title='bbox 2544 4587 2772 4644; x_wconf 87' lang='lat' dir='ltr'><strong>clamat.</strong></span> <span class='ocrx_word' id='word_1_838' title='bbox 2808 4588 2906 4640; x_wconf 90' lang='lat' dir='ltr'><strong>nisi</strong></span> <span class='ocrx_word' id='word_1_839' title='bbox 2951 4589 3070 4656; x_wconf 88' lang='lat' dir='ltr'><strong>quia</strong></span> <span class='ocrx_word' id='word_1_840' title='bbox 3115 4598 3272 4656; x_wconf 85' lang='lat' dir='ltr'><strong>caput</strong></span> <span class='ocrx_word' id='word_1_841' title='bbox 3315 4589 3550 4644; x_wconf 83' lang='lat' dir='ltr'><strong>membra</strong></span> 
     </span>
    </p>
   </div>
   <div class='ocr_carea' id='block_1_109' title="bbox 1978 4677 3549 4748">
    <p class='ocr_par' dir='ltr' id='par_1_109' title="bbox 1978 4677 3549 4748">
     <span class='ocr_line' id='line_1_109' title="bbox 1978 4677 3549 4748; baseline 0.002 -18"><span class='ocrx_word' id='word_1_842' title='bbox 1978 4694 2070 4730; x_wconf 81' lang='lat' dir='ltr'><strong>sua</strong></span> <span class='ocrx_word' id='word_1_843' title='bbox 2118 4677 2458 4746; x_wconf 83' lang='lat' dir='ltr'><strong>pr.rligurat?</strong></span> <span class='ocrx_word' id='word_1_844' title='bbox 2502 4678 2695 4732; x_wconf 85' lang='lat' dir='ltr'><strong>Passus</strong></span> <span class='ocrx_word' id='word_1_845' title='bbox 2729 4687 2812 4731; x_wconf 85' lang='lat' dir='ltr'><strong>est</strong></span> <span class='ocrx_word' id='word_1_846' title='bbox 2839 4679 3032 4746; x_wconf 82' lang='lat' dir='ltr'><strong>quippe</strong></span> <span class='ocrx_word' id='word_1_847' title='bbox 3058 4678 3167 4741; x_wconf 89' lang='lat' dir='ltr'><strong>ille,</strong></span> <span class='ocrx_word' id='word_1_848' title='bbox 3200 4678 3319 4748; x_wconf 90' lang='lat' dir='ltr'><strong>quia</strong></span> <span class='ocrx_word' id='word_1_849' title='bbox 3347 4679 3549 4744; x_wconf 85' lang='lat' dir='ltr'><strong>voluit;</strong></span> 
     </span>
    </p>
   </div>
   <div class='ocr_carea' id='block_1_110' title="bbox 1980 4767 3554 4837">
    <p class='ocr_par' dir='ltr' id='par_1_110' title="bbox 1980 4767 3554 4837">
     <span class='ocr_line' id='line_1_110' title="bbox 1980 4767 3554 4837; baseline 0.002 -18"><span class='ocrx_word' id='word_1_850' title='bbox 1980 4779 2242 4837; x_wconf 75' lang='lat' dir='ltr'><strong>martyres</strong></span> <span class='ocrx_word' id='word_1_851' title='bbox 2263 4783 2390 4822; x_wconf 86' lang='lat' dir='ltr'><strong>vero</strong></span> <span class='ocrx_word' id='word_1_852' title='bbox 2411 4809 2424 4831; x_wconf 96' lang='lat'><strong>,</strong></span> <span class='ocrx_word' id='word_1_853' title='bbox 2455 4769 2661 4822; x_wconf 87' lang='lat' dir='ltr'><strong>etiamsi</strong></span> <span class='ocrx_word' id='word_1_854' title='bbox 2709 4767 3007 4821; x_wconf 85' lang='lat' dir='ltr'><strong>noluerunt.</strong></span> <span class='ocrx_word' id='word_1_855' title='bbox 3039 4767 3195 4822; x_wconf 85' lang='lat' dir='ltr'><strong>Petro</strong></span> <span class='ocrx_word' id='word_1_856' title='bbox 3225 4784 3449 4836; x_wconf 90' lang='lat' dir='ltr'><strong>namque</strong></span> <span class='ocrx_word' id='word_1_857' title='bbox 3479 4769 3554 4823; x_wconf 86' lang='lat' dir='ltr'><strong>ita</strong></span> 
     </span>
    </p>
   </div>
   <div class='ocr_carea' id='block_1_111' title="bbox 1981 4854 3551 4929">
    <p class='ocr_par' dir='ltr' id='par_1_111' title="bbox 1981 4854 3551 4929">
     <span class='ocr_line' id='line_1_111' title="bbox 1981 4854 3551 4929; baseline 0.003 -21"><span class='ocrx_word' id='word_1_858' title='bbox 1981 4859 2221 4926; x_wconf 67' lang='lat' dir='ltr'><strong>prasdixit</strong></span> <span class='ocrx_word' id='word_1_859' title='bbox 2279 4859 2576 4926; x_wconf 73' lang='lat' dir='ltr'><strong>passionem</strong></span> <span class='ocrx_word' id='word_1_860' title='bbox 2628 4873 2777 4911; x_wconf 71' lang='lat' dir='ltr'><strong>suam</strong></span> <span class='ocrx_word' id='word_1_861' title='bbox 2828 4875 2838 4908; x_wconf 89' lang='lat'><strong>:</strong></span> <span class='ocrx_word' id='word_1_862' title='bbox 2883 4854 3010 4910; x_wconf 81' lang='lat' dir='ltr'><strong>Cum</strong></span> <span class='ocrx_word' id='word_1_863' title='bbox 3059 4859 3316 4920; x_wconf 84' lang='lat' dir='ltr'><strong>senueris,</strong></span> <span class='ocrx_word' id='word_1_864' title='bbox 3345 4859 3551 4929; x_wconf 88' lang='lat' dir='ltr'><strong>inquit,</strong></span> 
     </span>
    </p>
   </div>
   <div class='ocr_carea' id='block_1_112' title="bbox 1980 4947 3540 5018">
    <p class='ocr_par' dir='ltr' id='par_1_112' title="bbox 1980 4947 3540 5018">
     <span class='ocr_line' id='line_1_112' title="bbox 1980 4947 3540 5018; baseline 0.005 -20"><span class='ocrx_word' id='word_1_865' title='bbox 1980 4951 2109 5002; x_wconf 80' lang='lat' dir='ltr'><strong>alius</strong></span> <span class='ocrx_word' id='word_1_866' title='bbox 2138 4961 2184 5000; x_wconf 86' lang='lat' dir='ltr'><strong>te</strong></span> <span class='ocrx_word' id='word_1_867' title='bbox 2213 4949 2499 5018; x_wconf 70' lang='lat' dir='ltr'><strong>pra‘cinget,</strong></span> <span class='ocrx_word' id='word_1_868' title='bbox 2529 4958 2575 5001; x_wconf 77' lang='lat' dir='ltr'><strong>et</strong></span> <span class='ocrx_word' id='word_1_869' title='bbox 2621 4950 2743 5017; x_wconf 80' lang='lat' dir='ltr'><strong>feret</strong></span> <span class='ocrx_word' id='word_1_870' title='bbox 2781 4963 2876 5016; x_wconf 87' lang='lat' dir='ltr'><strong>quo</strong></span> <span class='ocrx_word' id='word_1_871' title='bbox 2899 4958 2951 4999; x_wconf 87' lang='lat' dir='ltr'><strong>tu</strong></span> <span class='ocrx_word' id='word_1_872' title='bbox 2978 4964 3078 5000; x_wconf 86' lang='lat' dir='ltr'><strong>non</strong></span> <span class='ocrx_word' id='word_1_873' title='bbox 3110 4949 3182 5001; x_wconf 78' lang='lat' dir='ltr'><strong>vis</strong></span> <span class='ocrx_word' id='word_1_874' title='bbox 3208 4947 3385 5015; x_wconf 85' lang='lat' dir='ltr'><strong>(Joan.</strong></span> <span class='ocrx_word' id='word_1_875' title='bbox 3417 4967 3540 5014; x_wconf 70' lang='grc' dir='ltr'>χιιι,</span> 
     </span>
    </p>
   </div>
   <div class='ocr_carea' id='block_1_113' title="bbox 1981 5036 3554 5109">
    <p class='ocr_par' dir='ltr' id='par_1_113' title="bbox 1981 5036 3554 5109">
     <span class='ocr_line' id='line_1_113' title="bbox 1981 5036 3554 5109; baseline -0.001 -16"><span class='ocrx_word' id='word_1_876' title='bbox 1981 5040 2092 5106; x_wconf 80' lang='grc'><strong>18).</strong></span> <span class='ocrx_word' id='word_1_877' title='bbox 2140 5041 2446 5107; x_wconf 75' lang='lat' dir='ltr'><strong>Quanquam</strong></span> <span class='ocrx_word' id='word_1_878' title='bbox 2497 5039 2638 5092; x_wconf 92' lang='lat' dir='ltr'><strong>enim</strong></span> <span class='ocrx_word' id='word_1_879' title='bbox 2667 5036 2877 5090; x_wconf 85' lang='lat' dir='ltr'><strong>Christo</strong></span> <span class='ocrx_word' id='word_1_880' title='bbox 2931 5037 3189 5092; x_wconf 77' lang='lat' dir='ltr'><strong>inluerere</strong></span> <span class='ocrx_word' id='word_1_881' title='bbox 3233 5041 3508 5109; x_wconf 83' lang='lat' dir='ltr'><strong>cupiamus</strong></span> <span class='ocrx_word' id='word_1_882' title='bbox 3535 5081 3554 5108; x_wconf 73' lang='lat'><strong>,</strong></span> 
     </span>
    </p>
   </div>
   <div class='ocr_carea' id='block_1_114' title="bbox 1982 5112 3553 5200">
    <p class='ocr_par' dir='ltr' id='par_1_114' title="bbox 1982 5112 3553 5200">
     <span class='ocr_line' id='line_1_114' title="bbox 1982 5112 3553 5200; baseline 0.001 -18"><span class='ocrx_word' id='word_1_883' title='bbox 1982 5131 2114 5183; x_wconf 84' lang='lat' dir='ltr'><strong>mori</strong></span> <span class='ocrx_word' id='word_1_884' title='bbox 2147 5112 2318 5184; x_wconf 79' lang='lat' dir='ltr'><strong>tamen</strong></span> <span class='ocrx_word' id='word_1_885' title='bbox 2347 5130 2629 5200; x_wconf 83' lang='lat' dir='ltr'><strong>nolumus;</strong></span> <span class='ocrx_word' id='word_1_886' title='bbox 2659 5138 2712 5182; x_wconf 89' lang='lat' dir='ltr'><strong>et</strong></span> <span class='ocrx_word' id='word_1_887' title='bbox 2738 5128 2858 5184; x_wconf 88' lang='lat' dir='ltr'><strong>ideo</strong></span> <span class='ocrx_word' id='word_1_888' title='bbox 2882 5129 3125 5193; x_wconf 84' lang='lat' dir='ltr'><strong>libenter,</strong></span> <span class='ocrx_word' id='word_1_889' title='bbox 3157 5130 3239 5184; x_wconf 87' lang='lat' dir='ltr'><strong>vel</strong></span> <span class='ocrx_word' id='word_1_890' title='bbox 3267 5131 3437 5198; x_wconf 85' lang='lat' dir='ltr'><strong>potius</strong></span> <span class='ocrx_word' id='word_1_891' title='bbox 3459 5147 3553 5200; x_wconf 81' lang='lat' dir='ltr'><strong>pa-</strong></span> 
     </span>
    </p>
   </div>
   <div class='ocr_carea' id='block_1_115' title="bbox 1981 5219 3552 5290">
    <p class='ocr_par' dir='ltr' id='par_1_115' title="bbox 1981 5219 3552 5290">
     <span class='ocr_line' id='line_1_115' title="bbox 1981 5219 3552 5290; baseline 0.001 -16"><span class='ocrx_word' id='word_1_892' title='bbox 1981 5224 2170 5274; x_wconf 85' lang='lat' dir='ltr'><strong>tieuter</strong></span> <span class='ocrx_word' id='word_1_893' title='bbox 2213 5222 2458 5288; x_wconf 87' lang='lat' dir='ltr'><strong>patimur,</strong></span> <span class='ocrx_word' id='word_1_894' title='bbox 2491 5221 2609 5287; x_wconf 88' lang='lat' dir='ltr'><strong>quia</strong></span> <span class='ocrx_word' id='word_1_895' title='bbox 2635 5220 2769 5274; x_wconf 87' lang='lat' dir='ltr'><strong>alius</strong></span> <span class='ocrx_word' id='word_1_896' title='bbox 2814 5219 3065 5274; x_wconf 87' lang='lat' dir='ltr'><strong>transitus</strong></span> <span class='ocrx_word' id='word_1_897' title='bbox 3106 5238 3208 5275; x_wconf 90' lang='lat' dir='ltr'><strong>non</strong></span> <span class='ocrx_word' id='word_1_898' title='bbox 3247 5221 3421 5286; x_wconf 86' lang='lat' dir='ltr'><strong>datur,</strong></span> <span class='ocrx_word' id='word_1_899' title='bbox 3455 5238 3552 5290; x_wconf 90' lang='lat' dir='ltr'><strong>per</strong></span> 
     </span>
    </p>
   </div>
   <div class='ocr_carea' id='block_1_116' title="bbox 1980 5309 3553 5384">
    <p class='ocr_par' dir='ltr' id='par_1_116' title="bbox 1980 5309 3553 5384">
     <span class='ocr_line' id='line_1_116' title="bbox 1980 5309 3553 5384; baseline 0.001 -22"><span class='ocrx_word' id='word_1_900' title='bbox 1980 5327 2135 5380; x_wconf 92' lang='lat' dir='ltr'><strong>quem</strong></span> <span class='ocrx_word' id='word_1_901' title='bbox 2167 5311 2377 5365; x_wconf 80' lang='lat' dir='ltr'><strong>Christo</strong></span> <span class='ocrx_word' id='word_1_902' title='bbox 2416 5311 2798 5368; x_wconf 69' lang='lat' dir='ltr'><strong>coltazreamus.</strong></span> <span class='ocrx_word' id='word_1_903' title='bbox 2842 5309 2971 5364; x_wconf 80' lang='lat' dir='ltr'><strong>Nam</strong></span> <span class='ocrx_word' id='word_1_904' title='bbox 3015 5311 3058 5384; x_wconf 83' lang='lat' dir='ltr'><strong>si</strong></span> <span class='ocrx_word' id='word_1_905' title='bbox 3100 5327 3375 5380; x_wconf 82' lang='lat' dir='ltr'><strong>possemus</strong></span> <span class='ocrx_word' id='word_1_906' title='bbox 3398 5311 3553 5365; x_wconf 90' lang='lat' dir='ltr'><strong>aliter</strong></span> 
     </span>
    </p>
   </div>
   <div class='ocr_carea' id='block_1_117' title="bbox 2048 5505 3550 5576">
    <p class='ocr_par' dir='ltr' id='par_1_117' title="bbox 2048 5505 3550 5576">
     <span class='ocr_line' id='line_1_117' title="bbox 2048 5505 3550 5576; baseline 0.002 -22"><span class='ocrx_word' id='word_1_907' title='bbox 2048 5511 2063 5540; x_wconf 74' lang='grc' dir='ltr'><strong>ι</strong></span> <span class='ocrx_word' id='word_1_908' title='bbox 2101 5515 2175 5576; x_wconf 67' lang='lat' dir='ltr'><strong>tzr.</strong></span> <span class='ocrx_word' id='word_1_909' title='bbox 2203 5517 2255 5558; x_wconf 90' lang='lat' dir='ltr'><strong>et</strong></span> <span class='ocrx_word' id='word_1_910' title='bbox 2275 5509 2372 5576; x_wconf 81' lang='lat' dir='ltr'><strong>duo</strong></span> <span class='ocrx_word' id='word_1_911' title='bbox 2393 5514 2518 5568; x_wconf 66' lang='lat' dir='ltr'><strong>Mss,</strong></span> <span class='ocrx_word' id='word_1_912' title='bbox 2556 5515 2874 5576; x_wconf 74' lang='lat' dir='ltr'><strong>contemptum</strong></span> <span class='ocrx_word' id='word_1_913' title='bbox 2910 5508 3105 5576; x_wconf 83' lang='lat' dir='ltr'><strong>mu_n_do.</strong></span> <span class='ocrx_word' id='word_1_914' title='bbox 3143 5505 3284 5576; x_wconf 73' lang='lat' dir='ltr'><strong>I’aulo</strong></span> <span class='ocrx_word' id='word_1_915' title='bbox 3313 5513 3423 5576; x_wconf 78' lang='lat' dir='ltr'><strong>post</strong></span> <span class='ocrx_word' id='word_1_916' title='bbox 3460 5519 3550 5576; x_wconf 82' lang='lat' dir='ltr'><strong>pro</strong></span> 
     </span>
    </p>
   </div>
   <div class='ocr_carea' id='block_1_118' title="bbox 1979 5569 3554 5633">
    <p class='ocr_par' dir='ltr' id='par_1_118' title="bbox 1979 5569 3554 5633">
     <span class='ocr_line' id='line_1_118' title="bbox 1979 5569 3554 5633; baseline -0.001 -14"><span class='ocrx_word' id='word_1_917' title='bbox 1979 5569 2212 5626; x_wconf 82' lang='lat' dir='ltr'><strong>obruitur,</strong></span> <span class='ocrx_word' id='word_1_918' title='bbox 2245 5571 2372 5633; x_wconf 86' lang='lat' dir='ltr'><strong>quod</strong></span> <span class='ocrx_word' id='word_1_919' title='bbox 2421 5579 2523 5619; x_wconf 76' lang='lat' dir='ltr'><strong>Mss.</strong></span> <span class='ocrx_word' id='word_1_920' title='bbox 2563 5569 2778 5633; x_wconf 75' lang='lat' dir='ltr'><strong>verbum</strong></span> <span class='ocrx_word' id='word_1_921' title='bbox 2802 5577 2897 5628; x_wconf 85' lang='lat' dir='ltr'><strong>est,</strong></span> <span class='ocrx_word' id='word_1_922' title='bbox 2937 5569 3047 5633; x_wconf 77' lang='lat' dir='ltr'><strong>Edd.</strong></span> <span class='ocrx_word' id='word_1_923' title='bbox 3086 5572 3361 5633; x_wconf 65' lang='lat' dir='ltr'><strong>pragleruut,</strong></span> <span class='ocrx_word' id='word_1_924' title='bbox 3398 5569 3554 5618; x_wconf 78' lang='lat' dir='ltr'><strong>oritur</strong></span> 
     </span>
    </p>
   </div>
   <div class='ocr_carea' id='block_1_119' title="bbox 1979 5627 3554 5696">
    <p class='ocr_par' dir='ltr' id='par_1_119' title="bbox 1979 5627 3554 5696">
     <span class='ocr_line' id='line_1_119' title="bbox 1979 5627 3554 5696; baseline 0.001 -17"><span class='ocrx_word' id='word_1_925' title='bbox 1979 5634 2196 5696; x_wconf 64' lang='lat' dir='ltr'><strong>tienique</strong></span> <span class='ocrx_word' id='word_1_926' title='bbox 2219 5627 2394 5692; x_wconf 76' lang='lat' dir='ltr'><strong>Regius</strong></span> <span class='ocrx_word' id='word_1_927' title='bbox 2414 5633 2565 5680; x_wconf 80' lang='lat' dir='ltr'><strong>codex</strong></span> <span class='ocrx_word' id='word_1_928' title='bbox 2605 5633 2731 5680; x_wconf 90' lang='lat' dir='ltr'><strong>lnmc</strong></span> <span class='ocrx_word' id='word_1_929' title='bbox 2766 5627 2928 5696; x_wconf 80' lang='lat' dir='ltr'><strong>locum</strong></span> <span class='ocrx_word' id='word_1_930' title='bbox 2959 5631 3028 5678; x_wconf 89' lang='lat' dir='ltr'><strong>sic</strong></span> <span class='ocrx_word' id='word_1_931' title='bbox 3052 5627 3252 5696; x_wconf 73' lang='lat' dir='ltr'><strong>exhibet</strong></span> <span class='ocrx_word' id='word_1_932' title='bbox 3281 5639 3314 5696; x_wconf 34' lang='grc' dir='ltr'><strong>τ’</strong></span> <span class='ocrx_word' id='word_1_933' title='bbox 3341 5635 3554 5681; x_wconf 74' lang='lat' dir='ltr'><strong>Granum</strong></span> 
     </span>
    </p>
   </div>
   <div class='ocr_carea' id='block_1_120' title="bbox 1977 5687 3555 5760">
    <p class='ocr_par' dir='ltr' id='par_1_120' title="bbox 1977 5687 3555 5760">
     <span class='ocr_line' id='line_1_120' title="bbox 1977 5687 3555 5760; baseline -0.001 -20"><span class='ocrx_word' id='word_1_934' title='bbox 1977 5693 2096 5760; x_wconf 65' lang='lat' dir='ltr'><strong>illud</strong></span> <span class='ocrx_word' id='word_1_935' title='bbox 2118 5687 2188 5742; x_wconf 65' lang='lat' dir='ltr'><strong>East</strong></span> <span class='ocrx_word' id='word_1_936' title='bbox 2202 5687 2533 5760; x_wconf 61' lang='lat' dir='ltr'><strong>cottientptnat.</strong></span> <span class='ocrx_word' id='word_1_937' title='bbox 2550 5699 2686 5760; x_wconf 35' lang='lat' dir='ltr'><strong>{nodo</strong></span> <span class='ocrx_word' id='word_1_938' title='bbox 2703 5693 2829 5742; x_wconf 73' lang='lat' dir='ltr'><strong>eum!</strong></span> <span class='ocrx_word' id='word_1_939' title='bbox 2849 5692 3034 5760; x_wconf 67' lang='lat' dir='ltr'><strong>videtur</strong></span> <span class='ocrx_word' id='word_1_940' title='bbox 3057 5687 3257 5760; x_wconf 66' lang='lat' dir='ltr'><strong>humiles</strong></span> <span class='ocrx_word' id='word_1_941' title='bbox 3280 5687 3400 5739; x_wconf 84' lang='lat' dir='ltr'><strong>dare</strong></span> <span class='ocrx_word' id='word_1_942' title='bbox 3418 5703 3555 5760; x_wconf 64' lang='lat' dir='ltr'><strong>uoces</strong></span> 
     </span>
    </p>
   </div>
   <div class='ocr_carea' id='block_1_121' title="bbox 1975 5750 3556 5814">
    <p class='ocr_par' dir='ltr' id='par_1_121' title="bbox 1975 5750 3556 5814">
     <span class='ocr_line' id='line_1_121' title="bbox 1975 5750 3556 5814; baseline 0.002 -12"><span class='ocrx_word' id='word_1_943' title='bbox 1975 5753 2025 5802; x_wconf 87' lang='lat' dir='ltr'><strong>in</strong></span> <span class='ocrx_word' id='word_1_944' title='bbox 2048 5754 2180 5802; x_wconf 71' lang='lat' dir='ltr'><strong>horto</strong></span> <span class='ocrx_word' id='word_1_945' title='bbox 2217 5750 2452 5805; x_wconf 51' lang='lat' dir='ltr'><strong>obruitt&#39;rr.</strong></span> <span class='ocrx_word' id='word_1_946' title='bbox 2497 5755 2700 5806; x_wconf 62' lang='lat' dir='ltr'><strong>Hiram.&quot;</strong></span> <span class='ocrx_word' id='word_1_947' title='bbox 2723 5753 3072 5804; x_wconf 81' lang='lat' dir='ltr'><strong>ntmcmnndus</strong></span> <span class='ocrx_word' id='word_1_948' title='bbox 3102 5750 3245 5798; x_wconf 78' lang='lat' dir='ltr'><strong>oleris</strong></span> <span class='ocrx_word' id='word_1_949' title='bbox 3267 5752 3556 5814; x_wconf 67' lang='lat' dir='ltr'><strong>magnitudi-</strong></span> 
     </span>
    </p>
   </div>
   <div class='ocr_carea' id='block_1_122' title="bbox 1977 5828 2221 5877">
    <p class='ocr_par' dir='ltr' id='par_1_122' title="bbox 1977 5828 2221 5877">
     <span class='ocr_line' id='line_1_122' title="bbox 1977 5828 2221 5877; baseline 0.012 -13"><span class='ocrx_word' id='word_1_950' title='bbox 1977 5829 2100 5877; x_wconf 74' lang='lat' dir='ltr'><strong>nem,</strong></span> <span class='ocrx_word' id='word_1_951' title='bbox 2129 5828 2221 5867; x_wconf 82' lang='lat' dir='ltr'><strong>etc.</strong></span> 
     </span>
    </p>
   </div>
   <div class='ocr_carea' id='block_1_123' title="bbox 2888 5896 3363 5981">
    <p class='ocr_par' dir='ltr' id='par_1_123' title="bbox 2888 5896 3363 5981">
     <span class='ocr_line' id='line_1_123' title="bbox 2888 5896 3363 5981; baseline 0.002 -23"><span class='ocrx_word' id='word_1_952' title='bbox 2888 5900 2923 5977; x_wconf 67' lang='grc' dir='ltr'><em>ί</em></span> <span class='ocrx_word' id='word_1_953' title='bbox 2940 5896 3363 5981; x_wconf 67' lang='lat' dir='ltr'><strong>Vingt-sept.)</strong></span> 
     </span>
    </p>
   </div>
   <div class='ocr_carea' id='block_1_124' title="bbox 3419 359 3616 415">
    <p class='ocr_par' dir='ltr' id='par_1_124' title="bbox 3419 359 3616 415">
     <span class='ocr_line' id='line_1_124' title="bbox 3419 359 3616 415; baseline -0.005 0"><span class='ocrx_word' id='word_1_954' title='bbox 3419 359 3524 415; x_wconf 62' lang='grc' dir='ltr'><strong>8ίέ</strong></span> <span class='ocrx_word' id='word_1_955' title='bbox 3611 359 3616 362; x_wconf 75' lang='grc'><em>’</em></span> 
     </span>
    </p>
   </div>
  </div>
