4020 6198
514 337 649 395 κῖξιῦ

549 451 820 518 pervenire
860 450 925 502 ad
972 449 1239 503 Christum
1263 492 1277 514 ,
1324 450 1373 504 id
1407 460 1487 503 est
1531 450 1594 504 ad
1624 450 1781 503 vitam
1817 459 2103 514 teternam,

546 542 661 608 quis
691 540 846 593 vellet
885 541 1057 593 mori?
1086 539 1336 595 Naturam
1385 543 1579 611 quippe
1631 550 1896 607 nostram,
1940 542 1993 595 id
2025 551 2108 595 est

524 630 865 684 ‘rmtsortium
888 630 1148 700 quoddam
1177 632 1367 686 animat
1392 646 1445 686 et
1465 632 1723 701 corporis,
1751 640 1804 686 et
1825 631 2104 701 quamdam

508 708 594 775 ‘in
644 721 724 776 his
749 722 953 785 duobus
992 722 1399 778 familiaritatem
1444 722 1911 792 conglatinationis
1948 732 2107 791 atque

541 812 866 882 compaginis
908 828 1179 883 exponens
1227 815 1453 885 quodam
1503 814 1620 868 loco
1658 805 1977 883 Apostolus,
2033 815 2107 867 ait

542 905 737 961 habere
763 922 860 961 nos
886 908 1101 962 domum
1129 923 1230 961 non
1255 908 1626 970 manulaetam,
1646 916 1897 961 teter-nam
1930 907 1981 960 in
2006 920 2107 961 ca:-

542 998 637 1058 lis;
665 996 712 1049 id
739 1008 821 1052 est
850 999 1294 1052 immortalitatem
1324 1005 1667 1067 praeparatam
1696 997 1866 1062 nobis,
1896 1011 1996 1066 qua
2021 997 2104 1049 in-

532 1087 730 1141 dueudi
753 1101 935 1141 sumus
962 1088 1012 1141 in
1035 1070 1158 1152 line,
1188 1104 1308 1142 cum
1333 1088 1778 1143 resurrexerimus
1797 1102 1826 1140 a
1852 1085 2101 1150 mortuis;

541 1190 596 1233 et
626 1180 697 1233 a‘it
730 1198 741 1232 :
773 1178 832 1233 In
873 1196 971 1249 quo
1004 1181 1239 1234 nolumus
1276 1180 1520 1247 spoliari,
1550 1179 1638 1233 sed
1671 1178 1986 1247 supervestiri
2008 1218 2024 1244 ,
2051 1187 2105 1231 ut

456 1285 469 1291 ο
540 1257 859 1324 absorbeatur
883 1270 1092 1323 mortale
1114 1286 1145 1322 a
1165 1270 1263 1323 vita
1292 1269 1355 1339 (ll
1374 1268 1489 1322 Cor.
1507 1285 1559 1332 ν,
1589 1270 1638 1331 1,
1661 1268 1740 1338 4),
1762 1268 1816 1323 Si
1846 1268 1956 1322 fieri
1978 1282 2103 1337 pos-

541 1368 642 1420 set,
683 1360 760 1414 sic
783 1359 1070 1420 vellemus.
1100 1359 1171 1412 ait
1190 1401 1205 1424 ,
1240 1358 1351 1413 fieri
1380 1350 1721 1424 immortales,
1744 1369 1797 1413 ut
1819 1358 1927 1427 jam
1958 1358 2105 1413 veni-

543 1464 623 1505 ret
648 1453 759 1521 ipsa
804 1451 1168 1505 immortalitas
1191 1492 1205 1514 ,
1236 1460 1290 1504 et
1316 1449 1473 1504 modo
1499 1449 1633 1504 sicut
1657 1464 1841 1503 sumus
1875 1457 2105 1503 mutaret

542 1559 660 1609 nos,
687 1552 744 1597 ut
766 1542 986 1597 mortale
1004 1542 1107 1597 hoc
1131 1550 1368 1596 nostrum
1393 1556 1421 1594 a
1447 1541 1553 1595 vita
1580 1540 1972 1606 absorberetur,
1997 1555 2099 1594 non

541 1651 636 1705 per
665 1644 885 1690 mortem
913 1650 1107 1705 corpus
1130 1643 1416 1703 poneretur
1438 1635 1477 1698 ί,
1500 1642 1557 1687 ιιι
1586 1633 1637 1687 in
1675 1632 1781 1688 fine
1801 1633 1988 1688 iterum
2018 1648 2104 1688 re-

541 1729 822 1797 ciperetur.
847 1726 1092 1794 Quamvis
1111 1741 1235 1796 ergo
1264 1740 1292 1778 a
1317 1725 1467 1779 malis
1491 1724 1557 1779 ad
1586 1723 1722 1779 bona
1752 1734 2098 1790 transeamus;

539 1831 714 1873 tanien
746 1820 858 1891 ipse
895 1819 1147 1873 transitus
1184 1816 1510 1887 aliquantum
1551 1831 1761 1870 amarus
1787 1825 1904 1880 est,
1928 1825 1980 1870 et
2008 1814 2104 1869 ha-

517 1906 630 1964 ‘bet
658 1909 759 1975 fel,
788 1908 929 1980 qttod
969 1908 1231 1964 dederunt
1275 1908 1495 1961 Domino
1518 1906 1569 1960 in
1601 1909 1845 1975 passione
1887 1906 2055 1962 Judaei
2084 1946 2099 1973 ,

520 2001 691 2056 habet
714 2017 836 2055 acre
860 2001 1106 2072 quiddam
1140 1998 1490 2064 tolerandum,
1518 2014 1622 2068 quo
1643 1997 1993 2053 ostenduntur
2013 2000 2101 2068 qui

535 2113 653 2147 eum
685 2106 835 2148 aceto
882 2090 1425 2161 potavcrunt(MattIt.
1477 2105 1654 2156 xxvu,
1698 2087 1809 2160 54).
1854 2087 2103 2159 Prteﬁgu-

538 2201 660 2238 rans
686 2200 811 2254 ergo
833 2194 921 2247 ,ει
965 2183 1350 2237 transformaus
1376 2182 1425 2235 in
1450 2196 1508 2236 se
1529 2196 1626 2235 nos
1656 2180 1820 2251 ipsos,
1852 2179 1954 2235 hoc
1980 2180 2050 2234 ait
2081 2197 2095 2235 :

515 2278 747 2330 "Salvum
778 2280 984 2347 ntetfaa,
1012 2274 1149 2329 Deus
1171 2317 1184 2341 ,
1210 2275 1444 2345 quoniam
1467 2273 1762 2326 introierunt
1781 2288 1926 2342 aqua:
1951 2288 2102 2342 usque

541 2368 606 2420 ad
634 2364 853 2420 animam
878 2382 1055 2419 meum.
1092 2365 1381 2420 Potuerunt
1404 2363 1491 2434 qui
1519 2361 1775 2431 persecuti
1803 2371 1921 2415 sunt
1940 2362 2097 2416 etiam

534 2457 800 2521 occidere;
832 2457 940 2512 'sed
983 2456 1207 2527 amplius
1245 2453 1369 2525 quid
1419 2453 1609 2507 faciant
1658 2467 1761 2507 non
1810 2451 2095 2506 habebunt.

512 2547 791 2604 wPt-aetuisit
819 2549 957 2604 enim
985 2547 1401 2603 exhortationem
1442 2545 1555 2614 ipse
1582 2544 1835 2597 Dominus
1861 2542 2042 2597 dicens
2075 2561 2089 2595 :

540 2638 710 2692 Nolite
735 2639 906 2693 timere
950 2654 1032 2691 eos
1060 2637 1143 2707 qui
1169 2653 1349 2709 corpus
1376 2634 1608 2688 occidunt
1630 2675 1644 2698 ,
1676 2643 1719 2686 et
1756 2632 1971 2704 amplius
1999 2620 2098 2687 non

512 2729 709 2782 'lmbrut
737 2730 854 2799 quid
884 2729 1073 2797 faciant
1088 2743 1106 2792 ;
1132 2727 1220 2782 sed
1251 2742 1362 2780 eum
1390 2725 1554 2779 timete
1597 2726 1682 2793 qui
1708 2723 1851 2777 habet
1879 2732 2097 2792 potesta-

512 2832 650 2881 tem,
679 2832 723 2874 et
746 2837 926 2891 corpus
954 2830 999 2874 et
1019 2822 1240 2873 unimant
1265 2819 1487 2873 occidere
1512 2817 1564 2872 in
1581 2817 1807 2889 gelteuna
1832 2816 1963 2887 ignis
1984 2813 2094 2886 (Id.

510 2924 587 2975 ‘x,
619 2909 729 2981 28).
760 2907 953 2979 Maiore
997 2910 1184 2964 timore
1214 2909 1416 2962 minora
1463 2908 1882 2971 contemnimus,
1907 2915 1959 2959 et
1988 2921 2099 2958 ma-

530 3001 646 3071 jore
671 3001 981 3056 mternitatis
1018 3000 1305 3069 cupiditate
1347 2999 1523 3053 omnia
1554 2999 1864 3068 temporalia
1890 2996 2088 3052 fastidi-

535 3107 671 3145 mus.
704 3090 957 3144 Nam'ltic
985 3099 1038 3145 et
1060 3090 1261 3145 delicia:
1288 3089 1606 3160 temporales
1631 3088 1812 3144 dulces
1858 3098 2011 3152 sunt,
2044 3097 2098 3143 et

538 3180 901 3235 tribulationes
943 3178 1257 3248 temporales
1303 3193 1497 3233 amara:
1520 3188 1643 3233 sunt
1671 3194 1685 3232 :
1717 3178 1808 3231 sed
1848 3179 1966 3246 quis
1990 3193 2095 3231 non

534 3271 679 3324 bibat
732 3269 1080 3324 tribulationis
1147 3266 1451 3337 temporalis
1514 3266 1756 3337 poculum
1785 3308 1799 3332 ,
1856 3276 2096 3321 metuens

530 3362 704 3432 ignem
731 3357 1087 3430 gehennarum
1109 3375 1123 3423 ;
1148 3366 1200 3413 et
1228 3357 1348 3427 quis
1387 3370 1491 3411 non
1517 3364 1821 3411 contemnat
1853 3355 2093 3410 dulcedi-

495 3433 650 3504 ‘nem
713 3450 928 3516 smeuli,
974 3448 1181 3503 inhians
1225 3446 1493 3502 dulcedini
1531 3447 1649 3500 vita:
1685 3445 1935 3501 ceteran
1962 3432 2094 3500 lli’nc

528 3558 655 3614 ergo
696 3551 754 3597 ut
799 3542 1088 3597 liberemur
1132 3541 1455 3603 clamamus,
1496 3554 1563 3594 ne
1592 3537 1730 3593 forte
1749 3538 1801 3591 in
1833 3538 2093 3608 pressuris

526 3634 919 3688 consentiamus
966 3632 1258 3702 iniquitati,
1300 3638 1354 3686 et
1378 3645 1504 3686 vere
1540 3628 1952 3699 irreparabiliter
1978 3642 2093 3682 sor-

504 3724 745 3777 ‘beamur
772 3742 786 3777 ;
818 3723 1028 3777 Salvum
1065 3737 1143 3775 nte
1170 3724 1252 3792 fac
1274 3762 1290 3788 ,
1320 3719 1457 3774 Deus
1476 3760 1490 3787 ,
1518 3719 1752 3790 quoniam
1797 3718 2092 3773 introierunt

520 3827 669 3882 aqua:
695 3828 846 3883 usque
871 3811 938 3865 ad
967 3811 1188 3865 animant
1209 3826 1389 3864 meam.
1482 3860 1485 3863 ,

594 3906 648 3959 4.
672 3904 817 3975 (vers.
839 3903 918 3974 3.]
950 3901 1147 3973 Inﬁxae
1167 3917 1277 3955 sum
1301 3902 1351 3954 in
1375 3900 1492 3954 limo
1514 3900 1753 3970 profundi
1777 3941 1790 3962 ,
1820 3910 1865 3952 et
1891 3915 1990 3952 non
2019 3908 2091 3952 est

525 3996 817 4048 substantia.
848 3993 980 4060 Quid
1008 3993 1136 4046 dicit
1176 3990 1400 4045 limum?
1423 4005 1488 4044 an
1533 3990 1677 4060 ipsos
1706 3989 1796 4060 qui
1827 3984 2090 4060 persecuti

504 4087 688 4143 ‘smu?
719 4086 791 4140 lle
813 4086 940 4139 limo
961 4085 1099 4139 enim
1140 4082 1308 4138 factus
1329 4091 1410 4138 est
1439 4082 1596 4136 homo
1614 4079 1766 4151 (Gen.
1790 4097 1858 4148 ιι,
1881 4083 1955 4152 7).
1985 4080 2089 4135 Sed

514 4179 639 4242 isti,
666 4177 903 4232 cadendo
931 4192 959 4230 a
1001 4176 1200 4247 justitia
1225 4217 1238 4239 ,
1281 4176 1436 4229 limus
1475 4173 1721 4245 profundi
1766 4174 1886 4228 facti
1924 4182 2084 4240 sunt;

504 4271 714 4341 antibus
740 4270 1173 4341 persequentibus
1209 4277 1263 4322 et
1289 4267 1355 4321 ad
1384 4267 1714 4336 iniquitatem
1758 4265 1968 4320 trahere
1998 4280 2088 4320 cu-

506 4362 787 4433 ipientibus
816 4360 1051 4430 quisquis
1077 4374 1179 4413 non
1221 4358 1587 4424 consenserit,
1613 4356 1681 4411 de
1716 4357 1841 4410 limo
1864 4371 1962 4410 suo
1989 4371 2085 4410 au-

508 4472 639 4509 'rnm
665 4456 807 4517 facit.
836 4452 1127 4508 Merehitur
1152 4450 1290 4504 enim
1344 4449 1498 4504 limus
1547 4450 1711 4519 ipsius
1756 4448 1992 4503 converti
2034 4448 2085 4502 in

522 4548 878 4602 habitudinem
904 4545 1170 4602 caelestem
1197 4584 1210 4605 ,
1238 4553 1289 4596 et
1323 4543 1499 4596 socius
1531 4541 1641 4595 fieri
1669 4556 1852 4595 eorum
1877 4539 1945 4595 de
1972 4539 2087 4609 qui-

508 4639 619 4693 ‘bus
641 4638 965 4694 tlicittitulus
995 4635 1185 4691 Psalmi
1205 4635 1227 4665 ’
1252 4650 1266 4688 :
1302 4631 1500 4685 Pro/tis
1523 4632 1608 4701 qui
1637 4631 2085 4684 committebantur.

522 4726 609 4780 isti
649 4737 820 4784 autem
865 4743 983 4782 cum
1010 4727 1164 4781 limus
1194 4721 1437 4794 profundi
1474 4728 1652 4776 essent
1676 4762 1688 4785 ,
1720 4720 1847 4774 haesi
1873 4721 1924 4773 in
1953 4720 2083 4785 illis;

519 4818 574 4872 id
627 4828 709 4872 est
759 4828 1039 4875 tenuerunt
1094 4832 1219 4882 me,
1273 4813 1664 4884 praevaluerunt
1720 4811 1890 4876 mihi,
1947 4812 2087 4865 occi-

498 4907 711 4962 'dcrunt
732 4924 841 4964 me.
872 4909 1072 4979 Inﬁxus
1101 4920 1229 4979 ergo
1251 4922 1362 4960 sum
1401 4905 1453 4959 in
1481 4904 1600 4958 limo
1628 4903 1891 4973 profundi,
1918 4912 1963 4956 ct
1988 4920 2086 4958 non

516 5011 592 5056 est
618 5001 910 5055 substantia.
937 5002 1071 5068 Quid
1098 5012 1180 5057 est
1204 5000 1324 5064 hoc,
1353 5015 1455 5053 non
1481 5005 1551 5051 est
1575 4995 1852 5050 substantia
1869 4995 1897 5049 2’
1927 4994 2088 5049 Num-

521 5092 775 5165 quidnam
799 5093 909 5160 ipse
928 5094 1121 5147 liumus
1147 5108 1249 5147 non
1277 5100 1359 5147 est
1384 5089 1714 5146 substantia?
1741 5089 1819 5143 An
1841 5130 1854 5153 ,
1885 5104 1981 5158 ego
2003 5089 2086 5142 iu-

517 5183 773 5240 ltatrendo
802 5183 969 5236 factus
1015 5199 1129 5237 sum
1180 5198 1283 5237 non
1312 5198 1432 5238 esse
1473 5180 1802 5237 substantia?
1830 5180 1963 5247 Quid
2007 5189 2090 5234 est

518 5279 668 5346 ergo,
698 5274 900 5343 Inﬁxus
928 5274 1080 5327 sunt?
1114 5273 1499 5343 Numquidnam
1527 5274 1603 5328 sic
1630 5273 1781 5327 haesit
1806 5271 2087 5327 Christus?

521 5370 629 5423 Aut
655 5380 782 5420 vero
829 5364 1021 5426 hmsit,
1052 5378 1113 5417 ac
1139 5378 1241 5418 non
1266 5404 1281 5428 ,
1312 5362 1449 5417 sicut
1488 5364 1686 5418 dictum
1735 5371 1816 5418 est
1862 5363 1915 5417 in
1952 5362 2085 5416 libro

516 5457 651 5523 Job,
676 5457 834 5512 Terra
870 5455 1052 5509 tradita
1078 5463 1147 5507 est
1193 5453 1242 5506 in
1271 5467 1449 5506 manus
1486 5439 1631 5524 impii
1670 5452 1808 5523 (Job
1838 5469 1889 5507 tx
1911 5494 1926 5518 ,
1954 5451 2082 5523 2i).

497 5553 601 5607 “Au
624 5549 909 5605 sumundum
940 5558 1132 5615 corpus
1170 5544 1365 5597 inlisus
1389 5552 1471 5597 est
1496 5585 1510 5610 ,
1541 5545 1659 5615 quia
1689 5545 1851 5599 teneri
1878 5546 2082 5614 potuit,

584 5708 599 5737 ³
636 5682 707 5755 Sic
730 5708 1087 5768 praestantior-es
1103 5708 1207 5768 itas.
1236 5709 1288 5750 At
1310 5699 1445 5768 ἕλω..
1463 5700 1725 5763 puniretur.

579 5768 601 5797 ³
632 5763 759 5828 διεδ.)
780 5767 932 5817 socius
951 5764 1061 5830 ﬁeri
1079 5765 1216 5816 titulo
1234 5763 1424 5814 I’salmt'.

1762 338 1818 393 S.
1862 336 2221 393 AUGUSTINI
2264 340 2557 398 ΕΙδιὸίέυΗ

3675 372 3775 427 εδδ

2220 459 2274 503 et
2301 453 2465 529 ipsam
2498 459 2514 488 ¹
2541 462 2934 521 crucifixionem
2980 468 3248 527 habebat?
3292 474 3401 531 NiSI
3447 479 3587 534 enim
3613 482 3778 538 clavis

2185 548 2353 605 .lixns
2388 564 2566 619 esset,
2593 558 2871 614 cruciﬁxus
2902 576 3005 616 non
3032 577 3193 620 esset.
3222 566 3373 623 Unde
3401 585 3530 641 ergo
3566 591 3665 627 non
3706 586 3778 629 est

2211 638 2525 713 subinantia,9
2547 645 2627 699 An
2653 647 2807 703 limus
2857 650 2942 706 ille
2972 668 3075 707 non
3102 666 3182 709 est
3220 638 3549 716 substantia?
3578 664 3780 719 Intellio

2210 748 2395 800 genius
2424 752 2550 806 ergo
2571 778 2585 804 ,
2614 740 2655 794 si
2686 744 3008 809 potuerimus
3032 788 3047 811 ,
3076 749 3199 817 quid
3227 732 3321 814 sit,
3351 763 3402 807 et
3427 770 3525 807 non
3556 767 3627 809 est
3658 759 3780 810 sub-

2209 827 2409 889 stantia,
2428 829 2628 899 siprius
2653 833 3065 892 intellexerimus
3083 841 3206 910 quid
3229 844 3296 897 sit
3312 845 3621 911 substantia.
3635 848 3780 903 Sub-
3830 844 3843 849 ’

2208 919 2397 971 stantia
2427 923 2618 991 quippe
2642 923 2832 979 dicitur
2854 938 2907 981 et
2933 928 3230 986 divitiarum
3260 952 3274 985 :
3302 937 3594 992 secundum
3615 956 3781 1008 quam

2209 1008 2449 1079 dicimus,
2480 1013 2645 1068 liabet
2696 1019 3081 1095 substantiam,
3110 1032 3163 1078 et
3187 1067 3203 1090 ,
3250 1025 3486 1085 Perdidit
3522 1031 3782 1086 substan-

2210 1100 2353 1153 tiam.
2385 1102 2487 1156 Sed
2528 1107 2777 1175 numqnid
2810 1108 2909 1165 hoc
2932 1112 3229 1180 putabimus
3262 1116 3346 1172 hic
3372 1118 3567 1173 dictum
3617 1138 3779 1190 esse,

2206 1199 2253 1242 ct
2302 1207 2399 1244 non
2451 1204 2525 1281 cst
2568 1195 2880 1263 substantia,
2940 1200 2990 1256 id
3043 1213 3162 1272 est,
3218 1222 3321 1261 non
3365 1219 3489 1263 sunt
3534 1210 3780 1278 divitia:,

2204 1281 2353 1348 quasi
2406 1283 2562 1337 modo
2599 1285 2793 1356 aliquid
2837 1288 2904 1345 de
2930 1290 3123 1347 divitiis
3165 1306 3438 1365 ageretur,
3468 1311 3559 1353 aut
3596 1302 3781 1372 aliqua

2212 1373 2434 1440 quaastio
2478 1375 2547 1431 de
2571 1376 2773 1433 divitiis
2806 1379 3110 1439 haberetur?
3134 1387 3215 1441 An
3238 1387 3372 1444 forte
3390 1392 3510 1459 quia
3542 1392 3629 1446 ille
3664 1393 3781 1460 ipse

2206 1460 2361 1517 limus
2391 1480 2691 1535 paupertas
2734 1480 2880 1537 erat,
2922 1484 2974 1527 et
3026 1474 3222 1539 divitiae
3266 1494 3369 1533 non
3418 1492 3611 1547 erunt,
3674 1484 3777 1538 nisi

2200 1553 2415 1622 quando
2456 1558 2764 1614 aeternitatis
2790 1562 3071 1633 participes
3111 1566 3285 1623 effecti
3308 1568 3598 1629 fuerimus?
3620 1574 3779 1629 Tunc

2203 1652 2324 1697 sunt
2353 1645 2494 1700 enim
2536 1663 2675 1703 verte
2715 1650 2943 1719 divitize,
2973 1657 3182 1725 quando
3218 1660 3371 1715 nobis
3396 1664 3526 1717 nihil
3575 1665 3775 1722 deerit.

2203 1733 2381 1791 Potest
2422 1739 2579 1820 etiam
2623 1732 2924 1799 secundum
2951 1747 3105 1817 hujus
3133 1752 3276 1806 verbi
3315 1753 3639 1810 intellectum
3681 1776 3776 1813 ac-

2202 1830 2307 1898 cipi
2349 1844 2540 1886 sensus
2569 1834 2699 1897 iste,
2749 1847 2804 1890 ut
2847 1837 3130 1907 diceretur,
3163 1842 3365 1912 Inﬁxus
3412 1863 3519 1900 sum
3565 1850 3617 1901 in
3650 1852 3777 1903 limo

2203 1922 2442 1992 profundi
2464 1964 2478 1987 ,
2510 1934 2555 1977 et
2596 1942 2695 1980 non
2722 1938 2796 1980 est
2831 1931 3104 1986 substantia
3127 1975 3142 1996 ,
3174 1934 3223 1989 id
3252 1946 3355 2003 est,
3380 1938 3445 1992 ad
3473 1954 3768 2010 pauperta-

2202 2018 2307 2064 tem
2350 2015 2585 2083 perveni.
2618 2015 2747 2071 Nam
2792 2017 2880 2072 hic
2926 2021 3097 2076 dicit:
3132 2022 3336 2096 Pauper
3380 2037 3424 2080 et
3451 2029 3627 2083 dolens
3675 2049 3773 2102 ego

2198 2119 2350 2167 sum;
2379 2104 2506 2159 dicit
2546 2116 2601 2161 et
2624 2109 2907 2177 Apostolus
2937 2130 2953 2165 :
2984 2111 3231 2179 Quoniam
3270 2128 3475 2185 prapter
3518 2135 3605 2175 vos
3632 2140 3769 2192 pau-

2202 2210 2290 2262 per
2312 2193 2478 2262 factus
2502 2207 2575 2250 est
2598 2238 2612 2261 ,
2635 2215 2748 2251 cum
2778 2200 2914 2255 dives
2933 2212 3054 2255 esset
3077 2243 3092 2265 ,
3122 2216 3173 2257 ut
3198 2206 3335 2259 illius
3360 2222 3658 2278 paupertate
3684 2229 3769 2266 vos

2200 2284 2483 2338 ditaremini
2528 2287 2589 2353 (ll
2618 2287 2733 2341 Cor.
2784 2305 2900 2355 vnt,
2933 2290 3012 2361 9).
3046 2292 3183 2364 Ergo
3213 2308 3571 2365 paupertatem
3617 2316 3765 2355 suam

2200 2368 2384 2429 volens
2409 2376 2661 2430 Dominus
2691 2378 2842 2433 nobis
2867 2384 3261 2451 commendare,
3295 2387 3516 2443 fortasse
3540 2390 3759 2451 dixerit.

2201 2481 2299 2518 non
2344 2476 2416 2520 est
2457 2468 2750 2522 substantia.
2786 2469 2866 2524 Ad
2909 2488 3169 2527 summam
3206 2460 3352 2530 enim
3402 2493 3764 2548 panpertatem

2200 2555 2475 2622 pervenit,
2505 2557 2714 2625 quando
2750 2559 2969 2614 formam
3015 2564 3152 2616 servi
3195 2564 3382 2619 induit.
3415 2567 3624 2629 Divitia:
3651 2574 3767 2641 ejus

2198 2660 2315 2714 qua:
2363 2646 2521 2699 sunt?
2551 2647 2650 2714 Qui
2681 2666 2793 2702 cum
2835 2649 2886 2703 in
2913 2653 3075 2722 fornta
3115 2651 3210 2707 Dei
3233 2665 3379 2720 esset,
3408 2673 3507 2711 non
3534 2661 3767 2729 rapinam

2197 2735 2464 2791 arbitratus
2487 2749 2560 2792 est
2601 2756 2705 2794 esse
2747 2742 2953 2812 atqualt's
3000 2742 3129 2797 Deo.
3158 2744 3250 2799 lla:
3275 2749 3769 2819 magnaeincompa-

2198 2827 2496 2898 rabilesque
2544 2828 2757 2884 divitias.
2803 2832 2951 2888 Unde
2979 2849 3107 2904 ergo
3145 2836 3243 2890 ista
3286 2843 3606 2908 paupertas?
3631 2844 3762 2909 Qui:

2197 2919 2518 2989 semetipsum
2558 2921 2829 2976 exinanivit
2867 2922 3080 2992 formant
3123 2928 3251 2980 servi
3295 2930 3541 2997 accipiens
3562 2972 3580 2995 ,
3616 2935 3672 2985 in
3700 2937 3766 2986 si-

2197 3008 2527 3062 militudinem
2578 3010 2831 3066 hominum
2882 3016 3079 3085 factus,
3130 3026 3176 3070 et
3224 3017 3396 3072 habitu
3432 3021 3665 3077 iuventus
3710 3034 3761 3076 ut

2198 3101 2368 3166 homo;
2400 3101 2675 3156 ltumiliavit
2696 3119 2748 3157 se
2767 3145 2781 3167 ,
2815 3107 2978 3174 factus
2999 3107 3228 3183 obediens
3248 3125 3402 3176 usque
3420 3112 3490 3164 ad
3510 3124 3723 3167 mortem
3744 3130 3764 3168 :

2197 3203 2254 3247 ut
2277 3193 2505 3259 diceret,
2537 3194 2841 3250 Introieruut
2870 3214 3015 3267 aqua:
3044 3216 3198 3269 usque
3237 3202 3306 3255 ad
3336 3204 3559 3257 animant
3582 3222 3762 3261 meam.

2197 3283 2345 3338 Adde
2367 3299 2524 3354 super
2546 3297 2765 3340 mortem
2792 3304 2805 3341 :
2831 3288 2951 3358 quid
2975 3290 3197 3359 amplius
3221 3290 3495 3348 additurus
3513 3296 3600 3349 es?
3622 3295 3767 3366 Igno-

2196 3374 2409 3428 miniam
2438 3377 2643 3430 mortis.
2673 3376 2794 3433 Ideo
2814 3383 3048 3448 sequitur
3075 3396 3087 3432 :
3118 3380 3332 3436 Mortem
3367 3393 3529 3438 autem
3551 3390 3719 3442 crucis
3743 3391 3767 3420 '

2200 3462 2470 3536 (Philipp.
2495 3484 2549 3533 ιι,
2579 3469 2611 3523 6
2645 3469 2722 3538 8).
2750 3469 2933 3541 Magna
2978 3474 3291 3542 paupertas!
3319 3475 3425 3531 Sed
3455 3476 3578 3532 hinc
3600 3490 3768 3534 erunt

2195 3572 2398 3628 magnae
2452 3558 2682 3626 divitia};
2732 3560 2854 3631 quia
2900 3563 3035 3617 sicut
3086 3564 3296 3634 impleta
3345 3574 3428 3621 est
3473 3579 3767 3637 paupertas

2195 3649 2330 3719 ejus,
2355 3650 2424 3704 ita
2451 3651 2810 3721 implebantur
2836 3664 2890 3709 et
2912 3654 3107 3710 divitiae
3134 3666 3330 3711 nostra:
3359 3657 3427 3713 de
3452 3671 3765 3729 paupertate

2196 3740 2380 3812 ipsius.
2407 3741 2639 3810 Quantas
2673 3742 2883 3799 divitias
2928 3745 3116 3813 habet,
3143 3756 3200 3801 ut
3227 3746 3294 3802 de
3316 3762 3408 3803 sua
3450 3763 3764 3819 paupertate

2194 3848 2291 3888 nos
2333 3835 2523 3890 divites
2564 3835 2790 3891 faceret!
2815 3837 3006 3905 Quales
3035 3855 3128 3893 nos
3163 3839 3398 3896 facturus
3417 3853 3502 3896 cst
3530 3843 3599 3898 de
3623 3844 3763 3898 divi-

2195 3922 2280 3978 tiis
2308 3926 2439 3989 suis,
2481 3942 2613 3996 quos
2639 3926 2827 3983 divites
2856 3928 2979 3983 fecit
3006 3928 3074 3984 de
3100 3941 3404 4001 paupertate
3427 3935 3556 3987 sua!

2264 4014 2314 4070 5.
2346 4013 2547 4084 Iit/imus
2575 4034 2684 4070 sum
2722 4018 2772 4070 in
2799 4019 2916 4072 limo
2941 4021 3202 4091 profundi,
3229 4030 3275 4074 et
3300 4039 3400 4075 non
3428 4032 3500 4077 cst
3526 4025 3765 4080 substan-

2193 4106 2282 4159 tia.
2313 4107 2623 4177 lntelligitur
2650 4109 2754 4161 alio
2800 4110 2955 4163 modo
2993 4110 3279 4165 substantia
3299 4153 3312 4177 ,
3346 4112 3471 4166 illud
3501 4117 3644 4184 quod
3670 4132 3767 4171 su-

2192 4213 2311 4253 mus
2334 4198 2586 4268 quidquid
2624 4215 2823 4254 sumus.
2854 4201 2957 4256 Sed
2998 4202 3096 4257 hoc
3124 4202 3189 4257 ad
3232 4203 3630 4274 intelligendum
3667 4209 3768 4263 ali-

2192 4297 2387 4359 quanto
2416 4288 2801 4356 cstdiflicilius,
2836 4307 3130 4363 quanquam
3160 4309 3245 4349 res
3273 4296 3477 4351 usitata:
3504 4298 3614 4352 sint
3634 4317 3650 4352 :
3669 4300 3767 4355 sed

2192 4379 2641 4449 quia'innsitatum
2674 4381 2890 4436 verbum
2917 4393 2993 4436 est
3011 4424 3025 4447 ,
3062 4383 3256 4454 indiget
3283 4388 3769 4445 commendationis

2192 4481 2244 4525 et
2272 4473 2616 4540 expositionis
2653 4473 3024 4543 aliquantulm;
3058 4477 3139 4529 cui
3172 4486 3347 4535 tamen
3378 4477 3421 4532 si
3452 4478 3765 4537 intenti‘fu-

2190 4563 2356 4626 eritis,
2383 4564 2619 4619 fortassis
2648 4565 2699 4619 iu
2727 4580 2788 4618 ea
2810 4582 2912 4623 non
2945 4565 3320 4621 laborabimus.
3342 4568 3549 4624 Dicitur
3576 4570 3766 4635 homo,

2192 4654 2383 4709 dicitur
2414 4671 2572 4724 pecus
2594 4698 2609 4722 ,
2654 4656 2844 4710 dicitur
2871 4653 3005 4711 terra
3035 4697 3050 4723 ,
3080 4657 3275 4712 dicitur
3300 4659 3497 4714 cadum
3524 4702 3538 4725 ,
3567 4661 3768 4719 dicitur

2193 4746 2308 4813 sol,
2339 4748 2455 4800 luna
2478 4789 2491 4813 ,
2539 4749 2669 4817 lapis
2691 4788 2704 4812 ,
2736 4763 2911 4815 mare,
2938 4764 3030 4803 aer
3057 4764 3072 4802 ε
3100 4750 3273 4804 omnia
3310 4751 3405 4804 ista
3450 4752 3768 4810 substantia

2192 4849 2339 4902 sunt,
2370 4853 2434 4892 eo
2456 4839 2567 4907 ipso
2610 4855 2715 4908 quo
2743 4850 2884 4893 sunt.
2917 4838 3124 4894 Naturae
3146 4841 3271 4911 ipse
3293 4882 3311 4909 ,
3341 4842 3656 4899 substantia:
3680 4849 3768 4901 di-

2191 4940 2400 4986 cuntur.
2426 4931 2565 4986 Deus
2590 4940 2671 4987 est
2698 4931 2935 4998 quiedant
2963 4932 3273 4999 SUbalilllliil;
3307 4950 3426 4988 nam
3449 4937 3592 5005 quod
3620 4940 3767 4992 nulla

2192 5024 2483 5099 substantia
2499 5032 2598 5085 est,
2620 5023 2744 5077 nihil
2763 5024 3089 5078 omninoest.
3108 5024 3405 5079 Substantia
3419 5041 3548 5097 ergo
3563 5028 3768 5099 aliquid

2192 5130 2311 5168 esse
2330 5124 2430 5168 est.
2462 5096 2612 5171 Unde
2637 5114 2792 5168 etiam
2820 5115 2871 5168 in
2900 5113 3027 5169 Fide
3050 5114 3326 5183 catholica,
3345 5127 3530 5172 contra
3559 5096 3771 5175 ven—cna

2193 5204 2534 5275 quorumdam
2557 5204 2921 5260 hmreticorum
2945 5206 3019 5260 sic
3048 5206 3369 5261 aedificantur
3385 5207 3427 5268 ',
3445 5218 3502 5262 ttt
3524 5210 3771 5264 dicamus

2194 5297 2422 5361 Patrem,
2440 5308 2491 5352 et
2505 5296 2715 5362 Filium,
2729 5307 2782 5351 et
2797 5296 3046 5366 Spiritum
3064 5307 3301 5351 sanetum
3317 5300 3471 5353 unius
3486 5315 3610 5355 esse
3632 5300 3763 5354 sui»

2193 5384 2566 5454 stantite.Quid
2587 5397 2686 5453 est,
2712 5388 2863 5441 unius
2888 5388 3204 5441 substantia?
3225 5387 3376 5444 Verbi
3396 5390 3562 5458 gratia
3584 5390 3655 5445 :si
3671 5405 3773 5443 au—

2195 5497 2310 5534 rum
2334 5490 2411 5532 est
2436 5481 2607 5542 I’ater,
2632 5476 2813 5533 aurum
2840 5488 2888 5532 et
2915 5477 3096 5544 Filius,
3112 5495 3295 5534 aurum
3312 5489 3365 5536 et
3387 5480 3621 5551 Spiritus
3643 5495 3776 5536 sats-

2257 5640 2272 5669 ¹
2313 5636 2511 5697 Aliquot,
2539 5643 2662 5693 Mss,
2687 5648 2749 5684 ex
2773 5635 2889 5696 ipso.

2256 5701 2277 5729 ²
2310 5695 2437 5755 ωγζ,
2456 5709 2630 5747 cruris.
2656 5705 2710 5745 At
2732 5695 2894 5746 etuti-ri
2917 5695 3046 5756 libri.
3068 5697 3250 5749 mortis.

2258 5760 2279 5793 ³
2310 5761 2379 5808 sic
2401 5765 2506 5807 Mss.
2534 5766 2585 5808 At
2607 5758 2741 5818 md,
2763 5757 3080 5821 (adificantus.
