4020 6198
217 299 221 308 ’
294 335 395 391 sts

299 461 436 500 ctus.
457 444 722 516 Quidquid
745 456 821 500 est
839 446 993 501 Pater
1006 446 1142 517 quod
1167 447 1299 500 Deus
1327 458 1427 510 est,
1445 448 1544 502 hoc
1561 448 1596 501 F
1602 449 1741 510 ilius,
1765 449 1863 503 hoc

293 539 519 605 Spiritus
545 549 776 592 sanctus.
809 538 940 592 Cum
969 549 1146 615 autem
1173 539 1326 592 Pater
1355 549 1453 601 est,
1485 555 1589 609 non
1618 540 1744 593 illud
1775 549 1856 594 est

291 630 431 698 quod
477 637 577 682 est.
609 627 762 681 Pater
786 629 924 682 enim
955 644 1053 680 non
1089 628 1152 681 ad
1181 644 1270 689 se,
1300 629 1392 682 sed
1415 629 1479 682 ad
1511 629 1700 683 Filium
1732 630 1865 706 dici-

293 732 379 772 tur
412 740 425 773 :
452 719 516 772 ad
555 735 614 774 se
643 729 816 772 autem
845 720 981 773 Deus
1019 719 1227 771 dicitur.
1261 719 1439 789 Itaque
1465 737 1528 773 eo
1554 722 1692 790 quod
1722 723 1860 775 licus

288 820 390 874 est,
426 810 525 862 hoc
550 810 663 878 ipso
691 810 977 862 substantia
1001 821 1098 863 est.
1127 810 1190 863 Et
1209 811 1328 879 quia
1357 811 1591 877 ejusdem
1617 812 1860 865 substan-

293 902 379 954 ti:e
410 899 593 961 Filius,
617 900 797 969 procul
826 899 983 953 dubio
1023 912 1072 954 ct
1101 900 1267 953 Filius
1295 901 1455 955 Deus.
1486 906 1553 955 At
1575 918 1699 956 vero
1720 905 1858 970 quod

294 993 450 1049 I’ater
492 1006 605 1057 est;
635 995 756 1060 quia
794 1009 896 1047 non
935 995 1242 1048 substantize
1272 1010 1461 1048 nomen
1492 1005 1572 1050 est
1595 1039 1608 1060 ,
1633 996 1726 1050 sed
1774 1013 1858 1050 rc-

292 1089 460 1142 l‘crtur
489 1087 553 1142 ad
575 1086 784 1148 Filium,
807 1103 908 1140 non
928 1088 1003 1141 sic
1029 1087 1252 1141 dicimus
1271 1088 1457 1143 Filium
1489 1089 1695 1143 Patrem
1717 1104 1854 1153 0550,

291 1178 556 1246 quomodo
585 1178 809 1232 dicimus
832 1179 1019 1232 Filium
1059 1179 1220 1232 Deum
1249 1196 1383 1234 esse.
1409 1181 1614 1248 Quau'is
1641 1181 1762 1249 quid
1790 1182 1860 1236 sit

292 1273 445 1326 I'ater
476 1288 489 1324 :
523 1270 864 1339 respondetur
887 1314 900 1334 ,
934 1271 1088 1326 Deus.
1135 1273 1339 1340 Quaeris
1376 1274 1498 1344 quid
1542 1275 1610 1327 sit
1652 1275 1852 1328 Filius:

291 1362 657 1430 respondetur,
677 1361 832 1415 Deus.
857 1362 1060 1428 Quaeris
1078 1363 1200 1433 quid
1223 1364 1292 1418 sit
1319 1363 1472 1419 Pater
1492 1376 1543 1420 et
1562 1366 1749 1420 Filius:
1774 1383 1856 1422 rc-

289 1454 610 1523 spondetur,
639 1455 792 1507 Deus.
844 1454 918 1508 De
945 1455 1058 1509 solo
1106 1457 1260 1511 Patre
1287 1457 1655 1529 interrogatus,
1693 1461 1854 1516 Deum

291 1544 550 1614 HESpOtttle
581 1562 593 1597 :
625 1545 689 1599 de
727 1546 840 1599 solo
868 1544 1000 1599 Filio
1038 1547 1413 1618 interrogatus,
1446 1551 1608 1605 Deum
1637 1566 1856 1619 respon-

289 1637 356 1688 de
390 1636 494 1689 :de
543 1645 761 1704 utroque
815 1635 1164 1706 interrogatus
1186 1679 1202 1702 ,
1236 1655 1338 1693 non
1378 1640 1534 1704 deos,
1567 1640 1659 1695 scd
1691 1642 1854 1694 Deum

290 1726 570 1796 responde.
615 1725 727 1779 Non
776 1727 912 1781 sicut
943 1727 992 1780 iu
1043 1727 1363 1783 hominibus.
1403 1731 1608 1797 Quatris
1642 1721 1772 1802 quid.
1789 1733 1854 1786 sit

291 1827 436 1883 pater
463 1816 725 1869 Abraham
760 1829 773 1870 :‘
803 1818 1168 1886 respondetur,
1204 1819 1393 1886 Homo;
1423 1821 1712 1877 substantia
1741 1823 1855 1892 ejus

287 1908 652 1977 respondetur.
708 1909 912 1977 Quart-is
941 1911 1066 1981 quid
1112 1914 1177 1966 sit
1217 1912 1355 1966 ﬁlius
1395 1913 1510 1982 ejus
1550 1914 1736 1969 Isaac:
1773 1931 1854 1969 re-

287 2000 606 2068 t-‘pOtttlclttr,
637 2000 842 2065 Ilomo;
873 2002 1107 2070 ejusdem
1151 2005 1456 2059 substantia:
1485 2007 1747 2060 Abraham
1800 2017 1853 2060 et

288 2092 450 2146 Isaac.
479 2092 680 2159 Qua-ris
707 2093 830 2162 quid
856 2094 1216 2148 sit.Ahraham
1243 2104 1297 2149 et
1318 2096 1461 2151 Isaac
1483 2116 1494 2145 :
1515 2112 1618 2150 non
1643 2112 1853 2164 respon-

285 2183 459 2245 detur,
489 2183 675 2246 llomo;
700 2184 789 2237 sed
817 2185 1084 2240 Homines.
1116 2186 1228 2241 Non
1256 2187 1331 2240 sic
1357 2188 1408 2241 in
1449 2187 1659 2242 divinis.
1686 2189 1851 2242 Tanta

285 2273 424 2324 enim
460 2273 526 2325 ibi
559 2282 636 2327 est
659 2273 964 2332 substantia:
990 2277 1250 2342 societas,
1285 2287 1341 2331 ut
1370 2279 1724 2348 {l‘tllltilllalcm
1756 2280 1849 2332 ad-

285 2363 496 2423 mittat,
530 2363 876 2431 pluralitatetn
926 2382 1028 2419 non
1059 2366 1318 2422 admittat.
1374 2369 1429 2423 Si
1477 2385 1603 2439 ergo
1651 2372 1738 2425 tibi
1773 2372 1850 2422 di-

282 2466 423 2507 ctum
475 2455 658 2523 fuerit,
689 2457 818 2511 Cum
844 2456 976 2512 dicis
992 2459 1146 2535 "mihi
1191 2460 1382 2514 Filium
1417 2462 1514 2517 hoe
1553 2479 1670 2516 esse
1710 2464 1851 2532 quod

286 2547 439 2600 l’atcr
485 2557 566 2602 est
591 2588 606 2614 ,
636 2549 870 2617 profecto
914 2559 967 2604 et
991 2535 1154 2606 Filius
1188 2552 1342 2606 I’ater
1385 2564 1500 2621 est;
1542 2557 1846 2624 responde:

281 2637 578 2690 Secundum
598 2639 941 2693 substantiam
970 2640 1061 2694 tibi
1083 2640 1190 2695 dixi
1225 2641 1322 2697 hoc
1350 2658 1470 2698 esse
1495 2644 1682 2698 Filium
1707 2647 1847 2715 quod

282 2727 436 2781 l‘atcr
463 2738 544 2782 est
564 2770 578 2792 ,
604 2745 704 2782 non
736 2731 1023 2784 secundum
1057 2732 1106 2786 id
1137 2733 1275 2802 quod
1323 2735 1388 2788 ad
1418 2735 1558 2814 aliud
1588 2738 1604 2768 ⁸
1630 2738 1843 2792 dicitur.

281 2820 359 2872 Ad
393 2836 448 2874 se
487 2823 626 2875 enim
660 2822 795 2877 Deus
823 2823 1032 2889 dicitur,
1062 2824 1128 2878 ad
1158 2825 1364 2879 Patrem
1414 2826 1581 2882 Filius
1632 2823 1843 2883 dicitur.

280 2910 584 2980 lim-susque
611 2911 766 2966 Pater
791 2912 856 2966 ad
883 2929 941 2968 se
973 2914 1110 2968 Deus
1134 2915 1344 2982 dicitur,
1372 2917 1436 2971 ad
1476 2917 1665 2972 Filium
1693 2919 1848 2976 Pater

275 3003 488 3056 dicitur.
521 3005 670 3072 Quod
697 3005 889 3060 dicitur
911 3006 977 3060 ad
998 3005 1188 3062 Filium
1213 3009 1387 3074 Pater,
1412 3025 1516 3064 non
1543 3021 1626 3066 est
1650 3012 1842 3068 Filius:

277 3093 419 3162 quod
448 3095 638 3149 dicitur
660 3095 824 3151 Filius
846 3097 921 3150 ad
954 3097 1161 3154 Patrem
1186 3141 1200 3164 ,
1233 3115 1338 3154 non
1366 3098 1448 3155 est
1473 3102 1629 3156 Pater
1661 3122 1674 3158 :
1704 3107 1842 3174 quod

275 3187 468 3252 dicitur
490 3188 554 3240 ad
586 3205 642 3242 se
666 3189 849 3255 Pater,
881 3200 935 3245 ct
960 3191 1124 3246 Filius
1153 3193 1218 3246 ad
1247 3209 1334 3257 se,
1371 3194 1470 3249 hoc
1499 3206 1580 3250 est
1606 3197 1763 3252 Pater
1791 3209 1842 3254 et

274 3275 441 3329 Filius
465 3318 480 3342 ,
515 3277 563 3332 id
589 3289 670 3333 est
700 3280 855 3333 Deus.
876 3281 1018 3346 .Quid
1048 3291 1129 3337 est
1168 3298 1326 3354 ergo,
1357 3301 1457 3338 non
1500 3295 1570 3339 est
1613 3293 1844 3342 substan-

273 3367 387 3420 tia?
432 3369 732 3424 Secundum
762 3371 900 3425 hunc
947 3373 1266 3428 intellectum
1318 3377 1664 3442 substantia},
1714 3396 1841 3450 quo-

272 3458 430 3511 modo
451 3461 739 3527 poterimus
768 3462 1055 3529 intelligere
1085 3465 1238 3520 istam
1261 3466 1455 3522 Psalmi
1482 3473 1795 3525 sententiam
1824 3492 1834 3526 :

271 3545 472 3615 lnﬁxus
519 3567 628 3602 sum
679 3553 730 3604 in
780 3553 898 3605 limo
924 3556 1200 3625 profundi,
1232 3567 1397 3611 etnon
1422 3569 1492 3611 est
1516 3561 1842 3615 substantia?

274 3636 409 3690 licus
440 3638 563 3692 fecit
593 3639 898 3706 hominem;
929 3645 1272 3700 substantiam
1329 3647 1450 3702 fecit
1483 3668 1494 3701 :
1527 3661 1684 3719 atque
1737 3655 1840 3706 uti-

270 3745 392 3780 nam
417 3742 653 3784 maneret
677 3732 728 3784 iu
746 3748 810 3786 eo
831 3734 969 3799 quod
1002 3735 1139 3789 Deus
1161 3738 1282 3790 fecit
1302 3739 1314 3791 !
1338 3739 1390 3792 Si
1417 3751 1655 3794 maneret
1682 3742 1839 3797 homo

268 3816 408 3869 ineo
434 3819 570 3887 quod
603 3821 738 3875 Deus
767 3821 918 3886 fecit,
949 3839 1050 3878 non
1069 3827 1090 3856 ²
1116 3827 1166 3880 iu
1191 3827 1279 3880 illo
1305 3829 1496 3884 inﬁxus
1521 3845 1660 3886 esset
1683 3849 1837 3902 quem

267 3906 410 3960 Deus
435 3910 629 3976 genuit.
656 3911 820 3964 Porro
845 3922 1018 3967 autem
1047 3915 1164 3985 quia
1206 3933 1300 3987 per
1324 3918 1651 3989 iniquitatem
1682 3923 1839 3980 homo

266 3998 444 4064 lapsus
481 4010 561 4052 est
606 4015 632 4051 a
680 4002 968 4056 substantia
998 4004 1046 4056 in
1078 4022 1176 4073 qua
1232 4006 1397 4062 factus
1435 4019 1515 4064 est
1560 4011 1839 4084 (iniquitas

264 4091 461 4159 quippe
494 4091 602 4159 ipsa
636 4109 738 4146 non
779 4103 861 4153 est
906 4097 1230 4164 substantia;
1260 4116 1365 4154 noti
1408 4103 1546 4158 enim
1593 4105 1838 4178 iniquitas

265 4193 345 4235 est
374 4194 554 4237 natura
580 4200 735 4253 quant
764 4186 1005 4241 formavit
1035 4189 1190 4256 Deus,
1215 4191 1305 4245 sed
1336 4193 1581 4264 iniquitas
1602 4207 1683 4250 est
1713 4214 1835 4267 per-

266 4275 487 4326 versitas
509 4290 663 4345 quam
689 4275 811 4331 fecit
836 4277 1013 4351 homo)
1044 4298 1057 4333 :
1081 4283 1226 4337 venit
1253 4283 1417 4338 Filius
1441 4286 1532 4340 Dei
1562 4288 1626 4342 ad
1655 4289 1834 4362 limum

265 4364 548 4432 profundi,
576 4376 630 4420 et
675 4368 862 4423 inﬁxus
887 4381 1002 4434 est;
1051 4383 1103 4427 et
1152 4390 1253 4428 non
1286 4386 1399 4431 erat
1444 4380 1734 4434 substantia
1784 4383 1836 4435 in

263 4469 365 4521 qua
401 4456 590 4509 inﬁxus
613 4466 713 4520 est;
742 4460 858 4527 quia
887 4461 935 4512 in
969 4461 1239 4531 iniquitate
1269 4465 1478 4520 illorum
1513 4470 1704 4525 inﬁxus
1731 4483 1832 4527 est.

263 4544 290 4597 1
302 4549 468 4612 nﬁa'us
487 4565 597 4600 sum
611 4550 659 4602 in
673 4550 792 4603 limo
805 4555 1064 4622 profundi,
1082 4564 1124 4607 et
1143 4573 1239 4610 non
1257 4560 1630 4614 estsubstantia.
1649 4563 1833 4618 Omnia

263 4653 358 4704 per
375 4637 542 4705 ipsum
561 4638 695 4694 facta
718 4651 860 4706 sunt,
877 4654 927 4696 et
943 4645 1055 4698 sine
1071 4646 1184 4713 ipso
1201 4647 1392 4702 factum
1408 4661 1489 4704 est
1512 4653 1635 4706 nihil
1657 4655 1831 4724 (Joan.

261 4741 301 4792 ι,
321 4727 393 4791 5).
420 4727 628 4782 Natura:
643 4745 828 4784 omnes
847 4748 939 4800 per
957 4734 1124 4802 ipsum
1149 4739 1297 4791 laeta:
1312 4750 1433 4793 sunt
1448 4757 1460 4792 :
1478 4742 1732 4811 iniquitas,
1742 4762 1834 4813 per

260 4817 432 4883 ipsum
456 4819 588 4872 facta
607 4835 709 4873 non
731 4831 830 4885 est,
851 4824 1230 4895 quiaiuiquitas
1259 4830 1392 4884 facta
1419 4849 1521 4886 non
1551 4836 1685 4888 est’.
1705 4837 1832 4892 Sub-

255 4909 467 4961 stantite
498 4909 600 4962 illa:
632 4927 723 4978 per
751 4927 870 4965 cum
901 4913 1048 4968 facta:
1084 4929 1208 4971 sunt
1253 4937 1368 4988 qure
1425 4922 1638 4979 laudant
1685 4943 1826 4981 eum.

259 4999 521 5054 Universa
559 5011 795 5055 creatura
827 5004 1046 5059 laudans
1077 5008 1239 5061 Deum
1266 5051 1279 5072 ,
1307 5027 1336 5064 a
1365 5014 1530 5068 tribus
1561 5018 1734 5082 pueris
1777 5019 1828 5072 in

253 5091 466 5143 camino
496 5106 956 5159 commemoratur;
984 5107 1036 5151 et
1060 5116 1089 5150 a
1121 5103 1343 5155 terrenis
1367 5105 1430 5156 ad
1460 5107 1716 5176 cwlestia,
1746 5113 1828 5166 vel

253 5197 281 5231 ει
304 5180 606 5233 υαξῐοδῑὶιηιε
623 5184 687 5234 ad
709 5193 914 5237 terrena
936 5184 1160 5256 hymnus
1181 5189 1502 5247 laudantium
1525 5197 1684 5251 Deum
1715 5216 1834 5266 per“

253 5274 400 5325 venit
443 5271 599 5342 (Dan.
654 5277 993 5348 tu,‘.ZI-90).
1048 5279 1160 5332 Non
1196 5299 1301 5350 quo
1357 5300 1542 5341 cuncta
1593 5291 1691 5345 ista
1740 5293 1830 5345 iia-

257 5363 413 5417 lteant
438 5379 650 5418 sensum
675 5367 937 5434 laudandi;
964 5371 1055 5425 sed
1077 5375 1198 5442 quia
1229 5387 1415 5432 cuncta
1443 5381 1576 5436 bene
1603 5389 1824 5455 cogitata

321 5475 331 5502 ’
374 5481 502 5522 tinus
524 5479 773 5526 Beccensis
794 5486 894 5538 Ms,
926 5481 990 5530 ad
1013 5481 1176 5533 alium.

257 5601 276 5642 ι
320 5538 344 5603 ⁵.
375 5537 501 5644 aliiud
525 5543 631 5585 Lor.
676 5537 908 5590 omittitur
924 5545 1170 5607 panicula,
1203 5560 1311 5609 non,
1337 5565 1446 5613 qua:
1471 5566 1629 5608 exstat
1661 5562 1709 5609 iu
1732 5577 1826 5613 cac-

279 5609 376 5642 crts
415 5611 542 5647 uris.

463 5629 475 5645 ι
487 5627 542 5646 Δδο

322 5657 341 5687 ³
374 5658 588 5745 ζέφιιιιιμὶ
612 5667 714 5710 Mss.
745 5666 973 5745 oltnittunt
991 5668 1092 5745 haec
1111 5672 1287 5745 .ve‘rba,
1313 5673 1426 5745 quia
1457 5678 1680 5745 uitauit/Is
1701 5686 1827 5745 facta

255 5728 349 5765 non
369 5727 437 5828 ei!
505 5731 554 5771 et
579 5739 744 5774 eorum
770 5725 873 5776 loco
895 5731 1085 5792 quidam
1110 5725 1308 5794 habent.
1325 5725 1442 5799 fqaia
1460 5725 1824 5806 ⁷ίιέἒένξίίιᾶ.ςίἦᾶἦ

255 5787 325 5827 est
347 5793 399 5827 δι(
420 5794 453 5825 ιδ
476 5795 619 5830 .mtm.

253 5790 325 5827 8δὶ
347 5790 619 5834 δι.ἰιδι.έηιι.ίι.

1343 332 1734 393 ΕΝΛΒῙΚΛΤΙΟ
1768 338 1830 392 IN
1871 340 2188 398 PSALMUM
2218 343 2448 401 LXVIII.
2841 406 2844 409 _
2984 381 3008 413 ,_.

3443 351 3546 412 816

1975 448 2181 505 laudem
2210 454 2449 522 pariunt,
2478 465 2530 512 et
2557 458 2802 528 impletur
2821 475 2915 517 eor
2942 465 3364 524 consideratione
3384 487 3543 548 crea-

1973 551 2103 597 tura:
2128 545 2192 598 ad
2220 549 2562 603 eructandum
2592 550 2846 622 hymnum
2873 554 3124 610 Creatori.
3154 559 3395 616 Laudant
3423 545 3540 618 om".-

1969 633 2054 685 nia
2078 633 2260 701 Deum,
2282 636 2386 690 .sed
2404 654 2522 707 qua:
2548 639 2671 695 fecit
2692 644 2848 699 Deus.
2875 645 3135 717 Numquid
3159 651 3208 703 in
3225 651 3314 705 illo
3338 654 3537 723 hymno

1968 722 2267 779 advertistis
2287 727 2425 796 quod
2437 730 2649 784 avaritia
2669 732 2844 788 laudet
2864 736 3050 791 Deum?
3064 739 3261 794 Laudat
3278 743 3346 796 ibi
3369 722 3544 800 Deum‘

1966 821 2019 866 et
2034 829 2268 882 serpens;
2287 818 2506 873 avaritia
2534 823 2636 876 non
2657 823 2849 879 laudat.
2871 826 3056 883 Omnia
3083 832 3276 900 quippe
3294 836 3529 902 repentia

1967 904 2232 958 nominata
2261 906 2328 960 ibi
2357 919 2480 962 sunt
2501 910 2550 964 in
2579 913 2730 968 laude
2758 915 2848 969 Dei
2873 935 2884 968 :
2910 919 3176 974 nominata
3209 931 3332 977 sunt
3359 927 3538 1002 Omnia

1965 995 2218 1061 tepentia;
2243 997 2336 1051 sed
2367 1014 2470 1053 non
2497 1011 2623 1055 sunt
2653 1004 2722 1058 ibi
2753 1008 3019 1062 nominata
3048 995 3536 1084 aliqua_viti:t.Vitia

1964 1085 2102 1138 enim
2127 1101 2190 1140 ex
2215 1089 2364 1143 nobis
2391 1101 2441 1144 et
2469 1107 2532 1145 ex
2557 1105 2733 1149 nostra
2759 1097 3024 1155 voluntate
3046 1102 3320 1171 habemus;
3339 1116 3392 1161 et
3412 1107 3535 1163 vitia

1963 1190 2065 1227 non
2113 1186 2236 1231 sunt
2289 1181 2599 1238 substantia.
2648 1185 2704 1240 In
2753 1187 2836 1242 his
2880 1190 3072 1246 inﬁxus
3111 1204 3192 1248 est
3244 1197 3534 1264 Dominus,

1960 1267 2170 1334 quando
2221 1273 2633 1337 persecutionem
2677 1291 2864 1347 passus
2906 1289 3024 1346 est;
3057 1283 3108 1336 in
3153 1285 3279 1339 vitio
3327 1287 3533 1342 Iudaeo.

1962 1372 2098 1418 rum,
2134 1374 2236 1413 non
2269 1361 2317 1413 in
2345 1363 2638 1419 substantia
2666 1367 2933 1422 hominum
2966 1388 3083 1440 qua}
3106 1391 3198 1443 per
3221 1376 3366 1432 illum
3398 1378 3532 1435 facta

1960 1457 2060 1500 est.
2091 1447 2290 1517 Inﬁxus
2310 1469 2449 1517 sum,
2479 1455 2667 1525 inquit,
2699 1458 2751 1512 in
2783 1459 2901 1514 limo
2947 1465 3222 1536 profundi,
3254 1479 3301 1521 et
3328 1486 3426 1523 non
3464 1481 3538 1525 est

1959 1541 2252 1593 substantia.
2282 1543 2475 1599 Inﬁxus
2504 1562 2640 1614 sum,
2665 1559 2718 1603 et
2743 1567 2845 1605 non
2878 1554 3054 1608 inveni
3083 1557 3219 1626 quod
3257 1558 3374 1613 feci.

2030 1631 2080 1685 6.
2137 1631 2255 1686 Veni
2279 1638 2329 1688 in
2361 1638 2673 1693 altitudinem
2703 1644 2874 1710 maris,
2924 1655 2968 1698 et
3003 1657 3267 1718 tempestas
3295 1651 3528 1707 demersit

1959 1737 2054 1772 me.
2078 1722 2288 1781 Gratias
2316 1727 2479 1796 ipsius
2507 1733 2882 1789 misericordia:
2919 1738 3006 1806 qui
3037 1741 3177 1794 venit
3207 1742 3260 1796 itt
3301 1744 3537 1800 altitudi—

1960 1828 2080 1866 nem
2112 1817 2292 1883 maris,
2317 1830 2368 1872 et
2397 1821 2572 1890 glutiri
2595 1839 2626 1877 a
2651 1825 2855 1881 marino
2875 1839 2992 1883 ceto
3018 1830 3260 1901 dignatus
3285 1844 3366 1890 est
3393 1853 3406 1889 :
3438 1839 3533 1893 sed

1958 1905 2221 1958 evomitus
2237 1918 2317 1961 est
2339 1913 2494 1965 tertio
2514 1912 2600 1968 die
2632 1914 2843 1986 (Matth.
2876 1933 2968 1980 xu,
3000 1920 3111 1993 40).
3148 1922 3302 1978 Venit
3328 1925 3379 1979 in
3409 1926 3534 1982 alti-

1959 1994 2191 2050 tudinem
2222 2000 2400 2064 maris,
2422 2001 2588 2072 inqua
2611 2005 2886 2062 altitudine
2908 2025 3005 2064 nos
3031 2011 3270 2082 depressi
3295 2031 3530 2081 eramus,

1957 2083 2008 2136 in
2048 2101 2148 2155 qua
2176 2088 2451 2147 altitudine
2477 2099 2915 2169 nosnaul'ragium
2945 2104 3084 2169 passi
3110 2120 3358 2162 eramus:
3387 2111 3535 2166 venit

1957 2176 2079 2230 illuc
2107 2179 2237 2247 ipse,
2273 2195 2326 2236 et
2356 2193 2643 2253 tempestas
2670 2187 2925 2245 demersit
2952 2192 3094 2259 illum
3121 2211 3134 2258 ;
3177 2197 3298 2266 quia
3342 2198 3534 2255 ﬂuctus

1957 2265 2026 2318 ibi
2055 2283 2238 2333 passus
2268 2282 2368 2337 est,
2403 2275 2544 2342 ipsos
2574 2277 2813 2333 homines
2839 2297 2852 2340 ;
2888 2291 3246 2352 tempestates,
3273 2303 3431 2344 voces
3451 2289 3534 2345 di-

1914 2367 1929 2377 ’
1956 2356 2208 2430 ('cnlittttt,
2238 2358 2508 2429 Cruci/iga,
2537 2366 2791 2436 cruci/iga.
2827 2369 3044 2425 Dicente
3075 2373 3262 2441 Pilato,
3299 2375 3419 2431 Non
3446 2380 3533 2433 in-

1955 2445 2094 2495 venio
2115 2461 2321 2500 causam
2344 2451 2500 2503 ullam
2527 2453 2577 2506 in
2605 2455 2698 2507 hoc
2719 2458 2917 2511 homine
2938 2479 3093 2526 quare
3113 2467 3416 2522 occidendus
3442 2472 3530 2537 sit,

1955 2536 2345 2594 invalescebant
2388 2527 2554 2599 voces
2597 2546 2918 2615 dicentium,
2967 2553 3249 2626 Cruci/ige,
3290 2563 3528 2634 cruci/iga

1955 2625 2130 2693 (Joan.
2166 2646 2274 2696 xix,
2307 2632 2384 2703 ti).
2433 2635 2735 2705 Augebatur
2763 2650 3066 2711 tempestas,
3115 2647 3284 2704 donec
3317 2625 3530 2708 demer-

1951 2728 2165 2784 geretur
2200 2723 2287 2788 qui
2317 2735 2533 2778 venerat
2579 2727 2628 2780 in
2658 2729 2987 2786 altitudinem
3031 2737 3211 2792 maris.
3243 2739 3312 2793 Et
3345 2757 3533 2810 passus

1927 2817 2035 2860 :est
2079 2809 2331 2867 Dominus
2380 2816 2518 2872 inter
2557 2835 2746 2875 manus
2770 2822 3093 2892 .ludatorum,
3143 2831 3282 2900 quod
3324 2850 3426 2889 non
3450 2846 3531 2893 est

1955 2910 2140 2963 passus
2162 2917 2280 2956 cum
2315 2920 2475 2975 super
2502 2923 2666 2977 aquas
2692 2913 2987 2970 ambularet
3016 2917 3226 2989 (Matth.
3259 2939 3367 2990 xw,
3396 2925 3527 2996 25);

1952 2991 2218 3055 quodnon
2247 2997 2414 3049 solum
2443 2999 2554 3065 ipse
2575 3015 2762 3068 passus
2782 3015 2884 3060 non
2909 3018 3043 3073 erat,
3073 3011 3164 3066 sed
3195 3030 3289 3068 nec
3314 2991 3527 3073 Petrum

1951 3083 2056 3150 pati
2085 3086 2416 3150 permiserat.
2462 3088 2582 3144 Veni
2616 3093 2668 3145 in
2709 3095 3025 3152 altitudinem
3051 3105 3224 3171 maris,
3268 3116 3312 3159 et
3337 3117 3523 3179 tempe-

1948 3184 2054 3226 stas
2083 3176 2316 3231 demersit
2343 3197 2437 3234 me.
3206 3193 3208 3196 ’

2021 3268 2071 3320 7.
2115 3266 2260 3340 [vers
2294 3271 2370 3346 4.]
2418 3273 2662 3330 Laboravi
2705 3282 2972 3350 clamans;
3019 3303 3186 3340 rauca:
3225 3295 3376 3360 factm
3412 3303 3530 3349 sunt

1948 3359 2116 3425 fauces
2162 3378 2299 3414 mete.
2356 3364 2464 3418 lloc
2514 3369 2641 3422 ubi?
2682 3369 2783 3425 hoc
2831 3376 3082 3442 quando?
3135 3377 3524 3451 lntcrrogetnus

1947 3447 2312 3519 Evangeliunt.
2347 3455 2654 3513 Passionem
2683 3462 2876 3532 quippe
2907 3465 3114 3521 Domini
3144 3473 3308 3526 nostri
3339 3474 3390 3527 itt
3422 3475 3523 3531 Itoc

1947 3541 2149 3606 pstilan
2189 3547 2577 3612 cognoscimus.
2628 3550 2690 3602 Et
2725 3554 2935 3620 quidem
2966 3572 3175 3624 passum
3213 3578 3334 3616 eum
3369 3568 3522 3621 novi-

1946 3645 2064 3682 mus
2089 3646 2104 3694 ;
2139 3631 2365 3688 intrasse
2387 3651 2550 3704 aquas
2577 3655 2742 3709 usque
2770 3642 2836 3696 ad
2858 3646 3086 3701 animam
3118 3650 3249 3719 ejus,
3276 3654 3398 3723 quia
3425 3671 3520 3726 po-

1946 3723 2052 3789 puli
2101 3727 2490 3791 prazvaluerunt
2531 3745 2697 3800 usque
2732 3733 2797 3786 ad
2833 3748 3058 3795 mortem
3086 3741 3222 3810 ejus,
3269 3745 3514 3816 legimus,

1943 3812 2238 3877 credimus;
2296 3825 2607 3884 tempestate
2655 3821 2803 3875 illum
2847 3824 3147 3884 demersum
3201 3812 3342 3902 esse,
3389 3841 3512 3908 quia

1944 3903 2218 3969 praivaluit
2254 3905 2442 3960 seditio
2485 3909 2550 3964 ad
2581 3927 2701 3965 eum
2728 3915 3098 3982 occidendum,
3131 3929 3466 3993 agnoscimus
3495 3951 3510 3986 :

1944 4005 2126 4046 verum
2173 4004 2226 4048 et
2266 3996 2534 4054 laborasse
2560 4018 2680 4056 eutn
2717 4004 3011 4074 clamando,
3050 4023 3103 4066 et
3140 4007 3519 4078 raucas‘l'actas

1944 4098 2062 4139 esse
2087 4084 2267 4142 fauces
2305 4089 2464 4156 illius,
2496 4109 2600 4146 non
2629 4096 2801 4151 solum
2831 4115 2933 4153 non
2956 4101 3194 4173 legimus,
3239 4110 3328 4163 sed
3357 4114 3515 4167 etiam

1943 4187 2124 4230 contra
2156 4178 2406 4248 legimus,
2425 4183 2544 4252 quia
2569 4203 2675 4240 non
2706 4191 3062 4259 respondebat
3088 4197 3166 4251 eis
3192 4201 3430 4266 verbum,
3459 4217 3518 4259 ut

1944 4268 2251 4337 impleretur
2289 4273 2428 4342 quod
2462 4275 2511 4329 in
2553 4278 2658 4332 alio
2701 4271 2905 4349 psalmo
2944 4286 3142 4344 dictum
3184 4303 3285 4359 cst,
3327 4295 3516 4353 Factus

1941 4374 2050 4410 sum
2076 4361 2217 4428 quasi
2239 4362 2386 4416 homo
2412 4382 2512 4420 non
2535 4368 2765 4435 audiens,
2790 4383 2834 4426 et
2863 4391 2962 4429 non
2985 4379 3169 4434 habens
3207 4384 3259 4435 in
3302 4403 3388 4439 ore
3425 4405 3516 4442 suo

1941 4446 2315 4517 redargutiones
2359 4452 2526 4522 (I’saI.
2579 4475 2776 4522 xxxvu,
2825 4465 2950 4534 15);
3010 4478 3064 4523 et
3105 4473 3242 4539 quod
3290 4476 3338 4528 in
3387 4479 3513 4534 Isaia

1943 4536 2310 4604 prophetatum
2360 4553 2461 4608 est,
2506 4545 2652 4600 Sicut
2689 4552 2793 4604 ovis
2825 4555 2895 4605 ad
2933 4536 3295 4616 immoldndum
3335 4567 3513 4624 ductus

1939 4638 2032 4691 est,
2057 4637 2101 4680 et
2125 4629 2252 4682 sicut
2272 4648 2432 4702 agnus
2463 4651 2633 4690 coram
2664 4643 2898 4698 tondente
2922 4663 2992 4710 se,
3025 4649 3094 4714 sic
3117 4668 3214 4705 non
3239 4661 3432 4725 aperuit
3461 4680 3516 4717 os

1939 4732 2086 4769 suum
2123 4717 2275 4787 (Isai.
2300 4739 2409 4791 Lut,
2439 4725 2514 4795 7).
2544 4727 2598 4783 Si
2628 4729 2797 4786 factus
2833 4743 2916 4788 est
2939 4737 3074 4791 sicut
3100 4739 3258 4796 homo
3282 4762 3387 4801 non
3418 4768 3515 4804 an-

1940 4806 2111 4873 dicns,
2167 4821 2222 4865 et
2280 4829 2384 4867 non
2440 4816 2642 4874 habens
2690 4822 2742 4876 in
2792 4841 2886 4879 ore
2947 4842 3044 4883 suo
3092 4834 3508 4909 t'cdargntimms,

1937 4902 2202 4966 quomodo
2262 4906 2520 4964 laboravit
2560 4912 2829 4983 clamans,
2880 4929 2934 4973 et
2983 4937 3154 4978 rauca:
3195 4927 3346 4985 facta:
3390 4948 3513 4989 sunt

1939 4989 2118 5045 fauces
2143 4993 2300 5062 ejus?
2354 4999 2436 5052 An
2467 5000 2587 5056 ideo
2607 5004 2717 5071 jam
2749 5015 2872 5062 tunc
2911 5013 3132 5081 tacebat,
3165 5021 3282 5086 quia
3324 5039 3514 5081 raucus

1937 5091 2070 5144 erat,
2103 5085 2190 5152 qui
2233 5087 2348 5141 sine
2393 5104 2548 5145 eausa
2601 5103 2805 5149 tantum
2855 5085 3213 5171 clamavcrati?
3261 5111 3328 5165 Et
3365 5115 3509 5170 illam

1936 5172 2147 5239 quidem
2181 5178 2295 5244 ejus
2322 5195 2505 5236 vocem
2534 5183 2601 5238 de
2624 5188 2825 5254 psalmo
2841 5192 3065 5259 quodam
3090 5197 3140 5250 in
3171 5215 3328 5259 cruce
3356 5191 3510 5260 notri-

1937 5277 2054 5315 tuus
2089 5281 2100 5314 :
2136 5264 2292 5330 Deus,
2321 5267 2460 5324 Deus
2489 5289 2646 5339 meus,
2693 5279 2868 5346 utquid
2902 5299 2980 5338 me
3005 5287 3310 5359 dereliquisti
3336 5293 3503 5364 (Psal.

1935 5368 2044 5414 x-xt,
2072 5354 2172 5424 2)?
2203 5357 2308 5411 Sed
2333 5373 2528 5430 quanta
2553 5365 2639 5419 illa
2670 5384 2767 5423 vox
2799 5371 2910 5438 I'uit,
2940 5388 3029 5430 aut
3051 5354 3206 5448 quam
3231 5354 3500 5455 diuturna,

1936 5457 1992 5496 ut
2021 5445 2069 5498 in
2093 5455 2152 5500 ea
2182 5464 2354 5504 rauca:
2377 5453 2524 5510 facta:
2544 5471 2723 5513 essent
2749 5461 2926 5520 fauces
2942 5468 3098 5537 ejus?
3120 5474 3214 5528 Diu
3239 5477 3503 5546 clamavit,

1945 5531 2033 5586 l’a’
2059 5537 2415 5605 vobisscn'bte,
2453 5554 2499 5597 ct
2525 5545 2775 5604 Pharis-(ei
2808 5531 3020 5624 (Matth.
3052 5576 3200 5625 χχιιι,
3245 5566 3331 5631 l5,

1934 5623 2022 5676 diu
2052 5627 2315 5695 clamavit,
2363 5631 2450 5687 Va:
2486 5640 2671 5693 mundo
2717 5643 2777 5694 ab
2820 5623 3072 5702 scandatis
3102 5623 3208 5718 (Idi.
3243 5623 3393 5724 xvitt,

1935 5712 2003 5766 Et
2033 5731 2211 5771 revera
2233 5726 2498 5788 quomodo
2521 5744 2716 5786 raucus
2743 5733 3024 5800 clamabat,
3056 5751 3108 5793 ct
3137 5742 3254 5797 ideo
3275 5763 3378 5803 ttott
3422 5753 3502 5806 in-

1937 5805 2285 5882 telligebatur,
2318 5817 2527 5886 quando
2556 5821 2799 5876 dicebant
2837 5824 3001 5880 Jud.ci
3037 5845 3048 5880 :
3102 5831 3236 5895 Quid
3267 5850 3338 5891 est
3370 5844 3502 5910 quod
