4020 6198
462 315 583 373 Ἦῗ

479 429 640 484 dicit?
681 427 846 481 Durus
883 434 951 479 est
990 424 1067 479 hic
1103 439 1299 489 sermo;
1326 425 1437 495 quis
1462 435 1619 495 potest
1643 426 1787 480 illum
1819 426 1993 479 audire
2017 424 2043 478 !

482 519 602 575 Non
656 520 837 573 scimus
879 516 999 588 quid
1034 516 1170 570 dicat
1211 515 1385 587 (Joan.
1425 532 1495 582 vr,
1526 518 1623 580 6i,
1673 528 1720 571 et
1766 533 1874 580 va,
1928 517 2039 586 l8).

478 611 573 666 ille
607 610 780 666 omnia
807 608 961 663 verba
989 607 1234 672 dicebat;
1261 607 1357 663 sed
1382 608 1484 664 illis
1503 624 1675 662 rauca:
1692 607 1906 662 fuerunt
1934 607 2049 661 fau-

474 715 568 758 ces
594 699 727 770 ejus,
771 699 857 769 qui
896 713 1054 754 voces
1094 698 1208 767 ejus
1238 713 1340 752 nou
1387 698 1764 768 iutelligebant.
1797 697 2043 752 Labor-avi

472 792 696 845 clamans
716 806 735 857 ;
762 805 928 844 rauca:
948 789 1094 858 factm
1111 798 1227 843 sunt
1251 793 1420 860 fauces
1442 805 1581 844 ntere.

544 881 596 937 8.
636 880 938 953 Defecerunt
958 880 1091 935 oculi
1120 881 1217 934 ntei
1236 880 1297 933 ab
1317 880 1567 949 sperando
1590 880 1644 933 in
1669 878 1834 934 Deum
1854 895 2039 933 meum.

474 971 625 1026 Absit
655 982 711 1026 ut
739 970 841 1025 hoc
887 969 954 1024 de
979 983 1203 1040 persona
1251 969 1439 1039 capitis
1481 968 1965 1039 accipiatur:absit
1985 978 2043 1023 ut

473 1062 769 1117 defecerint
807 1060 945 1115 oculi
984 1060 1099 1130 ejus
1140 1059 1209 1113 ab
1246 1058 1510 1128 sperando
1540 1060 1594 1113 in
1633 1059 1795 1114 Deum
1821 1059 1956 1127 ejus,
1988 1059 2041 1113 in

471 1170 577 1223 quo
604 1154 770 1224 magis
793 1153 934 1207 Deus
951 1158 1067 1207 erat
1083 1148 1334 1205 mundum
1354 1149 1703 1204 reconcilians
1722 1148 1822 1202 sibi
1840 1146 1904 1223 (ll
1920 1146 2038 1204 Cor.

473 1262 529 1313 v,
556 1244 667 1317 l9),
698 1254 750 1299 et
775 1244 863 1314 qui
889 1243 1120 1299 Verbum
1142 1256 1268 1298 caro
1292 1241 1485 1296 factum
1509 1250 1610 1306 est,
1633 1249 1687 1295 et
1712 1240 1962 1296 habitavit
1988 1240 2040 1295 in

470 1338 625 1392 nobis
664 1337 841 1407 (Joan.
876 1352 912 1398 ι,
942 1334 1054 1406 id),
1094 1344 1152 1388 ut
1184 1349 1288 1387 non
1314 1333 1485 1388 solum
1509 1332 1649 1387 Deus
1677 1332 1728 1385 in
1760 1331 1851 1386 illo
1877 1339 2037 1397 esset,

468 1429 565 1484 sed
591 1429 748 1484 etiam
789 1428 902 1498 ipse
934 1426 1075 1480 Deus
1111 1434 1271 1480 esset.
1301 1423 1416 1478 Non
1456 1438 1583 1492 ergo
1609 1422 1709 1489 ita;
1744 1437 1849 1478 non
1876 1421 2042 1493 ipsius

459 1521 658 1588 capitis
687 1525 851 1573 nostri
894 1518 1030 1573 oculi
1056 1515 1361 1572 defecerunt
1383 1516 1452 1571 ab
1478 1514 1745 1585 sperando
1791 1515 1842 1570 in
1871 1515 2040 1570 Deum

474 1610 588 1680 ejus
610 1626 626 1672 ;
654 1607 755 1673 sed
776 1608 1083 1663 defecerunt
1103 1608 1241 1662 oculi
1262 1607 1377 1675 ejus
1397 1606 1453 1661 in
1470 1621 1696 1676 corpore
1720 1606 1857 1676 ejus,
1887 1605 1936 1660 id
1959 1616 2041 1663 est

475 1701 527 1754 in
553 1699 802 1754 membris
832 1700 967 1768 ejus.
1001 1698 1121 1753 lltee
1146 1713 1246 1767 vox
1266 1698 1632 1752 membrorum
1654 1707 1757 1764 est,
1798 1696 1915 1752 haec
1939 1713 2039 1754 vox

474 1791 716 1860 corporis
733 1798 836 1855 est,
867 1805 972 1842 non
1000 1790 1205 1858 capitis.
1238 1787 1513 1856 Quomodo
1549 1803 1677 1858 ergo
1702 1803 1820 1842 eam
1846 1788 1900 1842 iu
1926 1788 2042 1857 ejus

471 1897 694 1949 corpore
723 1880 1078 1950 membrisque
1105 1877 1443 1933 invenimus?
1484 1878 1619 1947 Quid
1662 1877 1803 1933 aliud
1831 1876 2043 1935 dicam?

471 1975 594 2044 quid
623 1973 764 2028 aliud
781 1971 1233 2029 commemorem?
1257 1971 1479 2039 Quando
1496 1985 1683 2042 passus
1699 1979 1802 2038 est,
1828 1972 2041 2042 quando

466 2076 712 2121 mortuus
756 2074 858 2127 est,
913 2078 1098 2118 nantes
1141 2061 1379 2131 discipuli
1433 2060 1849 2131 desperaverunt
1898 2064 2039 2133 quod

474 2157 585 2225 ipse
609 2164 748 2208 esset
770 2152 1029 2208 Christus.
1065 2155 1106 2206 Λ
1140 2152 1346 2207 latrone
1376 2151 1615 2221 Apostoli
1637 2153 1759 2207 victi
1780 2162 1926 2217 sunt,
1950 2152 2039 2221 qui

466 2256 595 2299 tium
616 2244 855 2308 credidit,
900 2242 1115 2315 quando
1143 2244 1216 2297 illi
1243 2242 1550 2302 defecerunt
1575 2242 1723 2314 (Luc.
1750 2259 1898 2312 nm,
1924 2244 2038 2314 42).

474 2338 609 2394 Vide
654 2338 887 2394 membra
939 2337 1055 2406 ejus
1096 2335 1466 2405 desperantis;
1522 2335 1736 2390 attende
1759 2335 1894 2391 duos
1923 2336 2041 2391 illos

464 2444 603 2501 quos
630 2439 748 2500 post
784 2428 1225 2483 resurrectionem
1248 2426 1455 2483 invenit
1483 2428 1535 2482 iu
1566 2427 1648 2481 via
1677 2427 2042 2498 colloquentes

471 2535 674 2587 secum,
711 2534 934 2590 quorum
963 2534 1097 2573 unus
1136 2526 1251 2573 erat
1277 2517 1558 2586 Cleophas,
1595 2517 1806 2588 quando
1830 2517 2039 2574 detine—

464 2611 661 2666 bantur
688 2611 826 2665 oculi
868 2625 1053 2665 eorum
1086 2624 1151 2664 ne
1178 2624 1298 2663 cum
1343 2617 1713 2679 agnoscerent.
1765 2608 2041 2676 Quomodo

470 2703 610 2758 enim
661 2703 827 2757 oculis
878 2708 1251 2771 agnoscerent,
1303 2715 1333 2753 a
1372 2715 1479 2771 quo
1517 2709 1696 2755 mente
1726 2700 2040 2754 titubarunt?

470 2793 686 2848 Factum
727 2803 840 2849 erat
888 2791 1088 2863 aliquid
1126 2791 1178 2847 in
1218 2792 1386 2847 oculis
1421 2807 1605 2848 eorum
1649 2792 1821 2869 simile
1849 2794 2041 2847 mentis

464 2887 726 2954 ipsorum.
774 2884 1148 2955 Loquebautur
1182 2883 1323 2938 enim
1352 2884 1489 2939 inter
1516 2899 1596 2949 se,
1638 2894 1837 2940 etcum
1884 2884 1953 2939 ab
1976 2901 2041 2939 eo

469 2975 915 3045 compellarentur
936 2973 1075 3028 unde
1097 2974 1458 3043 loquerentur,
1495 2973 1886 3049 responderunt
1916 2992 1929 3028 :
1961 2973 2041 3028 Tu

470 3067 606 3121 solus
633 3066 965 3136 peregrinaris
987 3066 1041 3118 in
1062 3063 1384 3119 Jerusalem?
1413 3063 1589 3118 Nescis
1615 3078 1728 3134 qaa'
1748 3068 1883 3134 facta
1901 3074 2037 3129 sunt,

462 3157 720 3227 quomodo
760 3155 908 3209 Jesus
955 3154 1276 3219 Nazarenus,
1307 3165 1482 3224 potens
1516 3156 1568 3209 in
1612 3157 1758 3226 {actis
1793 3164 1839 3208 et
1870 3156 2037 3221 dictis,

466 3250 661 3303 occisus
687 3256 759 3303 est
794 3264 826 3301 a
863 3247 1138 3301 senioribus
1170 3256 1216 3300 et
1258 3247 1565 3317 principibus
1595 3248 1953 3302 sacerdotum?
1977 3247 2040 3302 Et

472 3357 563 3394 nos
594 3338 918 3411 sperabamus
945 3339 1077 3409 quod
1096 3338 1201 3408 ipse
1226 3348 1335 3392 erat
1358 3337 1705 3409 redempturus
1730 3337 1897 3392 Israel
1928 3338 2038 3409 (Id.

471 3446 617 3497 χχιιι,
649 3430 857 3500 15-21).
883 3428 1260 3503 Βρθτειγθκιηῑ,
1290 3436 1343 3483 et
1368 3442 1472 3484 non
1490 3428 1794 3499 sperabant.
1830 3428 2043 3485 Defece-

470 3533 593 3577 runt
641 3521 779 3576 oculi
823 3535 1004 3575 eorum
1052 3520 1120 3574 ab
1177 3518 1441 3590 sperando
1487 3519 1537 3574 in
1587 3518 1753 3574 Deum
1784 3520 2038 3589 ipsorum.

471 3612 619 3683 ipsos
663 3627 790 3684 ergo
833 3612 884 3666 in
916 3625 974 3666 se
1005 3610 1394 3681 transfiguravit
1425 3610 1652 3666 dicendo
1681 3629 1695 3665 :
1742 3609 2069 3689 Defeccrunt'

467 3703 602 3759 oculi
625 3705 721 3759 mei
740 3705 802 3759 ab
824 3704 1071 3776 sperando
1093 3703 1144 3757 in
1167 3702 1329 3757 Deum
1358 3719 1542 3758 meum.
1573 3703 1719 3759 Hanc
1739 3719 1885 3773 spem
1917 3705 2041 3760 red-

469 3788 621 3858 didit.
649 3794 860 3866 quando
879 3795 1157 3850 cicatrices
1181 3792 1468 3864 palpandas
1495 3794 1725 3859 obtulit;
1753 3810 1884 3866 quas
1919 3811 2041 3851 cum

470 3888 730 3958 tetigisset
754 3886 1004 3951 Thomas,
1046 3885 1205 3941 rediit
1245 3886 1310 3941 ad
1345 3901 1495 3956 spem
1531 3901 1686 3958 quam
1716 3886 2039 3956 perdiderat,

475 3988 529 4033 et
565 3978 879 4033 exclamavit
909 3995 922 4030 :
956 3976 1204 4031 Dominus
1227 3994 1386 4042 meus,
1414 3987 1463 4032 et
1485 3976 1619 4032 Deus
1640 3994 1797 4032 meus.
1821 3977 2044 4034 Defece-

472 4078 596 4124 ruut
631 4069 770 4125 oeuli
799 4070 873 4123 tui
912 4069 978 4125 ab
1010 4070 1271 4140 sperando
1298 4069 1349 4123 in
1376 4069 1540 4125 Deum
1583 4078 1726 4124 tuutu
1761 4088 1776 4126 :
1820 4071 2042 4141 palpasti

471 4161 767 4226 cicatrices,
805 4170 860 4214 et
884 4159 1129 4215 invenisti
1152 4160 1313 4214 Deum
1341 4169 1487 4215 tuum
1511 4176 1525 4224 ;
1570 4160 1790 4231 palpasti
1818 4161 2042 4216 formam

469 4254 629 4319 servi,
659 4261 714 4308 et
739 4252 1031 4322 cognovisti
1060 4251 1338 4306 Dominum
1368 4261 1534 4306 unum.
1578 4254 1672 4309 Cui
1713 4263 1889 4308 tamen
1932 4254 2047 4324 ipse

476 4344 730 4399 Dominus
755 4342 826 4396 ait
850 4359 864 4393 :
899 4342 1029 4409 Quia
1050 4343 1235 4408 vidisti,
1267 4343 1546 4396 credidisti.
1578 4344 1643 4398 Et
1668 4359 1765 4400 nos
1791 4360 2040 4414 prauum-

471 4437 763 4491 tiansvoce
793 4434 1166 4489 misericordia:
1192 4449 1303 4489 suae
1335 4453 1347 4488 :
1390 4435 1554 4503 Beati,
1593 4437 1783 4506 inquit,
1828 4440 1915 4508 qui
1944 4456 2049 4493 non

470 4516 708 4583 sident'et
733 4525 939 4579 credunt
975 4523 1150 4593 (Joan.
1192 4540 1282 4585 xx,
1309 4524 1407 4592 28,
1432 4524 1546 4596 29).
1592 4526 1885 4597 Defecerunt
1913 4529 2045 4582 oculi

471 4619 569 4671 mei
593 4618 654 4671 ab
683 4619 934 4689 sperando
957 4619 1009 4671 in
1037 4616 1195 4669 Deum
1224 4633 1404 4671 meum.

543 4709 593 4762 9.
630 4708 777 4782 (vers.
811 4708 889 4783 5.]
921 4708 1257 4779 Multiplicati
1289 4718 1402 4761 sunt
1429 4724 1579 4778 super
1616 4708 1829 4777 capillos
1864 4711 2045 4781 capitis

475 4799 591 4864 mei,
620 4800 704 4867 qui
723 4801 934 4857 oderunt
955 4816 1033 4855 me
1054 4799 1232 4871 gratis.
1263 4799 1431 4866 Quam
1460 4799 1829 4868 multiplicati?
1855 4800 1918 4855 Ut
1950 4802 2044 4854 ad-

473 4890 661 4945 derent
687 4891 785 4946 sibi
812 4902 865 4946 et
895 4906 1055 4947 unum
1080 4907 1146 4948 ex
1185 4890 1465 4948 duodecim
1497 4889 1710 4962 (Matth.
1740 4909 1861 4947 xxvt
1881 4934 1896 4958 ,
1928 4895 2040 4961 Η).

476 4981 801 5049 Multiplicati
829 4995 944 5037 sunt
974 5001 1123 5054 super
1145 4985 1358 5054 capillos
1386 4985 1564 5055 capitis
1585 4985 1699 5051 mei,
1726 4987 1812 5054 qui
1832 4986 2043 5041 oderunt

472 5092 550 5130 me
589 5076 763 5147 gratis.
818 5074 1029 5144 Capillis
1071 5079 1259 5148 capitis
1292 5078 1372 5132 sui
1427 5078 1757 5151 comparavit
1801 5079 2041 5133 inimicos

471 5181 614 5222 suos.
648 5164 834 5220 Merito
863 5169 964 5218 rasi
989 5177 1130 5231 sunt,
1154 5169 1363 5237 quando
1394 5169 1445 5222 in
1474 5169 1590 5226 loco
1625 5168 1880 5224 Calvaria:
1914 5185 2038 5224 cru-

1696 313 1753 367 5.
1796 309 2155 367 AUGUSTINI
2198 305 2496 366 El’lSCOPl

3611 324 3707 385 sts

2154 427 2396 496 cuiquam
2424 441 2639 488 noceas,
2668 436 2719 479 et
2749 428 2827 482 sic
2859 426 2982 482 odio
3010 425 3254 483 ltahearis
3284 443 3297 480 :
3324 426 3427 482 hoc
3464 434 3548 482 est
3577 428 3717 482 enim

2145 519 2329 586 gratis,
2357 519 2471 572 sine
2503 532 2678 572 causa.
2703 518 2893 573 Parum
2920 517 2991 572 sit
3020 517 3113 572 tibi
3142 518 3259 573 sine
3285 533 3443 573 causa
3470 517 3594 573 odio
3622 519 3718 572 ha-

2148 608 2284 671 beri,
2317 607 2534 677 insuper
2566 617 2620 663 et
2656 618 2867 678 prmsta,
2913 617 2974 662 ut
2999 608 3293 663 retribuam
3322 608 3415 663 tibi
3452 611 3585 662 mala
3623 625 3719 677 pro

2145 698 2317 754 bonis.
2351 698 2629 771 Conformli
2653 707 2768 753 sunt
2792 699 2980 753 inimici
3005 700 3120 766 mei,
3147 700 3234 768 qui
3259 709 3622 770 persequuntur
3642 713 3728 750 me

2145 790 2347 862 injuste.
2376 789 2526 857 Quod
2550 790 2701 858 dixit,
2722 789 3052 861 Multiplicati
3076 801 3191 845 sunt
3208 807 3363 859 super
3387 790 3600 859 capillos
3628 807 3720 843 ca-

2147 882 2263 950 pitis
2287 883 2382 936 mei
2405 900 2419 948 ;
2454 883 2551 937 hoc
2578 891 2781 953 postea,
2825 881 3105 950 Coufortati
3129 890 3245 935 sunt
3269 868 3457 934 inimici
3486 881 3583 935 mei
3610 895 3631 934 :
3669 890 3724 934 et

2144 971 2283 1041 quod
2314 973 2501 1043 primo,
2553 973 2638 1043 qui
2680 972 2890 1026 oderunt
2930 988 3010 1026 me
3036 972 3228 1042 gratis;
3273 971 3374 1025 hoc
3399 982 3600 1041 postea,
3634 973 3733 1040 qui

2145 1073 2505 1131 persequuntur
2529 1079 2607 1116 me
2633 1064 2835 1133 injuste.
2869 1062 3017 1130 Quod
3046 1077 3174 1132 ergo
3200 1063 3374 1133 gratis,
3413 1063 3513 1117 hoc
3532 1072 3619 1118 est
3634 1064 3724 1116 in-

2133 1155 2290 1227 juste.
2310 1154 2423 1225 Ipsa
2439 1165 2520 1210 est
2535 1171 2636 1209 vox
2654 1166 2960 1227 martyrum,
2974 1156 3145 1209 nonin
3167 1169 3340 1224 pruna,
3360 1153 3452 1210 sed
3467 1157 3515 1208 in
3533 1169 3726 1210 causa.

2143 1244 2258 1302 Non
2299 1242 2717 1316 persecutionem
2761 1246 2886 1315 pati,
2935 1262 3040 1300 non
3071 1245 3255 1311 teneri,
3290 1262 3394 1300 non
3440 1246 3723 1316 ﬂagellari.

2143 1352 2251 1391 non
2279 1336 2497 1407 includi,
2530 1352 2635 1392 non
2667 1336 2945 1406 proscribi,
2994 1353 3098 1392 non
3126 1335 3293 1392 occidi
3332 1336 3447 1390 laus
3474 1346 3594 1403 est;
3622 1337 3732 1391 sed

2144 1427 2386 1484 habendo
2437 1444 2652 1485 causam
2709 1428 2923 1495 bonam,
2975 1428 3076 1484 ista
3127 1429 3254 1499 pati,
3301 1429 3414 1485 ha):
3450 1428 3566 1483 laus
3611 1438 3725 1484 est.

2143 1519 2284 1575 Laus
2310 1521 2451 1575 enim
2476 1529 2559 1575 est
2582 1520 2634 1574 in
2659 1534 2833 1575 caussa
2863 1504 3122 1582 bonitate.
3149 1535 3255 1574 non
3283 1519 3335 1573 in
3363 1534 3535 1589 poena:
3557 1535 3725 1575 acer-

2142 1613 2322 1669 bitate.
2366 1612 2498 1668 Nam
2535 1621 2959 1683 quantacumque
3000 1611 3193 1666 fuerint
3230 1612 3484 1681 supplicia
3515 1622 3731 1683 marty-

2142 1719 2281 1770 rum,
2303 1703 2557 1774 nutnquid
2578 1713 2856 1774 :equautur
2875 1703 3148 1773 suppliciis
3171 1703 3403 1756 omnium
3426 1701 3725 1775 latronum.

2142 1796 2381 1850 omnium
2425 1778 2822 1865 sacrilegorum,
2858 1794 3101 1857 omnium
3133 1792 3552 1848 sceleratorum?
3580 1792 3732 1861 Quid

2141 1888 2305 1954 enim,
2349 1897 2404 1942 et
2452 1886 2549 1941 hos
2595 1885 2705 1941 odit
2757 1885 3023 1940 mundus?
3071 1884 3194 1940 Odit
3241 1886 3411 1955 plane.
3442 1884 3727 1938 Excedunt

2142 1978 2285 2032 enim
2328 1977 2507 2032 mundi
2538 1977 2878 2032 medietatem
2921 1975 3269 2046 amplitudine
3310 1975 3547 2041 malitia},
3574 1987 3632 2030 et
3656 1978 3731 2030 ab

2143 2069 2253 2138 ipsa
2300 2068 2681 2123 mundanorum
2727 2066 3118 2137 quodammodo
3159 2064 3432 2121 hominum
3459 2068 3732 2124 societate

2141 2159 2297 2215 alieni
2348 2169 2495 2224 sunt,
2544 2159 2855 2214 infestantes
2902 2175 3083 2229 pacem
3125 2158 3283 2214 etiam
3313 2167 3616 2223 terrenam;
3671 2171 3728 2213 et

2142 2250 2409 2321 patiuntur
2436 2250 2598 2303 multa
2649 2249 2806 2315 mala,
2852 2250 2945 2304 sed
2980 2264 3084 2304 non
3124 2250 3305 2318 gratis.
3338 2248 3578 2319 Denique
3601 2249 3731 2303 vide

2141 2357 2325 2396 vocem
2354 2342 2494 2395 illius
2521 2341 2743 2396 latronis
2771 2357 2890 2395 cum
2918 2341 3137 2394 Domino
3161 2342 3211 2393 in
3237 2354 3401 2395 cruce,
3416 2339 3731 2408 pendentis,

2140 2447 2260 2488 cum
2303 2433 2579 2488 insultarat
2625 2448 2689 2487 ex
2720 2416 2824 2487 alia
2853 2440 2999 2500 parte
3038 2446 3173 2486 unus
3200 2431 3424 2486 duorum
3456 2431 3727 2486 latronum

2143 2524 2365 2579 Domino
2389 2524 2665 2588 crucilixo,
2710 2532 2765 2577 et
2793 2525 3013 2590 diceret,
3047 2522 3108 2578 Si
3130 2522 3296 2577 Filius
3324 2521 3418 2576 Dei
3445 2539 3519 2589 es,
3561 2524 3727 2576 libera

2141 2625 2189 2669 te
2226 2631 2245 2670 :
2290 2615 2616 2686 compescuit
2667 2616 2812 2669 illum
2854 2615 3014 2681 alter,
3040 2625 3112 2675 et
3141 2614 3293 2679 dixit,
3336 2613 3412 2668 Tu
3441 2631 3543 2668 non
3577 2615 3728 2669 times

2140 2705 2327 2773 Deum,
2346 2706 2425 2760 vel
2445 2707 2563 2777 quia
2587 2707 2638 2760 in
2664 2706 2837 2761 cadent
2855 2705 3174 2759 damnatione
3208 2705 3399 2772 positus
3419 2705 3511 2759 es?
3539 2704 3604 2758 Et
3631 2720 3739 2760 nos

2141 2801 2338 2869 quidem
2360 2811 2490 2854 recte
2509 2817 2602 2871 pro
2622 2799 2770 2871 factis
2789 2799 2971 2853 nostris
2991 2797 3141 2869 (Luc.
3170 2813 3318 2862 xxrtt,
3340 2797 3558 2858 39-41).
3586 2798 3726 2853 Ecce

2142 2909 2246 2946 non
2284 2892 2447 2963 gratis
2476 2909 2490 2944 :
2545 2891 2638 2947 sed
2680 2889 3019 2947 confessione
3047 2889 3233 2946 effudit
3259 2904 3326 2945 ex
3358 2905 3417 2946 se
3444 2891 3650 2945 saniem
3683 2892 3724 2957 ⁸,

2141 2994 2196 3038 et
2217 2985 2382 3039 l'aetus
2408 2994 2491 3039 est
2519 2993 2674 3053 aptus
2698 2983 2820 3038 cibo
2850 2982 3078 3038 Domini.
3123 2980 3359 3038 Exclusit
3386 2983 3726 3052 iniquitatem

2141 3088 2313 3137 suam,
2344 3073 2611 3128 accusavit
2646 3088 2785 3138 eam,
2823 3081 2877 3127 et
2903 3072 3072 3128 caruit
3095 3087 3177 3126 ea.
3230 3072 3366 3126 Ecce
3412 3070 3481 3126 ibi
3509 3070 3617 3126 duo
3647 3071 3723 3125 Im

2143 3178 2341 3233 troues,
2373 3167 2441 3222 ibi
2472 3175 2527 3221 et
2554 3165 2840 3231 Dominus;
2889 3174 2944 3220 et
2971 3164 3044 3218 illi
3071 3163 3337 3228 cruciﬁxi,
3367 3174 3422 3219 et
3444 3164 3529 3218 ille
3550 3165 3725 3218 cruci-

2145 3260 2278 3313 fixus
2306 3275 2319 3310 :
2351 3268 2404 3313 et
2446 3258 2567 3312 illos
2594 3256 2716 3311 odio
2754 3255 2935 3310 habuit
2965 3255 3214 3319 mundus,
3256 3254 3351 3310 sed
3381 3270 3486 3310 non
3510 3257 3727 3326 gratis;

2141 3360 2195 3415 et
2218 3351 2365 3405 illum
2396 3350 2519 3404 odio
2541 3349 2740 3415 habuit,
2780 3347 2875 3403 sed
2899 3348 3081 3418 gratis.
3132 3347 3258 3415 Qua:
3281 3364 3382 3402 non
3404 3348 3574 3414 rapui,
3603 3358 3733 3405 tunc

2140 3441 2472 3498 exsolvcbam.
2498 3440 2607 3495 Hoc
2626 3451 2707 3496 est
2726 3439 2911 3512 gratis.
2937 3438 3049 3494 Non
3071 3442 3240 3508 rapui,
3265 3450 3320 3494 et
3341 3440 3685 3494 exsolvcbam
3708 3458 3725 3505 ;

2145 3547 2249 3586 non
2277 3531 2508 3601 peccavi,
2535 3540 2585 3587 et
2618 3546 2803 3601 prunas
2829 3530 3039 3585 dabam.
3077 3529 3234 3585 Solus
3266 3512 3409 3584 edim
3436 3532 3547 3602 ipse
3573 3531 3729 3598 talis,

2144 3624 2258 3692 ipse
2286 3638 2409 3678 vere
2460 3622 2588 3677 nihil
2634 3621 2824 3693 rapuit.
2865 3621 2979 3676 Non
3006 3621 3177 3676 Solum
3222 3621 3355 3675 nihil
3386 3622 3578 3690 rapuit,
3622 3624 3730 3679 sed

2143 3713 2302 3769 etiam
2323 3712 2462 3784 quod
2490 3728 2591 3767 nou
2622 3712 2689 3768 de
2719 3713 2900 3781 rapina
2933 3710 3177 3775 lmbehat,
3206 3710 3311 3767 hoc
3339 3728 3399 3767 se
3421 3715 3728 3779 evacuavit,

2144 3814 2203 3860 ut
2230 3805 2307 3860 ‘ad
2350 3820 2451 3860 nos
2473 3804 2699 3860 veniret.
2750 3802 2872 3858 Non
2901 3803 3042 3858 enim
3088 3804 3321 3873 rapinam
3351 3804 3628 3859 arbitratus
3651 3815 3735 3860 est

2145 3915 2251 3955 esse
2295 3898 2507 3969 aequalis
2550 3896 2698 3962 Deo;
2737 3904 2792 3952 et
2842 3906 3016 3951 tamen
3065 3897 3385 3964 semetipsum
3427 3897 3735 3965 exinanirit,

2147 3994 2362 4062 fortnam
2380 3988 2507 4044 servi
2530 3989 2781 4059 accipiens
2810 3985 3066 4059 (Philipp.
3096 4002 3151 4052 ll,
3176 3986 3229 4053 ϐ,
3255 3988 3331 4058 7).
3360 3987 3592 4043 Omnino
3614 4005 3729 4045 non

2147 4082 2338 4150 rapuit.
2380 4080 2485 4136 Sed
2513 4081 2630 4150 quis
2660 4080 2876 4150 rapuit"
2906 4079 3096 4133 Adam.
3143 4080 3274 4145 Quis
3301 4080 3477 4149 rapuit
3508 4081 3736 4145 primo?

2148 4173 2238 4227 Ille
2266 4173 2380 4242 ipse
2404 4173 2490 4241 qui
2516 4171 2732 4228 seduxit
2753 4170 2938 4225 Adam.
2965 4170 3241 4236 Quomodo
3257 4170 3426 4239 rapuit
3445 4169 3741 4225 diabolus?

2152 4263 2345 4320 Ponant
2371 4264 2533 4317 sedem
2561 4280 2720 4317 meam
2744 4264 2811 4316 ad
2837 4263 3136 4333 aquilonem,
3168 4272 3213 4314 ct
3240 4278 3324 4314 ero
3354 4262 3536 4315 similis
3565 4261 3737 4315 .4ltis«

2147 4360 2272 4411 sima
2304 4354 2455 4426 (Isai.
2478 4370 2583 4419 xlv,
2610 4356 2721 4422 l5).
2756 4340 3039 4421 Usurpavit
3079 4352 3176 4406 sibi
3206 4351 3340 4421 quod
3372 4366 3476 4405 nou
3504 4367 3737 4419 accepc~

2148 4457 2229 4502 rat
2260 4465 2277 4500 ι
2323 4462 2447 4501 ecce
2494 4448 2752 4516 rapinam.
2811 4443 3095 4513 Usurpavit
3142 4445 3240 4497 sibi
3286 4443 3526 4498 diabolus
3584 4446 3735 4512 quod

2148 4555 2251 4595 non
2281 4545 2576 4607 acceperat,
2628 4535 2853 4606 perdidit
2878 4534 3016 4605 quod
3044 4545 3359 4603 acceperat;
3413 4544 3465 4588 et
3510 4534 3579 4589 de
3609 4536 3749 4603 ipso

2146 4630 2308 4685 calice
2331 4628 2759 4698 superbize'sum.
2805 4628 2853 4682 ei
2884 4643 3041 4696 quem
3082 4625 3326 4694 decipere
3356 4625 3567 4679 volebat
3597 4641 3735 4693 pro-

2148 4723 2347 4795 pinavit
2378 4740 2390 4777 :
2425 4720 2652 4787 Gustate,
2703 4721 2890 4791 inquit,
2924 4730 2969 4774 et
2997 4720 3135 4774 eritis
3172 4720 3297 4773 sicut
3335 4718 3409 4771 dii
3445 4716 3614 4787 (Ceu.
3645 4734 3746 4787 tu,

2150 4818 2223 4885 ὕ).
2273 4816 2477 4885 Rapere
2507 4816 2785 4870 voluerunt
2832 4812 3179 4877 divinitatem,
3216 4809 3559 4881 perdiderunt
3604 4810 3729 4865 feli-

2148 4911 2380 4965 citatem.
2412 4908 2504 4963 Ille
2527 4908 2656 4978 ergo
2680 4907 2872 4975 rapuit.
2903 4916 2956 4958 et
2978 4903 3355 4959 idcoexsolvit.
3387 4902 3498 4972 Ego
3522 4912 3730 4965 autem,

2148 5002 2332 5069 inquit,
2367 5016 2479 5070 qua:
2500 5016 2596 5052 non
2619 4998 2787 5067 rapui,
2819 5007 2936 5049 tunc
2960 4995 3293 5049 cxsolvcbam.
3326 4993 3438 5062 IpSt:
3470 4994 3734 5047 Dominus

2150 5092 2504 5161 propinquans
2530 5088 2780 5158 passioni,
2807 5088 2857 5139 in
2881 5084 3170 5153 Evangelia
3196 5084 3273 5139 sic
3303 5084 3535 5152 loquitur
3561 5101 3574 5137 :
3601 5082 3733 5137 Ecce

2148 5184 2282 5238 t'enit
2306 5184 2536 5251 princeps
2578 5182 2730 5250 hujus
2765 5178 2956 5241 mundi,
3000 5177 3047 5230 id
3077 5187 3157 5230 est
3185 5176 3445 5239 diabolus,
3490 5187 3535 5229 et
3564 5178 3616 5228 in
3652 5193 3749 5230 mir

470 5260 658 5315 eilixus
696 5267 796 5313 est.
839 5258 1114 5328 Accipiunt
1138 5262 1372 5315 membra
1400 5277 1581 5318 vorem
1613 5262 1786 5329 hanc;
1835 5262 2047 5318 discant
2118 5272 2582 5338 nti/titinveniet,.id
2597 5282 2873 5342 est,quare
2888 5284 2974 5323 me
2993 5268 3321 5323 occidatnon
3345 5268 3613 5329 inveniet;
3638 5270 3730 5321 sFt‘l

466 5353 592 5408 odio
610 5351 790 5406 haberi
808 5348 988 5420 gratis.
1010 5349 1284 5406 tamenim
1306 5353 1350 5407 si
1373 5368 1591 5411 necesse
1607 5364 1709 5423 est,
1728 5356 2034 5420 Christiane,

469 5456 527 5499 ut
569 5444 797 5500 mundus
845 5441 1016 5497 oderit
1073 5451 1156 5509 te,
1220 5458 1385 5513 quare
1430 5462 1533 5501 non
1586 5447 1714 5503 facis
1778 5457 1835 5503 ut
1878 5450 2041 5519 gratis

464 5547 519 5592 te
567 5537 771 5600 oderit,
820 5543 878 5589 ut
934 5534 986 5589 in
1036 5548 1259 5604 corpore
1312 5536 1518 5591 Domini
1584 5539 1690 5605 tui,
1741 5549 1796 5593 et
1840 5541 1891 5593 iu
1942 5541 2041 5596 hoc

466 5629 674 5697 psalmo
729 5628 794 5682 de
842 5627 935 5681 illo
982 5627 1259 5697 praemisso
1313 5641 1568 5696 agnoscas
1621 5644 1803 5684 vocem
1857 5633 2038 5685 tuam?

469 5718 747 5786 Quomodo
772 5720 862 5776 ﬁet
906 5729 963 5775 ut
1005 5719 1176 5776 oderit
1228 5728 1279 5776 lc
1321 5719 1546 5774 mundus
1579 5721 1774 5790 gratis?
1817 5721 1871 5777 Si
1909 5724 2035 5781 nihil

2146 5377 2200 5419 ut
2211 5367 2368 5419 sciant
2385 5380 2554 5417 omnes
2571 5363 2690 5434 quia
2712 5363 3017 5416 voluntatem
3035 5357 3206 5413 Patris
3223 5359 3317 5411 mei
3334 5359 3485 5430 facio,
3509 5357 3727 5427 surgite,

2148 5474 2315 5511 eamus
2329 5454 2505 5526 (Joun.
2523 5454 2723 5522 xrv,50)
2744 5471 2756 5506 :
2782 5464 2832 5508 cl
2854 5453 2909 5507 iit
2927 5452 2992 5506 ad
3013 5451 3334 5521 passionem,
3354 5451 3563 5506 solvere
3582 5450 3727 5519 quod

2147 5565 2251 5603 nou
2271 5548 2459 5619 rapuit.
2484 5546 2617 5613 Quid
2645 5555 2725 5600 est
2751 5545 2912 5609 enim,
2934 5545 3085 5597 inme
3109 5543 3493 5596 niltilinveniet?
3514 5541 3729 5596 Nullam

2147 5644 2372 5711 cuipam.
2400 5642 2477 5693 An
2495 5636 2686 5707 aliquid
2712 5636 2938 5704 perdidit
2956 5635 3021 5689 (lc
3042 5635 3199 5688 domo
3212 5649 3303 5688 sua
3326 5633 3604 5689 diabolus?
3622 5633 3729 5689 Istae

2218 5760 2231 5785 ι
2259 5748 2337 5802 Si:
2358 5751 2453 5802 duo
2473 5757 2578 5801 uss.
2604 5748 2685 5800 Alii
2706 5764 2820 5801 vero
2840 5761 2949 5798 eum
2971 5746 3105 5808 ειμι,
3130 5745 3420 5811 δατιςιιὺιιτη.
