4020 6198
261 495 508 550 discutiat
525 503 761 564 raptores
777 495 820 552 ';
846 494 971 548 nihil
993 495 1130 562 apud
1148 511 1223 547 me
1244 496 1472 550 inveniet.
1489 496 1685 550 Tamen
1709 496 1837 551 nihil

263 587 504 654 rapuisse
527 601 584 640 se
607 586 754 651 dicit,
781 594 1050 656 peccatum
1073 585 1369 650 attendens,
1403 587 1530 640 nihil
1555 585 1839 656 usurpasse

257 678 401 748 quod
431 678 545 747 ejus
589 693 692 731 non
723 687 900 741 esset;
951 677 1050 731 hoc
1079 687 1160 732 est
1190 678 1329 731 enim
1356 678 1575 747 rapitur,
1608 679 1707 733 hoc
1741 679 1835 731 iui.

257 767 474 836 quitatis
500 785 512 820 :
567 782 685 820 nam
719 767 785 818 ab
811 767 924 838 ipso
947 766 1158 828 diabolo
1200 767 1423 821 extorsit
1451 782 1584 837 quos
1612 769 1724 835 ipse
1755 784 1838 822 ra-

259 868 466 928 puerat.
501 858 684 924 Nemo,
719 860 903 927 inquit,
935 860 984 913 in
1011 859 1214 913 domum
1244 861 1389 929 fortis
1415 862 1587 923 intrat,
1636 870 1679 913 et
1721 877 1838 913 vasa

256 952 366 1020 ejus
393 950 585 1020 diripit,
615 949 710 1003 nisi
726 951 864 1020 prius
885 951 1161 1020 alligaverit
1182 951 1357 1018 fortem
1381 949 1591 1019 (Matth.
1609 967 1701 1016 xu,
1716 951 1833 1018 ‘29).

256 1039 508 1116 Alligavit
536 1039 748 1103 fortem,
789 1049 842 1093 et
869 1055 992 1093 vasa
1016 1040 1130 1107 ejus
1157 1039 1392 1109 diripuit,
1447 1050 1592 1096 certe
1622 1056 1724 1093 non
1753 1056 1838 1094 ra-

259 1132 401 1198 puit;
429 1130 522 1186 sed
572 1131 856 1199 respondet
889 1131 978 1184 libi
1019 1148 1032 1184 :
1071 1131 1200 1185 Vasa
1227 1131 1324 1185 ista
1367 1131 1434 1185 de
1459 1131 1620 1196 domo
1648 1147 1836 1200 magna

257 1237 373 1274 utea
401 1222 700 1290 perierant;
732 1238 833 1274 non
863 1220 1054 1274 furtum
1088 1221 1206 1286 ieci,
1238 1222 1326 1275 sed
1351 1220 1546 1276 furtum
1579 1223 1771 1292 recepi.

330 1311 415 1366 10.
447 1309 574 1383 [vers
598 1309 677 1382 6.]
695 1310 828 1364 Deus
856 1321 908 1363 tu
931 1311 1100 1364 scisti'
1123 1311 1508 1380 imprudentiam
1532 1321 1711 1366 meam.
1730 1312 1834 1368 lte-

256 1419 374 1456 rum
397 1419 460 1457 ex
483 1419 576 1458 ore
601 1404 858 1472 corporis.
874 1401 1004 1456 Nam
1027 1418 1142 1472 qua:
1161 1403 1510 1472 imprudentia
1534 1404 1584 1457 in
1603 1404 1836 1458 Christo?

255 1492 442 1548 Honne
465 1493 576 1564 ipse
602 1504 684 1547 est
711 1493 800 1547 Dei
831 1492 1008 1548 Virtus
1034 1502 1086 1548 et
1113 1493 1206 1548 Dei
1239 1493 1552 1563 Sapientia?
1579 1497 1658 1548 An
1691 1495 1834 1548 illam

253 1584 385 1637 dicit
421 1583 829 1654 imprudentiam
871 1599 1041 1647 suam,
1081 1583 1148 1639 de
1181 1599 1281 1653 qua
1330 1584 1459 1638 dicit
1505 1585 1830 1654 Apostolus:

257 1671 481 1727 Stultum
527 1672 619 1725 Dei
661 1665 935 1742 sapientitis
979 1684 1051 1728 est
1090 1674 1371 1728 [caminibus
1410 1674 1461 1741 (Ι
1485 1674 1602 1730 Cor.
1634 1676 1835 1740 1,25)?

252 1761 655 1832 ltttprudetttiam
693 1781 856 1818 meam
884 1781 903 1818 :
933 1765 1034 1820 hoc
1073 1767 1242 1836 ipsum
1268 1767 1410 1836 quod
1437 1767 1488 1820 in
1517 1783 1602 1822 me
1652 1769 1834 1823 irrise-

253 1863 374 1907 runt
407 1856 492 1924 qui
519 1854 618 1907 sibi
645 1855 889 1912 videntur
923 1872 1042 1912 esse
1071 1859 1358 1928 sapientes.
1403 1858 1480 1912 Tu
1506 1860 1834 1930 scistiquarc

255 1945 405 1998 fieret
437 1963 447 1996 :
481 1955 533 1998 tu
573 1946 712 2000 scisti
749 1947 1137 2018 imprudentiam
1184 1966 1363 2002 meam.
1392 1949 1526 2017 Quid
1555 1951 1696 2006 enim
1725 1961 1831 2007 tam

257 2033 436 2091 simile
479 2037 870 2108 imprudentiae,
901 2055 1056 2110 quam
1084 2055 1202 2096 cum
1232 2041 1449 2096 haberet
1473 2041 1523 2096 in
1549 2023 1828 2113 potestate,

252 2143 353 2180 Ulla
385 2144 512 2184 VOCC
542 2144 666 2183 SUOS
690 2142 1062 2200 persecutores
1090 2143 1450 2201 prosternere,
1480 2143 1536 2189 ιιι
1562 2144 1833 2204 pateretur

248 2236 308 2275 se
329 2222 514 2288 teneri,
533 2222 802 2292 flagellari,
821 2225 1062 2294 conspui,
1078 2225 1419 2295 colaphizari,
1433 2227 1599 2296 spinis
1615 2243 1832 2282 corona-

235 2311 316 2374 ‘ri,
338 2313 478 2380 ligno
517 2312 696 2383 affigi?
718 2313 1091 2380 Imprudentia:
1121 2315 1292 2370 simile
1313 2325 1421 2380 est;
1442 2318 1656 2371 stultum
1680 2318 1828 2374 vide-

250 2411 337 2455 tur
356 2420 367 2454 :
386 2402 477 2458 sed
503 2405 721 2460 stultum
745 2405 843 2459 hoc
856 2415 1068 2476 superat
1085 2422 1271 2461 omnes
1292 2411 1576 2476 sapientes.
1597 2409 1826 2464 Stultum

245 2495 458 2562 quidem
487 2505 569 2550 est
594 2514 605 2549 :
627 2497 717 2550 sed
741 2506 792 2552 et
813 2513 1033 2568 granum
1053 2497 1263 2567 quando
1303 2498 1442 2553 cadit
1469 2500 1518 2552 in
1549 2509 1762 2563 terram,
1783 2502 1827 2555 si

247 2603 403 2639 iurum
417 2589 991 2642 sciateonsuetudinem
1005 2590 1592 2659 agricolaruni,stultum
1605 2592 1828 2646 videtur.

251 2675 458 2731 Labore
488 2694 678 2746 n'iaguo
700 2680 933 2744 metitur,
962 2689 1198 2748 portatur
1221 2681 1284 2734 ad
1309 2696 1509 2746 aream,
1530 2683 1824 2749 trituratnr,

244 2769 559 2821 ventilatur:
583 2779 698 2837 post
717 2780 859 2824 tanta
887 2771 1118 2840 pericula
1141 2771 1332 2826 ctnliet
1365 2782 1828 2842 tempestatum,et

245 2855 458 2914 iabores
485 2861 869 2914 rusticanorum
895 2877 1182 2930 curamque
1211 2862 1571 2931 dominorum,
1603 2864 1828 2918 mittitur

247 2948 300 3000 iu
358 2948 602 3003 horreum
645 2951 966 3006 frumentum
1013 2963 1308 3022 purgatura.
1347 2954 1500 3008 Venit
1539 2954 1744 3020 hiems;
1772 2967 1828 3012 et

247 3039 390 3106 quod
427 3052 702 3110 purgatum
747 3051 881 3106 erat,
912 3043 1176 3112 profertur
1204 3053 1257 3098 et
1287 3044 1559 3114 projicitur
1588 3063 1600 3099 :
1627 3047 1825 3116 impru—

243 3130 422 3184 dentia
455 3133 692 3198 videtur;
723 3134 813 3188 sed
845 3143 899 3188 ut
923 3150 1028 3188 non
1051 3135 1119 3189 sit
1141 3135 1513 3204 imprudentia,
1533 3151 1654 3206 spes
1677 3138 1819 3192 facit.

243 3221 365 3274 Non
401 3237 527 3292 ergo
553 3224 638 3278 ille
671 3224 902 3293 pepercit
925 3225 1054 3290 sibi;
1085 3225 1208 3296 quia
1236 3237 1290 3280 et
1321 3226 1476 3281 Pater
1497 3228 1566 3281 illi
1594 3245 1693 3283 non
1732 3247 1820 3299 pe-

244 3313 420 3380 percit,
445 3314 533 3366 sed
557 3331 648 3383 pro
674 3316 814 3369 nobis
843 3317 1068 3370 omnibus
1093 3317 1302 3370 tradidit
1337 3319 1480 3372 illum
1509 3318 1680 3392 (Rom.
1703 3315 1817 3388 vni,

244 3401 359 3470 5‘2).
395 3403 456 3456 Et
484 3401 550 3457 de
572 3405 726 3473 .ipso,
762 3405 862 3468 Qui
900 3405 1074 3459 dilexit
1102 3423 1198 3471 me,
1245 3406 1413 3476 inquit
1441 3410 1745 3478 Apostolus,
1774 3421 1820 3466 et

243 3493 453 3546 tradidit
497 3497 716 3564 seipsum
762 3514 852 3565 pro
881 3515 959 3551 me
983 3497 1125 3568 (Gal.
1162 3515 1219 3564 ιι,
1247 3500 1341 3569 20)
1369 3517 1381 3553 :
1412 3502 1532 3572 quia
1577 3520 1814 3573 granum,

242 3583 342 3636 nisi
378 3585 608 3638 ceciderit
648 3588 700 3639 in
727 3597 910 3640 terrant
937 3599 989 3640 ut
1029 3591 1293 3656 moriatur,
1336 3596 1575 3661 fructum,
1623 3597 1812 3663 inquit,

242 3685 343 3726 nan
387 3675 556 3727 reddet
592 3675 771 3739 (Joan.
800 3679 986 3743 xlt,‘2-i.
1018 3679 1131 3749 25).
1164 3681 1287 3735 Haec
1313 3692 1395 3736 est
1425 3684 1813 3752 imprudentia;

241 3766 336 3819 sed
366 3775 416 3819 tu
446 3767 582 3821 nosti
626 3768 767 3822 illam
801 3788 813 3821 :
844 3770 932 3825 isti
974 3782 1148 3826 autem
1180 3772 1224 3826 si
1252 3777 1642 3843 cognovissent,
1677 3795 1812 3832 nun-

241 3870 403 3924 quam
447 3856 724 3910 Dominum
776 3859 957 3929 gloria:
987 3862 1375 3918 cruciﬁxisseut
1404 3865 1458 3934 (l
1482 3865 1596 3919 Cor.
1632 3883 1688 3933 ιι,
1719 3868 1812 3939 8).

239 3947 400 4015 Deus,
427 3961 478 4001 tu
503 3950 639 4002 scisti
668 3951 1056 4018 imprudentiam
1087 3970 1280 4019 meam;
1303 3964 1348 4007 et
1373 3955 1554 4009 delicta
1575 3974 1684 4010 mea
1714 3976 1746 4011 a
1769 3968 1819 4013 te

237 4055 340 4091 non
360 4050 474 4092 sunt
501 4039 810 4094 abscondita.
836 4041 944 4097 Hoc
967 4045 1142 4112 plane,
1167 4045 1358 4110 lucide,
1383 4057 1584 4117 aperte,
1607 4049 1726 4118 quia
1748 4066 1812 4105 ex

237 4147 333 4185 ore
359 4134 596 4201 corporis
623 4133 1019 4205 intelligendum
1057 4146 1156 4191 est.
1179 4137 1376 4192 Delicta
1403 4139 1543 4194 nulla
1571 4139 1814 4197 Christus

239 4221 453 4286 imbuit;
485 4223 581 4278 fuit
607 4224 922 4280 delictorum
962 4238 1257 4296 susceptor,
1289 4229 1382 4284 sed
1426 4247 1530 4286 non
1559 4235 1812 4288 commis-

236 4328 348 4366 sor.
385 4311 449 4366 Et
493 4315 673 4368 delicta
718 4333 828 4370 mea
854 4334 883 4368 α
908 4327 955 4370 te
979 4335 1077 4371 non
1120 4331 1237 4374 sunt
1278 4321 1568 4375 abscondita
1591 4340 1609 4377 :
1632 4323 1682 4377 id
1705 4335 1806 4390 est,

233 4404 515 4458 confessus
559 4421 673 4459 sum
723 4409 813 4461 tibi
861 4412 1034 4462 omnia
1084 4409 1278 4465 delicta
1325 4428 1471 4478 mea;
1499 4423 1553 4467 et
1579 4423 1702 4469 ante
1745 4431 1808 4470 os

234 4512 412 4549 meum
455 4497 630 4552 vidisti
661 4515 721 4554 ea
752 4501 802 4553 in
851 4503 1172 4571 cogitatione
1213 4518 1348 4567 mea,
1376 4504 1550 4559 vidisti
1591 4507 1807 4560 vulnera

229 4605 352 4654 qua:
396 4604 634 4646 sanares.
675 4591 778 4645 Sed
829 4592 953 4646 ubi?
985 4593 1176 4662 Utique
1203 4594 1254 4647 iit
1283 4609 1527 4663 corpore,
1561 4597 1612 4649 in
1643 4613 1809 4649 mem-

230 4680 447 4742 bris;in
472 4682 572 4736 illis
612 4683 869 4745 fidelibus,
892 4685 1030 4739 unde
1075 4685 1145 4739 illi
1197 4685 1432 4739 lizrrebat
1473 4687 1582 4754 jam
1634 4705 1804 4742 mem-

227 4773 383 4825 brum
414 4773 538 4825 illud
571 4774 709 4844 quod
737 4775 1082 4830 confitebatur
1111 4790 1322 4844 peccata
1353 4794 1467 4831 sua.
1496 4777 1560 4830 Et
1600 4779 1801 4843 delicta,

226 4865 422 4932 inquit,
450 4882 561 4918 mea
588 4883 620 4917 a
649 4877 693 4918 te
719 4883 818 4919 non
847 4879 960 4920 sunt
988 4870 1298 4922 abscondita.

300 4956 388 5008 11.
411 4953 559 5024 [νει-δ.
589 4955 666 5027 7.]
692 4956 806 5010 Non
835 4957 1122 5011 erubescant
1143 4961 1306 5026 inme,
1323 4961 1407 5028 qui
1429 4970 1476 5011 te
1495 4972 1800 5029 exspectant,

223 5046 462 5111 Domine,
495 5046 706 5102 Domine
742 5051 996 5102 virtutum.
1045 5050 1245 5104 Rursus
1289 5068 1385 5103 vox
1432 5053 1640 5120 capitis,
1685 5053 1802 5107 Non

153 5173 170 5187 .
217 5137 512 5191 erubescant
540 5139 695 5193 inme
723 5157 740 5192 :
769 5155 872 5194 non
906 5141 1112 5194 dicatur
1139 5142 1260 5205 illis,
1312 5142 1410 5195 Ubi
1458 5152 1538 5196 est
1587 5143 1653 5196 de
1697 5160 1802 5212 quo

222 5229 664 5295 praisutuebalis?
690 5245 794 5284 non
839 5229 1046 5285 dicatur
1087 5232 1215 5296 illis,
1264 5231 1363 5286 Ubi
1407 5241 1489 5285 est
1530 5233 1617 5302 qui
1651 5236 1798 5289 vobis

218 5320 453 5383 diccbat,
482 5318 711 5375 Cretlite’I
738 5323 788 5376 in
821 5322 1002 5387 Deum,
1021 5334 1066 5376 et
1089 5325 1138 5376 in
1167 5341 1242 5375 me
1266 5325 1450 5377 credite
1480 5325 1654 5396 (Joan.
1689 5344 1794 5392 Xiv,

223 5412 313 5481 i)?
342 5409 459 5465 Non
489 5414 774 5468 erubescant
803 5418 854 5468 in
894 5431 992 5482 me,
1023 5417 1105 5485 qui
1137 5427 1180 5468 te
1205 5427 1510 5485 exspectant,
1556 5417 1793 5486 Domine,

283 5591 298 5656 ξ
333 5593 405 5656 sic
424 5592 644 5653 plerique
669 5599 772 5640 Mss.
802 5600 853 5641 at
874 5599 969 5652 Er.,
995 5599 1174 5654 raptor.
1201 5599 1326 5656 ιω..
1349 5593 1572 5656 raptoris.

281 5653 404 5716 {sic
428 5668 473 5700 ιιι
499 5659 658 5714 ιϊυυω
684 5663 808 5704 nota:
833 5663 934 5704 MSS.
964 5663 1014 5704 Αι
1052 5653 1101 5703 in
1142 5655 1250 5703 Edd.
1277 5655 1352 5703 hic
1377 5653 1468 5714 εει,
1507 5662 1556 5704 tu
1594 5657 1716 5716 scis;
1743 5663 1795 5706 ct

218 5713 356 5777 paulo
378 5725 474 5775 post
483 5713 571 5773 ,ιιι
591 5719 736 5770 δάκνει.

219 5775 306 5888 '0;
331 5777 402 5823 sic
421 5779 639 5842 plerique
666 5789 716 5830 et
749 5779 961 5831 melioris
986 5788 1109 5830 tlUl-(L‘
1149 5786 1252 5828 Mss.
1282 5787 1332 5826 at
1355 5779 1485 5838 Edd,
1526 5780 1717 5830 creditis
1742 5793 1789 5829 nt

290 5850 387 5887 tun.

290 5850 387 5887 tun.

1324 381 1715 437 ENARRATIO
1751 382 1817 437 IN
1859 383 2183 440 PSALM'UM
2222 383 2447 438 LXVI“.

3411 392 3532 448 850

1946 497 2159 554 Domine
2179 501 2433 553 virtutum.
2453 498 2572 554 Non
2591 502 2964 570 confundantur
2988 520 3137 572 super
3161 523 3255 571 me,
3278 510 3362 576 qui
3379 526 3520 578 qut:-

1925 603 2061 644 ‘runt
2088 603 2151 656 te,
2179 591 2314 646 Deus
2343 590 2528 646 Israel.
2557 592 2735 646 Potest
2763 589 2864 648 hoc
2889 603 2940 648 et
2961 610 2988 647 a
3009 611 3232 664 corpore
3259 599 3474 670 intelligi
3499 643 3510 666 ,

1945 683 2036 735 sed
2065 682 2110 736 si
2137 696 2334 751 corpus
2361 683 2478 750 ejus
2509 698 2612 737 non
2639 699 2803 737 unum
2852 685 3118 742 hominem
3150 703 3313 757 ponas
3335 704 3359 740 τ
3390 695 3511 758 quia

1946 789 2126 828 revera
2150 789 2255 828 non
2285 783 2366 828 est
2405 790 2540 828 unus
2570 776 2729 830 homo
2750 791 2944 846 corpus
2968 779 3102 845 ejus.
3135 777 3230 834 sed
3261 781 3509 847 exiguum

1945 867 2270 929 membrum;
2297 882 2490 936 corpus
2519 878 2692 923 autem
2732 885 2797 923 ex
2843 871 3096 924 membris
3125 881 3353 925 constat.
3384 875 3514 925 (lor.

1945 973 2040 1026 pus
2055 972 2182 1028 ergo
2205 963 2320 1026 ejus
2345 959 2578 1028 plenum,
2601 969 2705 1013 tota
2733 959 2988 1015 Ecclesia.
3009 960 3194 1015 Merito
3219 977 3345 1032 ergo
3384 963 3517 1016 ιιίιιιι

1943 1049 2222 1104 Ecclesia:
2255 1048 2377 1104 Non
2419 1051 2708 1105 erubescant
2750 1051 2804 1104 in
2842 1068 2940 1117 me,
2986 1052 3072 1122 qui
3117 1062 3164 1106 te
3199 1065 3511 1124 aspectant,
3533 1055 3545 1072 ‘

1943 1137 2181 1206 Domine,
2215 1139 2429 1194 Domine
2473 1141 2732 1195 virtutum.
2766 1141 2879 1196 Non
2907 1143 2983 1196 sic
3012 1141 3216 1213 afﬂigar
3242 1144 3309 1198 ab
3336 1146 3508 1199 insui--

1940 1229 2182 1300 gentibus
2210 1230 2656 1298 persecutorihus,
2687 1245 2790 1284 non
2824 1232 2901 1286 sic
2928 1231 3142 1288 obterar
3169 1234 3236 1288 ab
3268 1235 3505 1289 invideo-

1943 1321 2081 1376 tibus
2109 1321 2333 1375 inimicis
2360 1322 2510 1386 meis,
2540 1323 2607 1378 ab
2636 1322 3020 1378 oblatrantibus
3051 1324 3314 1380 bmreticis
3350 1330 3436 1395 qui
3481 1346 3510 1382 a

1940 1428 2027 1468 me
2050 1413 2310 1480 exierunt,
2347 1414 2466 1484 quia
2507 1429 2612 1468 non
2650 1424 2804 1469 erant
2825 1431 2892 1471 ex
2921 1432 3037 1481 me;
3065 1432 3181 1470 nam
3209 1419 3254 1471 si
3292 1418 3511 1474 inissent

1939 1521 2002 1558 ex
2025 1521 2130 1569 me,
2147 1521 2355 1564 mecum
2376 1506 2591 1560 forsitan
2626 1507 3039 1576 permansissent
3061 1507 3285 1577 (lJoan.
3315 1527 3374 1575 ιι,
3400 1512 3508 1573 lii).

1938 1594 2053 1650 Non
2075 1597 2152 1651 sic
2186 1611 2370 1652 eorum
2399 1596 2674 1651 scandulis
2702 1612 2931 1665 premar,
2963 1608 3013 1651 ut
3040 1599 3325 1652 erubescant
3354 1601 3404 1652 in
3435 1617 3510 1653 me

1937 1691 2023 1760 qui
2047 1701 2092 1744 te
2120 1700 2425 1761 exspectant,
2451 1690 2663 1745 Domine
2684 1732 2698 1756 ,
2717 1690 2932 1745 Domine
2960 1693 3219 1747 virtutum.
3249 1692 3365 1747 Non
3391 1711 3509 1747 con-

1937 1780 2220 1849 fundantur
2245 1797 2398 1851 super
2420 1797 2516 1843 me,
2539 1781 2623 1851 qui
2644 1790 2871 1850 aruerunt
2901 1792 2966 1842 te,
2999 1781 3134 1836 Deus
3167 1780 3349 1835 Israel.

2011 1871 2096 1926 12.
2141 1871 2287 1944 [vers
2311 1871 2391 1943 8.]
2434 1870 2684 1939 Quoniam
2731 1882 2934 1941 propter
2975 1883 3031 1925 te
3056 1874 3276 1928 sustinui
3321 1890 3505 1942 expro-

1937 1963 2243 2026 brationem,
2296 1963 2490 2032 operuit
2536 1963 2856 2016 irreverentia
2896 1962 3077 2031 faciem
3127 1978 3308 2016 meam.
3366 1963 3523 2017 Nwhil'

1939 2072 2184 2127 magnum
2212 2063 2293 2110 est
2331 2055 2469 2124 quod
2497 2055 2708 2119 dicitur,
2737 2056 2950 2108 sustinui
2970 2071 2989 2119 ;
3015 2054 3106 2109 sed
3128 2055 3266 2124 quod
3293 2056 3505 2120 dicitur,

1937 2161 2143 2221 propter
2171 2160 2217 2204 te
2240 2150 2473 2204 sustinui.
2505 2149 2561 2204 Si
2584 2150 2740 2204 'enim
2782 2149 3036 2214 sustines,
3080 2149 3202 2218 quia
3245 2150 3502 2219 peccasti;

1937 2250 2150 2311 propter
2191 2252 2242 2295 te
2284 2245 2532 2307 sustines,
2578 2257 2680 2294 non
2724 2250 2938 2311 prOpter
2981 2241 3165 2295 Deum.
3215 2240 3338 2306 Quae
3375 2242 3507 2293 enim

1934 2334 2070 2386 vobis
2109 2332 2270 2402 gloria
2320 2343 2412 2391 est.
2445 2333 2518 2385 ait
2547 2333 2754 2397 Petrus,
2782 2334 2826 2386 si
2865 2341 3121 2400 peccantes
3160 2332 3427 2402 punimini,
3460 2342 3512 2385 et

1933 2423 2152 2489 stt/fertis
2186 2422 2226 2491 (Ι
2248 2423 2387 2476 Petr.
2415 2438 2473 2489 ιι,
2504 2423 2632 2493 9.0)?
2653 2423 2711 2478 Si
2751 2433 2927 2477 autem
2957 2425 3184 2477 sustines
3211 2425 3330 2494 quia
3360 2441 3506 2478 man-

1934 2514 2114 2567 datum
2145 2514 2235 2568 Dei
2276 2515 2518 2578 servasti,
2549 2529 2674 2568 vere
2709 2523 2924 2583 propter
2960 2515 3126 2568 Deum
3153 2516 3417 2577 sustines;
3448 2527 3504 2570 et-

1932 2621 2137 2661 merces
2184 2615 2268 2660 tua
2314 2616 2494 2660 manet
2521 2607 2571 2660 iu
2601 2615 2879 2666 :t-tcrnum.
2911 2608 3032 2676 quia
3074 2615 3290 2676 propter
3340 2609 3502 2673 Deum

1930 2697 2223 2752 sustinuisti
2251 2697 2554 2767 opprobria.
2582 2697 2702 2754 Ideo
2743 2699 2884 2753 enim
2923 2699 3065 2767 prior
3092 2698 3182 2752 ille
3225 2700 3494 2759 sustinuit.

1931 2800 1988 2844 ut
2017 2805 2112 2844 nos
2139 2790 2404 2844 sustinere
2432 2789 2774 2845 disceremus.
2807 2791 2872 2844 Et
2893 2790 2936 2844 si
2961 2790 3068 2854 ille,
3091 2790 3178 2860 qui
3205 2807 3306 2843 non
3340 2789 3503 2844 habe-

1928 2881 2020 2937 bat
2040 2881 2179 2952 quod
2211 2882 2282 2936 illi
2303 2881 2677 2951 objiciebatur;
2709 2891 2903 2950 quanto
2930 2881 3097 2950 magis
3138 2897 3232 2935 nos
3262 2881 3368 2950 qui,
3401 2881 3499 2934 etsi

1929 2991 2034 3029 non
2075 2975 2330 3030 habemus
2356 2983 2631 3044 peccatum
2671 2972 2813 3043 quod
2849 2973 2999 3027 nobis
3027 2973 3206 3041 objicit
3235 2973 3496 3033 inimicus,

1928 3065 2186 3120 habemus
2218 3075 2390 3119 tamen
2419 3067 2641 3119 alterum
2673 3064 2813 3134 quod
2855 3064 3012 3133 digne
3039 3063 3091 3116 in
3129 3063 3278 3121 nobis
3315 3063 3498 3131 ﬂagel-

1927 3158 2101 3213 letur?
2143 3157 2334 3212 Nescio
2376 3159 2496 3226 quis
2543 3164 2595 3211 te
2645 3156 2814 3210 furem
2855 3155 3003 3218 dicit,
3029 3162 3084 3208 ct
3127 3170 3230 3208 non
3274 3170 3333 3208 es
3373 3156 3494 3207 fur:

1924 3247 2077 3303 audis
2104 3246 2476 3317 opprobrium;
2505 3261 2611 3300 non
2645 3254 2818 3301 tamen
2848 3245 2925 3300 sic
2954 3261 3056 3298 non
3079 3260 3140 3299 es
3180 3244 3280 3308 fur,
3310 3253 3366 3299 ut
3393 3260 3497 3300 non

1925 3339 1998 3394 sis
2023 3338 2219 3409 aliquid
2248 3338 2389 3409 quod
2422 3338 2530 3394 Deo
2554 3337 2822 3406 displicet.
2855 3337 3022 3391 Porro
3047 3337 3090 3390 si
3121 3336 3208 3390 ille
3254 3336 3342 3405 qui
3383 3351 3493 3388 om-

1924 3432 2052 3485 nino
2082 3430 2211 3484 nihil
2241 3439 2504 3499 rapuerat,
2536 3429 2626 3498 qui
2655 3429 2930 3483 verissime
2959 3427 3186 3491 dixerat,
3210 3425 3340 3479 Ecce
3366 3428 3496 3480 venit

1925 3523 2158 3592 princeps
2174 3521 2362 3594 ‘mundi
2406 3521 2580 3588 hujus,
2608 3529 2654 3573 et
2684 3521 2736 3572 in
2777 3535 2855 3572 me
2891 3519 3020 3572 nihil
3061 3518 3292 3580 inveniet,
3323 3517 3496 3570 dictus

1922 3621 2004 3668 est
2025 3620 2271 3682 peccator
2305 3610 2481 3679 (Joan.
2508 3626 2580 3674 ix,
2608 3608 2724 3678 9.4),
2754 3609 2927 3662 dictus
2950 3617 3032 3664 est
3060 3609 3294 3676 iniquus,
3321 3607 3495 3660 dictus

1921 3713 2002 3756 est
2029 3701 2323 3758 Beelzebub
2348 3700 2559 3770 (Matth.
2589 3716 2644 3762 x,
2671 3699 2787 3768 9.5),
2811 3699 2984 3754 dictus
3027 3708 3110 3754 est
3155 3699 3404 3761 insanus;
3437 3710 3488 3751 tu

1920 3792 2241 3862 dedignaris,
2265 3806 2436 3852 serve,
2468 3790 2652 3844 audire
2681 3806 2776 3859 pro
2804 3789 3009 3843 meritis
3048 3789 3171 3853 tuis,
3200 3787 3340 3857 quod
3389 3789 3491 3841 Do-

1919 3884 2094 3938 minus
2136 3883 2336 3936 audivit
2381 3881 2540 3936 nullis
2581 3881 2786 3935 meritis
2824 3880 2969 3934 suis?
3011 3880 3104 3934 Ille
3132 3879 3275 3934 venit
3319 3890 3371 3932 ut
3401 3879 3491 3933 tibi

1917 3977 2180 4045 prteberct
2201 3975 2523 4044 exemplum.
2555 3974 2714 4042 Quasi
2747 3974 2912 4042 gratis
2943 3973 3041 4028 hoc
3074 3973 3272 4034 fecerit,
3295 3974 3403 4026 sie‘
3437 3981 3492 4026 tu

1918 4083 2024 4123 non
2052 4067 2284 4138 proficis.
2311 4067 2484 4135 Quare
2533 4067 2676 4122 enim
2709 4065 2796 4120 ille
2823 4065 3040 4130 audivit,
3079 4064 3177 4117 nisi
3202 4072 3258 4118 ut
3286 4072 3341 4117 ιιι
3369 4079 3487 4117 cum

1917 4161 2129 4219 audires
2172 4177 2276 4214 non
2320 4159 2609 4213 dehceres?
2658 4157 2793 4211 Ecce
2844 4166 2896 4210 tu
2949 4156 3119 4218 audis,
3149 4164 3204 4210 et
3250 4155 3476 4209 delicis:

1915 4255 2110 4310 frustra
2137 4269 2266 4323 ergo
2293 4254 2380 4306 ille
2415 4251 2644 4312 audivit;
2679 4265 2781 4304 non
2830 4249 2972 4304 enim
3018 4260 3232 4317 propter
3276 4264 3353 4310 se,
3396 4247 3492 4300 sed

1915 4355 2132 4416 propter
2158 4355 2207 4401 te
2232 4345 2451 4400 audivit.
2492 4343 2742 4410 Quoniam
2773 4359 2956 4412 proper
2985 4355 3030 4394 te
3053 4343 3267 4395 sustinui
3306 4357 3488 4407 expro-

1915 4438 2207 4500 brationem,
2252 4437 2449 4504 operuit
2498 4435 2815 4488 irreverentia
2855 4434 3035 4501 [aciem
3079 4449 3260 4485 meam.
3293 4430 3488 4483 lrreve-

1912 4531 2094 4590 rentia,
2125 4529 2310 4598 inquit,
2337 4526 2533 4596 operuit
2565 4527 2744 4596 faciem
2772 4541 2952 4576 meam.
2987 4521 3332 4577 lrrevercntia
3363 4520 3485 4590 qttid

1912 4624 2032 4676 est?
2071 4621 2184 4674 Non
2232 4618 2506 4674 confundi.
2560 4617 2794 4685 Denique
2833 4615 2985 4685 quasi
3028 4615 3212 4667 vitium
3257 4612 3480 4675 videtur,

1910 4729 2031 4768 eum
2073 4713 2267 4766 dicitur
2300 4729 2312 4762 :
2346 4710 2648 4764 lrreverens
2701 4707 2862 4760 homo
2899 4714 2999 4760 est.
3049 4705 3233 4772 Magna
3281 4704 3483 4756 irreve-

1912 4805 2079 4860 rentia
2128 4802 2378 4863 hmniuis,
2425 4816 2528 4854 non
2571 4799 2718 4852 illum
2746 4796 3085 4852 erubescere.
3119 4795 3255 4861 Ergo
3287 4795 3484 4847 irreve-

1910 4897 2077 4950 rentia
2106 4895 2252 4963 quasi
2301 4891 2626 4961 impudentia
2664 4897 2764 4942 est.
2795 4888 3014 4956 Oportet
3042 4897 3096 4938 ut
3129 4886 3316 4938 habent
3342 4885 3484 4938 chri-

1909 4990 2112 5044 stianos
2158 4986 2559 5042 irreverentiam
2619 4983 2795 5047 istam,
2844 4980 3058 5049 quando
3097 4981 3299 5032 venerit
3344 4979 3482 5032 inter

1911 5081 2152 5134 homines
2176 5079 2367 5147 quibus
2411 5075 2657 5145 displicet
2698 5073 2961 5129 Christus.
2995 5073 3049 5126 Si
3102 5073 3373 5126 erubuerit
3416 5072 3483 5125 de

1907 5172 2139 5234 Christo,
2178 5169 2441 5223 delebitur
2464 5165 2533 5220 de
2563 5167 2694 5219 libro
2724 5165 3030 5218 viventium.
3061 5164 3204 5233 Opus
3232 5172 3316 5218 est
3347 5179 3472 5230 ergo

1908 5272 1963 5317 ut
2021 5263 2218 5315 habeas
2275 5257 2713 5322 irreverentiam,
2753 5255 2965 5324 quando
3014 5254 3104 5308 lilii
3149 5253 3218 5308 de
3266 5253 3482 5306 Christo

1908 5355 2220 5414 insultatnr;
2250 5350 2464 5421 quando
2488 5349 2698 5415 dicitur,
2727 5348 2912 5402 Cultor
2933 5347 3202 5406 crucifixi,
3233 5347 3478 5398 adorator

1905 5448 2041 5502 male
2086 5447 2310 5502 mortui.
2361 5451 2642 5497 venerator
2705 5440 2908 5494 occisi:
2947 5439 3034 5493 hic
3076 5440 3119 5490 si
3169 5435 3488 5497 ernbueris,

1905 5550 2141 5594 mortuus
2170 5554 2248 5592 es.
2280 5535 2609 5591 Sententiam
2658 5533 2852 5601 quippe
2880 5531 3046 5600 ipsius
3090 5528 3228 5588 vide,
3264 5526 3348 5591 qni
3379 5542 3475 5578 nc-

1903 5633 2098 5685 minem
2151 5628 2284 5681 fallit
2315 5645 2325 5678 :
2362 5627 2460 5692 Qui
2507 5641 2584 5677 me
2611 5623 2861 5678 erubuerit
2899 5637 3065 5673 coram
3105 5617 3494 5678 ltominibus,et'

1901 5742 1990 5796 ego
2028 5722 2308 5792 erubescam
2336 5735 2448 5770 cum
2486 5733 2657 5770 coram
2699 5715 2899 5783 Angelis
2943 5709 3038 5763 Di’i
3069 5707 3215 5778 (Luc.
3257 5723 3328 5770 Ix,
3355 5707 3468 5777 9.6).

1965 5839 1975 5866 ¹
2016 5841 2085 5882 Fr.
2109 5842 2159 5884 et
2181 5840 2308 5883 ιον..
2327 5829 2384 5880 si.
2416 5834 2464 5876 ,ιι
2490 5838 2584 5876 Aul.
2615 5834 2663 5874 et
2688 5833 2813 5886 Mss,
2836 5825 2917 5871 siC.
