4020 6198
523 446 757 503 Observa
797 452 923 509 ergo
962 447 1049 500 tu;
1090 435 1159 489 sit
1206 434 1257 487 in
1306 439 1358 485 te
1404 424 1770 482 irreverentia.
1818 421 2088 475 frontosns

527 545 643 592 esto
696 529 907 603 quando
942 526 1092 581 audis
1129 519 1476 594 opprobrium
1517 516 1583 572 de
1608 512 1847 579 Christo;
1876 525 2094 581 prorsus

525 637 642 683 esto
671 602 955 678 frontosus.
978 616 1116 686 Quid
1160 602 1316 670 times
1362 609 1522 666 fronti
1567 616 1691 669 tuas,
1739 618 1897 675 quam
1940 602 2093 671 signa

523 704 698 775 crucis
721 711 978 769 armasti?
1008 711 1119 765 Hoc
1145 715 1228 763 est
1251 705 1413 769 enim,
1448 702 1659 770 Propter
1688 708 1735 752 te
1764 696 1977 751 sustinui
2002 710 2095 748 ex-

525 807 916 876 probrationem,
943 801 1137 874 operuit
1177 794 1500 852 irreverentia
1540 791 1719 863 faciem
1752 803 1934 859 meam,
1962 785 2095 839 Pro—

525 912 635 973 pter
678 910 727 955 te
761 897 974 954 sustinui
1013 890 1448 963 exprobrationem
1484 892 1583 939 :et
1620 882 1743 952 quia
1788 894 1892 934 non
1936 877 2004 931 de
2047 884 2098 929 to

525 967 734 1054 erubui,
764 986 976 1059 quando
999 985 1127 1040 mihi
1174 988 1390 1052 propter
1420 987 1469 1031 te
1499 973 1868 1034 insnltabatur,
1903 967 2099 1038 aperuit

530 1082 848 1140 irreverentia
869 1082 1049 1150 facient
1077 1089 1261 1129 meam.

598 1177 685 1232 15.
709 1173 857 1247 iners.
877 1172 931 1235 9,
958 1167 1070 1241 10.]
1087 1167 1347 1221 Alienatus
1373 1162 1534 1231 factus
1557 1173 1669 1213 sum
1699 1152 1937 1228 fratribus
1954 1151 2097 1214 meis,

527 1276 578 1323 et
618 1243 795 1336 hospes
841 1263 960 1332 ﬁliis
1003 1257 1177 1313 matris
1220 1269 1363 1308 mete.
1393 1250 1542 1305 Filiis
1583 1247 1876 1321 Synagogtn
1901 1243 2097 1326 hospes

530 1331 823 1413 {actus-est.
857 1351 914 1408 ln
944 1340 1119 1420 patria
1144 1346 1338 1416 quippe
1360 1342 1528 1412 ipsius
1565 1336 1841 1393 dicebatur
1870 1351 1884 1387 :
1917 1331 2103 1386 Nonne

531 1464 622 1502 nos
640 1445 821 1500 scimus
835 1457 950 1496 eum
969 1456 1075 1494 esse
1087 1438 1248 1507 ﬁlium
1266 1433 1446 1487 Maria:
1460 1440 1509 1485 et
1521 1428 1707 1498 Ioseph
1723 1425 1865 1497 (Luc.
1889 1439 1965 1487 tv,
1981 1422 2103 1490 22)?

538 1540 607 1594 Et
650 1536 791 1592 unde
836 1535 940 1589 alio
981 1533 1143 1587 loco:
1180 1526 1330 1582 Hunc
1373 1534 1540 1578 autem
1579 1520 1827 1575 nescitrus
1868 1516 2003 1570 unde
2040 1516 2102 1568 sit

534 1630 709 1706 (Joan.
738 1645 814 1695 Ix,
842 1624 972 1699 29)?
997 1623 1182 1678 Factus
1225 1634 1352 1688 ergo
1396 1632 1508 1672 sum
1549 1614 1730 1683 hospes
1770 1610 1889 1680 filiis
1930 1606 2104 1661 matris

539 1704 692 1777 mete;
712 1719 827 1775 Non
875 1718 1109 1773 scierunt
1150 1710 1292 1768 unde
1331 1710 1451 1772 sim,
1479 1706 1547 1761 de
1587 1704 1779 1775 quibus
1811 1709 1926 1756 erat
1967 1712 2096 1755 caro

535 1828 650 1868 mea
682 1830 696 1867 :
726 1825 829 1865 non
859 1822 946 1863 me
983 1803 1222 1862 sciebant
1247 1800 1314 1856 de
1344 1798 1545 1854 femore
1576 1793 1840 1849 Abraham
1885 1798 2093 1852 natum;

536 1904 675 1961 unde
693 1916 817 1959 caro
846 1915 961 1957 mea
989 1897 1197 1955 occulta
1227 1901 1363 1955 erat,
1388 1889 1598 1962 quando
1627 1887 1727 1942 sub
1755 1886 1873 1955 ipso
1899 1882 2102 1938 femore

538 2010 750 2053 manum
778 2004 967 2049 servus
1002 1996 1225 2060 ponens,
1249 1985 1443 2055 iuravit
1472 1996 1567 2051 per
1601 1980 1765 2033 Deum
1810 1973 1930 2030 εαξιί
1953 1972 2102 2042 (Gen.

539 2105 684 2151 xxiv,
714 2086 792 2158 9).
824 2085 1023 2155 Hospes
1070 2082 1230 2152 (actus
1254 2094 1364 2133 sum
1392 2074 1514 2158 ﬁliis
1549 2071 1724 2126 matris
1749 2084 1893 2124 mete.
1932 2068 2106 2135 Quare

540 2181 674 2237 hoc?
702 2193 864 2250 quare
882 2152 985 2232 non
1000 2169 1365 2245 agnoverunt?
1384 2152 1547 2237 quare
1566 2164 1795 2219 alienum
1824 2156 2107 2215 dixerunt?

542 2287 703 2345 quare
726 2269 837 2324 ausi
867 2276 992 2324 sunt
1017 2265 1194 2321 dicere
1224 2279 1238 2315 :
1272 2259 1536 2315 Nescimus
1574 2255 1706 2310 unde
1727 2253 1831 2308 sit?
1858 2251 2109 2319 Quoniam

543 2343 674 2416 zelus
698 2360 875 2415 domus
896 2365 995 2411 tua:
1042 2352 1252 2407 comedit
1274 2366 1355 2403 me
1385 2364 1403 2402 :
1432 2347 1483 2401 id
1520 2355 1624 2410 est,
1651 2343 1773 2415 quia
1801 2351 2108 2412 persecutus

544 2468 657 2507 sum
685 2452 736 2506 in
780 2449 885 2504 illis
922 2444 1226 2516 iniquitates
1270 2442 1528 2511 ipsorum,
1555 2435 1677 2507 quia
1705 2449 1814 2489 non
1851 2433 2110 2502 patienter

545 2547 638 2601 tuli
662 2557 796 2616 quos
818 2538 1074 2611 corripui,
1115 2536 1236 2607 quia
1265 2531 1483 2605 qumsivi
1512 2529 1733 2601 gloriam
1762 2535 1903 2581 tuam
1933 2525 1985 2578 in
2016 2524 2111 2575 do-

550 2652 641 2693 mo
681 2614 787 2700 tua,
814 2634 936 2705 quia
985 2614 1250 2701 ﬂagellavi
1300 2625 1352 2679 in
1422 2621 1620 2692 templo
1659 2619 1797 2675 male
1839 2622 2115 2670 versantes

547 2729 802 2799 [100ml],
841 2726 963 2796 ‘15):
990 2723 1080 2778 ubi
1122 2720 1281 2776 etiam
1330 2716 1555 2787 positum
1600 2720 1702 2776 est,
1746 2710 1897 2764 Zelus
1937 2707 2112 2761 dooms

546 2798 645 2893 tute
679 2819 893 2874 comedit
938 2833 1035 2869 me.
1083 2812 1218 2869 Hinc
1263 2809 1486 2872 alienus,
1531 2805 1656 2858 hinc
1704 2802 1925 2871 hospes;
1967 2798 2110 2860 hinc,

546 2911 814 2968 Nescimus
854 2907 987 2962 unde
1022 2906 1105 2960 sit.
1153 2904 1515 2972 Agnoscerent
1545 2894 1682 2949 unde
1718 2894 1839 2954 sim,
1868 2892 1917 2945 si
1954 2903 2116 2958 agno-

517 3042 521 3046 -
545 3010 756 3057 soerent
782 2996 922 3069 quod
951 2991 1233 3049 mandasti.
1262 2990 1318 3045 Si
1347 2987 1489 3043 enim
1517 2984 1806 3039 invenirem
1836 2980 1955 3034 illos
2000 2991 2115 3032 ser-

550 3105 730 3150 vantes
749 3089 994 3146 mandata
1019 3096 1127 3150 tua,
1159 3083 1304 3143 zelus
1326 3081 1516 3135 domus
1544 3085 1646 3132 tua:
1672 3091 1774 3128 non
1814 3071 2120 3129 comederet

551 3199 656 3239 me.
687 3179 754 3235 Et
807 3170 1078 3249 approbria
1112 3170 1521 3241 exprobrantium
1551 3166 1637 3219 tibi
1661 3162 1949 3216 ceciderunt
1971 3175 2120 3229 super

550 3288 650 3328 me.
696 3270 810 3324 Hoc
855 3263 1160 3322 testimonio
1203 3274 1332 3315 usus
1374 3269 1453 3313 est
1505 3265 1560 3311 et
1616 3253 1808 3308 Paulus
1852 3250 2121 3320 apostolus

553 3366 712 3437 (lecta
737 3369 819 3419 est
844 3358 1004 3418 modo
1041 3357 1155 3427 ipsa
1174 3350 1378 3420 lectio),
1406 3358 1460 3404 et
1504 3348 1577 3401 ait
1604 3364 1617 3400 :
1654 3344 1987 3413 Qua'cumque
2007 3351 2123 3393 ante

553 3456 740 3526 scripta
778 3460 916 3513 sunt,
962 3459 1016 3502 ut
1059 3463 1150 3501 nos
1183 3445 1475 3498 doceremur
1519 3437 1707 3509 scripta
1753 3444 1904 3497 sunt;
1936 3441 2007 3485 ut
2036 3448 2124 3501 per

553 3544 938 3602 consolationem
965 3539 1348 3610 Scripturarum
1374 3549 1514 3603 spem
1536 3531 1808 3584 habeamus
1829 3526 2004 3597 (Rom.
2027 3539 2121 3587 xv,

553 3636 632 3707 ι).
665 3634 805 3689 Dixit
829 3645 956 3702 ergo
983 3627 1179 3684 Christi
1208 3625 1368 3680 luisse
1408 3623 1560 3676 istam
1583 3632 1768 3673 vocem
1797 3634 1811 3670 :
1844 3614 2127 3685 Opprobria

566 3704 976 3800 exprobrantium
1018 3720 1106 3785 tibi
1143 3717 1427 3775 ceciderunt
1475 3728 1625 3779 super
1650 3727 1747 3764 me.
1777 3708 1972 3775 Quare,
2004 3704 2128 3759 tibi?

555 3818 822 3889 Numquid
865 3815 1008 3872 Patri
1053 3811 1437 3882 exprobratur,
1484 3816 1538 3863 et
1582 3820 1687 3859 non
1733 3802 1831 3872 ipsi
1884 3801 2129 3855 Christo?

555 3915 751 3982 Quare,
789 3908 1059 3980 opprobria
1098 3902 1503 3974 exprobrantium
1542 3897 1628 3950 tibi
1668 3894 1950 3949 ceciderunt
1981 3909 2132 3962 super

558 3980 672 4058 me?
692 4001 824 4070 Quia
857 3998 945 4069 qui
969 4010 1052 4052 me
1077 3992 1343 4065 cognovit.
1373 3988 1618 4058 cognovit
1642 3994 1696 4040 et
1719 3985 1928 4039 Patrem
1951 3980 2129 4055 (Joun.

558 4111 675 4158 xlv,
712 4093 811 4163 9):
842 4091 962 4162 quia
994 4102 1153 4143 nemo
1200 4081 1547 4154 exprobravit
1586 4078 1831 4142 Christo,
1877 4076 1978 4129 nisi
2026 4074 2134 4128 Deo

560 4185 889 4258 exprobrans
920 4201 933 4237 :
962 4182 1082 4252 quia
1125 4194 1282 4233 nemo
1326 4178 1554 4230 honorat
1609 4172 1841 4233 Patrem,
1890 4168 1991 4221 nisi
2044 4166 2134 4237 qui

562 4257 788 4333 honorat
805 4282 859 4329 ct
878 4272 1067 4328 Filium
1082 4269 1193 4341 (Id.
1207 4284 1262 4333 v,
1281 4266 1396 4336 2'5).
1422 4262 1706 4335 Opprobria
1729 4257 2138 4330 exprobrantium

563 4369 654 4425 tibi
671 4366 951 4422 ceciderim:
977 4377 1127 4431 super
1155 4375 1252 4424 me,
1282 4358 1403 4428 quia
1430 4370 1519 4410 me
1538 4355 1874 4407 invenerunt.

634 4462 723 4517 Η.
756 4459 914 4532 iners.
940 4453 1064 4526 ll.)
1090 4452 1151 4507 Et
1167 4450 1403 4518 cooperui
1418 4449 1469 4501 in
1484 4446 1683 4518 jejunio
1702 4444 1920 4496 animam
1942 4456 2139 4504 meam;

564 4565 613 4611 et
639 4555 827 4625 factum
847 4559 916 4605 est
945 4547 1069 4613 mihi
1087 4547 1139 4599 in
1160 4542 1503 4614 opprobrium.
1534 4539 1798 4608 Jejunium
1822 4534 2021 4590 Christi
2043 4535 2142 4602 spi-

567 4623 826 4701 ritualiter
846 4642 954 4712 iam
986 4640 1038 4693 in
1068 4636 1171 4691 alio
1202 4633 1407 4704 psalmo
1435 4626 1924 4686 commendavimus
1957 4623 2144 4679 Chari-

568 4738 661 4791 tati
694 4736 892 4791 Vestra:
913 4731 1008 4805 (a).
1042 4729 1309 4799 chunium
1336 4724 1502 4795 ipsius
1530 4729 1674 4785 erat,
1702 4717 1914 4789 quando
1936 4715 2145 4771 defece-

570 4838 694 4884 runt
732 4842 918 4903 omnes
957 4824 1047 4895 qui
1075 4822 1127 4877 in
1157 4835 1279 4876 eum
1309 4814 1676 4874 crediderant;
1716 4811 1836 4881 quia
1863 4817 1917 4863 et
1943 4806 2146 4862 esuries

569 4920 737 4989 ipsius
762 4897 958 4973 eratut
995 4916 1047 4971 in
1084 4928 1207 4969 eum
1231 4908 1573 4966 crederetur:
1603 4902 1726 4973 quia
1762 4909 1816 4955 et
1840 4899 1956 4953 sitis
1982 4897 2147 4966 ipsius
2174 4958 2177 4963 ι

571 4985 709 5075 erat,
748 5008 958 5078 quando
980 5006 1112 5061 dixit
1140 5000 1371 5064 mulieri,
1406 4998 1557 5061 Sitio,
1586 4992 1798 5077 da‘ntilti
1823 4989 1984 5043 bibere
2020 4985 2145 5055 (Id.

572 5096 653 5161 tv‘.
685 5100 716 5154 Ἰ
734 5100 787 5169 );
828 5099 985 5153 [idem
1004 5097 1196 5166 quippe
1223 5093 1387 5163 ipsius
1406 5088 1634 5147 sitiebat.
1666 5085 1731 5141 Et
1758 5081 1824 5137 de
1844 5096 2002 5136 cruce
2026 5096 2148 5133 cum

574 5196 807 5255 diceret,
843 5189 974 5245 Sitio
995 5191 1012 5257 (
1032 5187 1115 5241 Id.
1146 5184 1259 5247 xix,
1285 5182 1409 5249 ‘28).
1439 5180 1594 5237 (idem
1618 5177 1828 5232 illorum
1858 5171 2147 5243 qumrebal,

581 5300 678 5358 pro
702 5282 892 5354 quibus
916 5278 1123 5333 dixerat
1151 5290 1163 5328 :
1198 5275 1351 5327 Pater
1373 5314 1388 5337 ,
1414 5274 1614 5341 ignosce
1633 5268 1758 5331 illis,
1785 5281 1902 5336 ama
1928 5263 2168 5316 nesciunt'

581 5349 1107 5446 quidi‘aciunHLuc.
1136 5378 1310 5424 xxi".
1350 5360 1478 5431 at).
1504 5359 1608 5414 Sed
1650 5358 1720 5411 illi
1751 5356 1994 5409 homines
2029 5349 2153 5420 quid

580 5459 1170 5539 propinaruntsiticnti?
1197 5458 1438 5510 Acetum.
1455 5455 1671 5506 Acetum
1695 5452 1855 5504 etiam
1876 5450 1889 5479 ¹
1910 5458 2059 5501 vetus
2076 5445 2154 5499 di-

579 5534 734 5618 citur.
765 5557 950 5614 Merito
978 5553 1044 5607 de
1070 5559 1245 5605 vetere
1266 5543 1482 5598 homine
1504 5542 1866 5609 propinarunt,
1890 5538 2008 5605 quia
2034 5534 2155 5589 novi

644 5740 662 5769 ί
696 5738 767 5783 Sic
790 5741 890 5783 Mss.
915 5730 1168 5779 tiddxero:
1187 5725 1377 5783 .«lt‘t’lttm
1398 5714 1525 5765 enim
1547 5714 1713 5783 riuum
1727 5719 1854 5783 retas
1870 5710 2060 5760 dixitur.

657 5772 916 5861 animi,
944 5808 990 5843 tn
1016 5772 1295 5840 maml‘sal.
1327 5794 1493 5839 xxxxv,
1519 5791 1663 5826 SCl’lll.
1687 5778 1730 5833 2,
1761 5789 1803 5821 η.
1832 5772 1876 5819 ί.

1739 310 1796 367 S.
1838 304 2201 365 AUGUSTINI
2242 302 2541 361 EPISCOPI

3667 300 3768 357 859

2202 433 2320 472 esse
2356 418 2655 471 noluerunt.
2691 414 2866 481 Quare
2891 413 3013 468 novi
3042 426 3167 470 esse
3191 411 3512 469 noluerunt?
3542 413 3668 479 Quia
3691 416 3762 468 ad

2203 509 2407 562 titulum
2426 507 2611 577 psalmi
2630 505 2785 573 huius
2804 505 2892 559 ubi
2909 504 3163 573 scriptum
3192 512 3295 566 est,
3324 502 3425 557 Pro
3446 505 3506 557 iis
3524 506 3610 573 qui
3630 521 3773 557 com-

2202 600 2550 664 nmtabuutur,
2592 614 2695 653 non
2735 597 3119 669 pertinuerunt.
3153 597 3325 667 Ergo,
3358 598 3601 665 operuiin
3633 599 3783 668 jeju-

2203 693 2287 745 nio
2309 694 2530 746 animam
2554 708 2733 744 meam.
2767 691 3000 760 Denique.
3030 690 3228 760 respuit
3255 690 3416 744 etiam
3445 688 3511 742 fel
3534 690 3674 758 quod
3701 689 3778 742 illi

2202 785 2508 839 obtulerunt
2532 802 2546 841 :
2566 784 2803 853 ieiunare
2840 782 3025 852 elegit,
3052 797 3209 850 quam
3240 780 3643 835 amaritudinem
3690 795 3781 851 ae-

2203 876 2400 945 cipere.
2431 876 2543 930 Non
2574 876 2714 930 enim
2742 874 2940 929 intrant
2960 875 3013 927 in
3042 889 3235 941 corpus
3254 874 3372 942 eius
3397 874 3777 932 amarirantcs.

2203 968 2271 1022 de
2293 967 2482 1037 quibus
2508 967 2610 1020 alio
2635 966 2753 1021 loco
2779 966 3013 1035 psalmus
3037 965 3195 1019 dicit:
3219 965 3317 1030 Qui
3343 967 3643 1025 amaricant,
3678 980 3781 1016 non

2204 1060 2484 1113 emo/tentur
2512 1061 2562 1112 in
2580 1059 2856 1126 semetipsis
2886 1056 2905 1130 (
2931 1056 3071 1113 Psal.
3105 1073 3207 1111 va
3226 1096 3241 1122 ,
3276 1056 3368 1127 7).
3402 1056 3569 1126 Ergo,
3598 1058 3783 1124 operui

2203 1149 2255 1202 in
2269 1150 2467 1221 jejunio
2487 1149 2706 1203 animam
2732 1164 2928 1214 meam;
2949 1157 2993 1201 et
3026 1148 3216 1217 factum
3256 1156 3326 1200 est
3357 1146 3477 1199 mihi
3506 1148 3557 1199 in
3590 1163 3784 1215 oppro-

2206 1241 2386 1295 brium.
2406 1239 2515 1295 Hoc
2531 1240 2700 1310 ipsum
2724 1239 2849 1293 mihi
2869 1239 2918 1293 in
2937 1237 3283 1309 opprobrium
3311 1236 3501 1291 factum
3524 1245 3637 1299 est,
3658 1235 3784 1304 quia

2206 1346 2317 1386 non
2340 1331 2441 1384 illis
2464 1330 2743 1391 consensi,
2770 1327 2872 1382 hoc
2889 1337 3003 1393 est,
3029 1326 3096 1380 ab
3117 1323 3484 1395 illisjeiunavi.
3509 1323 3609 1391 Qui
3635 1325 3784 1378 enim

2206 1435 2311 1475 non
2342 1422 2605 1475 consentit
2632 1419 2769 1473 male
2803 1416 3145 1472 suadentibus
3165 1458 3179 1481 ,
3205 1415 3409 1485 ieiunat
3440 1414 3507 1469 ab
3537 1415 3704 1484 ipsis;
3735 1423 3788 1467 et

2208 1527 2302 1581 per
2337 1511 2710 1580 boeiejuninm
2759 1518 2991 1564 meretur
3031 1507 3370 1577 opprobrium
3396 1547 3410 1569 ,
3455 1515 3511 1559 ut
3559 1503 3686 1558 ideo
3716 1504 3787 1557 illi

2208 1605 2486 1659 insnltetur
2508 1645 2523 1665 ,
2549 1603 2670 1679 quia
2698 1618 2802 1659 non
2832 1602 3097 1657 consentit
3121 1600 3185 1654 ad
3218 1599 3433 1653 malum.

2265 1697 2328 1751 l5
2373 1693 2519 1769 [vers.
2542 1693 2649 1767 12.]
2668 1693 2733 1747 Et
2748 1694 2893 1764 posui
2904 1694 3239 1746 vestimentum
3256 1706 3417 1760 meum
3429 1704 3654 1742 saccum.
3670 1686 3791 1741 Jam

2207 1799 2262 1845 et
2290 1790 2354 1843 de
2378 1803 2534 1865 sach
2572 1786 2766 1857 aliquid
2797 1786 3025 1840 diximus
3056 1784 3154 1855 (a),
3182 1782 3321 1836 unde
3360 1780 3485 1839 illud
3518 1788 3637 1842 est,
3682 1778 3788 1849 Ego

2208 1891 2372 1936 autem
2395 1896 2509 1934 cum
2533 1879 2655 1932 mihi
2678 1878 2871 1932 molesti
2897 1884 3056 1930 essem
3076 1917 3092 1940 ,
3117 1871 3384 1927 induebam
3409 1887 3486 1924 me
3508 1871 3680 1923 cilicio
3699 1910 3716 1931 ,
3744 1878 3789 1921 et

2210 1973 2535 2030 Itumilt'abam
2572 1972 2625 2025 in
2639 1971 2842 2042 jejunio
2866 1971 3089 2023 animam
3121 1983 3302 2020 meam.
3336 1964 3496 2019 Ροεηὶ
3523 1965 3788 2017 uestimen-

2211 2076 2315 2120 tum
2344 2082 2507 2119 meum
2534 2079 2735 2117 saccum
2762 2081 2782 2116 :
2807 2060 2858 2115 id
2888 2069 2989 2121 est,
3021 2058 3241 2128 opposui
3265 2057 3400 2119 illis,
3431 2057 3481 2108 in
3505 2072 3665 2123 quam
3691 2069 3786 2106 sa:-

2210 2161 2417 2222 virent,
2446 2171 2659 2212 carnem
2688 2169 2893 2216 meam;
2940 2150 3197 2207 occultavi
3226 2149 3784 2204 divinitatcnl'mcam.

2214 2252 2431 2307 Saccum
2449 2290 2465 2312 ,
2510 2248 2631 2318 quia
2660 2245 2897 2300 mortalis
2925 2259 3049 2298 caro
3073 2250 3187 2296 crat
3208 2282 3221 2301 ,
3246 2250 3303 2292 nt
3327 2239 3394 2292 de
3422 2247 3639 2306 peccato
3658 2253 3785 2289 con-

2211 2343 2488 2397 demnaret
2511 2350 2781 2409 peccatum
2813 2337 2865 2405 in
2894 2350 3053 2391 carne
3089 2335 3107 2403 (
3132 2333 3277 2386 Rom.
3306 2349 3396 2386 vzn
3418 2374 3433 2395 ,
3465 2333 3554 2399 5).
3591 2330 3658 2384 Et
3699 2347 3784 2399 po-

2212 2435 2289 2489 sui
2313 2435 2652 2487 vestimmtum
2681 2448 2843 2485 meum
2869 2443 3107 2491 sacrant;
3147 2435 3193 2481 et
3230 2426 3395 2494 factus
3442 2440 3555 2477 sum
3590 2423 3698 2476 illis
3738 2424 3786 2476 in

2215 2527 2539 2598 parabolam',
2581 2524 2631 2578 id
2671 2532 2752 2578 est
2795 2523 2844 2575 in
2893 2519 3212 2575 irrisionem.
3259 2515 3517 2571 Parabola
3559 2514 3784 2574 dicitur,

2213 2612 2423 2690 quando
2465 2617 2621 2670 datur
2661 2606 2952 2667 similitudo
2992 2610 3060 2665 de
3091 2608 3266 2679 aliquo
3290 2649 3305 2674 ,
3345 2605 3560 2676 quando
3589 2604 3659 2658 de
3707 2606 3788 2654 illo

2216 2709 2352 2763 male
2376 2708 2589 2763 dicitur.
2618 2705 2706 2761 Sic
2740 2704 2827 2759 ille
2850 2744 2865 2762 .
2894 2702 3042 2756 verbi
3067 2692 3229 2772 gratia
3251 2742 3267 2764 ,
3309 2705 3495 2769 pereat
3520 2696 3788 2765 qnvmmlo

2216 2802 2324 2865 ille,
2350 2799 2593 2869 parabola
2615 2806 2733 2861 est;
2764 2795 2815 2849 id
2832 2804 2913 2849 est
2933 2793 3256 2862 comparatio
3278 2803 3332 2844 et
3356 2788 3649 2843 similitudo
3682 2803 3790 2841 ma-

2219 2891 2415 2948 Iedicti.
2445 2889 2635 2943 Factus
2662 2902 2787 2958 ergo
2812 2903 2923 2940 sum
2949 2885 3051 2939 illis
3079 2884 3133 2937 in
3161 2880 3471 2953 parabolam.

2290 2984 2377 3039 16.
2418 2982 2574 3056 [vers.
2608 2980 2728 3053 15.]
2752 2980 3100 3039 Adversus_me
3121 2976 3431 3030 insultabant
3455 2975 3536 3044 qui
3557 2974 3791 3026 sedebant

2218 3078 2271 3131 in
2303 3085 2466 3147 porta.
2497 3073 2563 3127 In
2588 3082 2760 3143 porta,
2794 3070 2921 3124 nihil
2951 3067 3094 3123 aliud
3121 3083 3277 3138 quam
3307 3067 3357 3120 in
3388 3066 3619 3135 publico.
3650 3063 3719 3117 Et
3743 3065 3791 3115 in

2221 3184 2301 3221 me
2325 3164 2601 3235 psallebant
2621 3164 2706 3234 qui
2730 3160 2954 3215 bibebant
2980 3160 3166 3213 vinum.
3198 3157 3396 3211 Putatis
3422 3157 3553 3220 hoc,
3582 3155 3791 3215 fratres,

2222 3257 2433 3312 Christo
2459 3252 2820 3309 tantummodo
2839 3249 3162 3321 contigisse?
3187 3248 3430 3317 Quotidie
3453 3248 3524 3301 illi
3549 3248 3603 3300 in
3627 3262 3794 3302 metu-

2224 3350 2334 3404 bris
2361 3349 2476 3418 ejus
2505 3347 2762 3417 contingit
2789 3362 2800 3397 :
2828 3344 3037 3415 quando
3069 3344 3203 3397 forte
3231 3356 3452 3396 necesse
3495 3340 3597 3394 erit
3639 3354 3795 3392 servo

2227 3440 2320 3495 Dei
2364 3438 2649 3509 prohibere
2696 3436 2981 3490 ebrietates
3021 3444 3075 3489 et
3122 3436 3355 3487 luxurias
3390 3433 3441 3485 in
3485 3432 3665 3500 aliquo
3718 3431 3797 3483 vel

2227 3530 2392 3586 fando
2437 3529 2520 3585 vel
2563 3528 2789 3600 oppido,
2837 3528 2925 3581 ubi
2958 3543 3061 3580 non
3104 3525 3337 3578 auditum
3388 3523 3544 3577 fuerit
3572 3523 3798 3576 verbum

2230 3624 2352 3685 Dei,
2387 3637 2571 3692 parum
2596 3630 2678 3675 est
2706 3621 2828 3688 quia
2855 3626 3097 3680 cantant,
3129 3617 3343 3685 insuper
3363 3625 3415 3669 et
3445 3616 3496 3669 in
3524 3616 3699 3682 ipsum
3723 3615 3799 3667 in-

2230 3714 2431 3783 cipiunt
2454 3722 2667 3768 cantare
2687 3753 2702 3776 ,
2732 3727 2759 3763 a
2786 3724 2889 3781 quo
2920 3708 3263 3779 prohibentur
3286 3716 3520 3761 canmre.
3565 3705 3795 3773 Compa-

2232 3814 2345 3859 rate
2371 3818 2510 3857 nunc
2539 3801 2679 3856 illius
2698 3800 2953 3870 ieiunium
2975 3840 2990 3863 ,
3017 3808 3071 3854 et
3099 3799 3308 3852 illorum
3333 3797 3532 3850 vinum.
3560 3794 3624 3848 Et
3648 3796 3800 3847 inme

2234 3894 2513 3964 psallebant
2558 3893 2643 3963 qui
2680 3891 2908 3944 bibebant
2931 3892 3099 3944 uinum
3122 3905 3139 3943 :
3160 3891 3335 3943 vinum
3364 3888 3563 3944 erroris
3585 3930 3600 3952 ,
3626 3888 3805 3941 vinum

2237 3984 2521 4054 impietatis
2539 4023 2555 4049 ,
2584 3983 2764 4036 vinum
2803 3981 3085 4049 superbiai.

2308 4079 2394 4133 l7.
2424 4076 2588 4149 [vers.
2620 4072 2743 4146 14.]
2771 4073 2882 4144 Ego
2904 4083 3070 4126 autem
3089 4072 3312 4125 oratione
3333 4087 3439 4123 mea
3471 4072 3484 4101 ¹
3513 4070 3583 4121 ad
3606 4080 3675 4132 te,
3704 4066 3807 4120 Do-

2216 4174 2390 4227 lmine.
2417 4171 2533 4240 Ego
2570 4178 2742 4223 autem
2769 4169 2847 4220 ad
2871 4176 2921 4221 te
2958 4181 3123 4219 eram.
3164 4164 3267 4219 Sed
3307 4162 3607 4231 quomodo?
3644 4160 3732 4215 Ad
3756 4170 3804 4213 te

2242 4265 2463 4321 orando.
2493 4261 2715 4332 Quando
2744 4261 2884 4326 enim
2918 4258 3249 4313 malediceris
3273 4298 3287 4319 ,
3320 4266 3374 4310 et
3399 4254 3523 4325 quid
3552 4270 3684 4321 agas
3714 4267 3814 4305 non

2245 4360 2436 4421 habes;
2469 4354 2678 4425 quando
2707 4352 2799 4407 tibi
2834 4352 3097 4421 iactantur
3120 4348 3425 4420 opprobria,
3454 4354 3510 4400 et
3550 4345 3816 4417 quomodo

2243 4452 2475 4523 corrigas
2501 4462 2619 4503 eum
2665 4461 2695 4499 a
2732 4460 2838 4515 quo
2861 4443 3127 4512 iactantur
3160 4458 3262 4495 non
3296 4439 3528 4501 invenis,
3563 4438 3699 4491 nihil
3730 4433 3815 4489 tibi

2248 4550 2412 4598 restat
2451 4540 2549 4594 nisi
2590 4552 2761 4592 orare.
2806 4535 2911 4591 Sed
2947 4543 3215 4588 memento
3252 4540 3307 4585 et
3345 4545 3439 4600 pro
3481 4531 3599 4598 ipso
3642 4543 3814 4585 orare.

2249 4636 2360 4708 Ego
2382 4645 2546 4689 autem
2572 4633 2796 4686 oratione
2814 4645 2922 4683 mea
2948 4628 3015 4682 ad
3043 4637 3090 4681 te
3109 4669 3123 4689 ,
3163 4625 3397 4679 Domine.
3424 4624 3647 4692 Tempus
3678 4624 3819 4676 bene-

2251 4730 2445 4802 placiti,
2479 4726 2630 4779 Deus.
2663 4724 2802 4778 Ecce
2829 4720 2971 4777 enim
3022 4720 3275 4790 sepelitur
3294 4732 3545 4787 granum;
3575 4723 3823 4784 exsurget

2252 4819 2470 4874 fructus.
2506 4815 2722 4886 Tempus
2748 4811 3065 4884 beneplaciti,
3090 4809 3249 4863 Deus.
3282 4808 3355 4863 De
3381 4806 3484 4861 hoc
3511 4815 3750 4875 tempore
3773 4812 3825 4858 et

2255 4912 2532 4981 Pmpheue
2581 4908 2829 4964 dixerunt
2874 4903 3017 4976 quod
3067 4908 3450 4957 commemorat
3503 4898 3822 4966 Apostolus:

2254 5003 2387 5058 Ecce
2413 5020 2544 5057 nunc
2568 5012 2759 5071 tempus
2799 4996 3133 5066 acceptabile.
3179 5010 3289 5048 ecce
3331 5008 3465 5045 nunc
3498 4992 3609 5045 dies
3655 4989 3827 5043 salutis

2257 5098 2321 5172 (li
2346 5098 2464 5152 Cor.
2497 5112 2547 5152 vt
2571 5137 2584 5156 ,
2614 5094 2703 5164 2).
2733 5091 2951 5161 Tempus
2971 5087 3288 5160 beneplaciti,
3322 5084 3476 5140 Deus.
3515 5082 3573 5137 In
3603 5082 3823 5155 mpltitu-

2258 5178 2427 5242 tudine
2455 5185 2807 5240 misericordia?
2844 5191 2960 5235 tute.
2994 5180 3104 5251 Hoc
3122 5185 3206 5233 est
3236 5187 3440 5245 tempus
3470 5173 3788 5242 bencplaciti
3811 5214 3825 5236 ,

2260 5278 2325 5332 In
2354 5277 2672 5331 multitudine
2714 5270 3063 5328 misericordia:
3096 5279 3214 5323 tute.
3262 5266 3392 5322 Nam
3439 5280 3485 5318 Si
3538 5281 3643 5317 non
3688 5267 3828 5316 esset

2261 5371 2543 5426 multitudo
2580 5365 2959 5424 misericordia
2983 5374 3116 5426 tuae,
3155 5359 3280 5431 quid
3322 5375 3420 5414 nos
3446 5357 3744 5412 faceremus
3765 5353 3831 5405 de

2327 5576 2343 5604 ι
2381 5572 2511 5628 ML,
2534 5568 2685 5621 oratio
2708 5579 2827 5616 mea.
2873 5572 2928 5615 At
2963 5564 3177 5628 potiores
3207 5566 3313 5608 Mss.
3352 5558 3500 5628 iuxta_
3706 5556 3839 5628 αἱ,

2327 5577 2343 5604 ¹
2381 5577 2511 5628 ML,
2534 5577 2685 5621 oratto
2708 5579 2827 5616 mea.
2873 5577 2928 5615 At
3026 5577 3177 5612 [ποι-οδ
3208 5577 3313 5608 mss.
3352 5577 3490 5617 iuxta
3530 5577 3675 5605 “nec.
3707 5577 3772 5600 ut
3792 5577 3839 5605 ι,

2263 5635 2471 5686 oratione
2494 5644 2600 5703 mea
2627 5642 2644 5677 :
2668 5630 2751 5678 ubi
2774 5577 3251 5687 subiutci’iigendum,
3274 5632 3442 5679 erant;
3466 5620 3606 5668 sit-uti
3629 5629 3741 5664 ntox
3762 5612 3841 5659 do-

2264 5707 2345 5746 cet
2367 5702 2666 5757 Augustinus.

2324 5760 2403 5820 la)
2428 5745 2562 5805 iam.
2588 5756 2639 5803 iu
2661 5752 2776 5803 Psal.
2799 5756 2988 5812 XXXIV,
3006 5760 3148 5798 seru).
3176 5745 3225 5807 9,
3250 5759 3293 5794 n.
3323 5745 3368 5793 5.
