4020 6198
247 332 344 386 853

246 441 576 500 multitudine
602 441 891 508 iniquitatis
925 442 1156 494 nostrm?
1187 440 1248 493 In
1279 439 1594 492 multitudine
1618 437 1810 490 miscri-

247 538 428 592 cordite
453 546 566 588 tute.
601 532 798 586 Exaudi
821 549 897 585 me
916 534 966 585 in
997 533 1196 586 veritate
1217 531 1392 583 salutis
1427 528 1697 598 tuw..Quia
1727 526 1809 578 tli-

247 635 349 693 xit,
387 627 738 683 misericordia:
780 636 906 686 tute,
937 625 1212 694 subiunxit
1248 633 1300 678 et
1342 623 1646 682 veritatem;
1690 621 1809 688 quia

246 720 604 780 misericordia
635 729 688 774 et
716 721 908 774 veritas
951 720 1206 772 universa:
1247 717 1346 770 via:
1379 715 1584 769 Domini
1620 715 1637 782 (
1667 713 1807 766 Psat.

247 829 393 876 xxiv,
427 812 493 866 16
514 811 554 882 ).
592 810 766 877 Quare
791 809 1184 864 misericordia?
1229 803 1544 860 Dimittendo
1573 813 1806 875 peccata.

246 907 424 973 Quare
462 903 656 957 veritas
673 901 1015 957 ‘l‘lleddendo
1059 899 1345 969 promissa.
1387 897 1590 951 Exaudi
1634 912 1711 948 me
1757 895 1810 947 in

241 997 446 1050 veritate
473 995 644 1048 salutis
675 1004 792 1047 tute.

321 1087 403 1142 l3.
439 1085 602 1159 [vera
634 1086 717 1138 1'5.
741 1084 759 1156 ]
791 1084 1000 1138 Salvum
1021 1099 1096 1135 me
1116 1083 1198 1151 [ac
1217 1081 1279 1135 de
1301 1083 1432 1145 luto,
1457 1091 1506 1133 ut
1532 1097 1629 1134 non
1653 1081 1809 1132 inlite-

251 1197 405 1246 reant.
439 1180 511 1233 De
545 1177 635 1231 illo
658 1177 723 1231 de
765 1191 871 1246 quo
902 1190 1058 1244 supra
1088 1175 1290 1228 dixerat
1331 1190 1344 1227 :
1388 1174 1573 1240 inﬁxus
1610 1188 1718 1224 sum
1759 1173 1810 1222 in

250 1267 630 1338 litnovprofundi
648 1309 663 1330 ,
690 1276 852 1319 etnon
874 1275 942 1317 est
963 1265 1260 1317 substantia.
1289 1263 1514 1317 l’roinde
1543 1263 1660 1331 qttia
1685 1262 1808 1316 illttd

248 1365 543 1431 expositum
574 1362 704 1434 bene
728 1354 1029 1428 accepistis,
1061 1358 1198 1428 quod
1231 1358 1312 1411 hic
1342 1359 1562 1411 audiatis
1589 1373 1804 1426 expres-

248 1455 600 1508 sinsnouest.
633 1452 763 1505 Iliae
804 1465 862 1504 se
901 1450 1025 1504 dicit
1070 1449 1430 1511 liberandum,
1463 1450 1546 1502 tibi
1586 1463 1644 1503 se
1687 1459 1809 1501 ante

249 1543 608 1599 tlixitinfixum
634 1559 648 1595 :
673 1542 880 1594 Salvum
899 1558 974 1593 me
993 1545 1074 1611 [ac
1095 1541 1155 1593 de
1175 1542 1300 1600 luto,
1328 1553 1495 1592 utnon
1515 1541 1804 1592 inlucreant.

252 1633 323 1685 I-Jt
347 1631 555 1700 exponit
586 1631 682 1683 hoc
725 1631 876 1698 ipse:
914 1629 1078 1682 Eruar
1119 1646 1180 1682 ex
1220 1631 1280 1682 iis
1324 1631 1407 1695 qui
1458 1629 1670 1682 oderunt
1712 1647 1805 1681 me.

251 1723 352 1790 l‘psi
375 1737 500 1792 ergo
524 1731 645 1774 sunt
665 1721 833 1775 lutum
860 1721 944 1788 ubi
976 1721 1252 1775 ltzcseram.
1283 1720 1388 1776 Sed
1417 1721 1514 1774 hoc
1536 1721 1664 1774 forte
1691 1737 1811 1789 sug-

247 1812 463 1879 geritur.
492 1812 649 1864 Paulo
675 1820 796 1864 ante
824 1811 1048 1875 dixerat,
1082 1810 1280 1878 ln/‘ixus
1305 1828 1414 1863 sum
1438 1829 1450 1873 ;
1481 1811 1636 1863 modo
1661 1812 1807 1876 dicit,

250 1900 467 1954 Salvum
481 1918 556 1954 me
580 1905 660 1971 fw:
685 1902 746 1954 de
774 1902 878 1956 luto
897 1943 912 1967 ,
939 1911 993 1954 ut
1014 1919 1112 1954 non
1140 1903 1446 1966 inharreant;
1475 1917 1592 1955 eum
1623 1919 1810 1957 secun-

250 1991 374 2043 dtttn
403 1993 711 2045 sententiam
741 1993 966 2060 priorem
1007 1992 1220 2046 deberet
1241 1992 1417 2045 dicere
1444 2010 1457 2045 :
1487 1994 1694 2046 Salvum
1727 2010 1810 2047 me

250 2078 331 2132 EN:
353 2079 420 2132 de
448 2079 556 2133 luto
582 2081 666 2134 ubi
702 2080 957 2134 ltatseram
981 2121 994 2140 .
1030 2081 1259 2136 erucndo
1302 2098 1416 2148 me,
1458 2099 1560 2136 non
1606 2085 1809 2154 agendo

250 2181 305 2222 ut
332 2185 437 2224 non
463 2172 762 2226 inhreream.
799 2173 937 2242 Ergo
967 2173 1190 2229 luescrat
1217 2190 1376 2230 carne
1396 2219 1410 2243 ,
1439 2177 1529 2230 sed
1562 2193 1663 2231 non
1697 2178 1807 2233 ha:-

249 2272 391 2316 serat
426 2265 628 2332 Spiritu.
678 2267 809 2319 Dicit
856 2267 955 2320 hoe
998 2283 1060 2320 ex
1111 2267 1410 2324 inﬁrmitate
1451 2271 1806 2324 membrorum

244 2369 481 2407 suorum.
510 2357 728 2421 Quando
755 2357 889 2410 forte
914 2358 1118 2426 caperis
1141 2360 1208 2413 ab
1234 2374 1298 2413 eo
1323 2361 1408 2428 qui
1446 2371 1495 2416 te
1522 2364 1710 2430 premit
1742 2363 1808 2416 ad

246 2445 571 2512 iniquitatem
591 2489 606 2510 ,
641 2458 845 2502 tenetur
871 2451 1080 2516 quidem
1102 2466 1292 2518 corpus
1317 2461 1491 2512 tuum:
1521 2454 1804 2508 secundum

244 2551 436 2603 corpus
463 2538 648 2589 infixus
675 2553 735 2592 es
779 2530 829 2592 in
859 2540 980 2593 limo
1009 2541 1247 2608 profundi
1274 2560 1286 2592 :
1313 2543 1403 2596 sed
1431 2544 1674 2611 quamdiu
1704 2561 1806 2598 non

246 2627 511 2679 t-onsenlis
530 2668 546 2691 ,
575 2643 676 2680 ttott
706 2628 934 2692 ll:L‘Sl.~ll;
965 2631 1007 2683 si
1045 2640 1217 2684 autem
1249 2634 1514 2686 censentis
1535 2675 1548 2694 ,
1588 2635 1804 2688 laesisti.

242 2714 426 2767 ()ratio
449 2731 574 2783 ergo
601 2725 682 2768 ttta
717 2717 784 2768 ihi
812 2718 878 2770 sit
901 2759 914 2778 ,
951 2730 1002 2770 ιιι
1029 2720 1293 2788 quomodo
1322 2721 1429 2790 jam
1463 2732 1667 2776 tenetur
1687 2739 1804 2778 cor-

246 2821 345 2873 pus
384 2816 561 2867 tutttu,
591 2823 692 2860 non
727 2818 965 2862 teneatur
1008 2819 1060 2863 et
1099 2811 1269 2863 anima
1305 2823 1428 2876 tua,
1478 2812 1549 2865 sis
1591 2813 1724 2867 liber
1754 2815 1804 2868 in

244 2895 485 2948 vinculis.
514 2895 681 2949 Eruar
703 2914 762 2951 ea:
785 2899 861 2952 Itis
883 2901 975 2962 qui
991 2901 1203 2954 oderunt
1241 2919 1319 2955 me
1340 2944 1354 2966 ,
1387 2914 1432 2956 et
1460 2904 1522 2956 de
1558 2908 1807 2974 profundo

243 3002 506 3055 aquarum.

319 3076 402 3130 19.
447 3076 606 3149 [vers.
636 3080 752 3151 16.]
783 3081 899 3135 Non
929 3100 1006 3136 nte
1045 3084 1296 3154 demergo!
1337 3096 1598 3156 tempestas
1641 3106 1800 3158 aqum.

243 3167 346 3219 Sed
373 3168 480 3234 jam
520 3168 792 3224 demersus
821 3185 952 3226 erat.
1010 3173 1130 3226 Veni
1167 3177 1218 3228 in
1262 3176 1574 3230 altitudinem
1618 3183 1799 3244 maris,

242 3267 296 3309 tu
325 3257 544 3323 dixisti;
569 3270 614 3313 et
640 3270 898 3331 tempestas
919 3265 1146 3318 demersit
1166 3284 1268 3333 me,
1296 3275 1346 3320 ιιι
1370 3267 1562 3322 dixisti.
1591 3270 1801 3324 Denter-

239 3350 308 3402 sit
333 3352 623 3405 secundum
648 3370 882 3416 carnem,
916 3373 1018 3410 non
1041 3357 1311 3428 demergat
1335 3360 1621 3415 secundum
1648 3363 1802 3431 spiri-

238 3449 370 3492 tum.
415 3443 613 3509 Quibus
649 3445 846 3500 dictum
882 3456 994 3512 est,
1040 3449 1100 3503 Si
1136 3465 1221 3503 vos
1263 3452 1502 3519 persecuti
1539 3454 1720 3522 fuerint
1749 3455 1800 3508 in

238 3545 340 3581 una
384 3531 604 3598 civitate,
648 3534 806 3604 fugite
854 3537 905 3589 in
943 3536 1095 3589 aliam
1151 3538 1367 3607 (lllatt/t.
1421 3557 1488 3606 χ,
1527 3541 1664 3614 25);
1699 3543 1798 3598 hoc

235 3620 316 3674 eis
345 3622 540 3676 dictum
570 3634 648 3677 est
672 3666 686 3688 ,
719 3633 773 3677 ιιι
802 3641 899 3679 nec
937 3643 1096 3682 carne
1135 3629 1419 3693 ha'rerent,
1451 3645 1547 3684 nec
1588 3634 1793 3700 Spiritu.

236 3709 352 3765 Non
379 3713 518 3765 enim
563 3715 913 3782 appetendum
961 3728 1038 3771 est
1075 3727 1133 3770 ttt
1174 3717 1468 3775 haéreamus
1495 3723 1576 3776 vel
1604 3739 1795 3788 carne;

234 3800 330 3853 sed
359 3811 608 3868 quantum
641 3818 917 3870 possumus
937 3847 952 3871 ,
981 3807 1145 3860 vitare
1163 3808 1434 3864 debemus.
1464 3811 1517 3864 Si
1548 3827 1670 3866 vero
1691 3813 1797 3868 ha:-

233 3885 498 3957 serimus,
530 3902 584 3947 et
614 3895 663 3947 in
710 3910 894 3948 manus
940 3907 1270 3964 peccatorum
1313 3901 1609 3956 venerimus
1631 3945 1646 3968 ,
1686 3904 1794 3973 jam

232 3998 457 4051 corpore
502 3985 781 4049 hmsimus;
831 3986 918 4039 ﬁxi
954 4002 1135 4041 sumus
1160 3989 1209 4042 in
1241 3990 1367 4044 limo
1393 3992 1664 4059 profundi:
1709 4010 1794 4048 re-

231 4083 340 4128 stat
384 4092 478 4144 pro
503 4077 674 4130 anima
705 4078 976 4148 deprecari
1006 4089 1061 4133 ιιι
1089 4097 1192 4134 non
1225 4082 1601 4146 inhtereamus,
1638 4085 1685 4139 id
1717 4097 1798 4141 est

231 4181 338 4218 non
353 4168 771 4232 consentiamus;
791 4186 892 4222 non
917 4186 1012 4224 nos
1032 4171 1300 4240 dctnergat
1323 4181 1603 4244 tempestas
1624 4192 1793 4246 aqua-,

232 4266 291 4310 ιιι
314 4263 494 4313 eamus
516 4261 565 4313 in
597 4261 910 4330 profundum
936 4263 1067 4317 litui.
1104 4263 1275 4334 Neque
1303 4266 1554 4320 absorbent
1581 4285 1657 4322 me
1681 4287 1794 4337 pro-

229 4348 464 4415 fundunt,
491 4367 646 4416 neque
664 4363 878 4406 coarctet
899 4370 1048 4425 super
1067 4372 1146 4408 me
1168 4366 1347 4425 puteus
1379 4373 1433 4410 os
1470 4374 1631 4411 situm.
1659 4359 1793 4428 Quid

227 4448 310 4490 est
337 4438 458 4502 hoc,
484 4442 714 4497 fratres?
737 4443 864 4513 quid
887 4445 1202 4515 deprecatus
1226 4449 1344 4501 est?
1361 4448 1574 4517 Magnus
1589 4464 1669 4504 est
1701 4469 1794 4520 pu-

227 4538 344 4582 teus
370 4530 692 4598 profunditas
721 4535 1004 4603 iniquitatis
1033 4535 1274 4591 humana:
1299 4555 1311 4589 :
1346 4539 1469 4593 illuc
1499 4541 1719 4612 quisque
1747 4544 1790 4597 si

223 4623 504 4687 cecidi-rit,
537 4626 590 4679 in
621 4627 780 4680 altum
819 4629 991 4684 cadet.
1023 4629 1126 4685 Sed
1167 4641 1338 4687 tamen
1379 4633 1444 4686 ibi
1490 4636 1716 4703 positus,
1747 4637 1803 4689 si-

221 4715 505 4770 cunlitt-tnr
544 4728 752 4786 peccata
786 4719 892 4774 Deo
915 4737 1044 4786 suo,
1077 4739 1181 4775 non
1220 4735 1378 4792 Super
1418 4742 1537 4779 eum
1585 4728 1790 4783 claudet

221 4816 415 4876 puteus
439 4823 500 4862 os
527 4824 677 4863 suum
705 4828 718 4863 :
751 4818 809 4865 ut
835 4821 916 4866 est
947 4813 997 4866 in
1027 4815 1129 4867 alio
1153 4815 1379 4884 quodam
1424 4818 1627 4885 psalmo
1655 4822 1790 4873 seri-

219 4909 370 4969 ptum
392 4940 406 4962 ,
440 4899 515 4953 De
540 4902 801 4970 profundis
823 4903 1034 4958 clamavi
1070 4906 1137 4958 ad
1157 4917 1236 4973 te,
1266 4907 1515 4974 Domine;
1539 4909 1786 4977 Domine,

216 4993 407 5048 exaudi
428 5008 591 5046 uocent
608 5011 767 5048 meam
783 4996 949 5064 (Psal.
967 5013 1149 5065 cxxnx,
1171 5001 1224 5065 1,
1242 5001 1320 5069 2).
1339 5002 1392 5054 Si
1405 5010 1579 5055 autem
1598 5003 1786 5058 factum

231 5087 286 5139 in
309 5085 398 5138 illo
415 5085 569 5139 fuerit
588 5086 725 5155 quod
742 5087 842 5140 alia
856 5091 1110 5143 sententia
1122 5091 1402 5161 Scriptura:
1415 5093 1560 5155 dicit,
1603 5092 1790 5148 Pecca-

216 5185 320 5238 tor,
337 5192 450 5228 cum
465 5178 645 5228 venerit
660 5177 709 5229 in
727 5178 1030 5246 profundum
1048 5181 1311 5245 malorunt,
1325 5195 1597 5238 contemnet
1610 5185 1784 5256 (Prov.

215 5283 349 5322 x-vttt
374 5306 390 5330 ,
415 5268 449 5321 5
472 5268 529 5332 );
567 5267 758 5322 clausit
783 5284 943 5338 super
967 5287 1087 5324 eum
1121 5282 1304 5340 puteus
1328 5290 1390 5326 os
1424 5278 1806 5343 suum.Qu-are-

216 5359 407 5413 clausit
432 5374 495 5412 os
521 5360 715 5413 suum?
739 5360 869 5426 Quia
899 5363 1086 5416 clausit
1113 5378 1176 5416 os
1200 5365 1356 5418 illius.
1391 5365 1622 5421 Perdidit
1647 5371 1784 5423 enim

216 5449 632 5517 confessionem;
666 5467 792 5508 vere
821 5465 1060 5508 mortuus
1088 5465 1202 5520 est,
1235 5457 1613 5528 impletumque
1643 5461 1691 5514 in
1723 5477 1787 5516 eo

217 5552 301 5592 est
327 5541 464 5611 quod
489 5542 607 5596 alibi
637 5543 831 5598 dicitur
853 5562 867 5598 :
891 5544 935 5598 Α
963 5556 1197 5612 mortuo,
1247 5548 1375 5600 velut
1423 5549 1511 5618 qui
1546 5567 1643 5603 non
1686 5553 1783 5619 sit,

219 5635 344 5704 perit
387 5635 630 5702 confessio
667 5637 684 5703 (
714 5635 875 5692 Eccli.
901 5654 1008 5692 xxtt
1031 5679 1046 5701 ,
1090 5637 1216 5709 26).
1247 5638 1519 5694 Metuenda
1564 5642 1659 5696 ista
1704 5659 1787 5698 res

226 5726 591 5794 vehementer,
629 5727 835 5784 fratres.
866 5730 932 5784 Si.
962 5731 1161 5786 videris
1180 5731 1440 5786 hominem
1470 5732 1657 5789 fecisse
1685 5737 1780 5788 ini--

1257 322 1654 380 ENARRATIG'
1685 321 1748 376 IN
1786 321 2102 377 l‘S.\I...llll.\l
2145 323 2368 378 LXVIII:

3379 336 3486 392 εδι

1923 435 2203 502 quitatem,
2253 451 2458 491 mersus
2489 448 2562 491 est
2599 438 2645 492 in
2678 450 2888 508 puteum
2915 460 2927 494 :
2961 444 3169 511 quando
3197 455 3372 501 autem
3415 448 3501 502 illi.

1918 525 2111 579 dixeris
2139 527 2686 597 iniquitatcmipsius,
2718 541 2771 585 et
2797 531 3026 598 dixerit,
3065 535 3194 588 Vere
3234 553 3440 605 peccavi
3467 581 3484 601 ,

1918 615 2119 679 fateor;
2151 632 2253 669 non
2290 633 2449 686 super
2474 634 2592 672 eum
2632 621 2817 676 clausit
2849 633 3034 692 puteus
3061 640 3120 678 os
3144 642 3294 680 suum
3320 646 3332 681 :
3361 644 3494 682 eum

1892 715 2090 768 autem
2118 706 2309 760 videris
2351 723 2470 762 eum
2513 709 2719 774 dicere,
2763 713 2896 778 Quid
2925 717 3064 768 enim
3095 717 3218 769 ntali
3248 717 3377 772 feci?
3409 721 3487 772 la-

1916 805 2030 850 ctus
2063 791 2142 850 est
2168 797 2416 854 defensor
2446 803 2642 869 peccati
2673 805 2791 867 sui;
2833 806 3019 860 clausit
3045 823 3204 876 super
3231 823 3354 862 eum
3383 826 3482 878 pth

1919 899 2031 940 teus
2069 904 2129 941 os
2155 903 2340 951 suum,
2385 896 2493 959 qua
2515 902 2729 948 eruatur
2753 912 2855 949 non
2887 896 3061 951 habet.
3098 893 3306 952 'Amissa
3351 917 3484 953 con.

1915 976 2143 1032 fossione
2166 1021 2180 1045 ,
2227 996 2330 1034 non
2365 983 2476 1036 erit
2514 983 2680 1054 locus
2707 987 3102 1044 misericordim.
3129 990 3207 1046 Tu
3236 993 3404 1047 factus
3429 1009 3485 1048 es

1916 1070 2112 1136 peet-ati
2146 1071 2220 1124 tui
2247 1071 2532 1133 defensor;
2577 1077 2842 1144 quomodo
2880 1081 2979 1134 erit
3011 1083 3147 1136 Deus
3193 1084 3483 1138 liberator?

1918 1157 1978 1213 Ut
2012 1175 2138 1230 ergo
2164 1163 2234 1215 sit
2260 1163 2344 1217 ille
2368 1164 2650 1235 liberator,
2685 1176 2737 1222 ιιι
2764 1181 2877 1225 esto
2901 1184 3200 1230 accusator.

2569 1363 2738 1402 διίκωο
2770 1366 2827 1404 II.

2198 1497 2268 1552 De
2283 1501 2550 1568 posteriore
2578 1513 2719 1572 parte
2733 1505 2954 1574 ejusdem
2981 1504 3196 1560 Psalmi.

1990 1654 2035 1707 l.
2075 1651 2234 1724 [rers.
2270 1654 2356 1721 I6,
2388 1655 2510 1728 l7.]
2551 1657 2819 1712 Posterior
2863 1677 2980 1728 pars
3027 1664 3212 1732 psalmi
3263 1665 3330 1721 de
3378 1685 3500 1738 quo

1915 1743 2161 1801 hesterno
2203 1747 2288 1802 die
2327 1751 2482 1803 locuti
2523 1766 2704 1805 sumus
2742 1752 2995 1808 Chai-itali
3043 1755 3242 1811 Vestra:
3272 1801 3284 1822 ,
3333 1760 3485 1816 hodie
3571 1747 3583 1754 ’

1915 1838 2064 1892 nohis
2103 1839 2408 1907 explicanda
2444 1853 2790 1898 remanserat.
2834 1844 2901 1898 Et
2937 1847 3090 1922 video
3119 1865 3236 1904 esse
3276 1858 3482 1919 tempus

1916 1930 2166 1985 reddendi
2215 1932 2415 1998 debiti,
2448 1935 2490 1987 si
2539 1942 2710 1989 tamen
2757 1939 2873 2005 ejus
2922 1937 3192 2007 proliritas
3235 1956 3338 1995 non
3389 1959 3483 1995 nos

1914 2023 2070 2075 etiam
2104 2023 2258 2078 hodie
2296 2025 2564 2080 debitores
2595 2028 2902 2096 reliqueritu
2935 2030 3110 2102 Itaque
3149 2031 3246 2085 hoc
3289 2034 3477 2102 prmio-

1913 2128 2076 2180 quor,
2110 2122 2162 2167 et
2191 2124 2310 2183 peto
2341 2131 2406 2170 ne
2447 2116 2751 2171 ditttttrnttm
2799 2134 3092 2174 sernzenem
3145 2121 3194 2175 itt
3237 2123 3318 2178 his
3360 2140 3478 2192 qua:

1913 2204 2185 2258 manifesta
2216 2217 2337 2261 sunt
2357 2211 2698 2277 exsiicCtetis.
2731 2208 2802 2263 Ita
2832 2211 2968 2266 cuitu
3010 2229 3279 2284 pessumas
3301 2215 3355 2272 in
3383 2216 3482 2270 ob—

1834 2353 1838 2358 .
1913 2298 2234 2353 scurioribus
2261 2305 2570 2357 necessitate
2597 2304 2886 2370 inunorari,
2906 2317 2961 2360 et
2990 2306 3207 2360 fortasse
3236 2308 3484 2377 supplere

1911 2390 2049 2457 quod
2081 2391 2334 2446 debemus
2358 2435 2374 2459 ,
2406 2402 2463 2447 ut
2503 2395 2620 2448 aliis
2647 2396 2834 2450 diebus
2860 2397 2960 2452 alia
2995 2398 3278 2453 debeamus
3301 2441 3314 2463 ,
3357 2400 3482 2454 alia»

1912 2497 2014 2550 que
2043 2483 2343 2538 reddamus.
2379 2484 2662 2540 Videamus
2688 2502 2814 2556 ergo
2839 2503 2957 2557 qua:
2987 2500 3297 2557 sequuntur.
3327 2491 3483 2546 Post-

1911 2587 2130 2641 eaquam
2187 2575 2357 2641 dixit,
2406 2575 2581 2645 Neque
2629 2589 2842 2632 coarctet
2888 2597 3040 2649 super
3087 2598 3163 2634 me
3209 2592 3387 2650 puteus
3431 2600 3491 2636 os-

1911 2678 2091 2727 suum;
2119 2664 2257 2733 qttod
2295 2664 2548 2720 hesterno
2591 2666 2675 2720 die
2720 2669 3206 2724 commendavimtts
3229 2671 3483 2730 Chai-itali

1913 2751 2147 2817 Vestra),
2183 2765 2235 2808 ιιι
2261 2758 2400 2809 omni
2428 2757 2588 2810 animi
2616 2757 2907 2814 intentione
2935 2770 2988 2815 et
3014 2761 3114 2816 fide
3145 2762 3354 2831 pietatis
3391 2779 3481 2819 ca—

1912 2857 2130 2896 veamus
2170 2861 2233 2898 ne
2265 2845 2364 2899 hoc
2401 2847 2732 2902 maledictum
2761 2851 3097 2919 superveniat
3137 2853 3310 2907 nobis.
3338 2854 3482 2908 Tunc

1909 2936 2048 2988 enim
2072 2946 2302 2991 coarctat
2328 2945 2516 3005 puteus
2541 2955 2699 3008 super
2727 2941 2992 2998 hominem
3023 2959 3086 2997 os
3115 2959 3288 3010 suum,
3321 2946 3369 2999 id
3399 2956 3481 3001 est

1909 3025 2236 3093 profunditas
2276 3029 2594 3098 iniquitatis,
2626 3032 2835 3100 quando
2865 3049 2966 3086 non
2997 3034 3166 3088 solum
3198 3052 3400 3091 mersus
3429 3039 3478 3090 in

1908 3119 2134 3184 peccatis
2172 3117 2306 3185 jacet
2333 3160 2347 3184 ,
2379 3119 2471 3172 sed
2502 3119 2658 3174 etiam
2693 3122 2863 3191 perdit
2890 3123 3087 3177 aditum
3118 3125 3478 3180 confessionis.

1906 3197 2125 3271 Quando
2167 3216 2339 3262 autem
2378 3209 2504 3264 dicit
2548 3209 2747 3276 homo,
2788 3211 3041 3268 Pcccator
3071 3231 3222 3280 sum;
3253 3217 3482 3272 radiatttr

1905 3299 2081 3369 aliquo
2110 3300 2306 3355 lumine
2335 3301 2492 3355 etiam
2522 3303 2851 3372 profunditas
2881 3307 3042 3374 putei.
3065 3306 3311 3376 Sequitur
3332 3323 3487 3378 ergo,

1905 3390 2040 3444 inter
2064 3391 2336 3460 passiones
2361 3393 2663 3447 exclamans
2688 3395 2938 3449 Dominus
2963 3405 3144 3450 noster
3162 3397 3314 3451 Jesus
3334 3399 3486 3452 Chri-

1902 3489 2042 3543 stus,
2074 3491 2228 3549 caput
2255 3490 2308 3537 et
2327 3497 2552 3553 corpus;
2583 3485 2719 3538 sicut
2743 3487 3228 3542 eommendavimus
3247 3529 3262 3553 ,
3292 3498 3348 3542 ut
3371 3492 3481 3558 qui.-

1904 3570 2118 3623 husdam
2139 3571 2487 3640 locis,capitis
2516 3574 2670 3628 verba
2695 3577 3189 3645 cognoscatis;qu:n
3215 3588 3386 3631 autem
3404 3580 3482 3632 di-

1899 3671 1983 3714 cta
2017 3661 2205 3714 fuerint
2231 3662 2300 3714 ita
2329 3671 2384 3714 ut
2407 3662 2564 3730 capiti
2589 3667 2872 3719 convenire
2902 3681 3004 3720 non
3033 3667 3254 3735 possint,
3287 3668 3351 3722 ad
3366 3684 3503 3723 σοι..

1901 3767 1998 3820 pus
2027 3750 2285 3806 referatis.
2307 3753 2392 3808 Sic
2410 3754 2546 3807 enim
2562 3754 2789 3825 loquitur
2803 3757 3046 3813 Christus
3060 3767 3303 3829 tanquam
3325 3777 3478 3827 unus;

1899 3842 2018 3910 quia
2041 3851 2093 3896 et
2118 3857 2240 3896 vere
2259 3858 2391 3896 unus
2409 3843 2472 3897 de
2489 3859 2591 3913 quo
2609 3843 2810 3900 dictum
2830 3855 2911 3900 est
2934 3864 2947 3900 :
2975 3846 3134 3902 Erunt
3153 3849 3251 3902 duo
3270 3850 3319 3902 in
3335 3868 3498 3908 carne.

1899 3949 2002 3986 una
2049 3932 2239 4002 Ephes.
2272 3951 2322 3999 v,
2342 3932 2451 4004 51).
2490 3936 2543 3989 Si
2561 3936 2710 3990 enim.
2730 3937 2782 3991 in
2811 3952 2970 3994 carne
2997 3955 3118 4006 una,
3138 3941 3259 4009 quid
3276 3943 3492 3997 miraris.

1898 4025 2020 4094 quia
2046 4035 2098 4079 et
2126 4026 2177 4078 in
2205 4040 2332 4080 voce
2362 4042 2462 4082 una
2483 4028 2507 4080 ?
2531 4027 2780 4098 Sequitur
2810 4045 2970 4100 ergo,
3007 4031 3206 4086 Exaudi
3231 4051 3338 4100 me,
3368 4033 3480 4089 Do-

1899 4119 2031 4170 min‘e
2055 4160 2068 4184 ,
2110 4119 2347 4188 quoniam
2382 4120 2548 4173 suavis
2576 4129 2646 4175 est
2675 4107 3015 4178 misericordia
3041 4135 3146 4179 tua.
3176 4125 3322 4181 llanc
3351 4142 3480 4182 eau-

1898 4224 2009 4262 sam
2051 4195 2280 4264 asseruit
2318 4226 2485 4281 quare
2523 4211 2716 4281 debeat
2758 4214 3024 4282 exaudiri,
3051 4216 3171 4286 quia
3199 4219 3374 4271 suavis
3402 4228 3482 4272 est

1898 4302 2252 4356 misericordia
2299 4303 2415 4358 Dei.
2455 4303 2641 4359 Nonne
2677 4307 2844 4376 magis
2883 4307 2984 4362 hoc
3011 4317 3124 4362 erat
3153 4323 3482 4379 consequens

1897 4404 1954 4447 ut
1978 4393 2424 4461 diccret,Exaudi
2446 4411 2550 4460 me,
2579 4397 2827 4462 Domine,
2859 4407 2916 4453 ut
2940 4401 3116 4454 suavis
3142 4401 3267 4454 mihi
3294 4402 3363 4454 sit
3383 4403 3479 4455 tui-

1896 4487 2177 4542 sericordia
2218 4489 2348 4541 tua?
2391 4488 2564 4555 Quare
2597 4480 2776 4559 ergo,
2822 4491 3026 4545 Exaudi
3069 4509 3179 4556 me,
3225 4491 3475 4555 Domine.
3547 4551 3551 4555 ,

1894 4579 2124 4647 quoniam
2151 4573 2316 4632 suavis
2345 4589 2415 4632 est
2446 4581 2783 4635 misericordia
2812 4592 2920 4642 tua.
2966 4583 3288 4639 Suavitatem
3317 4586 3478 4639 mise-

1895 4670 2137 4725 ricordia:
2191 4669 2394 4725 Domini
2446 4672 2514 4727 dc
2561 4673 2897 4730 tribulatione
2949 4691 3040 4728 sua
3090 4677 3479 4731 commendavit

1894 4762 2011 4814 aliis
2049 4761 2437 4829 quodammodo
2473 4764 2679 4829 verbis,
2725 4757 2844 4819 eum
2892 4765 3022 4819 dixit
3070 4783 3102 4820 :-
3129 4765 3329 4820 Exaudi
3361 4784 3474 4833 me,

1894 4850 2142 4916 Domine,
2192 4855 2429 4922 quoniam
2473 4853 2700 4909 tribulor.
2748 4856 2947 4910 Revera
2996 4859 3136 4912 enim
3183 4860 3279 4928 qui-
3310 4858 3474 4924 dicit,

1895 4941 2096 4995 Exaudi
2133 4959 2212 4996 me
2235 4985 2247 5007 ,
2289 4943 2536 5010 Domine,
2566 4946 2802 5015 quoniam
2833 4947 3044 5001 tribulor
3064 4991 3077 5010 ,
3112 4965 3320 5004 causam
3350 4951 3479 5004 dicit

1891 5047 2052 5101 quare
2091 5049 2150 5087 se
2181 5034 2416 5087 exaudiri
2456 5045 2604 5103 roget
2645 5035 2776 5090 :sed
2809 5037 3004 5091 homini
3051 5041 3101 5092 in
3141 5039 3475 5096 tribulatione

1893 5122 2066 5190 posito
2086 5163 2100 5188 ,
2130 5138 2350 5177 necesse
2381 5132 2463 5177 est
2493 5136 2548 5176 ιιι
2577 5124 2752 5178 suavis
2781 5127 2851 5180 sit
2877 5127 3232 5185 misericordia
3263 5131 3371 5185 Dei.
3403 5133 3476 5186 De

1892 5212 1989 5267 hae
2033 5217 2290 5268 suavitate
2321 5216 2698 5280 misericordiae
2739 5217 2831 5274 Dei
2867 5219 3041 5276 videte
3065 5222 3192 5292 quid
3219 5217 3481 5278 alioloco.

1890 5304 2156 5374 Scriptura
2203 5307 2346 5362 dicat
2377 5325 2388 5361 :
2421 5308 2567 5362 Sicut
2601 5309 2770 5380 pluvia
2796 5313 2848 5366 in
2875 5314 3098 5370 siccitate
3116 5359 3131 5382 ,
3158 5318 3227 5370 ita
3250 5318 3472 5386 speciosa

1890 5406 1961 5448 est
2000 5396 2340 5449 misericordia
2381 5396 2479 5451 Dei
2516 5399 2566 5452 in
2594 5401 2914 5458 tribulatione
2937 5405 3122 5478 (Eccli.
3153 5423 3288 5460 xxxv
3313 5449 3327 5470 ,
3358 5407 3469 5473 26).

1889 5485 2040 5551 Quod
2079 5485 2146 5539 ibi
2177 5487 2288 5553 ait,
2316 5489 2578 5556 speciosa;
2609 5491 2706 5545 hoc
2731 5494 2803 5546 ait
2830 5494 2944 5562 hic,
2972 5498 3155 5549 suavis.
3193 5495 3295 5550 Nec
3326 5496 3475 5563 panis

1889 5576 2060 5651 dulcis
2107 5584 2282 5642 esset,
2325 5577 2423 5630 nisi
2451 5577 2617 5633 fames
2643 5583 2986 5649 prmcederct.
3017 5585 3155 5653 Ergo
3184 5593 3236 5638 et
3264 5585 3472 5654 quando

1892 5667 2143 5721 Dominus
2183 5667 2432 5734 permittit
2474 5681 2563 5723 aut
2606 5670 2729 5725 facit
2765 5682 2819 5726 ιιι
2857 5675 2906 5726 in
2937 5673 3269 5727 tribulatione
3299 5673 3470 5742 aliqua

1893 5760 2085 5824 simus,
2128 5758 2288 5811 etiam
2317 5767 2440 5813 tunc
2471 5760 2782 5816 misericors
2800 5773 2913 5828 est;
2948 5779 3048 5816 non
3082 5762 3218 5816 enim
3246 5763 3464 5817 alimen-
