4020 6198
504 402 616 447 ιιιιιι
647 372 909 446 subtrahit
932 430 943 446 .
976 384 1071 441 sed
1090 382 1411 440 desiderium
1438 388 1633 435 movet.
1660 379 1839 449 itaque
1867 377 1989 448 quid
2012 378 2085 430 ait

505 485 665 539 modo
695 502 708 537 :
741 481 941 536 Exaudi
970 495 1065 541 me,
1089 476 1326 543 Domine,
1349 474 1582 542 quoniam
1609 472 1773 525 suavis
1802 481 1869 525 est
1891 470 2055 523 miseri
2071 500 2085 508 -

503 579 693 632 cordia
717 585 801 628 tua
827 575 852 628 Ζ)
887 572 1003 627 1am
1041 571 1144 625 noli
1171 567 1384 624 differre
1409 565 1796 622 exauditiouem
1820 580 1835 625 ;
1864 564 1914 616 in
1944 572 2087 616 tanta

505 669 844 726 tribulatione
874 684 990 722 sum
1012 708 1027 732 ,
1059 676 1117 721 ut
1138 665 1315 720 suavis
1344 663 1470 718 mihi
1497 663 1565 718 sit
1590 660 1946 716 misericordia
1977 669 2082 712 tua.

506 762 586 817 Ad
613 761 715 815 hoc
742 774 870 830 ergo
890 757 1170 813 subvenire
1196 755 1479 811 differebas
1501 795 1516 817 ,
1548 762 1605 807 ut
1629 751 1755 805 mihi
1775 750 1928 805 dulce
1947 758 2088 804 esset

505 852 644 922 quod
664 851 1016 907 subveniebas
1047 867 1061 904 :
1085 849 1194 917 jam
1220 862 1350 917 ergo
1373 847 1507 900 ultra
1535 860 1644 902 non
1664 854 1746 898 est
1767 842 1908 912 quod
1931 841 2086 897 δισυ-

503 957 625 1008 ras;
658 942 897 1012 pervenit
922 940 1189 995 tribulatio
1213 954 1327 994 mea
1358 938 1424 992 ad
1452 950 1750 991 mensuram
1776 944 1973 989 certam
1994 948 2085 987 ca-

507 1034 795 1100 lamitatis,
834 1032 1014 1088 veniat
1051 1031 1412 1086 misericordia
1438 1039 1524 1084 tua
1544 1027 1610 1081 ad
1638 1025 1931 1083 faciendum
1953 1038 2087 1093 opus

504 1125 772 1179 bonitatis.
804 1123 1006 1178 Exaudi
1031 1139 1107 1175 me
1125 1164 1141 1188 ,
1168 1120 1414 1184 Domine,
1441 1119 1674 1189 quoniam
1698 1117 1864 1173 suavis
1889 1125 1961 1169 est
1989 1115 2085 1167 mi-

503 1218 777 1273 sericordia
824 1227 931 1269 tua.
971 1215 1262 1270 Secundum
1306 1212 1674 1265 multitudinem
1715 1208 2087 1262 miseratiomtm

503 1322 706 1364 (uitrum
746 1312 934 1379 resjnce
977 1310 1029 1362 in
1073 1323 1149 1360 me
1187 1322 1205 1359 :
1244 1322 1346 1359 non
1386 1303 1672 1359 secundum
1700 1299 2085 1355 multitudinem

507 1412 844 1472 peccatorum
872 1415 1108 1456 meormn
1119 1440 1130 1451 .

575 1493 630 1547 2.
654 1492 803 1567 [rem
836 1490 946 1564 18.]
985 1491 1067 1545 Ne
1106 1499 1297 1544 avertas
1332 1487 1513 1559 faciem
1554 1495 1692 1540 tuam
1724 1500 1757 1537 a
1789 1499 1945 1553 puero
1977 1492 2083 1535 tuo.

512 1586 577 1641 Et
609 1586 722 1641 lucc
751 1584 1098 1639 bumilitatis‘
1128 1579 1516 1637 commendatio
1537 1585 1638 1642 est,
1666 1593 1698 1629 α
1719 1593 1873 1645 puero
1901 1584 2004 1633 tuo,
2036 1574 2084 1626 id

509 1687 592 1731 est
616 1691 643 1729 a
673 1691 869 1746 parvo;
901 1675 1019 1745 quia
1044 1673 1151 1743 jam
1176 1671 1323 1727 carui
1359 1668 1603 1737 superbia
1631 1682 1726 1737 per
1755 1666 2083 1736 disciplinam

510 1766 866 1822 tribulationis
917 1784 932 1821 :
982 1765 1065 1819 Ne
1091 1772 1284 1817 avertas
1323 1762 1504 1833 faciem
1542 1768 1679 1814 tuam
1719 1775 1750 1811 a
1788 1772 1939 1828 puero
1978 1767 2082 1809 tuo.

513 1858 640 1913 llaec
682 1868 765 1914 est
798 1857 888 1911 illa
927 1856 1164 1925 speciosa
1203 1851 1568 1914 misericordia
1605 1850 1700 1906 Dei
1731 1863 1891 1919 quam
1926 1863 2084 1917 supra

508 1949 663 2003 dixit.
710 1947 841 2003 Nam
869 1947 1111 2018 sequenti
1139 1959 1296 2001 versu
1331 1942 1545 2014 exponit
1570 1941 1709 2011 quod
1736 1940 1866 1994 dixit
1899 1957 1913 1994 :
1948 1940 2085 2003 Quo-

509 2043 646 2095 niam
673 2040 903 2105 tribulor,
934 2040 1164 2093 velociter
1184 2037 1370 2091 exaudi
1395 2053 1493 2089 me.
1523 2033 1658 2101 Quid
1688 2041 1789 2095 est,
1815 2031 2086 2087 relocitcr?

509 2131 628 2186 1am
655 2146 760 2185 non
786 2139 869 2185 est
903 2129 1043 2199 quod
1069 2128 1282 2185 differas
1310 2144 1323 2179 :
1354 2126 1607 2189 tribulor;
1648 2123 1919 2195 prmeessit
1946 2121 2083 2178 aflli-

508 2223 618 2278 etio
648 2236 784 2286 mea,
819 2230 1070 2290 sequatur
1096 2218 1456 2275 misericordia
1485 2227 1594 2273 tua.

583 2313 639 2368 3.
670 2310 822 2385 [νοτε.
852 2310 966 2381 49.]
993 2309 1209 2364 Intende
1248 2309 1432 2363 animo:
1464 2323 1606 2374 mete,
1636 2314 1682 2361 et
1726 2306 1917 2361 redime
1950 2322 2082 2361 eam.

511 2403 627 2462 Non
655 2405 853 2476 indiget
879 2405 1244 2473 expositione:
1270 2402 1543 2458 videamus
1568 2415 1694 2472 ergo
1731 2399 1870 2470 quod
1906 2401 2083 2470 sequi-

513 2508 619 2552 tur.
662 2495 877 2568 PrOpter
921 2496 1149 2549 inimicos
1191 2510 1326 2549 meos
1363 2509 1480 2548 erue
1520 2509 1616 2546 me.
1649 2491 1773 2548 Haec
1801 2492 1957 2561 plane
1981 2489 2082 2544 mi-

510 2587 675 2643 ramla
707 2587 890 2657 petitio
912 2594 1014 2646 est.
1033 2600 1131 2641 nec
1151 2584 1380 2640 breviter
1406 2581 1824 2654 perstringenda,
1847 2595 1947 2636 nec
1964 2594 2085 2634 cur-

508 2680 612 2735 sim
645 2677 1025 2743 transilienda;
1053 2690 1270 2747 prorsus
1300 2674 1538 2729 miranda
1566 2691 1580 2727 :
1615 2672 1834 2742 Propter
1856 2671 2083 2749 inimicos

511 2782 647 2825 nicas
686 2786 802 2823 erue
843 2785 942 2824 me.
983 2767 1119 2834 Quid
1163 2776 1265 2828 est,
1316 2764 1530 2837 Propter
1554 2764 1781 2819 inimicos
1807 2778 2085 2818 meoserue

510 2862 633 2917 me?
660 2861 728 2919 Ut
754 2858 1166 2922 confundantur.
1193 2865 1252 2912 ut
1278 2857 1581 2917 erueientur
1606 2855 1916 2910 liberatione
1942 2868 2078 2907 mea.

508 2953 647 3020 Quid
672 2966 836 3022 ergo,
877 2952 1047 3006 sinon
1083 2956 1263 3004 essent
1286 2947 1361 3001 illi
1387 2947 1474 3016 qui
1505 2945 1816 3001 liberatione
1844 2959 1960 3000 mea
1998 2959 2083 2998 es-

511 3042 949 3107 sentcruciandi,
1000 3041 1126 3096 mihi
1164 3037 1431 3095 subveniri
1469 3052 1573 3091 non
1606 3032 1826 3091 debuit?
1861 3044 1915 3090 et
1956 3044 2083 3090 tunc

512 3135 610 3189 tibi
634 3133 975 3202 aceeptabilis
1002 3141 1085 3187 est
1116 3129 1380 3193 liberatio,
1406 3142 1526 3183 cum
1557 3127 1715 3182 fuerit
1740 3126 1956 3180 alterius
1986 3126 2083 3180 da-

513 3224 754 3281 mnatio?
784 3223 923 3278 Ecce
952 3237 1056 3277 non
1079 3229 1204 3275 sunt
1228 3218 1445 3283 inimici,
1465 3218 1553 3287 qui
1569 3216 1652 3272 vel
1675 3215 2084 3278 confundantur,

511 3317 598 3371 vel
626 3323 972 3386 torqueantur
1011 3310 1078 3366 de
1107 3309 1418 3367 liberatione
1466 3316 1554 3362 tua
1587 3323 1601 3360 :
1633 3306 1711 3362 sic
1747 3305 2087 3362 remanebis?

512 3423 618 3464 non
651 3403 995 3461 liberaberis?
1027 3404 1105 3457 An
1150 3398 1215 3456 ad
1256 3400 1358 3455 hoc
1391 3410 1451 3454 ut
1484 3398 1657 3457 valeat
1695 3397 1921 3452 inimicis
1961 3396 2085 3464 tuis,

517 3515 626 3570 quo
655 3480 861 3569 possint
899 3505 954 3551 et
997 3494 1097 3566 ipsi
1138 3502 1226 3548 tua
1253 3491 1569 3547 liberatione
1598 3488 1874 3545 converti?
1899 3487 2003 3542 Sed
2034 3496 2088 3542 et

515 3598 617 3649 hoc
638 3592 827 3647 mirmn
859 3598 962 3655 est,
989 3588 1033 3643 si
1074 3585 1262 3642 habeat
1300 3585 1530 3654 aliquam
1560 3581 1826 3653 petitionis
1850 3594 2083 3635 oausam.

514 3681 780 3754 Numquid
807 3680 949 3737 enim
971 3678 1037 3734 ad
1064 3678 1166 3733 hoc
1195 3677 1448 3731 liberatur
1472 3689 1661 3741 servus
1685 3672 1778 3726 Dei
1805 3686 1835 3725 a
1851 3671 2088 3725 Domino

515 3776 627 3831 Deo
657 3781 852 3838 suo,ut
875 3771 962 3826 alii
995 3767 1303 3839 proﬁciant?
1319 3764 1479 3836 Quid,
1498 3766 1541 3819 si
1571 3763 1821 3820 deessent
1846 3763 1936 3833 qui
1969 3778 2092 3832 pro-

514 3868 757 3928 ﬁcerent,
787 3864 874 3918 ille
896 3868 1082 3917 servus
1122 3860 1211 3915 Dei
1256 3874 1361 3913 non
1401 3866 1516 3912 erat
1562 3855 1903 3911 liberandus?
1941 3858 2110 3922 Quo--

516 3973 743 4026 eumque
770 3969 899 4025 ergo
916 3966 1002 4008 me
1026 3959 1357 4015 convertam,
1384 3949 1495 4003 sive
1519 3947 1584 4001 ad
1605 3947 1956 4015 punitionem.
1980 3946 2091 4000 sive

515 4050 583 4105 ad
612 4047 977 4103 liberationem
1014 4043 1369 4107 inimicorum,
1400 4056 1506 4094 non
1542 4037 1697 4094 video
1719 4053 1931 4093 causam
1956 4040 2089 4108 peti-

519 4139 679 4194 tionis
703 4137 880 4204 hujus,
914 4134 1131 4204 PrOpter
1154 4132 1383 4186 inimicos
1410 4146 1544 4184 meos
1579 4144 1695 4184 erue
1733 4145 1810 4183 me
1832 4144 1850 4182 :
1874 4129 1972 4182 nisi
1996 4130 2093 4182 ali—

516 4209 645 4302 quid
686 4226 1059 4297 iutelligamus,
1095 4222 1237 4293 quod
1279 4235 1400 4276 cum
1443 4219 1628 4274 dixero
1673 4218 1953 4289 adiuvante
1984 4219 2091 4275 Do-

522 4322 689 4387 mino,
734 4316 991 4388 iudicabit
1037 4315 1089 4369 in
1132 4312 1282 4368 vobis
1326 4311 1415 4382 qui
1448 4311 1649 4366 habitat
1698 4311 1750 4363 in
1803 4310 1971 4364 vobis.
2002 4310 2095 4365 Est

517 4414 761 4486 qumdattt
801 4407 1040 4464 liberatio
1077 4414 1382 4469 sanctorum
1428 4404 1635 4459 oecull;
1672 4418 1685 4455 :
1733 4400 1845 4455 haec
1878 4408 2094 4470 propter

518 4506 664 4575 ipsos
704 4504 762 4557 lit
797 4501 840 4553 ¹.
888 4499 979 4553 Est
1020 4494 1260 4567 qumdam
1301 4492 1508 4564 publica
1535 4501 1590 4547 et
1618 4490 1894 4546 manifesta
1933 4508 1947 4546 :
1980 4490 2094 4545 huic

520 4607 735 4666 propter
774 4593 1017 4649 inimicos
1043 4604 1226 4644 eorum
1258 4588 1350 4652 lit;
1390 4586 1502 4641 sive
1532 4584 1853 4654 puniendos;
1881 4585 1993 4641 sive
2031 4586 2094 4640 li-

522 4689 802 4744 berandos.
833 4686 963 4743 Nam
993 4683 1173 4753 utique
1213 4679 1351 4733 Deus
1390 4676 1700 4745 de,ignibus
1742 4677 2094 4744 persecutoris

521 4793 630 4833 non
676 4779 914 4833 liberavit
955 4775 1148 4829 fratres
1190 4766 1544 4832 Maehabzeos,
1582 4766 1774 4834 quibus
1802 4766 2096 4820 Antiochus

515 4867 751 4923 sfevicns
776 4868 933 4922 etiam
966 4875 1187 4919 matrem
1232 4857 1491 4919 adhibuit,
1541 4855 1692 4924 cujus
1721 4854 1987 4910 blanditiis
2030 4857 2096 4911 ad

506 4972 759 5018 ,amorem
785 4960 905 5011 vita:
946 4960 1403 5013 converterentur,
1447 4957 1503 5003 et
1530 4946 1760 5002 autando
1785 4948 1961 5001 vivere
1997 4947 2095 5000 ho-

522 5049 772 5109 minibus.
813 5049 921 5101 Deo
960 5054 1310 5100 morerentur.
1355 5042 1424 5096 Αι
1464 5041 1551 5097 illa
1603 5031 1790 5105 mater,
1836 5040 1944 5109 jam
1992 5057 2095 5094 non

525 5142 670 5203 liras,
720 5139 812 5194 sed
859 5139 1011 5192 matri
1044 5138 1291 5192 Ecelesim
1339 5135 1547 5198 similis,
1593 5148 1726 5202 quos
1758 5149 1876 5185 cum
1915 5131 2098 5187 dolore

524 5239 804 5305 pepererat
829 5238 886 5282 ut
916 5229 1062 5281 vivos
1090 5237 1420 5295 agnosceret.
1450 5241 1568 5279 cum
1596 5224 1787 5293 gaudio
1825 5224 1952 5277 vidit
1983 5241 2097 5276 mo-

522 5331 755 5390 ricntes;
787 5330 842 5378 et
882 5319 949 5374 ad
996 5318 1099 5372 hoc
1143 5319 1349 5371 hortata
1395 5328 1475 5373 est
1522 5326 1580 5368 nt.
1626 5316 1882 5384 eligerent
1927 5317 2097 5386 potius

589 5490 604 5519 ί
643 5494 762 5544 vox,
786 5474 1085 5544 humilitatis,
1110 5474 1250 5524 abest
1269 5486 1299 5544 ιι
1321 5480 1427 5544 Mss.

587 5552 606 5580 ε
640 5532 873 5596 noc'loco
895 5538 1005 5589 ωδ.
1033 5536 1405 5596 iuterponebant
1428 5532 1590 5596 {quod
1616 5539 1950 5596 mussando:
1971 5544 2094 5596 sues,

525 5590 987 5672 qi..-...;}i{n3i'aééuue,
1017 5590 1247 5672 quoniam
1279 5607 1404 5672 raro
1433 5590 2096 5672 libera}_Pllljlfcﬁ_f_9f7f}lffff.

524 5655 995 5724 ;,-’,,,’,“,‘,‘,‘,’r;.,.b¢os;
1018 5655 1221 5727 publica,
1245 5658 1484 5727 sicutntres
1505 5655 1763 5727 pueros-ue
1779 5655 1964 5702 camino
1982 5655 2100 5716 {quis

526 5720 747 5791 edocens,
776 5732 941 5781 Isthmo
964 5720 1058 5776 non
1082 5723 1260 5774 habent
1285 5721 1496 5769 melioris
1519 5722 1644 5766 nota:
1666 5720 1771 5763 Mss.

1733 264 1791 321 S.
1829 260 2210 321 AUGUSTINL
2236 261 2533 323 EPISCOH

3653 272 3761 331 850

2201 377 2337 430 arari
2360 394 2454 447 pro
2486 380 2719 447 paternis
2762 380 2963 450 legibus
2989 381 3191 443 Dotnini
3235 383 3331 440 Dei
3364 387 3465 451 sui,
3499 403 3656 457 quam
3688 406 3772 444 τι-

2196 487 2317 523 vere
2343 483 2526 526 contra
2556 488 2666 526 eas.
2711 474 2848 539 Quid
2896 475 2981 528 hic
3020 477 3269 531 credituri
3310 496 3516 538 smnus.
3546 481 3764 553 fratres,

2195 561 2291 614 nisi
2324 562 2446 631 quia
2477 558 2681 618 liberati
2708 565 2867 619 sunt?
2896 567 3001 621 Sed
3030 568 3234 623 occulta
3269 569 3364 624 fuit
3391 570 3595 626 illorum
3631 575 3769 628 libe—

2194 657 2330 709 ratiu
2364 675 2375 710 :
2403 656 2631 727 denique
2653 659 2766 727 ipse
2793 661 3101 722 Antiochus.
3126 679 3155 717 a
3185 679 3292 734 quo
3317 666 3476 719 occisi
3506 678 3652 732 sunt,
3686 673 3767 723 vi-

2194 764 2286 802 sus
2309 758 2392 802 est
2411 750 2510 803 sibi
2534 750 2732 821 aliquid
2761 754 2947 809 leci~sc
2966 755 3109 825 quod
3142 757 3258 825 ejus
3287 759 3570 814 Crudelitas
3593 762 3775 817 dicta-

2194 839 2304 919 bat,
2329 841 2409 896 vel
2433 844 2604 911 potius
2623 844 2871 899 incitabat
2899 845 2968 916 (ll
2996 847 3232 902 illaclmb.
3264 851 3384 921 vn).
3415 853 3484 905 At
3507 869 3637 906 vero
3661 864 3777 911 tres

2196 935 2342 1001 pueri
2375 934 2443 989 de
2477 937 2690 990 camino
2718 938 2851 1008 ignis
2877 951 3059 1009 aperte
3087 940 3292 996 liberati
3320 953 3442 997 sunt
3476 944 3638 1011 (Dan.
3684 962 3771 1011 in,

2192 1028 2320 1090 49);
2351 1029 2471 1096 quia
2495 1039 2549 1083 et
2581 1045 2774 1098 corpus
2799 1046 2981 1087 eorum
3017 1041 3224 1088 erutum
3250 1044 3355 1099 est,
3390 1036 3534 1091 salus
3574 1053 3772 1093 eorum

2195 1116 2396 1185 publica
2447 1118 2561 1172 fuit.
2616 1120 2700 1174 .llli
2755 1136 2882 1191 ergo
2927 1133 3052 1177 sunt
3104 1123 3155 1178 in
3221 1125 3425 1180 occulto
3472 1130 3770 1195 coronati,

2194 1208 2278 1262 isti
2344 1211 2396 1264 in
2464 1222 2650 1280 aperto
2702 1212 2975 1277 liberati.;
3052 1230 3237 1271 omnes
3293 1228 3469 1274 tamen
3528 1220 3742 1274 salvati.

2191 1298 2319 1365 Quis
2369 1310 2543 1357 autem
2601 1302 2800 1359 fructus
2847 1292 3179 1361 liberationis‘
3220 1310 3375 1362 trimn
3431 1313 3766 1379 puerorum?

2190 1392 2365 1460 Quare
2408 1409 2591 1450 eorum
2653 1393 2845 1452 corona
2906 1398 3063 1453 dilata
3120 1397 3257 1456 est?
3306 1400 3423 1471 Ipse
3476 1404 3771 1459 Nabucho-

2190 1484 2423 1539 donosor
2462 1500 2748 1542 conversus
2794 1500 2876 1544 est
2913 1491 2976 1546 ad
3022 1492 3183 1547 Deum
3234 1495 3489 1563 ipsorum,
3533 1513 3767 1568 eumque

2191 1574 2516 1643 praedicavit,
2556 1579 2675 1647 quia
2716 1581 2854 1635 eruit
2891 1596 3073 1637 servos
3113 1600 3275 1648 suos;
3316 1602 3473 1653 quem
3513 1597 3765 1643 contem.-

2193 1675 2388 1734 pserat,
2416 1682 2536 1722 cum
2578 1684 2671 1724 eos
2704 1672 2920 1727 miserat
2960 1675 3010 1728 in
3040 1677 3325 1731 caminum.
3359 1679 3450 1733 Est
3476 1697 3606 1751 ergo
3638 1685 3772 1741 hbe.

2190 1756 2327 1809 ratio
2349 1759 2587 1823 occulm;
2633 1771 2713 1816 cst
2757 1763 3000 1819 liberatio
3043 1768 3339 1824 manifesta.
3381 1771 3769 1831 Liberatiooc-

2190 1850 2325 1903 culta
2356 1850 2421 1904 ad
2450 1852 2700 1916 animam,
2734 1855 2972 1911 liberatio
3001 1860 3274 1915 manifesta
3295 1863 3453 1920 etiam
3478 1865 3544 1918 ad
3567 1883 3770 1936 corpus

2192 1943 2437 2009 pertinet.
2463 1943 2517 1998 In
2540 1948 2750 2001 occulto
2769 1950 2908 2003 enim
2930 1950 3105 2005 anima
3122 1954 3390 2012 liberatur.
3410 1958 3461 2011 in
3485 1961 3769 2017 manifesto

2189 2047 2398 2103 corpus.
2433 2036 2597 2091 Porro
2618 2040 2662 2093 si
2690 2040 2758 2093 ita
2784 2052 2886 2107 est,
2909 2043 2960 2096 in
2991 2046 3090 2099 hoc
3116 2048 3316 2112 psalmo
3342 2064 3523 2105 vocem
3556 2053 3764 2109 Domini

2189 2138 2537 2194 agnoscamus
2567 2146 2580 2182 :
2609 2130 2675 2184 ad
2696 2132 2954 2188 occultam
2982 2134 3345 2193 liberationem
3371 2142 3601 2211 pertinet
3621 2148 3764 2214 quod

2188 2229 2345 2286 supra
2367 2217 2518 2284 dixit,
2544 2219 2760 2276 Intende
2778 2224 2961 2278 anima:
2978 2243 3122 2288 meae,
3146 2238 3193 2282 et
3218 2230 3407 2287 redime
3430 2249 3561 2287 eam.
3581 2235 3763 2293 Restat

2188 2308 2427 2377 corporis
2453 2309 2693 2366 liberalia
2727 2314 2890 2384 :quia
2935 2331 3001 2372 eo
3048 2331 3375 2390 resurgente,
3418 2334 3473 2378 et
3514 2326 3569 2380 in
3596 2331 3763 2383 cmlos

2189 2399 2545 2469 ascendente,
2597 2413 2654 2459 et
2693 2405 2935 2474 spiritum
2975 2419 3216 2466 sanetum
3254 2412 3484 2484 desuper
3522 2421 3764 2477 mittente

2191 2486 2324 2581 (Act.
2352 2506 2390 2555 ι,
2418 2491 2470 2553 9,
2499 2502 2543 2546 et
2568 2510 2625 2559 ιι,
2656 2496 2740 2567 li),
2766 2500 3008 2553 conversi
3036 2511 3161 2557 sunt
3182 2503 3246 2558 ad
3270 2504 3386 2574 ejus
3415 2508 3572 2564 ﬁdem
3599 2515 3689 2581 qui
3713 2484 3760 2567 ini

2187 2580 2302 2651 ejus
2329 2592 2501 2640 morte
2528 2586 2844 2655 smvierunt;
2873 2599 2926 2646 et
2949 2606 3014 2647 ex
3043 2592 3270 2650 inimicis
3297 2599 3451 2654 amici
3491 2580 3763 2658 factisunt

2185 2687 2283 2741 per
2311 2674 2450 2729 illius
2486 2678 2731 2747 gratiam,
2774 2697 2877 2736 non
2909 2697 3004 2753 per
3026 2683 3284 2754 justitiam
3311 2692 3639 2749 suanm-Ideo
3669 2712 3756 2750 se-

2187 2774 2339 2821 cutus
2362 2777 2444 2823 est
2471 2788 2485 2824 :
2516 2768 2735 2842 PrOpter
2758 2772 2987 2830 inimicos
3006 2793 3141 2833 meo:
3163 2796 3280 2835 erue
3296 2798 3392 2839 me.
3415 2783 3631 2841 Intende
3650 2792 3758 2842 ani-

2187 2874 2283 2913 maz
2308 2877 2461 2927 mete;
2486 2862 2579 2918 sed
2610 2863 2782 2921 hocin
2805 2869 3015 2925 occulto
3045 2888 3059 2923 :
3088 2870 3305 2943 Propter
3331 2876 3556 2933 inimicos
3581 2891 3758 2936 autem

2188 2965 2323 3004 meos
2342 2954 2493 3007 erue“
2520 2964 2575 3010 et
2593 2970 2786 3027 corpus
2809 2973 3006 3015 meum.
3037 2961 3173 3017 Nihil
3196 2965 3336 3019 enim
3377 2967 3599 3023 inimicis
3628 2976 3762 3027 meis

2188 3041 2446 3108 proderit,
2487 3046 2531 3098 si
2575 3046 2742 3103 solam
2782 3050 3012 3105 animam
3060 3052 3369 3109 liberaveris
3411 3076 3426 3112 :
3463 3062 3660 3131 aliquid
3704 3081 3762 3120 se

2188 3130 2378 3199 egisse,
2406 3133 2603 3204 aliquid
2632 3149 2691 3192 se
2721 3138 3026 3208 implevlsse
3051 3143 3302 3200 credituri
3335 3159 3477 3201 sunt.
3506 3130 3639 3218 Qum
3665 3158 3763 3208 uti-

2188 3219 2308 3277 litas
2337 3223 2390 3280 in
2423 3228 2677 3298 sanguine
2692 3246 2829 3297 meo,
2853 3231 2979 3289 dum
2997 3234 3262 3292 descendo
3289 3239 3338 3293 in
3360 3247 3754 3313 corruptionem

2193 3313 2361 3385 (Prol.
2387 3335 2534 3384 xxtx,
2554 3321 2682 3393 10)?
2702 3318 2868 3395 Ergo,
2899 3327 3099 3383 intende
3117 3333 3301 3388 animi:
3325 3351 3472 3399 meas,
3500 3347 3550 3391 et
3570 3342 3761 3395 n'dime

2190 3421 2336 3474 eam;
2359 3410 2498 3478 quod
2538 3421 2590 3467 tu
2618 3414 2764 3469 solus
2788 3419 2893 3471 scis
2943 3438 2957 3474 :
2996 3420 3187 3476 deinde
3217 3433 3269 3478 et
3297 3437 3503 3496 prapter
3531 3429 3762 3486 inimicos

2191 3512 2326 3552 meos
2357 3516 2475 3554 erue
2514 3519 2611 3568 me,
2663 3514 2720 3559 ut
2761 3522 2886 3562 caro
2936 3525 3051 3565 mea
3095 3528 3199 3566 non
3245 3516 3421 3570 videat
3462 3522 3767 3589 corruptio.

2192 3604 2336 3644 nem.

2263 3682 2318 3736 4.
2346 3682 2496 3756 [vei-3.
2525 3685 2644 3759 20.]
2667 3687 2708 3742 Τ
2713 3706 2746 3742 ιι
2767 3691 2898 3744 enim
2934 3696 3191 3764 cognoscis
3217 3699 3542 3767 opprobrium
3576 3719 3762 3768 meum,

2193 3782 2239 3829 et
2258 3776 2600 3845 confusionem
2623 3797 2802 3845 meam,
2833 3794 2878 3836 et
2912 3788 3256 3842 verecundiam
3293 3806 3472 3845 meam.
3504 3793 3643 3861 Quid
3663 3807 3760 3859 est.

2194 3868 2534 3939 opprobrium
2552 3870 2574 3924 ἲ
2599 3872 2722 3942 quid
2744 3885 2827 3929 est
2844 3874 2973 3930 conf
2971 3877 3123 3932 usio?
3144 3879 3267 3948 quid
3285 3885 3601 3939 verecundia
3616 3887 3641 3940 ’ἒ
3656 3888 3766 3959 Ορ-

2197 3960 2464 4031 probrium
2494 3974 2576 4017 est
2599 3965 2739 4033 quod
2764 3965 2944 4035 objicit
2972 3968 3232 4025 inimicus.
3263 3971 3521 4031 Confusio
3541 3986 3628 4031 est
3648 3995 3768 4049 qua:

2196 4053 2403 4108 mordet
2423 4054 2820 4110 conscientiam.
2852 4056 3182 4115 Verecundia
3209 4071 3292 4116 est
3319 4079 3439 4133 qua:
3461 4064 3597 4120 facit
3622 4069 3768 4139 iuge-

2198 4157 2355 4198 nuam
2384 4143 2606 4199 frontem
2635 4145 2792 4200 etiam
2821 4146 2888 4203 de
2911 4147 3029 4203 falsi
3054 4149 3293 4204 criminis
3311 4152 3617 4222 olijectione
3640 4172 3765 4211 eiu-

2196 4234 2432 4290 beseere.
2459 4234 2575 4290 Non
2596 4246 2675 4291 est
2695 4237 2931 4302 crimen;
2957 4249 3049 4294 aut
3072 4242 3169 4297 etsi
3194 4242 3394 4299 crimen
3418 4254 3520 4308 est,
3551 4264 3658 4301 non
3689 4250 3767 4302 "est

2198 4325 2339 4380 illius
2366 4328 2450 4381 cui
2477 4326 2766 4396 objicitur:
2809 4328 2903 4383 sed
2944 4337 3119 4386 tamen
3166 4332 3449 4389 infirmitas
3489 4336 3509 4365 ³
3552 4335 3766 4391 humani

2198 4420 2361 4473 animi
2414 4419 2724 4490 plerumque
2758 4422 3175 4488 verecundatur,
3223 4423 3380 4479 etiam
3419 4439 3541 4481 cum
3584 4428 3785 4481 falsmn‘

2199 4509 2477 4578 objicitur;
2505 4526 2609 4564 non
2640 4512 2760 4580 quia
2782 4512 3046 4581 objectqu
3070 4522 3172 4578 est,
3201 4514 3294 4569 sed
3337 4516 3457 4585 quia
3482 4518 3764 4575 creditum.

2200 4603 2384 4658 Omnia
2414 4604 2525 4659 lucc
2552 4615 2675 4659 sunt
2701 4606 2754 4663 in
2785 4619 3010 4675 corpore
3038 4606 3267 4664 Domini.
3292 4606 3422 4661 Nam
3448 4608 3696 4666 confusio
3718 4614 3768 4666 in

2202 4695 2293 4749 illo
2320 4712 2421 4749 non
2448 4704 2649 4763 poterat
2672 4709 2811 4755 osse.
2846 4696 2896 4751 in
2936 4712 3041 4766 quo
3070 4698 3221 4766 culpa
3249 4712 3352 4752 non
3382 4698 3768 4756 inveniebatur.

2199 4785 2555 4855 Objiciclxitur
2595 4786 2795 4840 crimen
2839 4786 3194 4850 Christianis,
3248 4788 3350 4843 hoc
3399 4791 3573 4859 ipsum
3631 4793 3769 4863 quod

2201 4877 2482 4931 Christiani
2517 4888 2715 4934 essent.
2751 4878 2839 4932 Illa
2865 4878 3075 4947 quidem
3112 4880 3276 4949 gloria
3308 4888 3424 4933 erat
3456 4898 3469 4933 :
3506 4884 3672 4938 fortes
3706 4885 3768 4939 li-

2201 4969 2386 5023 benter
2422 4968 2779 5037 accipiebant,
2816 4978 2870 5023 et
2917 4969 2994 5023 sic
3033 4970 3391 5038 accipielnmt,
3447 4981 3508 5025 ut
3558 4977 3769 5029 omnino
3824 4986 3829 4995 '

2202 5063 2269 5117 de
2321 5064 2533 5121 nomine
2604 5063 2807 5116 Domini
2861 5064 2941 5117 sui
3003 5078 3108 5117 non
3165 5063 3563 5121 erubescerent.
3629 5067 3768 5130 Ope-

2206 5167 2381 5209 ruerat
2417 5156 2556 5210 enim
2595 5157 2936 5211 irreverentia
2993 5155 3177 5208 faciem
3230 5155 3502 5224 ipsorum,
3558 5157 3765 5221 haben-

2205 5251 2333 5303 tium
2386 5248 2611 5302 frontem
2656 5249 2802 5302 Pauli
2842 5247 3066 5301 dicentis
3113 5265 3126 5301 :
3181 5247 3302 5300 Non
3347 5248 3482 5301 enim
3542 5251 3771 5305 erubesco

2270 5469 2399 5515 "llic
2420 5472 2548 5521 Lov.,
2574 5474 2623 5514 et.
2645 5465 2825 5527 aliquot
2844 5472 2947 5514 Mss.
2974 5465 3168 5522 addunt,
3192 5477 3283 5514 me.

2267 5532 2286 5559 ²
2321 5530 2392 5577 sic
2415 5537 2515 5576 uss.
2558 5535 2612 5591 At
2648 5526 2758 5575 add.
2797 5527 3223 5591 post.objectione
3260 5526 3561 5591 erubescere,
3611 5541 3776 5591 mase-

2205 5598 2415 5653 quuntur
2439 5602 2451 5636 :
2478 5587 2762 5653 Erubesccre
2784 5587 2976 5653 (“tidem
2994 5596 3175 5653 nonest
3197 5588 3565 5653 ei‘iittqz;av_:t_si
3589 5587 3772 5653 c'rimm

2202 5647 2289 5708 est,
2313 5657 2491 5716 nonest
2513 5648 2640 5716 illius
2663 5649 2740 5698 cui
2760 5647 2998 5713 objtritur,
3020 5650 3103 5700 sed
3126 5662 3228 5713 ejus
3262 5649 3343 5713 ςιιὶ
3376 5647 3556 5711 objicit.
3598 5651 3693 5703 Sed
3710 5657 3774 5701 to»

2206 5726 2311 5764 nun
2344 5712 2611 5772 inﬁrmitas,
2639 5724 2731 5761 etc.
