4020 6198
350 292 455 350 837

350 412 412 464 de
437 408 709 479 Evangelia
728 425 747 471 ;
767 406 917 459 virtus
946 404 1075 458 enim
1100 402 1194 456 Dei
1219 412 1288 456 est
1317 403 1365 454 in
1404 402 1615 453 salutent
1635 398 1771 452 om'ti
1803 415 1913 451 cro.

352 505 484 558 denti
526 501 696 571 (Itom.
743 515 779 560 ι,
830 498 937 567 16).
966 496 1011 551 0
1052 495 1231 556 Paule,
1275 510 1447 547 unum:
1487 502 1539 545 tu
1579 507 1637 543 es
1668 492 1917 542 adorator

348 593 631 650 Crucilisi?
671 592 862 645 Parum
908 597 1009 652 est,
1041 588 1228 657 inquit,
1271 586 1390 639 inde
1417 586 1542 639 mihi
1573 602 1677 637 non
1721 583 1913 643 erube-

346 701 527 747 scere;
563 685 667 739 imo
712 682 832 737 hinc
860 682 1030 735 solum
1074 680 1292 749 glorior,
1325 678 1465 731 unde
1506 691 1591 730 me
1634 683 1783 745 putat
1813 675 1913 726 iui-

345 780 513 834 nticus
555 776 891 831 erubescere.
943 774 1069 827 Mihi
1110 774 1251 827 enim
1295 772 1420 825 absit
1459 770 1686 840 gloriari,
1726 769 1822 821 nisi
1861 768 1914 819 in

345 886 492 924 cruce
514 868 718 923 Domini
738 868 892 921 nostri
911 866 943 919 ,Ι
949 883 1034 919 esu
1059 865 1261 925 Christi,
1283 881 1369 931 per
1388 880 1531 929 quem
1555 862 1676 914 milii
1698 860 1913 913 mundus

344 962 614 1029 cruci/imus
655 970 745 1022 est,
791 970 835 1012 et
868 975 956 1028 ego
996 957 1342 1023 mundowal.
1380 972 1450 1019 vi,
1480 952 1587 1025 14).
1630 953 1761 1006 Huic
1787 968 1915 1021 ergo

345 1053 437 1107 tali
467 1051 622 1105 fronti
648 1052 987 1120 opprobrium
1016 1050 1186 1103 Solum
1225 1056 1427 1116 poterat
1454 1046 1629 1115 objici.
1658 1044 1787 1098 Nam
1817 1059 1914 1097 nec

345 1145 587 1201 confusio
620 1152 825 1211 poterat
852 1156 971 1196 esse
1010 1142 1059 1195 in
1096 1140 1421 1194 conscientia
1446 1138 1555 1206 jam
1585 1147 1785 1197 sanata,
1817 1150 1916 1190 nec

347 1235 660 1289 verecundia
693 1234 743 1288 in
774 1233 944 1287 fronte
968 1242 1071 1286 tam
1103 1232 1286 1285 libera.
1311 1230 1413 1285 Sed
1448 1245 1568 1284 cum
1593 1229 1914 1295 objiceretnr

346 1326 656 1397 quibusdam
682 1323 819 1395 quod
845 1321 1108 1376 Christum
1136 1321 1522 1385 interfecerint;
1548 1321 1737 1375 merito
1763 1335 1908 1372 COlll-

346 1421 523 1486 puncti
554 1424 673 1469 sunt
701 1414 834 1468 mala
865 1413 1207 1475 conscientia,
1231 1423 1282 1465 et
1305 1412 1585 1465 salubriter
1610 1410 1810 1464 confusi
1834 1419 1912 1463 at—

345 1523 448 1576 que
472 1507 737 1569 conversi,
766 1515 820 1558 ut
848 1512 1063 1573 possent
1086 1502 1265 1557 dicere
1289 1520 1301 1555 :
1333 1502 1411 1555 Tu
1434 1502 1706 1571 cognovisti
1731 1504 1909 1569 confu-

341 1602 531 1654 sionem
554 1614 730 1651 meam.
757 1596 833 1650 Tu
860 1610 1006 1664 ergo,
1031 1594 1270 1658 Domine,
1296 1592 1453 1655 nosti,
1488 1608 1590 1646 non
1619 1592 1787 1645 solum
1818 1607 1912 1657 0p-

342 1694 609 1763 prohriuzn
638 1705 833 1755 meum,
865 1688 959 1743 sed
1003 1696 1057 1743 et
1084 1686 1445 1741 confusionem
1474 1700 1679 1747 meam;
1709 1684 1761 1736 in
1791 1684 1909 1750 qni-

343 1784 561 1837 busdam
586 1793 640 1836 et
664 1780 1055 1845 verecundiam,
1086 1779 1171 1849 qui
1199 1779 1438 1845 quamvis
1476 1780 1525 1829 in
1556 1793 1638 1831 me
1664 1776 1904 1839 credant,

340 1877 547 1946 publice
578 1892 661 1928 me
690 1888 863 1928 tznneu
888 1889 1067 1928 coram
1100 1874 1271 1940 impiis
1297 1871 1534 1925 confiteri
1566 1870 1905 1935 erubescunt,

337 1968 453 2036 plus
480 1967 615 2035 apud
646 1982 703 2021 se
741 1966 951 2019 valente
996 1966 1165 2032 lingua
1208 1962 1432 2016 lmmana
1475 1978 1629 2030 quam
1678 1962 1905 2029 promis-

337 2060 483 2112 sione
510 2058 705 2111 diviua.
742 2057 923 2110 Videte
952 2071 1077 2124 ergo
1116 2071 1208 2110 eos
1236 2075 1251 2109 :
1284 2062 1337 2107 et
1361 2052 1799 2107 commemlantur
1824 2059 1905 2104 ta—

339 2150 415 2203 les
444 2150 570 2212 Deo,
604 2163 705 2201 non
736 2156 792 2201 ut
819 2149 895 2201 sic
936 2147 1215 2215 relinquat,
1266 2145 1357 2199 sed
1400 2156 1453 2197 ut
1479 2160 1571 2198 eos
1609 2143 1907 2211 adjuvando

339 2239 590 2308 perficiat.
627 2238 762 2291 Dixit
795 2238 933 2291 enim
959 2246 1010 2292 et
1033 2237 1246 2306 quidam
1274 2236 1515 2298 credens,
1550 2244 1602 2289 et
1626 2234 1853 2287 titubans
1889 2251 1900 2286 :

334 2332 515 2388 Credo,
543 2329 790 2392 Domine;
816 2330 1002 2399 adjuva
1027 2330 1422 2382 incredulitatem
1450 2344 1607 2380 meam
1632 2328 1818 2397 (Marc.
1844 2342 1916 2393 lx,

333 2421 444 2491 9.5).
482 2420 543 2473 In
567 2431 831 2489 conspectu
852 2430 937 2473 tuo
958 2430 1071 2473 sunt
1100 2435 1270 2472 omnes
1296 2418 1586 2472 tribttlantes
1614 2434 1707 2495 me.
1731 2418 1904 2485 Quare

333 2513 459 2565 mihi
500 2513 568 2566 sit
597 2511 957 2580 opprobrium,
993 2522 1045 2564 tu
1095 2512 1269 2573 nosti;
1324 2525 1487 2579 quare
1538 2509 1799 2574 confusio,
1848 2518 1901 2562 tu

333 2605 507 2665 nosti;
556 2619 717 2671 quare
764 2592 1099 2666 verecundia,
1156 2615 1208 2657 tu
1256 2604 1392 2658 nosti
1432 2618 1601 2673 :ergo
1646 2619 1774 2658 erue
1818 2619 1902 2657 me

333 2708 547 2767 propter
589 2698 830 2752 inimiens
874 2713 1039 2759 meos,
1079 2699 1200 2766 quia
1234 2706 1286 2751 tu
1315 2698 1450 2751 nosti
1502 2697 1596 2751 ista
1642 2712 1779 2760 mea,
1829 2696 1900 2749 illi

332 2807 435 2843 non
484 2802 708 2849 norunt;
739 2806 799 2843 ac
846 2805 937 2859 per
982 2790 1099 2853 hoc,
1132 2792 1251 2859 quia
1289 2789 1385 2858 ipsi
1416 2790 1466 2842 in
1500 2798 1781 2857 conspectu
1811 2798 1901 2842 tuo

330 2893 471 2944 sunt,
521 2881 615 2934 ista
659 2883 954 2936 nescientes
998 2896 1101 2934 non
1135 2891 1379 2948 poterunt
1409 2881 1490 2935 vel
1536 2881 1785 2935 confundi
1818 2882 1898 2935 vel

327 2972 638 3039 Corrigi,nisi
654 2972 925 3026 manifeste
940 2987 1024 3026 me
1039 2972 1239 3026 erueris
1254 2983 1469 3040 propter
1482 2971 1716 3025 inimicos
1731 2986 1895 3025 meos.

481 3061 497 3133 |_
518 3080 642 3116 vers.
669 3062 793 3132 ‘21.]
830 3063 1167 3132 Opprobrium
1197 3063 1497 3131 exspectavit
1536 3079 1621 3114 cor
1656 3079 1817 3116 meum
1850 3073 1898 3115 et

327 3155 596 3207 miseriam.
628 3154 761 3221 Quid
785 3164 885 3215 est,
915 3155 1253 3223 exspectavit?
1280 3154 1472 3208 Futura
1497 3154 1592 3207 ista
1622 3154 1894 3221 prmvidit,

325 3243 493 3297 futura
525 3246 618 3297 ista
652 3246 911 3313 prtcdixit.
930 3245 1040 3298 Non
1068 3246 1208 3300 enim
1235 3245 1377 3298 venit
1405 3244 1468 3296 ad
1491 3245 1651 3298 aliud.
1679 3245 1732 3299 Si
1762 3246 1896 3299 mori

327 3339 505 3401 tmllet,
541 3354 635 3391 nec
667 3340 807 3391 nasci
840 3340 999 3392 vellet
1028 3358 1039 3392 :
1072 3354 1229 3394 causa
1260 3339 1663 3394 resurrectionis
1689 3349 1894 3393 utrum-

323 3445 428 3496 que
458 3430 594 3482 fecit.
628 3430 741 3483 Duo
760 3431 898 3484 enim
925 3431 1163 3500 qua:dam
1192 3430 1411 3486 nobisin
1441 3446 1635 3501 genere
1664 3430 1895 3484 humano

324 3530 445 3573 nota
493 3532 684 3585 erant,
714 3538 877 3577 unum
918 3533 1091 3578 autem
1136 3524 1479 3594 incognitum.
1511 3524 1660 3577 Nasci
1701 3524 1895 3592 quippe

324 3612 564 3665 homines
589 3625 641 3666 et
665 3614 798 3667 mori
830 3614 1153 3679 sciebamus;
1178 3631 1451 3684 resurgere
1476 3626 1529 3669 et
1558 3616 1609 3669 in
1638 3624 1891 3669 :eternum

322 3691 501 3756 vivere
541 3705 921 3758 nesciebamus.
953 3705 1022 3761 Ut
1055 3707 1357 3760 ostenderet
1394 3708 1549 3761 nobis
1596 3707 1735 3775 quod
1787 3722 1891 3759 non

324 3807 678 3856 noveramus,
710 3794 939 3861 suscepit
982 3794 1087 3848 duo
1126 3811 1244 3863 qua:
1296 3810 1632 3849 noveramus.
1667 3796 1747 3849 Ad
1795 3798 1893 3850 hoc

323 3898 450 3953 ergo
481 3884 638 3937 venit.
672 3886 1005 3955 Opprobrium
1036 3888 1335 3955 exspectavit
1366 3904 1451 3941 cor
1479 3905 1640 3940 meum
1668 3897 1714 3941 et
1742 3889 1893 3943 misc-

323 3975 472 4030 rium.
512 3974 615 4029 Sed
647 3977 911 4030 miseriam
954 3977 1143 4046 cujus?
1168 3977 1507 4046 Exspectavit
1542 3978 1683 4031 enim
1732 3978 1893 4032 mise-

321 4064 476 4128 riam,
496 4064 588 4118 sed
608 4066 775 4134 magis
795 4065 1229 4135 crucifigentium,
1246 4066 1411 4137 magis
1434 4068 1889 4136 persequentium;

323 4163 379 4208 ut
404 4154 453 4207 in
485 4156 587 4211 illis
607 4166 751 4210 esset
780 4158 1010 4223 miseria,
1031 4158 1082 4211 in
1104 4158 1197 4212 illo
1220 4158 1601 4214 misericordia.
1629 4159 1891 4214 Miseriam

321 4243 514 4313 quippe
562 4246 765 4299 illorum
815 4247 1072 4301 miserans
1114 4249 1269 4302 etiam
1321 4249 1557 4318 pendens
1594 4249 1643 4302 in
1683 4265 1840 4304 cruce
1875 4267 1888 4304 :

321 4332 509 4399 Pater,
538 4336 721 4406 inquit,
749 4339 947 4408 ignosce
972 4338 1073 4391 illis
1092 4381 1107 4405 ,
1134 4340 1250 4409 quia
1286 4340 1509 4393 nesciunt
1536 4342 1659 4408 quid
1700 4342 1893 4409 faciunt

322 4424 471 4495 (Luc.
502 4443 625 4481 χχιιι
652 4469 667 4493 ,
690 4430 803 4498 54).
836 4429 1174 4499 Oppi-ebrium
1208 4434 1507 4499 exspectavit
1531 4450 1617 4485 cor
1648 4450 1811 4487 meum
1845 4443 1892 4487 et

322 4522 572 4574 miseriam
601 4538 618 4575 :
645 4534 690 4577 et
728 4526 943 4577 sustinui
978 4526 1062 4594 qui
1096 4526 1246 4579 simul
1281 4527 1676 4586 contristaretur,
1700 4537 1745 4579 et
1792 4544 1891 4579 non

322 4612 437 4686 fuit.
468 4613 603 4678 Quid
635 4630 761 4682 ergo
786 4615 978 4681 profuit
1007 4616 1127 4685 quia
1150 4617 1489 4684 exspectavi?
1517 4617 1616 4671 hoc
1636 4626 1736 4679 est,
1766 4616 1889 4682 quid

256 4718 261 4729 '
326 4707 521 4772 profuit
545 4708 664 4776 quia
697 4710 908 4775 prmdixi
930 4710 953 4762 ‘t
978 4711 1101 4778 quid
1128 4710 1322 4778 profuit
1353 4711 1472 4780 quia
1500 4711 1605 4766 dixi
1647 4712 1765 4765 ideo
1808 4726 1890 4766 me

320 4799 800 4853 venisse?\'eutum
823 4811 905 4855 est
929 4812 983 4854 ut
1000 4802 1303 4871 impleretur
1331 4804 1469 4872 quod
1495 4804 1603 4857 dixi
1634 4823 1645 4857 :
1678 4806 1891 4858 sustinui

318 4889 401 4956 qui
424 4890 575 4943 simul
595 4892 985 4957 contristaretur,
1003 4902 1048 4945 et
1070 4910 1169 4947 non
1188 4896 1305 4964 fuit;
1324 4904 1368 4948 et
1384 4878 1712 4961 consolantes,
1729 4907 1772 4949 et
1792 4914 1891 4951 non

318 4979 483 5032 inveni
506 4996 522 5041 ,-
542 4980 639 5032 hoc
663 4990 743 5033 est
762 5020 776 5045 ,
800 4995 903 5035 non
934 4981 1048 5036 fuit.
1080 4984 1229 5047 Quod
1257 4985 1397 5039 enim
1438 4986 1710 5053 superiore
1737 5003 1887 5041 versu

316 5069 490 5133 dixit,
522 5068 752 5123 Sustinui
782 5073 866 5141 qui
900 5072 1050 5126 simul
1084 5075 1496 5137 contristaretur;
1519 5075 1619 5131 hoc
1652 5079 1888 5147 sequenti

318 5176 496 5218 versu.
519 5170 563 5213 et
582 5164 912 5217 consolantes.
950 5164 1098 5231 Quod
1125 5175 1298 5219 autem
1330 5167 1606 5235 superiore
1636 5184 1818 5232 versu,
1846 5180 1891 5222 et

318 5271 417 5307 non
440 5254 565 5323 fuit;
592 5252 691 5306 hoc
720 5256 955 5324 sequenti
991 5272 1145 5311 versu
1168 5298 1180 5319 ,
1212 5267 1258 5310 et
1286 5274 1385 5311 non
1406 5258 1587 5311 inveni.
1613 5260 1749 5328 Ergo
1785 5276 1888 5314 non

316 5346 483 5400 altera
532 5344 763 5413 subjecta
786 5388 801 5411 ,
833 5347 923 5401 sed
973 5348 1216 5416 superior
1243 5350 1465 5417 repetita
1504 5350 1761 5403 sententia
1786 5363 1887 5404 est.

317 5436 485 5502 Quam
542 5439 853 5490 sententiam
884 5438 927 5491 si
971 5448 1316 5493 retractemus
1344 5482 1359 5504 ,
1384 5441 1607 5515 quzestio
1642 5442 1889 5495 nonnulla

320 5528 511 5595 poterit
544 5528 758 5582 aboriri.
791 5529 1052 5598 Numquid
1087 5531 1226 5585 enim
1254 5531 1621 5602 discipulicjus
1651 5550 1753 5586 non
1772 5543 1894 5587 Slllll

317 5620 639 5683 contristati,
670 5622 879 5689 quando
907 5622 1093 5677 ductus
1126 5632 1207 5677 est
1240 5624 1304 5677 ad
1334 5625 1630 5691 passionem
1653 5625 1893 5695 ,quando

321 5713 460 5786 ligno
493 5730 809 5787 suspensus,
834 5717 1043 5788 quando
1071 5719 1341 5774 mortuus?
1381 5718 1555 5788 Usque
1582 5719 1713 5773 adeo
1765 5735 1891 5773 cen-

1438 278 1832 337 ENMIRATIO
1860 278 1925 334 1N
1965 278 2085 334 PS.\
2104 280 2293 339 LMUM
2338 286 2559 341 LXVI”.

3500 298 3601 353 818

2030 399 2216 453 tristati
2238 442 2252 462 ,
2284 412 2337 454 ut
2384 403 2464 454 illa
2506 403 2661 457 Maria
2689 404 3008 476 Magdalenc,
3032 425 3148 479 quae
3180 410 3347 480 primo
3374 428 3492 467 eum
3526 418 3599 468 vi-

2025 489 2120 549 dit,
2151 493 2382 559 gaudens
2419 494 2715 563 lugentibus
2744 500 3006 553 mmtiaret
3055 501 3176 570 quid
3205 504 3391 557 viderit
3412 504 3592 577 (Joan.

2024 598 2111 644 xx,
2141 584 2225 647 l8,
2252 595 2298 637 ct
2324 585 2487 639 Marc.
2507 604 2613 651 xvi,
2635 590 2711 656 9).
2732 590 3071 661 Evangelith
3102 596 3194 648 ista
3216 596 3470 665 loquitur;
3494 616 3597 654 non

2024 686 2200 729 nostra
2240 682 2611 748 prmsumptio,
2643 699 2744 735 non
2782 696 2958 738 nostra
3000 688 3230 756 suspicio
3269 700 3350 742 est
3405 708 3416 741 :
3464 708 3597 746 cou-

2021 778 2125 820 Stat
2169 769 2426 831 doluisse,
2476 783 2681 827 constat
2730 776 2923 833 luxisse
2968 780 3272 850 discipulos.
3323 784 3595 841 Extranere

2023 860 2273 914 mulieres
2294 860 2510 927 flebant,
2538 867 2746 933 quando
2776 869 2838 921 ad
2868 872 3164 939 passionem
3190 874 3498 933 ducebatur;
3526 879 3589 932 ad

2022 966 2152 1020 quas
2192 968 2478 1008 conversus
2523 957 2594 1009 ait
2628 976 2657 1010 :.
2677 958 2852 1022 Flete;
2878 965 2963 1013 se'l
2990 980 3073 1015 vos
3097 1007 3109 1026 ,
3140 966 3291 1019 nolite
3330 984 3405 1018 me
3434 968 3589 1035 (Luc.

2021 1057 2145 1095 sant
2166 1083 2180 1105 ,
2208 1044 2322 1114 28).
2356 1046 2632 1113 Quomodo
2661 1066 2785 1119 ergo
2811 1055 3057 1107 sustinuit
3085 1058 3172 1125 qui
3212 1058 3364 1109 simul
3391 1062 3589 1111 contri-

2019 1143 2248 1188 staretnr
2271 1181 2285 1199 ,
2306 1146 2359 1191 et
2389 1153 2491 1191 non
2520 1140 2655 1193 fuit?
2686 1142 3021 1197 Attendimus
3044 1187 3057 1207 ,
3094 1158 3148 1199 et
3175 1148 3470 1202 invenimus
3500 1151 3591 1203 tri-

2018 1234 2125 1279 stes
2147 1267 2161 1290 ,
2186 1237 2239 1281 ct
2264 1228 2500 1295 lugentes
2520 1271 2535 1286 .
2559 1242 2611 1284 et
2635 1232 2974 1303 plangentcs;
3005 1238 3144 1292 unde
3169 1240 3322 1293 nobis
3347 1240 3475 1293 mira
3511 1244 3589 1293 vi—

2017 1318 2171 1372 detur
2201 1319 2296 1375 ista
2320 1325 2577 1376 sententia
2611 1342 2623 1377 :
2658 1325 2891 1380 Sustinui
2920 1330 3001 1397 qni
3028 1331 3588 1399 simulcontristarctnr,

2017 1419 2179 1463 etnon
2214 1414 2307 1481 fuit
2330 1428 2347 1471 ;
2368 1425 2413 1466 et
2436 1415 2782 1476 consolantes,
2815 1428 2861 1469 et
2894 1435 2992 1471 non
3027 1420 3211 1472 inveni.
3253 1422 3589 1475 luteutlamus

2017 1500 2315 1571 diligentius
2343 1544 2356 1567 ,
2386 1514 2439 1557 et
2465 1506 2758 1560 videbimus
2790 1524 2907 1561 eum
2946 1510 3262 1565 sustinuisse
3300 1516 3387 1580 qui
3432 1514 3587 1567 simul

2015 1592 2434 1657 cantristarctur,
2458 1606 2513 1649 et
2536 1612 2637 1649 non
2664 1598 2843 1652 fuisse.
2869 1600 3327 1655 Contristabantur
3353 1603 3491 1655 enim
3518 1604 3587 1656 illi

2015 1683 2298 1738 carnaliter
2324 1684 2388 1739 de
2415 1686 2517 1739 vita
2545 1690 2771 1751 mortali,
2791 1706 2909 1759 quze
2936 1692 3185 1746 nmtanda
3207 1693 3371 1746 luerat
3395 1706 3586 1759 morte,

2014 1784 2065 1826 et
2088 1777 2376 1843 reparanda
2396 1781 2818 1835 resurrectione:
2851 1782 2974 1837 hinc
2999 1795 3112 1837 erat
3135 1786 3220 1837 illa
3256 1788 3482 1839 tristitia.
3516 1788 3589 1842 De

2014 1865 2117 1919 illis
2142 1867 2281 1920 enim
2307 1883 2424 1923 esse
2452 1869 2633 1924 debuit
2657 1913 2670 1936 ,
2695 1874 2781 1940 qui
2814 1873 2938 1926 caci
2968 1875 3229 1928 medicum
3257 1877 3584 1935 occiderunt.
3652 1898 3663 1908 ο

2012 1957 2099 2027 qui
2119 1966 2362 2027 tanquam
2386 1961 2678 2028 perniciose
2694 1963 2977 2019 febrieutes
2996 1967 3309 2034 phrenetici,
3332 1969 3589 2023 faciebant

2013 2050 2256 2118 injuriam
2287 2052 2335 2105 ei
2364 2068 2393 2105 a
2423 2069 2528 2122 quo
2555 2054 2654 2108 illis
2681 2056 2849 2109 fuerat
2872 2060 3015 2111 salus
3044 2061 3223 2115 allata.
3261 2062 3350 2116 Ille
3380 2064 3588 2116 volebat

2010 2158 2214 2207 curare,
2243 2143 2316 2197 illi
2343 2146 2560 2199 smvire:
2586 2146 2706 2201 hinc
2728 2148 2933 2203 tristitia
2959 2151 3183 2204 medico.
3207 2152 3395 2219 anere
3413 2162 3584 2206 utrum

2009 2236 2268 2291 invenerit
2298 2236 2451 2305 hujus
2481 2239 2705 2293 tristitia}
2735 2242 3004 2295 comitem.
3032 2242 3146 2296 Non
3176 2245 3317 2296 enim
3349 2245 3442 2305 ait,
3464 2260 3601 2299 δας..

2010 2326 2137 2379 tinui
2168 2326 2255 2393 qui
2296 2329 2726 2393 contristari-tur,
2756 2340 2809 2384 et
2851 2349 2953 2385 non
2989 2326 3120 2395 fuit;
3154 2334 3244 2388 sed
3266 2376 3279 2399 ,
3307 2337 3392 2405 qui
3435 2334 3589 2390 simul

2006 2418 2383 2471 contristaretur
2405 2459 2419 2483 ,
2454 2418 2506 2473 id
2533 2429 2631 2483 est,
2664 2436 2727 2474 ex
2755 2438 2815 2475 ea
2846 2438 2933 2487 re,
2964 2439 3062 2488 qua
3092 2440 3210 2493 ego,
3243 2428 3587 2481 contristare-

2007 2517 2124 2573 tur,
2152 2520 2195 2565 et
2218 2527 2320 2563 non
2344 2511 2530 2565 inveni.
2559 2513 2748 2567 Petrus
2775 2525 2918 2568 certe
2950 2516 3233 2584 plurimum
3262 2520 3458 2572 amaiit
3487 2562 3501 2579 ,
3534 2529 3587 2574 ct

2006 2600 2056 2654 in
2084 2600 2272 2655 [luctus
2302 2602 2585 2657 calcandos
2610 2619 2668 2657 se
2691 2606 2806 2657 sine
2830 2604 3158 2661 dubitatione
3182 2607 3421 2676 projeclt,
3442 2619 3494 2662 et
3519 2611 3584 2661 ad

2002 2709 2187 2749 vocem
2218 2695 2423 2748 Domini
2452 2695 2707 2750 liberatus
2735 2707 2815 2750 est
2843 2696 3053 2767 (Matth.
3082 2714 3191 2762 xxv,
3222 2698 3292 2753 ἓξ)
3316 2741 3331 2764 ,
3362 2702 3452 2769 ’51)
3484 2718 3496 2754 :
3530 2714 3585 2754 et

2003 2800 2122 2839 eum
2160 2786 2374 2841 ductum
2414 2787 2480 2841 ad
2511 2788 2807 2856 passionem
2834 2829 2848 2850 ,
2880 2790 3077 2841 amoris
3124 2790 3341 2845 audacia
3394 2807 3584 2845 consc-

2001 2888 2154 2931 cutus
2177 2919 2191 2943 ,
2226 2888 2399 2933 tamen
2430 2879 2709 2945 turbatus,
2744 2889 2822 2935 ter
2850 2881 3077 2951 negavit.
3112 2881 3261 2936 Unde
3285 2924 3299 2946 ,
3330 2884 3429 2936 nisi
3459 2886 3581 2953 quia

2002 2958 2198 3023 malum
2248 2970 2321 3023 illi
2365 2971 2641 3025 videbatur
2670 2974 2847 3025 mori?
2880 2973 2932 3026 ld
2974 2974 3114 3027 enim
3146 2974 3412 3028 devitahat
3440 2976 3579 3044 quod

2003 3060 2196 3114 malum
2223 3061 2453 3130 putabat.
2485 3062 2595 3117 lloc
2620 3078 2746 3133 ergo
2771 3071 2823 3117 et
2848 3065 2898 3117 iu
2934 3064 3153 3117 Domino
3178 3064 3409 3129 dolebat,
3437 3067 3579 3135 quod

2000 3152 2114 3221 ipse
2142 3151 2426 3207 devitabat.
2456 3152 2741 3222 Propterea
2768 3164 2820 3208 et
2848 3163 2969 3208 ante
2998 3156 3235 3221 dixerat,
3266 3156 3408 3209 Absit
3444 3175 3475 3208 a
3505 3170 3572 3221 te,

1999 3244 2236 3307 Domine;
2266 3245 2511 3315 propitius
2542 3246 2629 3298 tibi
2655 3258 2775 3308 esto,
2801 3264 2900 3299 non
2926 3248 3011 3316 [iet
3034 3248 3168 3299 istutl
3187 3263 3205 3301 :
3226 3249 3437 3316 quando
3465 3265 3575 3303 me-

1999 3337 2104 3390 ruit
2136 3336 2336 3401 audire,
2368 3335 2631 3402 Satanas;
2676 3348 3019 3406 posteaquam
3061 3338 3341 3403 audierat,
3392 3338 3577 3392 Beatus

1998 3446 2068 3493 es,
2090 3427 2267 3483 Simon
2294 3427 2399 3481 Bar
2424 3427 2561 3482 Jona
2586 3428 2694 3498 (Id.
2724 3446 2830 3493 xvi,
2859 3431 2940 3491 l7,
2965 3429 3054 3490 Ξῖ,
3079 3431 3194 3501 25).
3231 3431 3368 3499 Ergo
3400 3433 3451 3484 in
3483 3434 3578 3484 tri-

1996 3521 2135 3575 stitia
2164 3536 2321 3589 quam
2353 3522 2576 3575 habebat
2598 3522 2854 3575 Dominus
2882 3522 2949 3576 de
2978 3523 3079 3575 illis
3108 3538 3201 3591 pro
3230 3524 3419 3591 quibus
3453 3540 3574 3576 ora-

1995 3614 2071 3663 vit
2098 3652 2113 3675 ,
2153 3610 2304 3663 Pater
2324 3652 2340 3675 ,
2371 3612 2573 3680 ignosce
2613 3611 2715 3664 illis
2737 3650 2752 3671 ,
2780 3611 2900 3679 quia
2939 3612 3162 3665 nesciunt
3197 3612 3317 3680 quid
3343 3613 3531 3680 faciunt
3556 3655 3569 3677 ,

1996 3702 2196 3754 nullum
2218 3701 2464 3754 comitem
2488 3700 2707 3754 invenit.
2723 3696 2787 3753 Et
2805 3698 3018 3753 sustinui
3036 3702 3120 3768 qui
3139 3702 3289 3754 simul
3310 3704 3571 3755 contrista~

1995 3803 2131 3845 retur
2154 3832 2168 3854 ,
2191 3801 2235 3843 et
2258 3808 2356 3843 non
2382 3792 2496 3860 fuit.
2528 3792 2752 3845 Prorsus
2779 3807 2881 3844 non
2910 3790 3025 3844 fuit.
3055 3790 3119 3843 Et
3148 3793 3459 3845 consolantes
3479 3835 3493 3855 ,
3524 3802 3573 3846 et

1995 3899 2095 3936 non
2135 3882 2318 3934 inveni.
2362 3882 2459 3948 Qui
2499 3890 2621 3935 sunt
2658 3880 3028 3936 consolantes?
3060 3882 3421 3937 Proﬁcienles.
3471 3883 3570 3951 Ipsi

1994 3974 2134 4028 enim
2164 3988 2260 4027 nos
2294 3972 2652 4037 consolantur,
2686 3973 2784 4041 ipsi
2812 3982 2935 4026 sunt
2961 3972 3149 4026 solatio
3170 3974 3413 4028 omuilnls
3438 3992 3568 4043 μῖξιν·
3616 3956 3629 3969 ’

1994 4063 2318 4118 dicatoribus
2348 4063 2606 4117 veritatis.

2066 4159 2117 4211 6.
2148 4156 2294 4228 [vers.
2312 4156 2427 4230 22.]
2452 4156 2515 4209 Et
2535 4156 2777 4209 dederunt
2799 4156 2848 4209 in
2870 4171 3034 4209 escam
3054 4173 3212 4211 meam
3240 4159 3328 4225 (el,
3347 4160 3465 4212 etin
3488 4162 3569 4213 siti

1994 4265 2104 4302 mea
2125 4256 2418 4315 potaverunt
2447 4262 2525 4299 me
2550 4254 2709 4299 aceto.
2734 4244 2950 4300 Factum
2983 4256 3064 4300 est
3092 4248 3301 4317 quidem
3334 4248 3396 4300 ad
3429 4251 3567 4303 littc-

1992 4356 2128 4404 ram,
2147 4349 2201 4393 et
2228 4338 2573 4409 Evangelium
2597 4338 2697 4394 hoc
2722 4340 2873 4393 nobis
2894 4340 3108 4395 indicat.
3136 4340 3240 4395 Sed
3268 4342 3565 4411 intelligen-

1993 4432 2117 4486 dum
2148 4441 2227 4485 est
2252 4472 2266 4496 ,
2297 4431 2515 4495 fratres,
2545 4430 2644 4484 hoc
2672 4430 2840 4497 ipsum
2871 4432 3010 4500 quod
3040 4449 3146 4486 non
3172 4433 3346 4485 iuveni
3376 4448 3567 4486 conso~

1995 4523 2165 4576 lantcs
2190 4564 2201 4585 ,
2230 4522 2329 4577 hoc
2360 4523 2529 4591 ipsum
2560 4522 2697 4590 quod
2729 4536 2833 4576 non
2866 4522 3037 4576 inveni
3067 4522 3153 4591 qui
3186 4523 3341 4575 simul
3371 4525 3567 4578 contri-

1993 4626 2241 4679 starctur,
2270 4614 2368 4669 hoc
2406 4614 2502 4668 fuit
2538 4614 2605 4669 fel
2633 4632 2830 4680 meum,
2871 4616 2971 4669 hoc
3006 4616 3130 4669 mibi
3170 4631 3439 4680 amarum,
3466 4614 3565 4671 lzoe

1993 4719 2198 4761 acetum
2252 4707 2347 4760 fuit
2394 4724 2407 4760 :
2452 4721 2687 4760 amarum
2746 4715 2957 4775 propter
3007 4721 3318 4771 mmrorem,
3358 4718 3562 4761 acetum

1995 4808 2208 4866 propter
2235 4813 2418 4851 eorum
2460 4805 2795 4849 vetustatem.
2828 4795 3063 4862 Namque
3096 4796 3313 4864 legimus
3343 4796 3412 4851 illi
3443 4798 3564 4865 qui-

1993 4890 2110 4943 dem
2134 4889 2365 4941 oblatum
2382 4888 2470 4952 fel,
2489 4890 2624 4941 sicut
2646 4887 2985 4956 Evangelium
3006 4886 3235 4957 loquitur
3262 4886 3369 4958 (Id.
3398 4904 3559 4952 χχιιι,

1993 4982 2081 5052 δί)
2108 4999 2119 5045 ;
2145 4982 2234 5036 sed
2269 4984 2318 5035 in
2348 4992 2527 5050 potum
2557 5022 2570 5045 ,
2602 4997 2704 5032 non
2746 4981 2796 5032 in
2832 4995 3028 5034 escam.
3077 4981 3444 5037 Verumtamen
3487 4984 3564 5038 sic

1994 5072 2353 5139 accipiendum
2377 5081 2430 5124 et
2461 5071 2732 5138 impletum
2761 5070 2899 5138 quod
2924 5072 3007 5124 hic
3034 5071 3203 5129 fuerat
3226 5082 3347 5128 ante
3373 5075 3565 5142 praedi-

1992 5172 2133 5216 ctum
2162 5204 2175 5227 ,
2209 5161 2465 5214 Dederunt
2499 5162 2548 5214 in
2594 5178 2755 5213 escam
2793 5178 2950 5213 meam
2980 5164 3049 5232 fel
3073 5178 3091 5215 .'
3111 5173 3165 5217 et
3205 5165 3253 5217 in
3305 5166 3405 5217 isto
3449 5168 3561 5230 ipso

1994 5253 2165 5318 facto,
2199 5270 2302 5305 non
2333 5252 2503 5306 solum
2536 5253 2585 5304 in
2619 5252 2716 5306 hoc
2748 5252 2921 5316 dicto,
2946 5256 3254 5324 mysterium
3295 5256 3561 5322 requirere

1993 5344 2249 5398 debemus
2269 5385 2282 5405 ,
2314 5354 2512 5397 secreta
2544 5344 2751 5412 pulsare
2774 5385 2788 5409 ,
2818 5346 2989 5398 velunt
3032 5346 3207 5412 templi
3234 5347 3556 5399 conscissam

1996 5434 2222 5498 intrare,
2251 5434 2430 5487 videre
2455 5434 2522 5487 ibi
2549 5445 2968 5501 sacramentum,
2989 5437 3069 5490 vel
3099 5436 3236 5505 quod
3265 5436 3330 5487 ita
3360 5434 3555 5487 dictqu

1996 5542 2097 5596 est,
2116 5530 2193 5585 vel
2221 5530 2356 5598 quod
2386 5530 2451 5581 ita
2482 5529 2670 5583 factum
2701 5540 2798 5582 est.
2822 5529 3095 5585 Dederunt,
3118 5527 3300 5611 imp/tit,
3319 5528 3368 5579 in
3398 5544 3560 5580 escam

1997 5641 2155 5676 meam
2178 5623 2263 5692 fel.
2297 5620 2406 5675 Neu
2434 5624 2599 5689 ipsum
2630 5621 2769 5689 quod
2797 5622 3053 5674 dederunt
3087 5634 3203 5671 cson
3233 5625 3377 5674 erat:
3408 5628 3559 5683 potus

1998 5714 2136 5768 enim
2165 5723 2276 5767 erat
2304 5730 2316 5767 :
2345 5711 2433 5766 sed
2461 5712 2511 5765 in
2541 5728 2701 5765 escam
2725 5711 2967 5765 dederunt
2986 5727 3000 5773 ;
3022 5710 3138 5778 quia
3165 5707 3273 5775 jam
3309 5707 3558 5764 Dominus
