4020 6198
442 310 545 370 859

441 440 617 482 escam
658 428 957 493 acceperat,
986 426 1039 474 et
1065 414 1116 470 in
1142 413 1314 485 ipsum
1342 411 1589 481 injectum
1626 418 1706 461 est
1731 407 1822 460 t'el.
1849 406 2015 460 Acce-

443 527 591 589 perat
618 525 791 569 autem
823 514 934 581 ipse
962 522 1135 564 eseam
1158 520 1393 564 suavem.
1414 500 1622 572 quando
1650 499 1841 569 pascha
1867 510 2017 550 man-

441 608 652 663 ducavit
675 618 793 659 eum
821 600 1094 670 discipulis
1114 597 1259 652 suis:
1289 594 1359 650 ihi
1389 601 1775 649 sat-ramentum
1797 589 1878 644 sui
1899 604 2017 644 cor-

443 699 588 768 poris
607 692 987 751 demonstravit
1008 691 1156 764 (Luc.
1179 705 1314 751 xxu,
1339 687 1448 756 19).
1470 687 1525 741 lu
1545 686 1679 740 hanc
1706 698 1880 738 escam
1908 693 2014 738 tam

442 803 678 854 suavem,
702 796 809 842 tam
835 785 1041 839 dulcem
1073 782 1285 836 unitatis
1311 779 1526 843 Christi,
1556 792 1713 848 quam
1742 790 2017 831 commen-

443 882 536 938 dat
564 880 847 951 Apostolus
865 921 878 940 ,
907 878 1108 938 dicens,
1143 876 1275 942 Quia
1305 890 1431 927 unus
1457 873 1630 942 panis,
1655 862 2019 937 unum'corptts

440 971 584 1028 multi
624 986 796 1025 sumus
825 968 870 1038 (l
913 968 1029 1023 Cor.
1059 982 1095 1021 Χ
1120 1007 1133 1028 ,
1164 967 1288 1034 17);
1315 967 1364 1017 iu
1397 962 1534 1016 hanc
1579 974 1753 1015 escam
1800 972 2018 1013 suavem

442 1063 565 1132 quis
583 1060 775 1132 estqui
803 1060 892 1114 dat
915 1058 1005 1123 fel,
1034 1056 1133 1112 nisi
1152 1054 1568 1119 contradictores
1585 1050 1878 1120 Evangelii,
1904 1058 2020 1102 tan-

396 1219 414 1240 .
445 1168 602 1223 quam
628 1152 702 1206 illi
747 1156 1114 1223 persecutores
1136 1145 1373 1204 Christi?
1402 1144 1570 1199 Minus
1594 1143 1734 1198 enim
1765 1156 2019 1211 peccave-

449 1251 573 1298 runt
595 1240 761 1297 ιι]όωὶ
791 1242 1159 1311 cruciﬁgentes
1187 1238 1238 1292 in
1272 1245 1409 1291 terra
1439 1233 1795 1289 ambulantem
1820 1273 1835 1296 ,
1863 1245 2021 1300 quam
2056 1284 2063 1297 ί

447 1335 538 1405 qui
559 1342 904 1389 contemnunt
921 1333 972 1386 in
991 1331 1128 1386 cmlo
1153 1331 1446 1384 sedentem.
1468 1324 1618 1393 Quod
1640 1337 1768 1394 ergo
1785 1321 2025 1378 fecerunt

448 1425 638 1493 Judaei,
661 1435 717 1479 ut
742 1425 793 1478 iu
825 1438 999 1478 escam
1024 1436 1181 1493 quam
1205 1422 1313 1489 jam
1335 1425 1609 1485 acceperat
1630 1414 1815 1469 darent
1837 1412 2023 1469 biben-

449 1516 576 1571 dum
603 1531 841 1571 amarum
886 1515 1029 1569 illum
1060 1523 1243 1583 potum
1268 1552 1284 1574 ,
1311 1510 1412 1565 hoc
1443 1508 1639 1563 faciunt
1666 1508 1753 1576 qui
1783 1505 1921 1561 male
1949 1504 2021 1557 vi-

451 1608 624 1663 vendo
648 1607 953 1662 scandalum
984 1605 1214 1659 inferunt
1242 1601 1493 1679 Ecclesiae
1523 1619 1537 1653 :
1569 1599 1670 1653 hoc
1701 1599 1895 1653 faciunt
1917 1597 2023 1650 lue-

451 1698 602 1754 retici
640 1699 1019 1762 amaricautes;
1052 1695 1145 1751 sed
1185 1711 1291 1749 non
1321 1694 1617 1767 exaltentttr
1647 1693 1697 1746 in
1726 1691 2025 1759 semetipsis

453 1791 623 1862 (Psal.
655 1806 786 1855 1.xv,
820 1791 892 1858 Ἰ).
922 1778 1056 1843 Dant
1084 1788 1149 1844 fel
1186 1803 1345 1853 super
1371 1797 1476 1840 tam
1501 1784 1793 1853 jucundum
1823 1782 2020 1837 cilmm.

454 1882 568 1950 Sed
605 1881 729 1953 quid
788 1882 915 1936 facit
956 1880 1249 1935 Dominus?
1281 1879 1395 1933 Non
1439 1877 1671 1931 admittit
1720 1874 1787 1929 ad
1833 1888 2026 1942 corpus

374 1958 381 1968 ’
451 1986 625 2026 suum.
662 1972 771 2025 Hoc
795 1979 1128 2026 sacramento
1153 1971 1266 2039 ipse
1295 1969 1567 2031 Dominus,
1594 1966 1805 2037 quando
1836 1965 1907 2019 illi
1930 1965 2027 2018 ob-

454 2064 684 2116 tulerunt
714 2062 814 2128 fel,
844 2063 1103 2132 gustavit,
1134 2070 1187 2115 et
1213 2060 1381 2115 noluit
1406 2059 1588 2115 bibere
1613 2057 1822 2130 (Matth.
1849 2073 2023 2122 χχι-ιι,

350 2214 366 2225 η
454 2155 564 2224 54).
592 2154 646 2210 Si
676 2170 782 2207 non
812 2169 907 2208 eos
934 2162 1254 2221 pateremur,
1282 2166 1381 2206 nec
1410 2150 1627 2205 omnino
1653 2159 2023 2220 gustaremus:

453 2244 576 2317 quia
622 2260 748 2300 vero
772 2259 1010 2300 .necesse
1044 2252 1126 2299 est
1153 2256 1246 2298 eos
1274 2244 1378 2311 pati
1395 2268 1413 2306 ,-
1443 2255 1659 2297 necesse
1688 2250 1769 2296 est
1805 2240 2024 2311 gestari.

456 2338 560 2393 Sed
589 2339 707 2408 quia
738 2338 790 2391 in
822 2336 1073 2391 membris
1100 2334 1296 2391 Christi
1327 2334 1458 2390 tales
1483 2348 1601 2388 esse
1630 2349 1734 2387 non
1764 2342 2024 2403 possunt,

454 2432 651 2499 gustari
683 2437 923 2499 possunt,
952 2430 1114 2499 recipi
1146 2429 1196 2481 in
1226 2442 1422 2497 corpus
1450 2442 1554 2481 non
1585 2436 1822 2495 possunt.
1850 2426 1914 2480 Et
1940 2426 2028 2480 de-

456 2524 636 2577 derunt
665 2524 719 2577 in
744 2539 906 2599 escam
933 2538 1094 2575 meum
1115 2521 1204 2590 fel,
1233 2530 1278 2573 et
1302 2521 1356 2573 in
1380 2519 1463 2573 siti
1489 2535 1599 2572 mea
1628 2528 1922 2587 potaverunt
1950 2523 2029 2572 m'e

456 2624 615 2669 aceto.
654 2613 906 2670 Sitiebam
932 2654 947 2676 ,
979 2622 1034 2668 et
1060 2621 1268 2666 acetum
1305 2610 1505 2678 accepi;
1534 2608 1585 2664 id
1615 2617 1696 2664 est
1721 2607 1878 2663 iidem
1909 2608 2030 2662 illo-

456 2721 574 2761 rum
604 2704 921 2771 desideravi,
952 2712 1005 2758 ct
1036 2711 1348 2758 vetustatem
1381 2701 1579 2756 inveni.

529 2800 580 2851 7.
614 2798 761 2871 [vers.
802 2797 892 2861 25,
920 2797 1010 2850 24.
1032 2795 1053 2867 ]
1079 2795 1195 2849 Fiat
1221 2812 1394 2848 mensa
1427 2810 1599 2849 eorum
1627 2810 1796 2848 coram
1820 2794 1947 2864 ipsis
1976 2794 2028 2848 in

457 2889 809 2960 ntuscipnlam.
838 2888 1057 2955 Qualem
1088 2886 1434 2955 museipulam
1471 2885 1601 2939 mihi
1636 2885 1987 2941 esbibuerunt
2011 2926 2026 2949 ,

458 2981 636 3035 dando
679 2979 804 3035 mihi
853 2980 1013 3033 talem
1059 2987 1273 3048 potum,
1307 2977 1427 3030 talis
1454 2977 1747 3045 muscipula
1792 2977 1894 3031 illis
1939 2977 2027 3031 sit.

459 3072 633 3140 Quare
655 3085 801 3140 ergo,
828 3086 997 3123 coram
1015 3068 1137 3139 ipsis
1154 3069 1180 3121 ?
1200 3066 1300 3123 Suf
1300 3066 1500 3130 liceret,
1524 3064 1643 3121 Fiat
1671 3083 1840 3120 mensa
1861 3082 2028 3119 eorum

460 3164 514 3216 in
537 3161 890 3229 muscipulam.
914 3159 1048 3214 Sunt
1074 3158 1204 3212 tales
1226 3158 1315 3227 qui
1345 3157 1671 3227 iniquitatem
1700 3148 1850 3211 suam
1876 3172 2031 3211 nove-

462 3258 607 3316 runt,
634 3258 686 3304 et
714 3249 768 3303 in
785 3263 845 3303 ea
872 3247 1290 3318 pertinacissime
1308 3254 1652 3317 perseverant
1673 3263 1687 3298 :
1705 3260 1881 3300 coram
1902 3245 2030 3314 ipsis

463 3345 523 3399 lit
545 3342 845 3412 muscipula»
862 3354 1066 3395 eorum.
1094 3338 1382 3395 Perniciosi
1427 3338 1585 3393 nimis
1614 3338 1713 3407 ipsi
1750 3345 1875 3391 sunt
1895 3379 1910 3405 ,
1939 3338 2030 3408 qui

462 3432 791 3489 descendunt
817 3431 867 3486 in
896 3429 1156 3485 infernum
1185 3429 1421 3484 viventes
1447 3426 1618 3498 (Psal.
1647 3443 1752 3494 uv,
1787 3428 1895 3499 16).
1930 3430 2030 3484 De-

463 3524 622 3593 nique
662 3523 728 3577 de
772 3519 1197 3592 persecutoribus
1229 3518 1352 3588 quid
1395 3517 1591 3572 dictum
1619 3516 1876 3571 est?Nisi
1916 3518 2033 3586 quia

464 3608 713 3671 Dominus
736 3624 841 3668 erat
860 3605 916 3666 in
952 3611 1091 3667 nobis
1110 3653 1125 3674 ,
1160 3615 1372 3681 fortasse
1395 3610 1528 3663 vivos
1556 3609 1919 3663 absorbuissent
1943 3625 2034 3662 nos

465 3705 638 3777 (Psal.
679 3705 845 3759 cxxiu
866 3746 880 3767 ,
908 3703 943 3757 2
965 3744 980 3765 ,
1013 3703 1088 3771 5).
1115 3700 1248 3769 Quid
1284 3708 1395 3764 est,
1434 3700 1608 3779 vinos?
1630 3698 2034 3755 Consentientes

466 3799 601 3859 illis,
633 3808 685 3852 et
713 3797 942 3853 scientes
967 3795 1089 3866 quia
1119 3795 1198 3850 eis
1233 3794 1536 3851 consentire
1559 3807 1665 3848 non
1689 3792 2032 3849 debebamus.

410 3920 430 3943 .
466 3889 608 3961 Ergo
647 3905 827 3945 coram
867 3889 995 3960 ipsis
1024 3888 1083 3943 ﬁt
1112 3887 1401 3957 muscipula
1420 3928 1435 3952 ,
1464 3897 1518 3941 et
1547 3901 1650 3942 non
1678 3876 2048 3956 corriguntur.'

467 3982 566 4037 Vel
594 3982 713 4052 quia
742 3996 921 4036 coram
960 3980 1088 4049 ipsis
1113 3987 1197 4049 est
1224 3979 1513 4047 muscipula
1540 4020 1554 4045 ,
1588 3994 1689 4033 non
1718 3978 1953 4034 incidant
1973 3979 2036 4033 ⁸2

468 4073 607 4128 Ecce
630 4081 824 4126 norunt
842 4071 1210 4142 muscipulam,
1236 4078 1291 4126 et
1320 4069 1507 4140 pedem
1525 4058 1756 4137 mi'ttunt,
1778 4079 1830 4125 et
1854 4079 2039 4125 tenen—

466 4164 533 4219 da
562 4163 697 4218 colla
726 4162 1026 4230 subjiciunt.
1053 4162 1261 4230 Quanto
1290 4162 1478 4217 melius
1521 4170 1637 4217 erat
1661 4164 1827 4217 averti
1857 4177 1886 4216 a
1917 4178 2036 4217 mu-

467 4255 667 4326 scipula
697 4271 712 4316 ;
741 4263 1013 4324 peccatum
1061 4267 1382 4324 cognoscere
1410 4296 1427 4321 ,
1456 4267 1693 4310 errorem
1743 4254 2035 4322 damnare,

467 4345 820 4401 amaritudine
839 4360 1041 4411 carere,
1056 4344 1108 4398 iu
1125 4343 1538 4415 corpusChristi
1561 4346 1805 4412 transire,
1831 4346 2037 4400 Domini

467 4438 687 4508 gloriam
730 4434 1137 4508 qumrere!Sed
1169 4444 1371 4491 tantum
1416 4437 1553 4491 valet
1581 4437 1740 4491 animi
1784 4453 2040 4507 przesum-

469 4531 582 4601 ptio
604 4572 620 4595 ,
648 4539 708 4584 ιιι
734 4542 788 4584 et
811 4544 989 4585 coram
1029 4528 1157 4599 ipsis
1184 4530 1475 4600 muscipula
1500 4514 1606 4593 sit,
1637 4540 1689 4586 et
1729 4517 1959 4586 in'cidant
1985 4532 2038 4586 in

426 4650 435 4657 -
468 4637 613 4677 eam.
645 4621 980 4675 (Ibat-urentur
1025 4621 1162 4675 oculi
1205 4637 1409 4686 eorum,
1442 4638 1504 4675 ne
1538 4623 1735 4677 videant
1761 4665 1774 4683 .
1802 4624 2043 4693 sequitur

473 4711 592 4773 hic;
627 4722 680 4764 ut
708 4712 956 4781 quoniam
987 4712 1103 4767 sine
1129 4726 1286 4766 causa
1313 4711 1577 4778 viderunt,
1611 4713 1700 4767 liat
1726 4714 1830 4768 illis
1852 4724 1906 4768 et
1936 4730 2038 4769 non

469 4802 673 4854 videre.
707 4794 823 4855 Fiat
851 4819 976 4873 ergo
1004 4820 1174 4857 utensa
1199 4819 1372 4857 eorum
1393 4820 1560 4856 coram
1582 4804 1703 4874 ipsis
1725 4804 1776 4858 in
1797 4806 2045 4874 muscipu-

469 4892 592 4944 lam.
621 4891 797 4944 Coram
822 4894 946 4964 ipsis
969 4895 1060 4963 ﬁat
1080 4895 1132 4948 in
1153 4894 1505 4964 muscipulam,
1528 4910 1632 4948 non
1662 4897 1894 4964 optantis
1916 4904 2002 4951 est
2022 4939 2038 4963 ,

470 4983 562 5038 sed
592 4983 953 5053 prophetautis
977 5003 994 5050 ;
1026 5002 1130 5041 non
1153 4996 1211 5041 ut
1236 4987 1345 5051 fiat,
1367 4984 1460 5041 sed
1487 4986 1609 5057 quia
1639 4981 1743 5041 liet'.
1770 4986 1881 5043 Hoc
1899 5001 2042 5057 saepe

469 5073 978 5140 commendavimus,
1007 5085 1061 5131 et
1084 5078 1387 5131 meminisse
1408 5076 1634 5143 debetis,
1655 5092 1719 5133 ne
1739 5077 1878 5148 quod
1909 5094 2045 5148 prae-

469 5184 594 5239 saga
623 5181 774 5221 meus
810 5182 862 5221 tn
890 5167 1089 5236 Spiritu
1120 5169 1215 5223 Dei
1246 5170 1395 5236 dicit,
1427 5170 1682 5226 malevole
1711 5170 1989 5241 imprecari
2020 5174 2041 5203 ’

470 5261 728 5316 videatur.
748 5258 877 5314 Fiat
899 5273 1053 5328 ergo;
1081 5275 1178 5314 nec
1204 5270 1378 5330 petest
1403 5261 1557 5317 aliter
1582 5262 1690 5316 fieri
1712 5303 1726 5327 ,
1756 5262 1854 5316 nisi
1881 5271 1937 5316 ut
1964 5271 2045 5316 ta-

473 5352 609 5407 lihus
630 5352 727 5406 ista
749 5349 1013 5406 eveniant.
1042 5349 1109 5403 Et
1134 5352 1381 5419 quoniam
1409 5352 1648 5406 videmus
1676 5365 1770 5421 per
1791 5351 2043 5422 Spiritum

472 5443 564 5498 Dei
591 5443 692 5521 diei
720 5442 843 5497 talia
874 5448 1125 5495 eventura
1155 5441 1343 5505 malis;
1375 5440 1439 5493 ad
1472 5442 1573 5496 hoc
1612 5442 1663 5495 iu
1691 5441 1795 5496 illis
1825 5441 1938 5497 htec
1961 5442 2045 5497 in-

475 5539 770 5608 lelligatutts
791 5578 806 5600 ,
839 5544 896 5591 ut
933 5549 1031 5590 nos
1069 5533 1190 5588 tam
1230 5532 1525 5588 devitemus
1554 5552 1567 5588 :
1600 5534 1701 5590 hoc
1723 5534 1865 5590 enim
1895 5535 2046 5590 nobis

539 5673 551 5703 ι
575 5673 645 5719 sic
670 5680 771 5721 nas.
793 5680 843 5720 At
862 5668 993 5727 add,
1012 5673 1057 5718 et
1079 5662 1311 5717 incidunt.

539 5735 559 5765 ⁸
585 5740 711 5792 Mss,
735 5733 780 5782 ἀι
792 5730 1005 5795 precari.

1688 292 1747 350 S.
1789 285 2147 346 Αυουδτικι
2186 285 2482 344 EPISCOPI

3586 285 3704 344 860

2124 404 2337 466 prodest
2363 404 2677 474 intelligere,“
2707 412 2760 460 et
2778 418 2840 459 ex
2864 402 3091 458 inimicis
3121 402 3396 473 proiicere.
3427 403 3542 460 Fiat
3562 420 3696 475 ergo

2120 495 2241 557 illis,
2272 505 2318 549 et
2344 499 2396 548 in
2426 496 2814 560 retributionem,
2842 505 2889 549 et
2916 496 2971 548 in
2998 495 3313 549 scandalum.
3343 495 3411 551 Et
3434 497 3695 564 numquid

2119 586 2369 657 injustum
2395 598 2475 642 est
2502 588 2605 643 hoc
2622 589 2645 642 ?
2663 588 2869 642 .lustum
2890 597 2990 642 est.
3016 587 3227 656 Quare?
3251 587 3510 653 Quoniam
3536 589 3599 640 in
3613 604 3696 641 rc-

2120 678 2432 732 tributionem
2454 693 2591 732 :non
2618 680 2757 733 enim
2784 678 2981 748 aliquid
3012 678 3116 732 illis
3138 677 3404 734 accideret
3422 679 3564 747 quod
3586 696 3693 732 non

2121 768 2430 825 debebatur.
2463 768 2528 822 In
2556 757 2924 824 retributionem
2954 770 3045 835 lit,
3072 778 3120 824 et
3138 771 3191 823 in
3211 770 3537 836 scandalum,
3568 770 3699 840 quia

2122 860 2221 931 ipsi
2250 859 2349 914 sibi
2375 870 2498 914 sunt
2519 859 2847 914 scandalum.
3587 838 3597 840 ἡ
3651 838 3659 851 ’

2193 956 2246 1011 8.
2292 955 2630 1010 Obscurentur
2658 955 2791 1008 oculi
2818 970 3008 1020 eorum,
3039 970 3102 1009 ne
3127 954 3327 1009 videant
3350 970 3369 1019 ;
3397 965 3441 1009 et
3487 956 3697 1010 dorsum

2122 1048 2326 1102 illorum
2345 1064 2540 1115 semper
2563 1046 2789 1100 incurva.
2811 1046 2923 1100 Hoc
2938 1061 3267 1116 consequens
3286 1056 3387 1101 est.
3411 1045 3543 1101 Nam
3563 1061 3705 1116 quo—

2123 1154 2240 1193 rum
2267 1138 2407 1192 oculi
2439 1137 2635 1192 fuerint
2659 1138 2924 1192 obscurati
2950 1177 2965 1201 ,
2993 1153 3060 1192 ne
3087 1137 3339 1202 videant,
3368 1139 3608 1208 sequitur
3638 1147 3697 1193 ut

2125 1229 2341 1284 dorsum
2371 1229 2578 1285 illorum
2608 1229 2930 1284 incurvctur.
2949 1227 3099 1284 Unde
3117 1228 3252 1284 hoc?
3277 1228 3409 1296 Quia
3435 1244 3557 1284 cum
3578 1244 3699 1285 ces-

2124 1320 2358 1375 saverint
2383 1334 2609 1390 superna
2637 1334 2958 1388 cognoscere
2978 1360 2994 1386 ,
3028 1334 3247 1375 necesse
3274 1330 3356 1375 est
3381 1329 3441 1374 ut
3463 1320 3533 1375 de
3561 1319 3698 1375 iule-

2124 1413 2355 1468 rioribus
2386 1414 2635 1483 cogitent.
2667 1412 2767 1480 Qui
2792 1413 2930 1468 bene
2956 1411 3131 1477 audit,
3161 1412 3384 1468 Sursum
3413 1427 3507 1468 eor
3526 1455 3541 1474 ,
3569 1429 3697 1468 enr-

2126 1520 2246 1558 vum
2272 1503 2489 1559 dorsum
2519 1520 2621 1558 non
2649 1503 2825 1558 habet.
2855 1504 3042 1558 Erecta
3066 1505 3261 1575 quippe
3281 1514 3479 1559 statura
3509 1520 3704 1575 exspe-

2125 1605 2399 1665 ctatspem
2413 1597 2696 1667 repositam
2725 1596 2823 1651 sibi
2847 1596 2899 1650 in
2925 1597 3081 1661 cmlo;
3097 1598 3325 1651 maxime
3345 1597 3389 1651 si
3416 1599 3706 1667 prazmittat

2129 1687 2433 1741 thesaurum
2456 1703 2610 1742 suum
2630 1728 2646 1749 ,
2674 1703 2779 1757 quo
2813 1697 3066 1758 sequatur
3092 1703 3185 1743 cor
3221 1688 3338 1758 ejus
3365 1688 3574 1760 (Matth.
3600 1707 3654 1745 vt
3681 1732 3699 1755 ,

2125 1777 2185 1830 2|
2200 1777 2237 1848 ).
2269 1778 2336 1832 At
2362 1792 2490 1832 vero
2509 1777 2598 1847 qui
2621 1778 2806 1832 futurm
2827 1778 2949 1833 vita:
2968 1793 3115 1848 spem
3138 1794 3246 1835 non
3268 1780 3567 1852 intelligunt
3585 1782 3706 1850 jam

2128 1870 2396 1933 excmcati,
2427 1869 2495 1924 de
2522 1868 2859 1923 inferioribus
2882 1870 3151 1940 cogitant:
3175 1880 3230 1925 et
3256 1871 3361 1925 hoc
3385 1882 3467 1926 est
3496 1872 3696 1929 habere

2128 1961 2342 2015 dorsum
2384 1976 2633 2025 curvum;
2666 1976 2695 2014 a
2746 1975 2851 2031 quo
2897 1960 3097 2015 morbo
3124 1961 3380 2017 Dominus
3421 1963 3705 2018 mulierem

2130 2055 2270 2107 illam
2305 2052 2568 2108 liberavit.
2599 2053 2924 2123 Alligaverat
2965 2054 3105 2108 enim
3141 2068 3258 2108 eam
3305 2064 3518 2121 satanas
3544 2056 3727 2113 annis-

2128 2143 2309 2199 decem
2337 2152 2391 2199 et
2416 2152 2573 2208 octo;
2604 2152 2656 2198 et
2680 2160 2797 2198 eam
2821 2152 3092 2199 curvatam
3111 2145 3127 2176 ί
3149 2144 3337 2209 erexit,
3366 2154 3421 2199 et
3442 2146 3567 2215 quia
3586 2147 3704 2202 Sab-

2128 2235 2250 2289 bato
2280 2233 2524 2301 faciebat,
2551 2235 2891 2290 scandalizati
2917 2243 3041 2290 sunt
3061 2234 3235 2291 Judmi
3266 2254 3280 2289 :
3313 2237 3451 2292 bene
3480 2240 3701 2293 scanda-

2131 2326 2270 2380 lizati
2296 2334 2421 2381 sunt
2448 2327 2513 2382 de
2534 2327 2621 2380 illa
2644 2336 2844 2394 erecta,
2871 2328 2972 2396 ipsi
2992 2328 3138 2383 curvi
3159 2326 3311 2399 (Luc.
3337 2344 3430 2384 χιιι
3448 2371 3465 2396 ,
3492 2330 3604 2401 i6).
3636 2330 3702 2384 Et

2130 2418 2334 2473 dorsum
2361 2419 2562 2473 illorum
2585 2435 2779 2488 semper
2804 2420 3029 2474 incurva.

2199 2510 2252 2564 9.
2281 2507 2443 2581 [vers.
2466 2507 2598 2582 95.]
2624 2508 2845 2575 [tl/funde
2868 2526 3019 2579 super
3045 2527 3130 2566 eos
3148 2512 3276 2565 iram
3298 2522 3435 2566 tuam
3458 2553 3473 2577 ,
3499 2524 3546 2567 et
3571 2515 3679 2569 indi
3690 2542 3707 2549 -

2129 2601 2300 2671 gnatio
2334 2602 2424 2655 irae
2454 2610 2556 2655 tute
2578 2601 2967 2671 comprehendat
2988 2619 3091 2656 eos.
3117 2602 3279 2658 Plana
3308 2613 3431 2658 sunt
3456 2623 3470 2657 :
3498 2605 3593 2660 sed
3621 2616 3702 2661 ta-

2130 2707 2251 2747 men
2272 2732 2288 2755 ,
2313 2692 2699 2763 comprehendat
2727 2708 2812 2746 eos
2834 2735 2849 2759 ,
2874 2693 3026 2763 quasi
3054 2694 3311 2765 fugientes
3342 2698 3699 2767 agnoscimus.

2129 2784 2246 2849 Quo
2296 2790 2470 2837 autem
2519 2781 2732 2852 fugituri
2773 2783 2938 2838 sunt?
2976 2782 3030 2838 In
3057 2784 3385 2840 cmian‘u
3419 2786 3492 2842 ibi
3532 2803 3611 2842 es.
3643 2787 3699 2845 in

2133 2875 2440 2930 infernum?
2481 2874 2627 2929 Ades
2656 2873 2844 2949 (Psal.
2893 2891 3123 2932 cxxxvut
3146 2919 3161 2941 .
3192 2878 3286 2949 8).
3318 2877 3525 2935 Pennas
3573 2888 3707 2936 suas

2133 2969 2322 3023 nolunt
2346 2968 2582 3037 recipere
2603 3008 2619 3032 ,
2652 2976 2711 3020 ut
2736 2968 2916 3023 volent
2946 2969 2996 3022 in
3030 2968 3290 3025 directtun
3321 2988 3335 3023 :
3365 2954 3731 3042 Comprensus

2132 3060 2219 3114 dat
2266 3076 2349 3113 eos
2384 3059 2664 3131 indignatio
2712 3058 2802 3113 ira:
2840 3069 2979 3121 tute;
3005 3075 3112 3114 non
3148 3075 3242 3116 eos
3274 3062 3544 3131 permittat
3568 3062 3704 3117 ell'u—

2130 3165 2276 3221 gere.

2202 3241 2290 3297 10.
2310 3240 2457 3314 [vcrs.
2479 3240 2592 3313 26.]
2621 3239 2739 3294 Fiat
2767 3240 3007 3295 habitatio
3029 3258 3200 3297 eorum
3225 3242 3437 3297 deserta.
3467 3243 3579 3299 lloc
3597 3246 3707 3313 jam

2134 3333 2186 3387 iu
2211 3333 2506 3387 manifesto.
2529 3331 2803 3398 Quomodo
2839 3333 2980 3388 enim
3013 3333 3378 3389 liberationem
3413 3350 3561 3391 suam
3603 3354 3709 3391 non

2135 3426 2303 3501 solum
2331 3426 2593 3479 occultam
2620 3425 3218 3482 commendavit‘dicens
3242 3470 3257 3492 ,
3285 3427 3501 3484 Intende
3524 3432 3723 3486 anime.

2135 3532 2275 3578 mete,
2309 3526 2354 3570 et
2382 3516 2567 3569 redime
2592 3506 2729 3580 eam;
2758 3532 2937 3571 verum
2966 3517 3125 3572 etiam
3147 3519 3478 3576 manifestam
3507 3537 3711 3577 secun-

2134 3608 2258 3663 dum
2284 3623 2494 3674 corpus,
2522 3608 2794 3675 adjicicns,
2820 3608 3037 3679 Propter
3056 3612 3281 3667 inimicos
3308 3631 3441 3669 meos
3454 3632 3568 3668 erue
3590 3633 3671 3669 me
3694 3635 3714 3672 :

2136 3700 2206 3755 ita
2235 3710 2289 3754 et
2327 3698 2409 3753 his
2436 3698 2639 3754 futuras
2663 3700 2917 3770 quasdam
2964 3701 3296 3758 calamitates
3344 3694 3583 3774 prmdicit
3621 3696 3714 3762 ecl

2136 3790 2333 3855 cultas,
2361 3791 2427 3846 de
2465 3791 2656 3861 quibus
2701 3791 2856 3859 paulo
2895 3800 3017 3846 ante
3042 3793 3373 3861 loquebatur.
3405 3795 3532 3850 Nam
3575 3814 3713 3867 quo-

2140 3883 2443 3952 tusquisque
2476 3882 2709 3951 est,qui
2761 3882 3018 3953 intelligat
3066 3883 3426 3941 infelicitatem
3482 3888 3721 3945 hominis

2137 3975 2288 4043 cujus
2312 3990 2405 4028 cor
2428 3974 2537 4041 jam
2563 3988 2764 4029 caecum
2790 3974 2914 4029 est?
2935 3974 3213 4030 Tollantur
3237 3977 3310 4031 illi
3336 3979 3474 4033 oculi
3513 3996 3710 4050 corpo-

2137 4062 2258 4128 ris;
2331 4079 2517 4120 omues
2543 4065 2781 4120 homines
2804 4066 3055 4121 miserum
3079 4068 3292 4123 dicunt:
3316 4071 3503 4140 perdat
3527 4074 3722 4129 oculos

2136 4154 2457 4222 mentis,sed
2483 4163 2655 4209 tamen
2681 4155 3164 4213 circumlinatomui
3180 4160 3495 4222 abundantia
3513 4180 3714 4229 rerum;

2141 4247 2348 4303 felicem
2375 4247 2661 4317 appellant,
2679 4247 2773 4302 sed
2789 4250 2878 4317 qui
2908 4250 3152 4306 similiter
3176 4253 3368 4307 mentis
3390 4255 3573 4310 oculos
3592 4271 3717 4326 pcr-

2079 4401 2085 4407 ,
2139 4339 2405 4395 dideruut.
2434 4340 2573 4409 Ergo
2588 4339 2697 4409 jam
2724 4339 2848 4409 quid
2879 4351 3082 4411 aperte,
3110 4351 3169 4398 ut
3194 4357 3443 4413 appareat
3467 4351 3719 4405 omnibus

2141 4431 2266 4503 quia
2302 4430 2618 4485 vindicatum
2645 4440 2726 4485 est
2764 4432 2814 4485 in
2856 4433 2964 4486 eis?
2988 4433 3119 4488 Nam
3147 4436 3358 4490 czecitas
3386 4437 3714 4502 Judmorum,
3794 4424 3798 4431 ’

2141 4521 2347 4577 occulta
2388 4520 2613 4576 vindicta
2642 4530 2760 4576 est:
2790 4523 3068 4579 manifesta
3094 4541 3223 4580 vero
3246 4528 3401 4597 qtae?
3426 4527 3550 4581 Fiat
3571 4531 3718 4584 habi-

2143 4615 2264 4670 tatio
2292 4631 2463 4669 eorum
2486 4614 2699 4682 deserta,
2724 4625 2771 4669 et
2794 4616 2846 4670 in
2871 4616 3202 4673 tabernaculis
3221 4635 3393 4673 eorum
3418 4638 3518 4675 non
3546 4623 3720 4694 sitqui

2142 4705 2400 4759 inhabitet.
2429 4703 2646 4759 Factum
2672 4713 2755 4759 est
2781 4704 2883 4760 hoc
2911 4706 2960 4760 in
2992 4707 3105 4777 ipsa
3138 4708 3349 4765 civitate
3381 4709 3675 4767 Jentsalctn
3701 4756 3716 4777 ,

2143 4794 2196 4849 in
2215 4808 2317 4864 qua
2344 4793 2442 4848 sibi
2468 4794 2567 4848 visi
2591 4802 2714 4848 sunt
2738 4804 2981 4865 potentes
2997 4838 3012 4861 ,
3040 4797 3318 4853 clamando
3342 4800 3605 4857 adversus
3630 4804 3709 4858 Fi-

2144 4884 2271 4940 lium
2298 4884 2409 4950 Dei,
2442 4883 2727 4956 Cruciﬁge,
2760 4887 2996 4958 cruci/iga
3024 4887 3219 4956 (Joan.
3251 4906 3359 4955 nx,
3380 4892 3468 4961 6);
3497 4903 3551 4948 et
3580 4910 3711 4964 pra:-

2144 4975 2399 5041 valendo,
2428 4975 2552 5046 quia
2589 4985 2874 5046 potuerunt
2914 4979 3162 5035 occidere
3198 4996 3318 5035 cum
3361 4983 3448 5052 qui
3482 4996 3727 5039 mortuos

2146 5069 2454 5124 suscitabat.
2505 5069 2674 5136 Quam
2722 5070 2823 5125 sibi
2871 5078 3156 5141 potentes,
3186 5087 3344 5143 quam
3388 5076 3564 5145 magni
3622 5075 3723 5130 visi

2146 5170 2271 5216 sunt
2288 5163 2306 5221 ι,
2326 5158 2623 5217 Consecuta
2665 5171 2747 5216 est
2793 5169 2974 5232 postea
3002 5165 3231 5220 vindicta
3281 5166 3527 5231 Domini;
3552 5185 3721 5239 expu-

2146 5259 2304 5321 gnata
2331 5259 2415 5306 est
2440 5251 2654 5315 civitas,
2679 5251 2928 5307 debellati
2953 5252 3155 5322 Jndzei,
3181 5256 3357 5315 occisa
3385 5259 3569 5315 nescio
3597 5267 3723 5330 quot

2148 5342 2422 5397 hominum
2452 5342 2638 5396 millia.
2670 5341 2854 5397 Nullus
2883 5343 3006 5400 illnc
3031 5345 3190 5401 modo
3218 5349 3539 5417 permittitur
3571 5365 3724 5405 acce-

2148 5432 2275 5487 dere
2324 5431 2765 5498 Judteorumwhi
2799 5443 3096 5503 potuerunt
3133 5436 3390 5495 adversus
3435 5440 3723 5495 Dominum

2149 5523 2410 5589 clamare,
2454 5523 2525 5577 ibi
2563 5538 2593 5576 a
2642 5524 2867 5582 Domino
2904 5541 3008 5581 non
3049 5530 3427 5599 permittuntur
3462 5531 3725 5589 habitare.

2152 5612 2503 5671 Perdiderunt
2519 5614 2691 5668 locum
2717 5614 2910 5672 furoris
2928 5618 3010 5673 sui
3033 5630 3220 5693 :atque
3245 5623 3445 5680 utinam
3474 5625 3556 5681 vel
3587 5640 3731 5683 nunc

2192 5727 2234 5775 ,ί
2270 5734 2613 5791 omnesprope
2635 5734 2762 5793 κει,
2783 5738 3016 5783 malum.
