4020 6198
333 288 427 345 861
1381 279 1775 336 ENARRATIO
1803 279 1868 335 ΙΝ

2004 281 2222 339 01001
2265 283 2492 338 LX‘Vlll.

331 409 620 475 agnoscant
648 400 821 454 locum
858 397 1052 468 quietis
1080 396 1221 452 suat!
1251 393 1385 461 Quid
1421 395 1616 464 profuit
1646 393 1749 446 illis
1774 392 1898 448 Cai-

331 495 462 567 phas
505 494 728 551 dicendo
751 494 764 524 ⁸
798 510 811 546 :
839 489 948 545 Nos
970 490 1012 543 si
1037 491 1184 545 istum
1222 487 1551 540 dimiserimus
1581 486 1651 538 sic
1670 527 1683 549 ,
1711 485 1900 537 venient

334 588 569 653 Romani,
585 593 629 639 et
641 585 811 639 tollent
823 581 962 636 nobis
971 590 1019 635 et
1038 581 1200 633 locum
1220 589 1264 630 et
1282 594 1484 646 regnum
1504 575 1554 646 (.I
1564 593 1678 628 oan.
1697 591 1769 634 χι,
1785 575 1901 642 48)“ἶ

335 680 469 734 Ecce
507 685 562 732 et
599 692 702 731 non
737 690 856 730 eum
887 671 1198 726 dimiserunt
1224 668 1427 728 vivum,
1454 677 1507 721 et
1536 667 1622 721 ille
1650 667 1777 719 vivit
1803 683 1817 724 :
1850 675 1903 719 et

332 779 589 823 venerunt
615 765 856 830 lloutaui,
880 773 932 818 et
950 763 1180 817 tulerunt
1203 760 1280 815 eis
1304 770 1355 815 01
1375 759 1546 812 locum
1573 767 1626 812 et
1653 771 1897 826 regnum.

332 861 486 916 Modo
525 858 869 912 audiebamus
888 898 902 917 ,
945 868 1063 909 cum
1095 850 1437 922 Evangelium
1463 833 1736 918 legeretur
1766 865 1778 900 :
1806 845 1898 898 Je-

331 953 578 1016 rusalem,
632 947 946 1010 Jerusalem,
993 944 1180 1014 quoties
1233 941 1365 994 volui
1415 954 1718 1008 congregare
1769 937 1901 1003 ﬁlios

332 1057 441 1099 tuos
461 1086 476 1108 ,
503 1053 738 1112 tanquam
768 1039 958 1110 gallina
985 1034 1149 1106 pullos
1178 1049 1291 1087 suos
1318 1033 1405 1085 sub
1431 1031 1538 1084 alas
1573 1046 1725 1094 suas;
1747 1037 1790 1080 et
1820 1044 1902 1080 no-

331 1139 526 1195 luisti!‘
563 1133 694 1189 Ecce
741 1133 1044 1199 relinquetur
1093 1127 1226 1181 vobis
1277 1127 1450 1178 domus
1495 1136 1654 1177 vestra
1709 1120 1902 1173 deserta

335 1231 545 1304 (:"ttlilt.
569 1242 721 1287 xxut,
749 1225 815 1280 '57
828 1233 871 1277 et
887 1219 996 1291 58).
1024 1219 1133 1272 1100
1158 1226 1212 1272 01
1238 1216 1321 1270 1110
1346 1215 1559 1270 dicitur:
1577 1211 1695 1265 Fiat
1717 1210 1903 1304 habita-

333 1299 401 1380 tio
457 1336 624 1375 eorum
672 1317 896 1375 deserta,
938 1320 984 1364 et
1025 1311 1078 1363 in
1124 1306 1454 1362 tabernaculis
1499 1319 1668 1358 eorum
1701 1317 1799 1354 non
1838 1299 1901 1352 sit

332 1417 418 1487 qui
442 1412 698 1470 inhabitet.
725 1407 842 1462 Non
865 1407 928 1459 sit
947 1404 1031 1474 qui
1050 1401 1312 1461 inhabitet,
1341 1398 1434 1452 sed
1458 1413 1521 1452 ex
1548 1409 1768 1450 numero
1794 1393 1904 1447 illo-

332 1524 470 1564 rum.
491 1506 618 1562 Nam
641 1504 753 1557 loca
776 1501 862 1554 illa
886 1497 1062 1553 omnia
1088 1505 1141 1551 et
1168 1493 1468 1548 hominibus
1495 1491 1651 1562 plena
1677 1496 1818 1555 sunt,
1847 1495 1902 1542 et

335 1601 530 1658 ludatis
559 1596 750 1651 inania.

403 1694 489 1748 ‘ll.
521 1690 666 1763 [vers.
693 1680 806 1757 27.]
836 1683 1008 1751 Quare
1036 1679 1179 1762 hoc?
1221 1675 1470 1742 Quoniam
1503 1690 1646 1744 quem
1687 1683 1741 1726 tu
1781 1689 1898 1741 per-

332 1784 549 1845 cussisti,
578 1780 674 1850 ipsi
703 1774 946 1847 persecuti
971 1780 1107 1833 sunt,
1139 1779 1183 1822 et
1210 1785 1362 1837 super
1389 1766 1625 1833 dolorem
1640 1765 1897 1819 vulnerum

331 1890 553 1927 meorum
577 1861 904 1922 addiderunt?
941 1862 1073 1930 Quid
1099 1875 1224 1929 ergo
1251 1865 1601 1928 peccaverunt
1621 1898 1636 1919 ,
1667 1856 1708 1910 si
1737 1871 1764 1908 a
1795 1855 1901 1909 Deo

333 1979 640 2038 percussum
674 1957 934 2028 persecuti
961 1953 1124 2009 sunt?
1151 1951 1284 2020 Quid
1315 1951 1491 2004 animo
1515 1964 1698 2004 eorum
1728 1948 1900 2017 im‘pu-

336 2037 511 2116 tatur?
549 2053 763 2110 Malitia.
807 2049 937 2103 Nam
977 2047 1027 2099 id
1071 2046 1122 2098 in
1151 2044 1358 2098 Christo
1401 2041 1595 2096 factum
1640 2048 1723 2094 est
1759 2037 1900 2108 quod

335 2151 631 2224 oportebat.
670 2143 780 2199 Pati
811 2142 990 2209 utique
1019 2146 1267 2200 venerat,
1299 2142 1352 2190 et
1394 2132 1590 2204 punivit
1625 2146 1717 2201 per
1743 2145 1900 2224 quem

334 2222 521 2319 passus
547 2249 646 2294 est.
680 2235 810 2292 Nam
835 2232 997 2287 Judas
1023 2229 1244 2284 traditor
1277 2227 1486 2296 punitus
1517 2231 1599 2280 est
1619 2265 1632 2286 ,
1661 2231 1715 2277 et
1743 2222 1900 2276 Chri-

333 2315 449 2394 stus
475 2329 755 2387 cruciﬁxus
782 2334 896 2387 est;
928 2321 1021 2377 sed
1049 2334 1146 2374 nos
1174 2317 1397 2372 redemit
1421 2315 1676 2384 sanguine
1704 2328 1822 2376 suo,
1848 2319 1903 2366 et

333 2426 540 2502 punivit
575 2422 724 2476 illum
763 2416 831 2472 de
871 2415 1042 2485 pretio
1079 2427 1196 2464 suo.
1229 2409 1454 2478 Proiecit
1488 2408 1628 2460 enim
1670 2403 1899 2474 pretium

331 2501 534 2592 argenti
560 2529 664 2585 quo
687 2511 754 2566 ab
777 2509 868 2564 illo
897 2505 1149 2560 Dominus
1179 2501 1422 2556 venditus
1448 2509 1581 2564 erat,
1611 2511 1708 2552 nec
1735 2511 1900 2564 agno-

333 2586 656 2681 v-itpretittm
685 2617 790 2673 quo
822 2601 933 2669 ipse
957 2612 987 2651 a
1022 2595 1243 2650 Domino
1267 2593 1574 2660 redemptus
1597 2593 1617 2622 ¹
1644 2600 1757 2644 erat
1784 2586 1897 2658 (1d.

328 2721 494 2768 xxvn,
518 2701 595 2768 5).
621 2696 840 2751 Factum
869 2700 951 2747 081
976 2689 1075 2743 1100
1102 2689 1152 2742 10
1179 2685 1334 2740 .luda.
1356 2684 1458 2739 Sed
1485 2698 1603 2737 cum
1626 2681 1901 2735 videamus

332 2801 637 2852 mensuram
665 2784 946 2859 quamdam
985 2796 1102 2836 esse
1141 2776 1498 2832 retributionis
1535 2775 1587 2826 in
1631 2772 1894 2834 omnibus,

333 2905 429 2944 nec
464 2871 779 2956 quemquam
811 2891 968 2948 posse
995 2871 1227 2945 permitti
1259 2869 1485 2936 amplius
1521 2865 1709 2920 saevire
1740 2873 1898 2933 quam

330 2977 594 3046 acceperit
622 2979 973 3042 potestatem;
1019 2962 1284 3034 quomodo
1328 2959 1400 3014 illi
1443 2957 1778 3018 addiderunt,
1809 2962 1900 3008 aut

331 3085 448 3139 qua:
473 3075 552 3122 est
581 3065 678 3118 ista
706 3057 976 3131 percussio
1013 3051 1257 3109 Domini?
1297 3049 1552 3105 Nimirum
1580 3063 1646 3102 ex
1676 3060 1899 3116 persona

331 3137 538 3216 locutus
561 3166 642 3211 est
666 3154 780 3222 ejus
808 3147 949 3204 unde
978 3161 1171 3216 corpus
1198 3151 1494 3212 acceperat,
1518 3137 1659 3193 unde
1685 3152 1896 3192 carnem

308 3254 718 3318 'assumpscrat,
753 3242 804 3296 id
847 3249 928 3296 est
954 3237 1164 3310 generis
1193 3232 1436 3295 humani,
1463 3229 1628 3300 ipsius
1655 3226 1782 3282 Adat
1807 3225 1898 3296 qui

331 3354 612 3415 percussus
650 3343 732 3392 est
775 3333 944 3403 primo
985 3339 1154 3382 morte
1199 3333 1417 3395 propter
1442 3329 1716 3392 peccatum
1742 3333 1894 3372 suum

324 3435 483 3507 '(Gen.
512 3449 586 3495 ιιι,
615 3427 724 3500 19).
757 3425 1004 3481 Mortales
1029 3436 1156 3491 ergo
1195 3417 1282 3473 hic
1322 3416 1564 3471 homines
1592 3428 1710 3507 cum
1744 3427 1895 3507 petua

330 3503 619 3584 nascuntur
650 3540 663 3574 :
693 3521 816 3574 huic
844 3531 1013 3587 pinnat
1047 3511 1279 3569 addunt.
1308 3507 1624 3578 quicumque
1653 3503 1898 3557 homines

330 3619 524 3675 fuerint
571 3610 853 3684 persecuti.
902 3606 1017 3662 .lam
1072 3603 1213 3658 enim
1262 3599 1423 3653 homo
1478 3595 1563 3650 hic
1610 3595 1898 3648 moriturus

329 3727 434 3770 non
462 3713 623 3770 esset,
646 3702 746 3758 nisi
776 3701 922 3755 illttm
948 3698 1086 3751 Deus
1115 3691 1462 3763 percussisset
1492 3704 1505 3740 :
1538 3685 1662 3756 quid
1689 3699 1814 3752 ergo
1841 3692 1896 3735 tu

331 3805 493 3858 homo
519 3795 675 3852 suavis
701 3789 970 3861 amplius?
1010 3799 1263 3855 parumne
1293 3779 1489 3835 homini
1517 3787 1617 3842 est,
1640 3775 1779 3845 quod
1803 3775 1898 3828 ali-

256 3861 259 3868 1
331 3890 544 3964 quando
567 3883 858 3942 moriturus
885 3878 1004 3934 est?
1045 3877 1223 3930 Portat
1246 3885 1372 3941 ergo
1408 3867 1768 3964 unusquisque
1795 3881 1898 3964 no:

329 3957 502 4042 s'trum
547 3992 756 4051 pinnam
786 3988 936 4029 suam
967 3989 981 4025 :
1012 3968 1134 4023 huic
1160 3979 1330 4047 pcenaa
1360 3962 1542 4016 volunt
1586 3958 1779 4051 addere
1805 3957 1897 4051 qui

329 4093 428 4134 nos
455 4049 864 4145 persequuntur.
909 4063 1034 4118 Haec
1063 4073 1216 4130 pmna
1257 4052 1528 4126 percussio
1561 4059 1643 4104 est
1667 4049 1895 4145 Domini.

330 4141 585 4228 Dominus
612 4162 806 4234 quippe
850 4153 1108 4212 sententia
1147 4149 1404 4221 percussit
1439 4145 1704 4201 hominem
1735 4159 1747 4194 :
1783 4141 1898 4209 Qua

331 4263 412 4316 die
435 4253 713 4329 tetigeritis,
742 4249 931 4319 inquit,
963 4253 1122 4299 morte
1144 4239 1424 4296 moriemini
1453 4236 1559 4329 (Id.
1586 4251 1652 4301 ιι,
1686 4234 1791 4304 17).
1817 4234 1898 4290 Ex

330 4352 430 4407 hac
457 4327 628 4403 morte
666 4355 880 4398 carnem
923 4342 1254 4402 susceperat,
1285 4339 1512 4386 etvetus
1539 4327 1697 4381 homo
1719 4333 1899 4380 noster

329 4441 486 4498 simul
516 4434 798 4492 cruciﬁxus
827 4438 911 4486 est
937 4443 1056 4484 cum
1088 4427 1178 4482 1110
1207 4424 1379 4510 (liam.
1413 4437 1501 4486 vt,
1534 4419 1620 4488 6).
1654 4417 1730 4472 Ex
1759 4417 1899 4510 illius

329 4549 464 4587 voce
507 4530 605 4584 ista
649 4525 822 4580 dixit:
856 4521 1014 4588 Quem
1057 4527 1109 4571 tu
1158 4506 1484 4586 percussisti,
1529 4511 1628 4580 ipsi
1657 4506 1899 4578 persecuti

330 4633 446 4678 sunt
466 4663 480 4684 ,
517 4630 563 4676 et
592 4632 740 4688 super
767 4613 989 4668 dolorem
1026 4610 1287 4663 vulnerum
1316 4619 1536 4658 meorum
1572 4601 1896 4654 addiderunt.

334 4717 507 4785 Super
525 4723 681 4781 quem
703 4705 940 4765 dolorem
967 4696 1288 4756 vulnerum?
1314 4695 1483 4764 Super
1510 4692 1745 4746 dolorem
1774 4705 1900 4760 pec-

333 4817 572 4863 catorum
603 4798 704 4868 ipsi
732 4793 1050 4849 addiderunt
1079 4807 1092 4842 :
1121 4788 1339 4842 vulnera
1380 4785 1519 4838 enim
1548 4797 1640 4836 sua
1687 4789 1897 4848 peccata

333 4898 487 4953 dixit.
515 4892 619 4949 Sed
649 4905 715 4944 ne
741 4887 805 4944 ad
831 4893 989 4954 caput
1011 4881 1300 4950 respicias;
1344 4877 1409 4931 ad
1439 4889 1631 4944 corpus
1660 4873 1896 4934 adverte,

339 4987 630 5047 secundum
676 4980 828 5048 cujus
855 4991 1036 5030 vocem
1084 4973 1279 5027 dictum
1326 4978 1407 5023 est
1444 4967 1511 5020 ab
1555 4967 1668 5034 ipso
1714 4965 1764 5017 iu
1810 4963 1900 5017 illo

334 5080 563 5156 psalmo,
593 5074 644 5130 in
672 5087 777 5143 quo
803 5083 984 5123 vocem
1029 5079 1176 5119 suam
1205 5060 1462 5124 ostendit,
1495 5058 1612 5127 quia
1649 5056 1761 5125 ejus
1790 5055 1900 5124 pri-

335 5148 479 5230 iuutu
509 5180 716 5222 versum
747 5161 814 5216 de
855 5173 1012 5214 cruce
1040 5154 1285 5210 clamavit
1311 5169 1324 5203 :
1358 5150 1519 5212 Deus,
1567 5148 1703 5201 Deus
1743 5164 1898 5209 meus,

333 5265 529 5335 respice
551 5261 602 5313 in
632 5275 712 5312 me
735 5273 752 5321 ;
779 5269 932 5324 quare
955 5266 1033 5304 me
1061 5244 1408 5326 dereliquisti?
1450 5242 1520 5295 lbi
1551 5249 1761 5294 secutus
1784 5239 1853 5290 ait
1885 5256 1896 5290 :

333 5329 508 5427 Longe
547 5370 576 5405 α
614 5352 775 5404 salute
802 5361 912 5399 mea
950 5342 1095 5396 verba
1125 5337 1416 5392 delictorum
1459 5349 1680 5386 meorum
1715 5333 1730 5395 (
1760 5329 1898 5382 Psal.

337 5419 556 5517 xxiii).
585 5442 698 5512 Ipsa
727 5446 850 5491 sunt
873 5435 1091 5488 vulnera
1121 5429 1312 5482 inflicta
1343 5441 1369 5478 a
1400 5423 1690 5478 latronibus
1717 5421 1767 5474 iu
1796 5419 1900 5482 via,

336 5545 384 5598 ei
418 5512 573 5608 quem
604 5532 796 5590 levavit
824 5531 874 5584 in
914 5528 1209 5597 jumentutu
1238 5535 1389 5576 suum
1423 5538 1434 5573 :
1466 5531 1619 5589 quem
1652 5512 1904 5569 sacerdos

399 5697 416 5726 ⁸
453 5700 576 5746 uss,
604 5689 674 5739 illi
690 5681 882 5746 reip/ta?
904 5677 1080 5746 dicere.

400 5757 422 5787 ³
453 5743 702 5802 11001188..
726 5743 1046 5796 τέάὶηκνιυάιιδ.

3469 295 3571 350 862

2007 406 2058 450 ct
2085 396 2294 450 Levites
2333 406 2664 454 transeuntes
2692 400 2999 457 invenerant
3037 412 3086 457 et
3117 415 3570 476 contempserant,

2005 502 2034 539 a
2064 489 2253 556 quilms
2278 489 2450 541 curari
2481 504 2583 542 non
2611 491 2811 558 potuit;
2846 493 3108 548 transiens
3134 505 3308 550 autem
3334 497 3570 552 Samari-

2007 581 2446 634 tamts-misertus
2486 593 2568 636 081
2593 581 2740 649 ejus;
2787 587 3031 642 accessit.
3077 594 3134 640 et
3177 588 3226 639 in
3271 588 3568 655 jumeuttltn

2005 673 2274 741 proprium
2307 673 2496 728 levavit
2529 673 2686 746 (Luc.
2713 691 2748 729 Χ
2769 718 2784 739 ,
2813 677 3036 747 ’.ὅθ-54).
3079 677 3368 735 Samarites
3410 685 3571 738 latine

2004 763 2194 815 Custos
2220 750 2594 831 interpretatur
2626 782 2638 817 :
2671 768 2788 835 quis
2817 777 2990 820 autem
3022 780 3199 823 custos
3219 810 3234 832 ,
3265 771 3362 824 nisi
3391 771 3573 826 Salva-

2008 862 2090 907 tor
2133 855 2386 908 Dominus
2425 868 2604 911 noster
2647 858 2801 912 Jesus
2844 859 3129 914 Christus?
3174 862 3271 929 Qui
3316 865 3564 933 quoniam

2005 946 2233 998 surrexit
2257 961 2285 997 a
2314 947 2536 1000 mortuis
2569 948 2676 1014 jam
2716 965 2818 1002 non
2850 951 3136 1006 moriturus
3167 951 3340 1022 (Rom.
3371 971 3451 1019 γι,
3476 955 3568 1024 9),

2005 1050 2107 1088 000
2131 1035 2326 1090 dormit
2348 1053 2518 1108 neque
2541 1038 2837 1094 obdorntiet
2857 1043 2942 1110 qui
2964 1027 3195 1097 custodit
3218 1044 3376 1099 Israel
3399 1044 3569 1119 (Psal.

2003 1142 2144 1191 cxx,
2181 1129 2268 1199 4).
2301 1128 2368 1182 Et
2403 1147 2550 1201 super
2592 1130 2812 1186 dolorem
2857 1135 3116 1188 vulnerum
3159 1152 3380 1190 meorum
3422 1140 3573 1191 addi-

2004 1217 2201 1272 derunt.

2077 1310 2162 1364 12.
2197 1309 2342 1384 [vers.
2370 1311 2483 1385 9.8.]
2515 1314 2724 1384 Appone
2755 1315 3062 1385 iniquitatem
3091 1334 3241 1387 super
3265 1319 3573 1389 iniquitatem

2003 1401 2248 1470 ipsarum.
2295 1402 2429 1470 Quid
2459 1405 2712 1459 esthoc?
2755 1406 2882 1472 Quis
2925 1421 3024 1460 non
3070 1411 3423 1478 expavescat?
3464 1411 3574 1464 Deo

2003 1494 2195 1548 dicitur
2218 1513 2231 1550 :
2254 1496 2464 1567 Appone
2487 1498 2793 1566 iniquitatem
2820 1517 2972 1570 super
2991 1487 3302 1570 iniquitatem
3328 1503 3572 1567 ipsorum.

2004 1585 2157 1641 Unde
2185 1599 2414 1656 apponet
2441 1589 2579 1643 Deus
2609 1591 2936 1660 iniquitatem
2955 1593 2978 1629 ν
3019 1593 3188 1648 [labet
3212 1595 3354 1648 enim
3385 1588 3590 1664 iniqui?

2005 1685 2164 1733 tatem
2193 1695 2348 1747 quam
2377 1682 2650 1750 apponat?
2679 1680 2887 1736 Scimus
2916 1685 3054 1737 enim
3080 1699 3261 1738 verum
3291 1701 3408 1740 esse
3435 1687 3575 1756 quod

2005 1767 2201 1822 dictum
2233 1779 2314 1824 est
2355 1787 2449 1838 per
2483 1770 2703 1825 Paulum
2743 1773 3039 1842 apostolum
3070 1792 3083 1826 :
3120 1775 3256 1840 Quid
3294 1792 3409 1846 ergo
3439 1777 3575 1829 dice-

2005 1876 2115 1913 mus
2135 1861 2160 1913 ?
2196 1862 2436 1931 numquid
2459 1863 2697 1931 iniquitas
2723 1873 2794 1917 est
2833 1864 2970 1930 apud
2996 1863 3154 1917 Deum
3177 1866 3200 1918 ?
3235 1865 3373 1918 Absit
3400 1865 3572 1937 (Rom.

2005 1966 2083 2016 lx,
2115 1948 2224 2022 Μ).
2268 1952 2417 2007 Unde
2454 1969 2614 2023 ergo,
2649 1955 2856 2023 Appone
2878 1956 3185 2025 iniquitatem
3213 1974 3366 2026 super
3392 1959 3577 2027 iniqui-

2006 2044 2196 2096 tatem?
2225 2044 2488 2112 quomodo
2519 2045 2568 2097 id
2596 2045 2911 2100 intellecturi
2943 2048 3166 2101 sumus?
3207 2049 3358 2102 Adsit
3387 2050 3569 2102 Domi-

2006 2148 2104 2186 nus
2132 2142 2188 2186 ut
2215 2134 2474 2218 dicamus,
2501 2145 2554 2189 et
2581 2146 2797 2206 propter
2822 2135 3178 2206 fatigationem
3207 2149 3432 2192 vestram
3456 2140 3576 2194 bre—

2005 2226 2140 2279 viter
2169 2226 2350 2281 dicere
2380 2227 2668 2281 valeamus.
2716 2227 2968 2296 lniquitas
3016 2228 3246 2296 ipsorum
3284 2238 3415 2295 erat,
3453 2232 3574 2299 quia

2007 2315 2276 2370 hominem
2323 2317 2522 2386 justum
2552 2319 2864 2373 occiderunt
2896 2336 2909 2372 :
2942 2318 3115 2373 addita
3147 2329 3229 2374 est
3273 2321 3371 2373 alia
3393 2363 3407 2387 ,
3455 2325 3574 2392 quia

2007 2409 2196 2464 Filium
2240 2409 2331 2464 Dei
2375 2408 2770 2476 cruciﬁxerunl.
2804 2409 3003 2464 Stevire
3047 2411 3282 2480 ipsorum
3327 2421 3574 2481 tauqttam

2007 2501 2056 2554 in
2105 2499 2372 2553 hominem
2424 2501 2517 2553 luit
2566 2518 2579 2552 :
2625 2499 2720 2554 sed
2769 2500 2810 2552 si
2863 2502 3254 2569 cognovissent,
3305 2519 3572 2572 nunquam

2006 2592 2285 2646 Dominum
2317 2593 2497 2662 glorim
2523 2592 2909 2646 crncilixisseut
2935 2592 2984 2661 (1
3009 2591 3124 2647 Cor.
3153 2608 3209 2656 ιι,
3239 2592 3330 2663 8).
3363 2593 3434 2647 1111
3475 2596 3574 2648 101-

2003 2685 2204 2754 quitate
2250 2699 2342 2737 sua
2387 2692 2634 2752 tanquam
2668 2683 2937 2736 hominem
2971 2683 3215 2739 occidere
3250 2685 3524 2738 voluerunt
3559 2705 3572 2740 :

2002 2779 2241 2847 apposita
2269 2789 2348 2834 est
2381 2777 2632 2847 iniquitas
2676 2771 2835 2846 super
2865 2776 3190 2846 iniquitatem
3224 2777 3486 2846 ipsorum,
3521 2787 3575 2833 ut

2006 2865 2200 2923 Filium
2228 2868 2316 2921 Dei
2359 2867 2750 2937 cruciligerent.
2781 2867 2910 2933 Quis
2947 2865 3085 2920 hanc
3129 2865 3454 2934 iniquitatem
3483 2884 3576 2937 ap—

2004 2961 2220 3032 posuit?
2272 2960 2363 3015 llle
2413 2961 2498 3029 qui
2544 2960 2681 3014 dixit
2729 2977 2742 3012 :
2789 2958 2943 3012 Forte
2988 2958 3335 3011 reverebantur
3383 2958 3574 3012 Filium

2001 3071 2164 3107 meum
2187 3069 2206 3117 ;
2232 3053 2397 3122 ipsum
2428 3052 2620 3104 mittam
2646 3049 2854 3123 (Matth.
2883 3050 3126 3136 “537).
3154 3049 3406 3106 Solebant
3433 3053 3572 3105 enim
3662 3117 3668 3120 _

2001 3146 2246 3203 occidere
2287 3146 2480 3199 missos
2525 3143 2590 3198 ad
2622 3159 2681 3198 se
2720 3157 2905 3198 servos
2929 3184 2944 3210 ,
2977 3151 3254 3198 exactores
3299 3142 3574 3197 locationis

2001 3249 2160 3310 atque
2186 3237 2467 3293 mercedis.
2488 3235 2627 3290 Misit
2649 3236 2820 3305 ipsum
2848 3234 3061 3303 Filium,
3085 3245 3142 3290 ut
3165 3245 3217 3288 et
3243 3234 3411 3305 ipsum
3435 3236 3575 3289 occi-

2002 3331 2210 3387 derent.
2239 3328 2501 3398 Apposuit
2525 3327 2853 3397 iniquitatem
2886 3342 3047 3396 super
3074 3326 3404 3395 iniquitatem
3434 3326 3575 3394 ipso-

2000 3439 2138 3478 rum.
2171 3422 2236 3476 Et
2277 3421 2393 3475 lucc
2438 3420 2577 3473 Deus
2622 3417 2887 3473 saeviendo
2930 3417 3070 3481 fecit,
3103 3432 3168 3469 an
3214 3417 3390 3485 potius
3431 3417 3573 3484 juste

1999 3511 2380 3570 retribuendo?
2411 3509 2530 3564 Fiat
2557 3509 2699 3564 enim
2725 3509 2852 3573 illis,
2883 3507 3073 3577 inquit,
3102 3508 3155 3560 in
3178 3507 3570 3568 retributionem,

2002 3615 2048 3660 et
2073 3607 2125 3658 in
2150 3603 2468 3658 scandalum.
2498 3599 2668 3654 Meriti
2696 3606 2849 3653 erant
2873 3598 2950 3651 sic
2977 3598 3228 3652 excmcari
3251 3638 3266 3662 ,
3297 3607 3354 3650 ut
3379 3597 3568 3650 Filium

2005 3696 2094 3750 Dei
2139 3709 2246 3748 non
2285 3697 2652 3763 agnoscerent.
2703 3689 2766 3742 Et
2799 3687 2900 3743 hoc
2942 3687 3068 3740 fecit
3109 3687 3271 3752 Deus,
3299 3701 3572 3757 apponens

2001 3785 2330 3853 iniquitatem
2375 3796 2536 3850 super
2577 3779 2902 3848 iniquitatem
2932 3777 3201 3847 ipsorum;
3249 3792 3353 3831 non
3380 3779 3570 3831 vulne-

2002 3876 2192 3937 rando.
2237 3873 2330 3930 sed
2371 3888 2474 3928 non
2505 3861 2767 3925 sanando.
2808 3869 3084 3937 Quomodo
3128 3869 3267 3922 enim
3297 3883 3458 3939 auges
3491 3868 3569 3924 fe-

2001 3968 2150 4024 brem
2168 4008 2183 4032 ,
2213 3979 2377 4035 auges
2405 3963 2646 4018 morbum
2668 4002 2684 4026 ,
2710 3976 2813 4016 non
2843 3960 3086 4014 morbum
3113 3957 3412 4014 adhibendo
3430 3999 3444 4020 ,
3477 3959 3570 4013 sed
3599 4033 3608 4037 _

1953 4095 1957 4100 -
2002 4076 2107 4116 non
2145 4056 2506 4113 succurrendo
2533 4073 2546 4109 :
2578 4055 2656 4110 sic
2697 4055 2817 4124 quia
2863 4053 2997 4108 tales
3044 4052 3255 4107 fuerunt
3299 4061 3356 4107 ttt
3398 4053 3570 4107 curari

2002 4169 2107 4208 non
2140 4158 2502 4214 mererentur,
2547 4147 2599 4200 in
2645 4145 2757 4216 ipsa
2788 4144 2983 4199 malitia
3027 4141 3417 4212 quodammodo
3448 4157 3572 4210 pro-

2001 4245 2268 4308 fecerunt,
2316 4240 2452 4295 sicut
2489 4238 2686 4294 dictum
2717 4245 2800 4291 est
2821 4276 2836 4300 ,
2867 4234 2995 4289 Mali
3020 4244 3188 4288 autem
3218 4243 3263 4288 et
3303 4233 3574 4304 facinerosi

2003 4334 2272 4406 proﬁciunt
2317 4332 2371 4384 in
2412 4330 2555 4401 pejus
2594 4327 2667 4399 (ll
2691 4326 2825 4381 Tim.
2855 4341 2932 4390 ιιι,
2961 4326 3088 4394 15);
3130 4335 3184 4380 01
3218 4325 3452 4394 apposita
3493 4332 3575 4378 est

2003 4425 2252 4495 iniquitas
2277 4437 2436 4491 super
2480 4419 2808 4489 iniquitatem
2841 4417 3096 4488 ipsorum.
3137 4414 3208 4469 Et
3246 4431 3347 4468 non
3389 4415 3574 4468 intrent

2001 4520 2052 4572 in
2073 4515 2274 4587 justitia
2303 4523 2407 4566 tua.
2441 4511 2551 4565 1100
2579 4510 2789 4579 planum
2815 4515 2916 4564 est.

2075 4609 2161 4662 15.
2211 4603 2372 4677 [vers.
2399 4599 2513 4674 29.]
2545 4599 2824 4654 Deleantur
2870 4599 2932 4651 de
2972 4597 3099 4652 libro
3144 4595 3426 4649 viventium.
3458 4594 3572 4650 Ali—

2003 4697 2216 4772 quando
2257 4696 2398 4752 enitn
2444 4695 2550 4748 illic
2593 4693 2775 4762 scripti
2824 4689 3019 4744 erant?
3069 4689 3317 4754 Fratres,
3347 4703 3448 4741 non
3493 4687 3571 4741 sic

2003 4793 2244 4861 accipere
2267 4789 2545 4851 debemus,
2573 4785 2820 4855 quoniam
2849 4785 3164 4851 quemquam
3206 4781 3344 4835 Deus
3377 4780 3575 4834 scribat

2005 4886 2058 4940 in
2086 4884 2218 4938 libro
2246 4881 2366 4935 vita:
2392 4921 2405 4944 ,
2436 4886 2490 4932 et
2517 4877 2690 4931 deleat
2719 4875 2888 4928 illum.
2936 4871 2990 4928 Si
3041 4871 3200 4927 homo
3227 4871 3394 4936 dixit,
3428 4871 3575 4937 Quod

2003 4975 2211 5045 scripsi,
2237 4972 2446 5042 scripsi,
2476 4969 2542 5024 de
2572 4969 2723 5022 titulo
2752 4967 2840 5021 ubi
2879 4966 3129 5034 scriptum
3165 4972 3310 5026 erat,
3344 4965 3454 5019 Rea:
3474 4962 3574 5016 Ju-

2006 5067 2231 5121 da'orum
2255 5062 2430 5133 (Joan.
2461 5075 2579 5122 χιχ,
2606 5057 2712 5129 22)
2740 5074 2755 5122 ;
2797 5057 2935 5111 Deus
2969 5070 3284 5125 quemquam
3316 5054 3497 5110 scribit
3522 5062 3576 5107 et

2006 5154 2188 5211 delet?
2219 5152 2476 5206 Prtecisus
2504 5159 2584 5205 est
2608 5165 2624 5214 ;
2667 5147 3058 5218 praedestinavit
3083 5160 3268 5200 omnes
3294 5154 3416 5199 ante
3442 5160 3572 5197 cou-

2011 5249 2338 5304 stitutionem
2370 5243 2551 5308 mundi
2596 5249 2910 5312 regnaturus
2942 5255 3059 5294 cutn
3090 5241 3222 5295 Filio
3252 5255 3348 5294 suo
3377 5238 3426 5291 in
3466 5237 3573 5290 vita

2010 5352 2206 5396 :cterna
2243 5337 2417 5409 (Rom.
2444 5351 2534 5389 vm
2555 5377 2570 5399 ,
2597 5334 2722 5404 29).
2755 5333 2864 5388 llos
2891 5332 3241 5402 conscripsit;
3272 5332 3414 5398 ipsos
3441 5342 3573 5381 cou-

2014 5434 2147 5487 tinct
2199 5430 2334 5484 liber
2378 5428 2517 5482 vitae.
2583 5426 2819 5496 Denique
2868 5425 2919 5478 in
2970 5421 3283 5494 Apocalypsi
3333 5417 3456 5488 quid
3503 5418 3579 5470 ait

2013 5523 2240 5592 Spiritus
2269 5521 2358 5574 Dei
2378 5560 2390 5580 .
2419 5533 2537 5574 cum
2566 5516 2632 5572 de
2657 5516 2923 5587 pressuris
2948 5515 3013 5569 ab
3043 5510 3361 5567 Antichristo
3390 5509 3578 5563 futuris

2013 5619 2318 5682 loqueretur
2343 5613 2526 5670 eadem
2559 5611 2876 5680 Scriptura?
2921 5605 3231 5662 Consentient
3255 5600 3353 5669 illi,
3385 5601 3576 5670 inquit.

2031 5726 2196 5764 omnes
2222 5711 2305 5781 qui
2331 5724 2428 5762 non
2453 5715 2566 5761 sunt
2593 5704 2766 5774 scripti
2793 5704 2844 5756 in
2869 5701 2993 5756 libro
3020 5699 3134 5753 vita:
3165 5694 3345 5767 (Apoc.
3378 5710 3491 5757 ςιιι,
3522 5695 3601 5766 8).
