4020 6198
464 304 570 362 863

466 419 693 477 Proinde
732 419 848 475 sine
888 416 1217 473 dubitatione
1258 430 1362 471 non
1400 423 1562 470 erunt
1586 411 1898 469 consensuri
1944 430 2030 482 qut

468 516 649 585 scripti
693 524 834 569 sunt.
884 511 974 567 lsti
1017 524 1143 582 ergo
1186 507 1452 580 quomodo
1480 507 1603 563 inde
1643 507 1906 571 delentur,
1942 508 2034 561 ubi

468 618 737 675 nunquam
785 601 967 671 scripti
1010 599 1179 655 sunt?
1223 599 1333 654 [loc
1379 598 1574 653 dictum
1617 606 1699 652 est
1738 596 2027 652 secundum

472 712 618 766 spem
658 695 889 763 ipsorum
910 734 924 756 ,
951 691 1071 763 quia
1110 691 1207 760 ipsi
1242 706 1302 746 se
1339 690 1562 759 scriptos
1590 688 1863 759 putabant.
1893 686 2033 754 Quid

466 798 567 849 est,
594 785 871 847 Deleantur
895 782 1108 837 de'libro
1133 782 1286 837 vitaz?
1312 781 1381 836 Et
1404 781 1531 850 ipsis
1555 788 1760 834 constet
1784 793 1887 833 non
1915 779 2036 833 illos

467 877 537 931 ibi
566 891 707 931 esse.
743 876 816 930 Es
844 874 945 929 hac
973 873 1238 928 locutione
1264 871 1463 927 dictum
1489 879 1573 925 est
1596 870 1649 924 in
1673 870 1778 923 alio
1808 870 2031 939 psalmo,

467 969 659 1024 Cadent
686 986 718 1023 a
742 971 899 1023 latere
927 977 1010 1022 tuo
1046 966 1216 1033 mille,
1247 974 1293 1019 et
1318 965 1448 1019 dena
1475 964 1635 1018 millia
1660 979 1692 1015 a
1716 962 1906 1016 dextris
1934 962 2035 1016 tuis

469 1060 641 1133 (Psal.
669 1077 762 1128 xc,
789 1062 845 1131 7)
870 1077 886 1123 ;
931 1059 985 1115 id
1011 1067 1093 1114 est
1112 1099 1126 1122 ,
1164 1058 1316 1112 mttlti
1342 1054 1855 1121 scandalizabuntur,
1884 1063 1938 1108 et
1966 1068 2034 1108 ex

470 1169 536 1208 eo
567 1167 790 1207 numero
834 1152 922 1222 qui
953 1166 1013 1205 se
1052 1149 1339 1220 sperabant
1366 1161 1607 1203 sessurus
1650 1155 1821 1201 tecum
1843 1186 1858 1211 ,
1888 1154 1943 1200 et
1969 1161 2034 1201 ex

468 1259 536 1298 eo
565 1259 786 1299 numero
828 1242 919 1312 qui
964 1256 1023 1297 se
1063 1239 1347 1310 sperabant
1392 1246 1623 1293 staturos
1660 1235 1725 1290 ad
1763 1235 2036 1291 dexteram

470 1343 612 1388 tuam
632 1376 648 1401 ,
676 1333 905 1405 separati
930 1331 997 1386 ab
1021 1330 1190 1386 hardis
1217 1328 1445 1385 sinistris
1471 1328 1489 1398 (
1512 1326 1700 1401 Matth.
1727 1342 1861 1393 xxv,
1888 1324 1992 1398 35)
2022 1344 2037 1382 :

470 1441 577 1479 non
622 1440 742 1495 quia
782 1438 903 1480 cum
948 1422 1018 1477 ibi
1059 1422 1263 1477 steterit
1288 1420 1509 1491 aliquis,
1537 1428 1717 1490 postea
1747 1418 1918 1483 cadet,
1949 1427 2040 1474 aut

472 1531 592 1570 cum
623 1514 819 1570 sederit
847 1529 965 1569 cum
1005 1512 1095 1567 illo
1121 1512 1417 1582 quisquam,
1454 1510 1762 1580 abjicietur;
1794 1508 1887 1563 sed
1917 1509 2039 1578 quia

473 1607 627 1660 multi
652 1607 822 1661 casuri
851 1613 1003 1661 erant
1036 1606 1087 1659 in
1117 1603 1423 1659 scandalum
1448 1645 1463 1667 ,
1492 1603 1578 1672 qui
1600 1602 1708 1672 jam
1738 1602 1809 1656 ibi
1836 1616 1895 1656 se
1920 1616 2041 1657 esse

472 1697 763 1767 putabant;
810 1696 861 1751 id
903 1707 1005 1764 est,
1050 1695 1201 1750 multi
1242 1696 1331 1765 qui
1370 1708 1428 1749 se
1472 1692 1754 1763 sperabant
1796 1705 2040 1747 sessuros

470 1796 669 1851 tecum,
693 1786 842 1842 multi
867 1788 955 1857 qui
975 1802 1032 1842 se
1044 1793 1384 1856 speraverant
1410 1792 1637 1839 staturos
1656 1783 1722 1837 ad
1743 1782 2039 1848 dexteram,

475 1879 572 1950 ipsi
602 1880 774 1934 casuri
803 1887 946 1934 sunt.
970 1878 1056 1934 Sic
1082 1892 1208 1948 ergo
1238 1885 1294 1933 et
1321 1876 1406 1932 hic
1445 1876 1520 1930 illi
1554 1876 1641 1946 qui
1670 1890 1729 1931 se
1755 1875 2041 1943 sperabant

475 1978 726 2039 tanquam
769 1970 956 2025 merito
993 1969 1207 2040 iustitia:
1254 1982 1363 2023 suze
1410 1967 1462 2021 in
1505 1967 1637 2020 libro
1664 1965 1889 2036 scriptos
1926 1965 2040 2030 Dei,

470 2064 663 2132 quibus
686 2063 899 2128 dicitur,
932 2062 1241 2118 Scrutamini
1270 2058 1583 2129 Scripturas,
1612 2058 1664 2111 in
1689 2058 1866 2127 quibus
1894 2065 2045 2125 puta-

472 2156 536 2209 tis
561 2171 646 2208 vos
673 2155 826 2208 vitam
849 2164 1087 2209 cateruam
1116 2154 1296 2206 habere
1327 2150 1502 2223 (Joan.
1527 2166 1582 2217 v,
1615 2149 1703 2219 39)
1735 2168 1748 2204 :
1776 2163 1895 2203 cum
1927 2164 2046 2217 pcr-

471 2247 630 2303 ducta
675 2247 829 2302 fuerit
868 2245 1139 2300 damnatio
1173 2258 1356 2300 eorum
1386 2244 1545 2299 etiam
1583 2240 1648 2295 ad
1689 2240 2042 2311 cognitionem

476 2354 659 2393 eorum
680 2379 695 2403 ,
723 2337 1042 2393 delebuntur
1076 2335 1145 2391 de
1184 2335 1317 2391 libro
1348 2332 1640 2389 viventium
1660 2373 1674 2396 ,
1706 2331 1757 2386 id
1795 2338 1910 2396 est,
1938 2342 2045 2384 non

476 2430 546 2483 ibi
574 2444 633 2483 se
662 2443 782 2483 esse
805 2436 1145 2498 cognoscent.
1171 2425 1301 2481 Nam
1332 2422 1518 2479 versus
1544 2422 1634 2493 qui
1662 2421 1920 2492 sequitur,
1952 2414 2044 2476 ex-

475 2520 625 2590 ponit
650 2519 788 2591 quod
817 2519 1017 2574 dictum
1042 2526 1125 2575 est
1155 2534 1168 2571 :
1203 2515 1270 2570 Et
1295 2532 1408 2570 cum
1424 2516 1579 2584 justis
1607 2530 1707 2568 non
1742 2513 2044 2569 scribantur.

480 2614 596 2668 Dixi
622 2628 768 2683 ergo,
797 2611 1087 2679 Deleantur,
1116 2608 1406 2666 secundum
1436 2622 1585 2679 spem
1613 2622 1830 2672 eorum;
1859 2620 2048 2661 secun-

476 2705 791 2762 domantem
816 2704 1113 2775 :cquitatem
1133 2712 1274 2757 tuam
1290 2700 1412 2772 quid
1439 2699 1593 2756 dico?
1615 2697 2048 2753 Nonscribantur.

550 2800 635 2854 14.
668 2796 838 2871 [vers.
864 2795 990 2870 30.]
1040 2778 1242 2869 Pauper
1280 2804 1326 2849 et
1369 2793 1543 2849 dolens
1579 2808 1668 2865 ego
1705 2808 1834 2847 sum.
1875 2790 2051 2858 Quare

479 2889 623 2945 hoc?
669 2890 750 2944 An
794 2898 852 2943 ut
896 2902 1305 2959 agnoseeremus
1340 2885 1482 2957 quod
1522 2900 1617 2955 per
1641 2882 2048 2939 amaritudinem

480 2980 642 3034 animi
683 2979 949 3035 maledicit
991 2993 1192 3051 pauper
1233 2977 1374 3033 iste?
1413 2976 1573 3032 Multa
1603 2975 1743 3031 enim
1774 2973 1902 3029 dixit
1931 2988 2050 3043 qua:

481 3072 589 3127 illis
624 3073 889 3127 eveniant.
935 3072 1002 3127 Et
1044 3072 1192 3142 quasi
1233 3070 1280 3126 ei
1311 3069 1641 3131 diceremus.
1667 3067 1860 3139 thuid
1888 3068 2053 3122 talia?

482 3164 588 3217 noli
619 3172 859 3227 tantum;
905 3162 1190 3233 respondet
1223 3180 1236 3215 :
1279 3160 1485 3232 Pauper
1513 3170 1558 3215 et
1597 3160 1770 3214 dolens
1802 3175 1891 3229 ego
1919 3176 2050 3212 sum.

484 3254 854 3310 Perduxerunt
899 3270 985 3310 me
1028 3254 1094 3308 ad
1133 3261 1451 3324 egestatem,
1495 3253 1560 3307 ad
1608 3252 1762 3306 istum
1816 3251 2053 3305 dolorem

481 3345 876 3415 deposuerunt;
918 3344 1037 3401 ideo
1082 3345 1177 3399 ista
1208 3344 1346 3399 dico.
1376 3338 1499 3398 Non
1518 3351 1601 3398 est
1637 3351 1812 3397 tamen
1853 3352 2053 3396 stomao

484 3437 663 3493 chatio
692 3436 1077 3504 maledicentis,
1101 3436 1196 3493 sed
1221 3434 1490 3507 prtedictio
1511 3433 1893 3504 prophetautis.
1923 3432 2054 3488 Nam

463 3528 550 3584 â€™de
580 3537 889 3599 paupertate
913 3540 1005 3583 sua
1034 3536 1089 3583 et
1126 3525 1310 3583 dolore
1337 3538 1433 3581 suo
1469 3523 1709 3597 qttmdam
1736 3541 1852 3596 qua:
1882 3535 2056 3593 postc~

486 3619 598 3675 rius
638 3619 785 3681 dicit,
832 3617 1299 3675 commendaturus
1344 3626 1426 3671 est
1469 3617 1641 3683 nobis,
1691 3626 1747 3671 ttt
1791 3617 2055 3672 discamus

484 3725 605 3767 esse
632 3726 889 3781 pauperes
914 3720 967 3765 et
998 3710 1257 3766 dolentes.
1300 3706 1445 3763 Beati
1468 3709 1608 3765 enim
1637 3725 1896 3779 pauperes.
1927 3725 2054 3779 qnaâ€”

486 3803 621 3855 niam
642 3803 861 3873 ipsarum
882 3812 953 3857 est
974 3818 1183 3872 regnum
1204 3801 1479 3864 caelorum;
1504 3808 1575 3862 et,
1599 3799 1740 3853 Beati
1760 3800 1845 3870 qui
1864 3800 2052 3869 lugent,

486 3895 723 3963 quoniam
746 3896 843 3965 ipsi
870 3896 1261 3951 consolabuntur
1289 3894 1498 3967 (Matth.
1525 3912 1577 3961 v,
1605 3896 1658 3960 5,
1680 3880 1763 3965 Î’).
1798 3895 1907 3950 Hoc
1930 3910 2057 3965 ergo

487 3985 603 4054 ipse
626 3985 768 4055 prius
787 3986 896 4054 jam
928 3987 1082 4042 nobis
1110 3977 1342 4043 ostendit
1366 4003 1381 4052 ;
1411 3996 1465 4041 et
1494 3985 1632 4052 ideo,
1661 3984 1869 4055 Pauper
1893 3996 1938 4040 et
1966 3987 2058 4040 do-

486 4075 594 4129 lens
621 4091 711 4146 ego
747 4092 879 4130 sum.
908 4076 1101 4132 Totum
1143 4093 1335 4147 corpus
1364 4077 1479 4146 ejus
1519 4077 1621 4132 hoc
1661 4076 1808 4132 dicit.
1854 4077 2057 4147 Corpus

486 4163 681 4220 Christi
713 4165 764 4219 in
806 4166 905 4222 hac
936 4177 1076 4222 terra
1115 4183 1315 4239 pauper
1342 4179 1425 4223 est
1464 4178 1517 4223 et
1557 4168 1764 4224 dolens.
1809 4167 1911 4223 Sed
1950 4170 2058 4223 sint

482 4249 678 4311 divites
705 4254 1012 4311 Christiani.
1054 4257 1277 4313 Prorsus
1302 4259 1347 4313 si
1375 4257 1657 4314 Christiani
1685 4267 1825 4323 sunt,
1855 4273 2055 4329 paupe-

515 4359 575 4401 es
596 4354 751 4411 sunt;
782 4345 832 4400 in
862 4348 1257 4416 comparatione
1283 4348 1582 4403 divitiarum
1610 4349 1904 4405 caelestium
1928 4364 2059 4419 quas

384 4484 387 4489 Î»
486 4449 722 4509 sperant,
748 4454 906 4496 omne
925 4456 1109 4496 aurum
1139 4454 1291 4496 suum
1320 4457 1535 4498 arenam
1560 4441 1831 4512 deputant.
1856 4440 2059 4512 Pauper

486 4539 537 4584 et
565 4530 737 4587 dolens
765 4548 855 4605 ego
879 4548 1011 4586 sum.

562 4622 650 4678 15.
679 4622 826 4697 [vers.
855 4625 917 4681 3i
991 4622 1059 4678 Et
1078 4622 1220 4679 salus
1240 4624 1404 4678 vultus
1424 4624 1516 4688 tui,
1539 4622 1689 4687 Deus,
1716 4624 1931 4694 suscepit
1953 4641 2052 4679 me.

491 4711 752 4785 Numquid
783 4717 1027 4773 desertus
1054 4726 1136 4773 est
1162 4732 1365 4788 pauper
1390 4715 1527 4771 iste?
1546 4716 1770 4785 Quando
1792 4725 1845 4771 tu
1873 4716 2057 4787 digna-

490 4807 568 4861 ris
591 4822 880 4875 pannosum
910 4826 1195 4882 pauperem
1226 4808 1493 4881 applicare
1519 4809 1584 4863 ad
1614 4824 1852 4864 mensam
1880 4810 2059 4864 tuam?

492 4895 658 4952 Porro
681 4909 857 4955 autem
885 4917 1170 4973 pauperem
1196 4901 1351 4957 istum
1373 4899 1515 4955 salus
1540 4900 1721 4955 vultus
1755 4900 1845 4954 Dei
1881 4915 2061 4956 susce-

493 4988 605 5060 pit;
647 4989 698 5043 in
737 4991 880 5045 vultu
922 5008 1019 5048 suo
1057 4993 1333 5050 abscondit
1371 4993 1486 5064 ejus
1529 5000 1837 5063 egestatem.
1865 4990 1942 5045 De
1967 4992 2059 5046 illo

440 5120 445 5123 Î‘
490 5080 689 5152 quippe
713 5080 908 5136 dictum
934 5091 1053 5138 est:
1080 5085 1360 5140 Abscondes
1380 5101 1463 5140 eos
1487 5085 1540 5139 in
1571 5083 1862 5139 abscondito
1892 5075 2060 5137 vultus

492 5173 566 5225 tui
588 5169 763 5242 (Psal.
784 5186 910 5238 xxx,
936 5172 1051 5243 21).
1081 5174 1136 5229 1Î·
1163 5175 1254 5230 illo
1277 5185 1453 5232 autem
1476 5176 1621 5230 vultu
1652 5190 1771 5246 qua:
1797 5174 1903 5229 sint
1927 5173 2060 5228 divi-

493 5264 581 5318 tia:
607 5262 986 5318 vultisnosse?
1011 5264 1215 5320 Divitize
1255 5266 1369 5321 ista:
1411 5266 1510 5322 hoc
1554 5265 1647 5322 tibi
1688 5273 1967 5335 prmstant,
2003 5273 2060 5319 ut

487 5356 632 5426 quod
657 5356 766 5423 vis,
795 5355 1005 5425 quando
1040 5357 1149 5422 vis,
1191 5358 1483 5427 prandeas;
1514 5359 1617 5414 illa:
1641 5373 1799 5422 vero,
1841 5364 1899 5411 ut
1929 5372 2062 5411 nun-

486 5464 647 5521 quam
670 5446 892 5511 esurias.
922 5445 1122 5518 Pauper
1141 5460 1186 5501 et
1205 5448 1379 5502 dolens
1397 5464 1487 5519 ego
1511 5464 1653 5513 sum;
1673 5458 1719 5501 et
1739 5447 1876 5501 salus
1898 5446 2062 5502 vultus

493 5542 587 5609 tui,
619 5540 772 5608 Deus,
800 5542 1016 5611 suscepit
1035 5557 1130 5594 me.
1155 5540 1415 5611 Adâ€˜quam
1438 5540 1590 5595 rem?
1614 5540 1683 5595 Ut
1705 5542 1812 5608 jam
1834 5553 1937 5592 non
1962 5539 2058 5592 sim

494 5647 715 5704 pauper,
741 5651 845 5689 non
873 5634 971 5690 situ
998 5633 1205 5689 dolens.
1230 5632 1471 5688 Laudabo
1490 5650 1666 5687 nomen
1692 5632 1781 5685 Dei
1806 5647 1917 5684 cum
1940 5646 2061 5683 can-

499 5724 626 5787 tico,
650 5726 981 5797 magniï¬cabo
1005 5741 1115 5780 eum
1146 5725 1199 5779 in
1225 5723 1390 5779 laude.
1416 5722 1535 5781 lam
1565 5722 1760 5777 dictum
1791 5727 1901 5783 est;
1934 5734 2060 5788 pau-

1668 302 1726 357 S.
1767 297 2128 357 AUGUSTI?"
2170 297 2473 356 EPISCOPl

3604 306 3719 365 sas

2143 428 2239 483 per
2280 414 2378 468 istc
2424 413 2601 468 laudat
2639 429 2828 469 nomen
2862 413 2952 469 Dei
2981 429 3101 470 eum
3138 416 3376 484 cantico,
3405 418 3708 489 magniï¬cas

2140 519 2259 558 eum
2290 506 2340 557 in
2364 503 2532 558 laude.
2557 504 2779 572 Quando
2804 505 3022 560 auderet
3041 516 3277 569 cantare.
3303 508 3404 562 nisi
3432 519 3706 566 recreatus

2140 604 2282 649 esset
2306 609 2335 648 a
2366 594 2539 650 Lamo?
2562 595 2802 651 Laudabo
2827 614 3003 651 nomen
3028 596 3122 650 Dei
3146 615 3262 653 cum
3283 604 3497 667 cantico,
3520 604 3711 673 magni-

2140 685 2299 754 ]icabo
2339 702 2451 739 eum
2492 688 2544 740 in
2585 688 2751 742 laude.
2792 688 2992 759 Magna:
3036 689 3266 747 divitias!
3306 692 3447 761 Quas
3474 710 3716 763 gemmas

2141 775 2313 829 laudis
2338 776 2431 830 Dei
2458 777 2524 832 de
2550 777 2799 833 thesauro
2825 780 3075 835 interiore
3101 783 3346 850 protulit!
3368 781 3715 855 Magnifica!Â»

2140 882 2252 920 eum
2278 867 2333 921 in
2357 868 2524 923 laude.
2554 868 2647 924 Ha:
2686 878 2811 924 sunt
2854 870 3051 926 divitia:
3079 887 3230 926 mea).
3259 872 3507 928 Dominus
3537 876 3714 943 dedit,

2140 954 2390 1011 Dominus
2430 959 2658 1014 abstulit.
2687 959 2828 1030 Ergo
2864 962 3029 1016 miser
3055 964 3340 1022 remansit?
3373 963 3543 1020 Absit.
3581 965 3716 1020 Vide

2140 1047 2350 1103 divitias
2379 1066 2391 1102 :
2426 1050 2569 1105 Sicut
2589 1050 2808 1106 Domino
2842 1053 3052 1124 placuit,
3075 1054 3146 1107 ita
3172 1055 3361 1125 factum
3389 1067 3496 1121 est;
3524 1058 3590 1111 sit
3614 1075 3714 1110 no-

2146 1159 2258 1196 men
2277 1140 2485 1198 Domini
2505 1144 2810 1200 benedictum
2856 1146 2977 1219 (Job
3014 1162 3053 1215 t,
3093 1149 3208 1221 2|).
3250 1148 3492 1206 Laudabo
3516 1142 3713 1207 nomen

2142 1232 2239 1287 Dei
2266 1251 2378 1311 cum
2406 1236 2621 1300 cantico,
2649 1239 2979 1309 magniï¬cabo
3001 1256 3116 1294 eum
3138 1242 3191 1295 in
3214 1241 3383 1296 laude.

2215 1326 2301 1381 16.
2335 1325 2484 1399 [vers.
2514 1327 2627 1402 32.]
2660 1328 2725 1383 Et
2753 1322 2965 1401 placebit
2990 1331 3115 1398 Deo,
3149 1332 3250 1389 hoc
3276 1335 3415 1406 quod
3445 1351 3565 1391 eum
3600 1338 3714 1389 lau-

2143 1413 2302 1484 dabo,
2333 1417 2575 1487 placcbit,
2607 1435 2757 1490 super
2775 1421 2983 1475 vitulum
3009 1412 3275 1489 novellum,
3308 1441 3497 1480 cornua
3522 1429 3713 1497 produ~

2147 1516 2401 1561 centemel
2425 1509 2658 1578 ungulas.
2681 1507 2894 1566 Gratius
2924 1512 2995 1567 illi
3023 1514 3124 1568 erit
3155 1515 3474 1572 sacriï¬cium
3501 1519 3673 1574 laudis
3692 1562 3709 1584 ,

2144 1614 2301 1670 quam
2327 1599 2640 1655 sacriï¬cium
2670 1602 2842 1657 vituli.
2870 1604 3193 1675 Sacrificium
3220 1609 3386 1663 laudis
3411 1610 3717 1681 glori/icabit

2143 1706 2256 1753 me;
2275 1699 2323 1743 et
2351 1690 2419 1744 ibi
2436 1692 2517 1745 via
2538 1700 2611 1745 est
2634 1691 2685 1746 in
2709 1709 2807 1763 qua
2834 1696 3092 1750 ostendam
3116 1698 3193 1751 illi
3214 1699 3439 1754 salutare
3455 1700 3569 1755 Dei.
3600 1699 3714 1754 lm-

2144 1782 2279 1837 mola
2299 1781 2405 1838 Deo
2427 1784 2730 1853 sacriï¬cium
2759 1787 2946 1850 laudis.
2967 1797 3016 1843 et
3033 1789 3186 1843 redde
3205 1791 3457 1847 Altissimo
3483 1803 3599 1847 vota
3627 1804 3715 1848 tua

2146 1872 2314 1942 (Psal.
2347 1864 2497 1940 sus,
2526 1872 2614 1940 23,
2645 1876 2757 1947 14).
2784 1876 2925 1946 Ergo
2951 1856 3177 1933 laud-sbi)
3207 1880 3405 1944 Deum;
3436 1891 3488 1935 et
3516 1883 3640 1951 plus
3664 1884 3714 1938 ei

2146 1965 2373 2035 placebit
2395 1981 2553 2037 quam
2579 1968 2773 2022 vitulus
2800 1968 3038 2024 novellus
3057 2011 3074 2036 ,
3100 1985 3297 2025 cornua
3337 1972 3635 2042 producens
3662 1985 3717 2029 et

2145 2058 2392 2128 ungulas.
2417 2059 2661 2129 Amplius
2701 2076 2828 2131 ergo
2854 2062 3081 2131 placebit
3108 2062 3219 2117 Deo
3246 2064 3359 2118 laus
3382 2064 3497 2134 ejus
3527 2067 3715 2122 exiens

2146 2149 2214 2206 de
2242 2165 2337 2205 ore
2364 2165 2503 2214 meo.
2530 2167 2688 2222 quam
2715 2168 2902 2224 magna
2934 2153 3143 2208 victima
3188 2154 3413 2210 adducta
3458 2157 3524 2211 ad
3569 2174 3713 2212 aram

2148 2241 2331 2312 ipsius.
2358 2243 2442 2297 An
2467 2243 2662 2313 aliquid
2689 2243 2756 2299 de
2782 2245 3032 2301 cornibus
3055 2256 3109 2300 et
3132 2247 3342 2317 ungulis
3378 2248 3527 2303 vituli
3563 2232 3717 2318 hujus

2148 2331 2426 2403 dicendum
2456 2335 2574 2389 est?
2600 2333 2700 2402 Qui
2729 2335 2866 2391 bene
2890 2336 3181 2392 instructus
3205 2347 3286 2392 est
3306 2379 3321 2398 .
3350 2346 3404 2392 et
3431 2339 3588 2395 laude
3624 2341 3714 2395 Dei

2148 2423 2460 2493 opulentus,
2506 2434 2561 2480 et
2601 2441 2797 2481 cornua
2824 2426 2982 2482 debet
3020 2426 3217 2484 habere
3244 2429 3438 2499 quibus
3470 2429 3720 2485 adversa-

2149 2516 2284 2570 rium
2302 2517 2541 2579 ventilet,
2560 2529 2615 2573 et
2633 2519 2856 2589 ungulas
2876 2519 3068 2589 quibus
3091 2529 3284 2576 terram
3304 2522 3521 2577 excitet.
3543 2522 3724 2578 Nostis

2150 2609 2290 2664 enim
2321 2609 2423 2665 hoc
2447 2608 2623 2665 facere
2648 2610 2841 2666 vitulos
2882 2612 3260 2681 pubescentes,
3296 2621 3350 2668 et
3377 2613 3429 2668 iu
3458 2615 3721 2668 taurinarn

2149 2698 2421 2754 audaciam
2472 2699 2904 2771 grandescentes.
2949 2700 3079 2756 Nam
3132 2703 3255 2758 ideo
3306 2704 3551 2759 novellus
3593 2715 3718 2767 est.

2152 2800 2373 2861 propter
2402 2790 2562 2847 vitam
2611 2808 2820 2848 novam.
2855 2795 3060 2867 Aliquis
3100 2810 3227 2866 ergo
3265 2797 3544 2853 haereticus
3586 2799 3724 2854 forte

2153 2882 2495 2950 contradicit;
2524 2885 2774 2940 cornibus
2801 2886 3102 2942 ventiletur.
3137 2887 3286 2943 Alius
3323 2904 3427 2943 non
3454 2890 3725 2944 contradi-

2152 2975 2263 3044 cit,
2292 2977 2383 3033 sed
2412 2986 2588 3033 tamen
2625 2985 2890 3033 terrenum
2916 2977 3120 3049 abjecte
3144 2981 3313 3049 sapit;
3343 2981 3548 3050 ungulis
3574 2982 3723 3036 exci-

2155 3078 2314 3127 tetur.
2338 3072 2474 3143 Ergo
2502 3086 2662 3141 super
2683 3070 2823 3127 hunc
2845 3072 3065 3126 vitulum
3113 3071 3204 3127 tibi
3234 3073 3458 3143 placebit
3494 3073 3727 3128 laudatio

2157 3177 2302 3223 mea;
2328 3162 2438 3231 jam
2465 3161 2553 3217 illa
2579 3162 2595 3194 â¸
2628 3170 2746 3231 post
2770 3170 3130 3232 paupertatem
3151 3171 3208 3217 et
3229 3162 3466 3217 dolorem
3493 3164 3544 3216 in
3566 3174 3726 3217 mter-

2157 3268 2223 3306 na
2252 3253 2506 3307 societate
2542 3251 2862 3322 Angelorum
2887 3294 2903 3318 ,
2931 3253 3018 3305 ubi
3050 3267 3147 3307 nec
3175 3252 3505 3307 adversarius
3543 3255 3643 3308 erit
3676 3255 3733 3309 in

2156 3343 2445 3398 certamine
2498 3342 2864 3409 ventilandus,
2921 3358 3017 3399 nec
3074 3343 3221 3413 piger
3265 3343 3334 3399 de
3389 3353 3526 3398 terra
3578 3346 3727 3399 exeiâ€”

2156 3433 2365 3487 tandus.

2198 3570 2202 3579 .
2229 3527 2314 3581 17.
2344 3525 2490 3599 [vers.
2522 3523 2635 3598 53.]
2677 3525 2886 3579 Videant
2907 3526 3098 3595 inopes,
3124 3535 3171 3579 et
3191 3525 3442 3579 laetentur.
3470 3524 3726 3587 Credaut,

2157 3629 2209 3673 et
2237 3633 2330 3689 spe
2357 3618 2634 3689 gaudeant.
2658 3619 2820 3688 Magis
2859 3619 3043 3688 inopes
3071 3618 3211 3683 sint,
3253 3628 3310 3673 ut
3347 3620 3570 3673 satumri
3610 3636 3727 3674 me-

2159 3720 2406 3777 reantur;
2440 3728 2505 3765 ne
2531 3727 2651 3766 eum
2693 3711 2957 3780 superbae
2989 3712 3224 3781 saginam
3247 3720 3476 3777 ructant,
3509 3724 3729 3782 negetur

2158 3803 2235 3858 eis
2277 3803 2425 3873 panis
2463 3818 2567 3872 quo
2604 3801 2890 3857 salubriter
2928 3802 3125 3855 vivant.
3168 3801 3388 3868 thterite
3428 3800 3724 3868 Dominum,

2161 3898 2376 3966 inopes;
2403 3896 2621 3961 esurite,
2648 3902 2703 3951 et
2725 3895 2866 3949 sitite
2892 3893 3100 3967 (Matth.
3129 3911 3190 3959 Î½,
3217 3894 3272 3967 6)
3299 3914 3312 3950 :
3342 3896 3454 3964 ipse
3480 3903 3564 3950 est
3587 3897 3727 3951 enim

2160 3991 2308 4061 panis
2352 3991 2504 4046 vivus
2545 3992 2633 4060 qui
2680 3988 2746 4045 de
2790 3990 2926 4045 ccelo
2968 3990 3239 4045 descendit
3268 3990 3457 4061 (Joan.
3487 4005 3572 4051 vt,
3604 3987 3726 4058 5|).

2163 4084 2385 4151 Qttwrite
2409 4082 2701 4150 Dominum,
2726 4094 2772 4136 et
2800 4085 2925 4137 vivet
2950 4084 3120 4136 anima
3145 4094 3323 4137 vestra.
3356 4084 3604 4151 Qtttcritis
3634 4100 3729 4151 pa-

2156 4176 2304 4239 bem,
2334 4183 2390 4228 ut
2413 4175 2553 4229 vivat
2573 4190 2696 4229 caro
2717 4184 2926 4241 vestra;
2952 4175 3228 4230 Dominum
3250 4176 3491 4243 qumrite,
3513 4186 3573 4229 ut
3593 4176 3732 4228 vivat

2158 4267 2330 4321 anima
2363 4277 2552 4321 vestra.

2230 4358 2317 4413 18.
2350 4355 2500 4429 [vers.
2534 4356 2647 4429 '54.]
2672 4356 2919 4425 Quoniam
2936 4357 3186 4412 exaudivit
3207 4373 3449 4428 pauperes
3467 4357 3729 4412 Dominus.

2159 4449 2439 4506 Exaudivit
2466 4465 2758 4519 pauperes;
2786 4465 2882 4503 nec
2910 4449 3183 4504 exaudiret
3213 4458 3488 4518 pauperes.
3523 4450 3623 4504 nisi
3649 4465 3733 4504 cs-

2161 4548 2280 4595 scnt
2315 4555 2597 4610 pauperes.
2637 4539 2727 4594 Vis
2769 4539 3045 4594 exaudiri?
3081 4540 3287 4609 Pauper
3313 4550 3429 4595 esto
3453 4558 3468 4594 :
3489 4540 3647 4594 dolor
3669 4541 3735 4595 de

2162 4638 2214 4686 te
2239 4631 2450 4698 clamet,
2479 4646 2584 4685 non
2612 4630 2895 4686 fastidium.
2928 4630 3179 4695 Quoniam
3208 4631 3460 4686 exaudivit
3487 4650 3734 4702 pauperes

2162 4720 2446 4786 Dominus;
2489 4732 2534 4776 et
2569 4723 2876 4791 compeditos
2911 4738 3029 4776 suos
3064 4739 3164 4776 non
3204 4726 3408 4792 sprevit.
3432 4723 3680 4779 Ollensus
3705 4743 3733 4778 a

2163 4814 2332 4869 servis
2356 4855 2369 4877 ,
2402 4812 2525 4867 fecit
2549 4827 2643 4866 eos
2667 4812 3030 4883 compeditos;
3059 4813 3151 4867 sed
3179 4814 3467 4868 clamantes
3489 4814 3559 4869 de
3586 4830 3731 4868 com-

2163 4906 2385 4976 pedibus
2425 4922 2529 4961 non
2571 4906 2912 4977 contempsit.
2950 4907 3080 4974 Qua:
3108 4916 3234 4962 sunt
3270 4908 3384 4963 ista!
3406 4909 3735 4978 compedes?

2163 4998 2474 5065 Mortalitas,
2502 4998 2912 5068 corruptibilitas
2939 4999 3135 5062 carnis,
3163 4998 3445 5069 compedes
3474 5009 3597 5054 sunt
3623 5001 3734 5069 qui-

2165 5089 2262 5145 bus
2286 5090 2428 5159 ligati
2456 5103 2656 5143 sumus.
2686 5089 2750 5144 Et
2778 5089 2937 5144 vultis
2973 5104 3132 5145 nosse
3158 5091 3379 5145 istarum
3415 5090 3734 5160 compedutn

2163 5179 2510 5252 gravitatem?
2546 5178 2674 5235 inde
2708 5178 2902 5234 dicitur
2925 5196 2938 5232 :
2965 5178 3161 5249 Corpus
3196 5180 3332 5249 quod
3375 5182 3733 5249 corrumpitur,

2164 5280 2404 5344 aggravat
2430 5271 2646 5325 animam
2673 5271 2693 5341 (
2717 5270 2844 5341 Sap.
2874 5285 2956 5336 Ix,
2990 5271 3058 5326 15
3077 5271 3116 5342 ).
3146 5270 3370 5338 Quando
3400 5271 3644 5327 homines
3683 5272 3736 5325 in

2165 5363 2360 5420 sarculo
2384 5362 2576 5418 divites
2608 5377 2727 5418 esse
2755 5364 2966 5427 volunt,
3011 5362 3125 5416 istis
3163 5362 3509 5432 compedibus
3532 5378 3737 5433 pannos

2166 5466 2424 5529 qumrunt.
2474 5454 2578 5511 Sed
2625 5454 2887 5511 sufï¬ciant
2932 5456 3087 5524 panni
3138 5454 3500 5525 aenipedum:
3535 5466 3738 5511 tantum

2230 5615 2246 5644 á½·
2282 5614 2354 5661 sic
2375 5610 2588 5662 melioris
2609 5618 2736 5660 nota:
2757 5616 2863 5660 Mss.
2891 5609 2989 5665 Alii.
3007 5610 3116 5671 jam
3130 5609 3266 5667 illam
3283 5618 3402 5672 post,
3419 5618 3513 5660 etc.
3538 5611 3739 5667 Att-1M,

2168 5689 2279 5725 nam
2301 5673 2432 5724 illam
2455 5681 2573 5734 post,
2599 5681 2693 5722 etc.
2720 5681 2816 5722 non
2852 5681 3006 5732 recte,
3046 5674 3136 5723 nisi
3174 5674 3307 5724 illam
3342 5674 3529 5724 releras
3562 5674 3627 5724 ad
3669 5674 3739 5723 vi-

2172 5737 2312 5788 deant
2332 5738 2510 5798 inopes,
2536 5741 2628 5783 etc.
