4020 6198
275 332 380 390 86ιὸ

279 463 478 518 qtnnrc,
497 457 747 516 quantum
770 444 1094 517 depellenda:
1115 443 1416 498 neeeSsitati
1443 441 1571 494 satis
1595 452 1694 495 est.
1719 439 1850 493 Cum

282 549 457 594 autem
489 538 752 607 superﬂua
778 538 1000 607 quieris,
1033 535 1313 604 compedes
1355 542 1471 586 tuas
1500 546 1727 585 micrare
1758 529 1851 582 de-

281 631 505 685 sideras.
535 629 591 683 In
620 629 707 682 tali
739 644 866 697 ergo
891 627 1126 683 custodia
1165 625 1248 680 vel
1292 623 1419 677 solte
1449 621 1732 690 compedes
1763 634 1850 673 rc-

283 730 550 774 maneant.
575 719 815 774 Sufficiat
833 717 936 772 diei
967 717 1162 771 malitia
1187 731 1282 769 sua
1309 713 1516 785 (Matth.
1541 727 1614 775 vi,
1643 708 1752 780 54).
1783 710 1855 762 De

285 814 384 865 ista
430 811 631 864 malitia
662 809 950 864 clamamus
980 807 1046 861 ad
1078 807 1241 861 Deum
1271 824 1284 860 :
1318 804 1566 872 Quoniam
1604 801 1854 856 exaudivit

287 917 530 972 pauperes
560 901 836 964 Dominus;
865 909 909 953 et
930 898 1231 969 compeditos
1259 913 1376 950 suos
1397 912 1496 948 non
1519 894 1720 962 sprevit.

359 993 446 1048 i9.
482 989 630 1064 [vcrs.
658 988 772 1062 '55.]
804 990 1030 1044 Laudent
1071 989 1214 1041 illum
1251 987 1359 1039 caeli
1389 995 1434 1038 et
1466 996 1616 1051 terra,
1649 999 1786 1035 mare
1811 991 1856 1034 et

288 1083 459 1135 omnia
489 1082 712 1149 repentia
755 1081 807 1133 in
847 1080 937 1133 cis.
975 1079 1127 1132 Vera:
1170 1076 1367 1131 divitia:
1411 1074 1569 1144 hujus
1611 1071 1856 1142 pauperis

289 1175 404 1226 ista:
432 1179 554 1227 sunt
573 1212 588 1232 ,
619 1169 959 1225 considerare
982 1176 1280 1223 creaturam
1309 1174 1363 1220 et
1397 1165 1610 1218 laudare
1637 1163 1857 1217 Creato-

290 1279 423 1318 rem.
448 1261 676 1315 Laudent
701 1260 846 1314 illum
859 1259 967 1312 cwli
985 1268 1030 1310 et
1053 1268 1206 1321 terra,
1227 1272 1364 1308 mare
1381 1264 1427 1308 et
1449 1255 1617 1308 omnia
1636 1251 1857 1321 repentia

290 1357 343 1409 in
370 1356 462 1410 eis.
492 1355 551 1407 Et
578 1362 820 1407 creatura
850 1351 958 1405 sola
987 1351 1086 1404 ista
1113 1348 1291 1404 laudat
1321 1347 1506 1406 Deum.
1536 1361 1655 1400 cum
1679 1343 1858 1399 consi-

291 1449 472 1504 derata
503 1463 562 1502 ea
589 1444 835 1501 laudatur
857 1444 1012 1496 Deus.

359 1538 448 1592 eo.
481 1536 640 1608 [vers.
672 1535 739 1588 56
764 1574 777 1596 ,
807 1517 944 1604 '57.]
973 1531 1107 1586 Audi
1146 1539 1199 1584 et
1224 1528 1364 1583 aliud
1395 1546 1408 1581 ε
1441 1527 1688 1594 Quoniam
1723 1525 1857 1579 Deus

291 1631 480 1683 salvam
520 1629 664 1700 facict
694 1627 842 1681 Sion.
873 1626 1104 1695 Reparat
1132 1623 1422 1678 Ecclesium
1451 1637 1599 1676 suam
1627 1637 1640 1672 :
1671 1629 1856 1689 gentes

293 1722 472 1775 fideles
518 1715 818 1788 incorporat
857 1716 1138 1786 Unigenito
1177 1729 1308 1777 suo;
1353 1727 1459 1766 non
1490 1711 1697 1765 fraudat
1735 1725 1855 1764 cre-

289 1811 474 1864 dentes
505 1809 555 1862 in
586 1823 644 1862 se
666 1808 884 1878 prmmio
907 1805 1269 1876 promissionis
1291 1818 1420 1857 sum.
1447 1800 1696 1867 Quoniam
1717 1800 1856 1854 Deus

285 1899 475 1952 salvam
505 1898 652 1968 faciet
684 1897 809 1952 Sion
834 1914 852 1951 :
883 1905 926 1950 et
951 1894 1331 1964 azdiﬁcabuntur
1355 1893 1572 1946 civitates
1591 1889 1791 1945 Judtea:
1816 1893 1852 1943 ¹.

291 1989 421 2061 ipsa:
463 1999 586 2043 sunt
630 1989 902 2044 Ecclesiae.
929 1987 1094 2041 Nemo
1122 1985 1298 2064 dicat:
1324 1983 1546 2051 Quando
1576 1984 1678 2038 erit
1716 1982 1855 2036 istud

290 2093 346 2135 ut
373 2081 698 2136 :cditicentur
726 2080 964 2134 civitates
991 2076 1225 2131 induam?
1257 2073 1301 2129 Ο
1329 2075 1372 2127 si
1402 2074 1532 2128 velis
1569 2087 1856 2143 agnoscere

289 2183 604 2229 structuram
626 2214 640 2235 ,
668 2183 722 2226 et
745 2186 860 2226 esse
886 2170 1018 2240 lapis
1042 2151 1222 2234 vivus,
1248 2176 1305 2220 ut
1334 2167 1497 2220 intres
1527 2166 1576 2218 in
1606 2181 1722 2221 eam
1746 2165 1759 2219 !
1792 2164 1858 2217 Et

290 2281 430 2321 nunc
454 2265 694 2319 civitates
717 2262 913 2318 iudica:
938 2259 1282 2315 arditicantur.
1305 2255 1436 2312 Juda
1467 2257 1607 2310 enim
1629 2253 1856 2308 Confes-

286 2359 370 2412 sio
399 2359 790 2425 interpretatur.
818 2353 890 2406 De
911 2350 1241 2407 confessione
1265 2347 1572 2402 humilitatis
1593 2344 1859 2399 aedifican-

291 2459 374 2502 tur
415 2429 670 2502 civitates
694 2444 928 2507 inductu;
978 2451 1034 2495 ut
1079 2440 1204 2494 foris
1231 2438 1300 2492 ab
1327 2438 1404 2493 eis
1429 2435 1642 2505 superbi
1678 2449 1856 2488 rema-

290 2548 470 2600 neant,
503 2537 592 2608 qui
621 2535 860 2590 confiteri
887 2532 1224 2589 erubescunt.
1244 2529 1494 2594 Quoniam
1510 2526 1649 2580 Deus
1667 2523 1857 2579 saluam

287 2633 435 2704 faciet
464 2631 613 2688 Sion.
637 2630 803 2698 Quam
830 2628 996 2684 Sion?
1027 2625 1163 2681 Audi
1191 2626 1242 2679 in
1269 2622 1612 2694 sequentibus
1641 2638 1654 2673 :
1689 2619 1754 2673 Et
1782 2611 1860 2672 se-

290 2740 400 2776 men
426 2738 681 2776 servorum
718 2721 825 2792 ejus
861 2717 1145 2773 obtinebunt
1169 2731 1310 2782 eam;
1337 2723 1383 2768 et
1409 2713 1493 2786 qui
1530 2713 1742 2782 diligunt
1768 2727 1859 2763 no-

289 2831 400 2867 men
421 2815 526 2884 ejus
550 2812 896 2866 inhabitabant
921 2810 973 2862 in
997 2825 1077 2863 ea.

360 2904 450 2958 2t.
485 2903 726 2958 Psalmus
757 2901 936 2955 finitus
961 2897 1201 2968 est;__sed
1245 2895 1510 2966 paululum
1556 2895 1687 2949 istos
1726 2892 1860 2947 duos

289 3011 474 3050 versus
499 3011 602 3048 non
625 2995 984 3063 relinquamus
1011 3011 1024 3046 :
1051 2989 1337 3045 admonent
1360 2987 1500 3042 enim
1522 3001 1620 3040 nos
1639 2984 1855 3054 aliquid,

293 3107 362 3146 ne
400 3087 729 3156 desperando
777 3088 828 3140 in
876 3085 1017 3139 illam
1061 3092 1379 3137 structuram
1427 3094 1534 3133 non
1578 3078 1855 3132 intremus.

291 3177 497 3245 Semen,
517 3179 702 3245 inquit,
726 3192 978 3230 servorum
995 3175 1100 3244 ejus
1121 3173 1403 3226 obtinebunt
1427 3187 1555 3224 eam.
1571 3169 1685 3225 Jam
1704 3185 1854 3238 ergo,

293 3287 456 3324 semen
473 3284 726 3323 servorum
751 3268 858 3337 ejus
881 3267 970 3336 qui
998 3265 1153 3319 sunt?
1182 3263 1340 3318 Forte
1368 3261 1521 3327 dicis,
1553 3261 1722 3316 ,ιιιόωί
1749 3260 1857 3314 itali

295 3361 364 3416 de
408 3359 712 3415 Abraham:
744 3372 842 3413 nos
887 3367 1063 3412 autem
1109 3356 1197 3426 qui
1247 3369 1352 3410 non
1397 3369 1579 3408 sumus
1633 3353 1739 3406 nati
1792 3352 1859 3407 de

292 3450 579 3516 Abraham,
609 3447 874 3520 quomodo
899 3447 1209 3502 habebimus
1236 3446 1390 3500 istam
1420 3446 1724 3500 civitatem?
1749 3443 1855 3498 Sed

293 3558 396 3597 non
419 3550 540 3596 sunt
564 3557 746 3596 semen
775 3539 1002 3595 Abrahae
1030 3540 1106 3594 illi
1125 3537 1290 3593 Juda-i
1312 3539 1501 3607 quibus
1521 3538 1714 3592 dictum
1736 3547 1817 3592 est
1841 3555 1854 3591 :

292 3635 352 3690 Si
381 3635 472 3705 ﬁlii
500 3635 717 3688 Abralue
734 3633 883 3697 estis,
918 3636 1052 3702 facta
1082 3631 1295 3685 Abi-alia:
1324 3631 1473 3701 facite
1511 3629 1702 3697 (Joan.
1732 3645 1820 3682 vui
1840 3670 1855 3695 ,

291 3727 360 3782 '59
378 3727 420 3797 ).
449 3725 634 3780 Semen
656 3739 786 3792 ergo
813 3739 1068 3778 seruorum
1103 3725 1217 3792 ejus
1239 3764 1252 3784 ,
1285 3723 1574 3776 imitatores
1601 3721 1719 3775 ﬁdei
1750 3736 1861 3773 sor-

294 3819 641 3884 vorum—ejus
687 3814 972 3870 obtinebunt
1012 3830 1141 3868 eam.
1173 3814 1405 3882 Denique
1435 3813 1649 3867 ultimus
1675 3828 1860 3867 versus

293 3910 620 3979 Superiorem
651 3907 885 3976 exponit.
913 3905 1074 3973 Quasi
1099 3906 1237 3958 enim
1269 3904 1524 3968 turbatus,
1554 3919 1622 3959 ne
1649 3914 1861 3973 putares

294 4001 429 4056 forte
458 4001 556 4054 hoc
585 3998 651 4053 de
679 3997 876 4052 Judaiis
906 3997 1030 4061 dici,
1064 3995 1129 4049 Et
1161 3981 1322 4049 semen
1352 4011 1602 4048 servorum
1632 3996 1738 4065 ejus
1768 3995 1858 4047 ob-

293 4094 514 4146 tinebunt
536 4108 664 4153 eam,
687 4088 871 4143 dicens
892 4129 906 4154 ,
934 4087 1040 4142 Nos
1059 4102 1241 4141 semen
1267 4086 1497 4155 gentium
1515 4087 1719 4150 s‘umus,
1743 4102 1860 4154 quae

295 4185 433 4240 idola
463 4181 762 4243 coluerunt,
795 4191 848 4236 et
871 4179 1201 4235 daemonibus
1228 4179 1556 4240 servierunt;
1582 4177 1704 4248 quid
1734 4193 1860 4247 ergo

296 4276 446 4329 nobis
473 4276 522 4328 in
551 4275 648 4328 hac
675 4273 887 4327 civitate
908 4269 1225 4341 sperandum
1267 4269 1386 4324 est?
1411 4270 1586 4323 statim
1617 4267 1858 4336 subjecit,

299 4375 351 4420 ut
385 4379 670 4434 przosumas
699 4372 752 4417 ct
781 4377 1002 4431 speres:
1039 4359 1099 4413 Et
1138 4361 1223 4428 qui
1250 4358 1463 4430 diligunt
1503 4374 1681 4411 nomen
1721 4357 1856 4427 ejus,

297 4457 636 4511 inhabitabant
664 4456 712 4506 in
739 4471 813 4506 ea.
851 4452 958 4506 Hoc
983 4460 1064 4506 est
1092 4450 1230 4503 enim
1262 4465 1424 4501 semen
1445 4464 1697 4501 servorum
1727 4447 1857 4516 ejus,

297 4558 383 4623 qui
408 4556 621 4626 diligunt
649 4569 824 4608 nomen
849 4555 976 4622 ejus.
1021 4549 1151 4618 Quia
1189 4548 1329 4603 enim
1369 4546 1506 4601 servi
1530 4543 1644 4613 ejus
1667 4539 1866 4597 dilexe-

300 4657 421 4702 runt
449 4662 640 4700 nomen
661 4645 805 4714 ejus;
825 4645 1140 4714 quicumque
1157 4655 1261 4696 non
1278 4639 1500 4710 diligunt
1517 4651 1706 4692 nomen
1726 4634 1862 4706 ejus,

299 4758 404 4796 non
436 4757 494 4796 se
514 4741 690 4795 dicant
724 4753 904 4794 semen
939 4752 1211 4792 servorum
1238 4735 1383 4804 ejus;
1429 4743 1481 4788 ct
1519 4731 1606 4802 qui
1644 4730 1866 4799 diligunt

299 4846 490 4896 nomen
518 4831 652 4898 ejus,
684 4845 786 4883 non
814 4844 870 4883 se
892 4837 1083 4897 negent
1103 4841 1280 4880 semen
1310 4837 1583 4880 servorum
1608 4821 1742 4890 ejus.

680 5039 758 5098 ΙΝ
802 5037 1179 5098 PSALMUM
1245 5035 1452 5095 LXIX

869 5161 993 5213 ENA
1005 5159 1276 5213 “RATIO.

933 5287 1103 5326 senato
1135 5277 1229 5340 to).

376 5410 424 5462 i.
456 5405 606 5479 Iners.
638 5404 718 5478 2.]
747 5405 954 5462 Gratias
982 5421 1147 5476 grano
1173 5405 1350 5464 tritici,
1383 5404 1504 5474 quia
1539 5405 1671 5457 mori
1703 5403 1866 5456 Voluit

303 5515 353 5554 et
386 5499 720 5568 multiplicari
753 5498 929 5569 (Joan.
960 5514 1056 5562 xu,
1088 5495 1424 5567 Sbjzgratias
1447 5496 1600 5550 unico
1623 5495 1756 5548 Filio
1776 5494 1864 5547 Dci

303 5594 526 5648 Domino
553 5600 607 5647 et
637 5592 895 5646 Salvatori
927 5602 1106 5646 nostro
1129 5590 1252 5644 Jesu
1275 5589 1503 5655 Christo,
1530 5590 1614 5658 qui
1646 5599 1867 5641 ιειρηυιιι

367 5731 381 5758 ³
418 5731 488 5777 sic.
509 5743 566 5776 ex
587 5728 866 5776 melioribus
886 5734 989 5775 Mss.
1011 5729 1143 5786 juxta
1163 5733 1286 5773 LXX.
1313 5725 1512 5788 [ludat]

366 5792 440 5848 (1;)
477 5797 532 5839 tu-
544 5798 788 5850 atui-Lyrqu
813 5788 1115 5838 solennitate
1142 5790 1345 5837 hahttus.

1363 322 1755 381 ENAllRATiO
1793 319 1858 375 lN
1898 321 2214 377 PSALMUM
2240 321 2422 376 LXIX.

3398 373 3402 377 .
3423 329 3527 384 866

1965 450 2197 494 nostram
2219 441 2397 494 subire
2419 455 2520 494 non
2547 439 2857 510 dedignatus
2881 450 2981 507 est,
3007 451 3059 495 ut
3086 459 3181 496 nos
3205 445 3307 498 vita
3333 460 3426 500 sua
3446 446 3530 500 tli-

1960 546 2090 599 gnos
2125 530 2343 586 faceret.
2377 531 2512 584 Ecce
2535 531 2622 600 qui
2654 532 2935 602 singularis
2962 543 3076 586 erat
3097 576 3112 598 ,
3145 536 3317 590 donec
3349 547 3528 592 trans-

1961 623 2080 688 iret,
2112 623 2246 676 sicut
2271 623 2403 676 dixit
2431 623 2481 677 in
2514 624 2734 693 psalmo,
2769 625 3060 694 Singularis
3087 643 3178 696 ego
3205 643 3337 694 sum,
3369 633 3527 683 donec

1959 722 2206 766 transeam
2234 711 2401 781 (Psal.
2425 729 2544 781 ch,
2580 713 2666 782 10)
2692 731 2704 765 :
2728 715 2848 783 quia
2877 715 2953 768 sic
2978 723 3092 768 erat
3119 717 3384 786 singulare
3405 733 3530 786 gra-

1913 799 1916 801 ’
1959 817 2106 867 num,
2133 813 2191 856 ut
2217 802 2265 855 in
2295 817 2352 857 se
2381 803 2599 856 haberet
2632 820 2875 874 magnam
2905 805 3258 859 ιιιυιιίιιιάἰιιίς
3291 807 3530 862 fecundi-

1961 899 2154 955 tatem;
2187 895 2238 945 in
2267 892 2478 960 quantis
2505 893 2684 961 granis
2725 895 3023 961 passiooem
3053 895 3167 963 ejus
3207 897 3534 952 imitantibus

1960 981 2288 1036 exsultamus
2305 1024 2318 1050 ,
2343 982 2555 1052 quando
2579 986 2811 1058 uatalitia
2849 985 3132 1056 Martyrum
3148 988 3528 1060 .cclebramus!

1959 1073 2120 1128 Multa
2148 1089 2275 1145 ergo
2305 1076 2543 1129 membra
2570 1076 2704 1145 ejus,
2738 1077 2836 1131 sub
2866 1094 2971 1132 uno
2996 1081 3168 1147 capite
3203 1082 3317 1152 ipso
3345 1083 3532 1138 Salva-

1960 1175 2075 1221 tore
2100 1175 2280 1221 nostro
2310 1166 2585 1222 cbaritatis
2608 1177 2662 1222 et
2694 1162 2837 1237 pacis
2862 1170 3077 1224 vinculo
3097 1171 3366 1243 colligata,
3395 1175 3533 1230 sicut

1959 1270 2118 1310 nosse
2146 1255 2437 1325 diguamini
2463 1297 2478 1322 ,
2508 1257 2755 1326 quoniam
2786 1260 3080 1326 smpissime
3109 1262 3332 1317 audistis
3352 1306 3366 1331 ,
3397 1281 3532 1320 unus

1958 1343 2121 1399 homo
2165 1355 2326 1400 sunt:
2357 1355 2411 1400 et
2441 1347 2674 1415 ipsorum
2722 1358 2777 1402 ut
2805 1349 2962 1402 unius
3000 1351 3229 1407 hominis
3271 1370 3370 1407 vox
3420 1357 3534 1424 ple-

1959 1451 2181 1504 rumque
2207 1436 2259 1489 in
2292 1436 2514 1490 Psalmis
2542 1437 2780 1502 auditur;
2815 1446 2869 1492 et
2893 1440 2969 1494 sic
3002 1441 3196 1494 clamat
3240 1459 3375 1498 unus
3417 1454 3534 1499 tan-

1958 1541 2116 1596 quam
2145 1542 2330 1580 omnes
2349 1570 2364 1592 ,
2408 1529 2527 1598 quia
2557 1544 2743 1583 omnes
2774 1531 2824 1583 in
2870 1547 2974 1584 uno
3006 1549 3140 1587 unus
3169 1543 3311 1588 sunt.
3337 1537 3534 1591 Audia-

1961 1631 2078 1670 mus
2107 1631 2234 1686 ergo
2259 1619 2508 1688 quoniam
2550 1619 2928 1675 laboraverunt
2975 1633 3268 1696 martyres,
3303 1636 3357 1680 et
3393 1628 3532 1684 inter

1961 1722 2178 1777 magnas
2205 1717 2543 1778 tempestates
2574 1709 2816 1764 odiorum
2862 1713 2912 1765 in
2955 1713 3056 1768 hoc
3085 1715 3277 1771 satcnlo
3317 1720 3531 1787 pericli-

1962 1799 2051 1850 tati
2077 1805 2228 1864 sunt;
2263 1815 2366 1852 non
2398 1810 2501 1854 tam
2529 1815 2771 1870 corpore,
2801 1804 2938 1872 quod
2965 1805 3286 1876 quandoque
3309 1813 3532 1879 posituri

1961 1901 2134 1954 erant,
2160 1891 2250 1944 sed
2289 1890 2398 1960 ipsa
2427 1891 2549 1955 ﬁde,
2581 1908 2648 1948 ne
2670 1893 2978 1949 deficientes
2999 1938 3014 1960 ,
3056 1906 3109 1950 et
3153 1898 3288 1954 forte
3327 1903 3534 1958 acerbis

1961 1985 2384 2052 persecutionum
2433 1984 2702 2058 cedentes
2727 1984 3037 2053 doloribus,
3078 1991 3165 2044 vel
3207 1995 3372 2048 amori
3414 1997 3534 2051 vita:

1961 2073 2137 2144 hujus,
2170 2077 2474 2130 amitterent
2494 2077 2633 2146 quod
2665 2079 2979 2147 promiserat
3003 2081 3138 2136 Deus
3169 2101 3182 2135 :
3212 2087 3297 2153 qui
3330 2104 3433 2142 non
3456 2107 3535 2143 so-

1961 2166 2067 2220 lum
2116 2170 2309 2234 verbo,
2359 2169 2452 2223 sed
2498 2171 2658 2224 etiam
2703 2173 2948 2241 exemplo
2991 2173 3281 2230 abstulerat
3321 2196 3532 2236 omnem

1961 2259 2236 2326 timorem;
2265 2260 2451 2326 verbo,
2481 2261 2684 2346 dicens,
2713 2260 2889 2316 Nolite
2919 2264 3093 2317 timere
3115 2281 3199 2320 eos
3233 2268 3318 2338 qui
3354 2288 3535 2341 corpus

1959 2359 2223 2422 occidunt;
2251 2361 2471 2413 animum
2500 2371 2665 2414 autem
2693 2379 2792 2416 non
2823 2377 3029 2434 possunt
3056 2369 3282 2423 occidere
3314 2369 3331 2438 (
3341 2368 3528 2422 Matth.

1961 2464 2015 2514 χ,
2038 2447 2165 2520 28);
2194 2451 2456 2520 exemplo,
2487 2450 2684 2508 faciens
2706 2454 2845 2524 quod
2867 2457 3029 2510 verbo
3052 2461 3319 2528 pra-cepit,
3354 2469 3409 2514 ut
3437 2475 3545 2516 nec

1966 2555 2148 2594 eorum
2181 2541 2577 2598 verberantium
2606 2560 2794 2600 mauus
2833 2547 2993 2602 vellet
3019 2546 3275 2612 devitarc,
3310 2566 3407 2606 nec
3435 2554 3536 2606 ala-

1963 2645 2055 2699 pas
2086 2631 2489 2700 percuticntium
2516 2673 2530 2696 ,
2573 2649 2671 2689 nec
2712 2634 2905 2692 salivas
2951 2641 3352 2708 conspuentium
3377 2683 3391 2708 ,
3437 2657 3536 2696 nec

1959 2734 2211 2775 coronam
2239 2721 2307 2778 de
2333 2723 2499 2792 spinis
2531 2723 2914 2793 imponentium
2933 2769 2949 2795 ,
2975 2744 3073 2784 nec
3100 2745 3311 2786 crucem
3340 2733 3531 2787 interti-

1960 2811 2250 2867 cientium:
2281 2812 2408 2868 nihil
2451 2813 2642 2869 horum
2673 2816 2840 2871 vitare
2865 2819 3055 2886 voluit,
3099 2821 3182 2875 cui
3228 2822 3354 2877 nihil
3402 2839 3539 2894 opus

1962 2914 2097 2971 erat,
2123 2914 2338 2974 propter
2367 2920 2460 2960 eos
2485 2907 2676 2976 quibus
2696 2907 2795 2963 hoc
2815 2923 2948 2979 opus
2970 2920 3114 2977 erat;
3146 2913 3344 2969 faciens
3364 2930 3535 2984 aegro-

1965 2996 2031 3049 tis
2084 2995 2153 3050 de
2208 2997 2383 3065 seipse
2440 2997 2907 3054 medicamentum.
2963 3001 3361 3060 Laboraverunt
3408 3021 3537 3077 ergo

1962 3095 2256 3158 martyres;
2299 3097 2351 3142 et
2381 3088 2482 3143 nisi
2512 3089 2600 3144 ille
2631 3104 2851 3160 semper
2877 3091 3088 3147 adesset
3131 3096 3219 3164 qui
3263 3097 3363 3161 ait,
3405 3097 3538 3152 Ecce

1963 3193 2050 3248 ego
2069 3176 2317 3231 vobiscum
2337 3195 2447 3232 sum
2463 3196 2617 3250 usque
2635 3181 2703 3234 ad
2721 3185 3196 3238 consummationem
3214 3189 3388 3242 saeculi
3422 3187 3532 3259 (Id.

1961 3285 2144 3328 xxvnt.
2176 3267 2291 3342 9.0),
2322 3271 2502 3340 utique
2527 3269 2866 3326 defecissent.

2029 3359 2084 3412 2.
2114 3359 2210 3414 Est
2231 3375 2358 3430 ergo
2386 3360 2438 3414 in
2466 3362 2571 3416 hoc
2599 3362 2802 3431 psalmo
2828 3377 2930 3417 vox
2955 3366 3423 3422 contribulatorum
3446 3385 3459 3433 ;
3483 3381 3536 3423 ct

1961 3450 2085 3505 ideo
2103 3452 2283 3520 utique
2310 3462 2601 3523 martyrum
2635 3453 2773 3508 inter
2803 3455 3075 3522 passiones
3098 3445 3530 3525 periclitantium,

1961 3541 2052 3596 sed
2081 3541 2146 3596 de
2191 3555 2290 3596 suo
2317 3543 2490 3611 capite
2525 3543 2978 3611 przesumentium.
3011 3545 3302 3602 Audiamus
3328 3565 3450 3615 eos,
3480 3559 3536 3605 ct

1963 3632 2239 3700 IOquamur
2253 3646 2370 3684 cum
2392 3631 2470 3685 eis
2495 3646 2558 3684 ex
2580 3631 2770 3686 affectu
2797 3632 2992 3699 cordis,
3015 3635 3357 3698 etiamsinon
3383 3638 3535 3692 simi-

1963 3721 2185 3774 litudine
2211 3721 2488 3790 passionis.
2516 3721 2761 3776 lllicnim
2801 3722 2910 3792 jam
2957 3727 3193 3779 coronati
3237 3730 3390 3794 sunt";
3436 3745 3539 3784 nos

1963 3811 2135 3865 adhuc
2162 3811 2520 3881 periclitamur
2545 3829 2558 3864 :
2583 3828 2688 3866 non
2715 3814 2835 3883 quia
2865 3814 2996 3869 tales
3018 3831 3114 3870 nos
3137 3820 3532 3886 persecutiones
3605 3809 3609 3814 ’

1965 3911 2171 3973 urgent,
2204 3902 2385 3972 quales
2415 3903 2556 3972 ipsos
2596 3915 2878 3970 arserunt;
2924 3906 3018 3960 sed
3057 3907 3280 3964 fortasse
3325 3911 3532 3981 pejores

1966 3995 2018 4048 in
2049 3994 2367 4050 omnimodis
2395 3996 2676 4066 generibus
2705 4006 2973 4052 tantorum
2995 4000 3389 4058 scandalormn.
3420 4005 3539 4059 No--

1964 4094 2072 4140 stra
2097 4087 2237 4140 enim
2269 4098 2508 4156 tempora
2545 4088 2711 4157 magis
2740 4088 3008 4144 abundant
3035 4092 3124 4146 illo
3154 4091 3240 4146 Va:
3259 4095 3397 4163 quod
3420 4097 3539 4150 clad

1964 4179 2125 4231 mavit
2149 4178 2402 4232 Dominus
2433 4194 2447 4231 :
2489 4176 2788 4232 Vae-mundo
2823 4179 2885 4233 ab
2925 4182 3177 4238 scandatis
3215 4183 3342 4254 (Id.
3378 4202 3542 4252 avni,

1967 4267 2044 4335 7).
2069 4266 2135 4320 Et
2161 4269 2398 4336 quoniam
2419 4267 2686 4322 abundavit
2712 4270 2968 4340 iniquitas,
3002 4275 3282 4343 refrigescet
3313 4277 3542 4330 Charitas

1964 4359 2234 4412 multorum
2278 4358 2404 4430 (1d.
2453 4375 2608 4425 sxw,
2655 4360 2783 4430 12).
2829 4361 3008 4433 Neque
3052 4365 3190 4419 enim
3237 4377 3288 4420 et
3317 4367 3412 4420 Lot
3443 4369 3542 4423 ille

1963 4461 2176 4504 sanctus
2197 4493 2211 4512 ,
2243 4451 2292 4503 in
2323 4449 2567 4505 Sodomis
2597 4453 2664 4507 ab
2703 4437 2878 4523 aliquo
2905 4457 3234 4522 corporalem
3278 4473 3530 4525 persecu-

1965 4544 2160 4597 tionem
2184 4544 2496 4612 paticbatur,
2520 4555 2606 4598 aut
2626 4545 2822 4599 dictum
2848 4547 2920 4600 illi
2950 4560 3062 4602 erat
3089 4560 3144 4602 ut
3172 4565 3274 4603 non
3298 4553 3363 4604 ibi
3387 4553 3534 4606 habia

1966 4644 2134 4698 taret;
2189 4636 2484 4702 persecutio
2539 4637 2692 4706 ejus,
2753 4639 2882 4692 facta
2943 4641 3076 4694 mala
3133 4641 3528 4700 Sodomitarum

1964 4735 2112 4778 erant
2137 4724 2282 4794 (Gen.
2303 4729 2430 4795 xxx).
2451 4726 2596 4781 Nunc
2617 4729 2863 4796 ergojam
2888 4729 3097 4784 Chrile
3118 4731 3167 4784 in
3191 4735 3326 4788 cosio
3348 4736 3534 4790 scden-I
3578 4789 3586 4794 .

1967 4826 2045 4877 te,
2079 4816 2181 4884 jam
2213 4815 2538 4885 glorificato,
2580 4817 2687 4886 jam
2720 4819 2972 4885 subjcCtis
3015 4823 3305 4878 cervicibus
3341 4842 3532 4896 regitur

1960 4907 2084 4976 jugo
2114 4907 2228 4976 ejus
2254 4949 2268 4970 ,
2299 4919 2350 4961 ct
2381 4909 2666 4977 suppositis
2695 4925 2878 4962 eorum
2909 4910 3171 4966 frontibus
3199 4915 3348 4983 signo
3379 4919 3524 4984 ejus;

1959 4997 2066 5064 jam
2099 4997 2242 5049 nullo
2284 5007 2592 5053 remanente
2631 5001 2715 5067 qui
2767 5001 2935 5066 palam
2976 5001 3289 5060 Christianis
3335 5009 3538 5062 audeat

1966 5086 2237 5148 insultare,
2260 5086 2431 5141 adlmc
2462 5097 2634 5142 tamen
2665 5089 2800 5142 inter
2823 5105 3014 5160 organa
3040 5103 3093 5148 et
3119 5095 3533 5166 symphoniacos

1963 5177 2255 5246 gemimus;
2285 5175 2456 5229 adlmc
2483 5175 2554 5230 illi
2589 5177 2780 5232 inimici
2808 5179 3090 5250 Martyrum
3113 5185 3279 5254 ,‘quia
3308 5187 3531 5242 vocibus

1961 5279 2013 5322 et
2041 5267 2180 5322 ferro
2208 5283 2309 5321 non
2339 5277 2558 5338 possunt
2579 5310 2591 5332 ,
2624 5286 2716 5326 eos
2743 5287 2834 5325 sua
2876 5273 3077 5330 luxuria
3115 5289 3530 5348 persequuntun

1962 5361 2132 5427 Atque
2159 5358 2356 5412 utinam
2387 5359 2623 5428 Pagauos
2646 5364 3007 5419 tantummodo
3033 5366 3331 5423 doleremus
3354 5370 3405 5424 ‘l
3434 5383 3532 5422 (ξε-ι-

1961 5459 2042 5502 set
2071 5450 2448 5518 qualecumque
2473 5451 2752 5516 solatium,
2787 5468 3098 5525 exspectare
3124 5475 3217 5514 eos
3261 5461 3347 5528 qui
3386 5477 3522 5513 non-

1959 5539 2079 5592 dum
2110 5553 2264 5592 cruce
2293 5538 2483 5593 Christi
2513 5541 2700 5610 signati
2727 5554 2879 5606 sunt,
2907 5549 3115 5615 quando
3145 5551 3434 5617 signentur,
3466 5560 3525 5606 et

1960 5629 2167 5698 quando
2202 5631 2313 5699 ejus
2343 5632 2656 5688 auctoritate
2691 5635 2886 5704 alligati
2922 5641 3164 5693 desinant
3207 5641 3400 5694 furere.
3432 5641 3512 5695 ’1ἷί-

2027 5765 2042 5794 t
2080 5764 2148 5811 :‘ic
2173 5771 2276 5812 MSS.
2301 5762 2412 5813 Edd.
2437 5777 2574 5824 vero,
2597 5766 2933 5818 toleraremus
