4020 6198
537 343 639 400 867

539 551 593 604 in
620 550 730 618 ipsa
759 549 931 601 fronte
958 557 1170 617 portare
1197 546 1576 617 impudentiam
1608 548 1954 609 luxuriarunr,
1987 548 2099 602 die-

535 639 737 708 busque
762 648 817 692 et
844 637 1266 692 solemnitatibus
1312 648 1606 708 martyrum
1651 653 1755 692 non
1794 638 2089 705 exsultare,

531 730 626 784 sed
649 731 921 784 insultare.
946 730 1009 784 Et
1034 730 1171 785 inter
1196 729 1310 784 haec
1330 732 1611 799 g’emirnus,
1636 741 1689 785 et
1714 731 1825 786 lucc
1845 746 2097 799 persecu-

532 823 604 877 tio
622 833 798 877 nostra
821 833 922 890 est,
950 824 993 878 si
1015 834 1095 878 est
1122 822 1173 877 iu
1202 824 1355 878 nobis
1380 823 1613 878 charitas
1636 839 1753 892 quae
1776 824 1947 876 dient:
1974 823 2097 889 Quis

529 912 838 982 inﬁrmatur,
879 924 922 968 et
964 930 1062 966 non
1092 930 1180 985 ego
1208 913 1477 980 inﬁrmor?
1501 913 1611 981 quis
1636 913 2027 976 scandalizatur,
2053 923 2097 964 et

528 1023 630 1060 non
652 1024 741 1077 ego
767 1022 887 1061 uror
913 1007 932 1077 (
956 1006 997 1060 ll
1021 1005 1135 1059 Cor.
1170 1022 1244 1073 ιι,
1272 1004 1341 1060 29
1365 1006 1416 1077 )?
1441 1005 1623 1059 Nullus
1650 1021 1775 1075 ergo
1795 1021 1978 1061 servus
2004 1005 2096 1059 Dei

528 1099 645 1154 sine
674 1099 1078 1169 persecutione;
1107 1113 1395 1168 verumque
1422 1108 1504 1152 est
1546 1098 1668 1152 illud
1699 1098 1836 1167 quod
1872 1099 2097 1167 Aposto-

528 1188 613 1244 lus
638 1190 710 1244 ait
737 1209 751 1244 :
782 1189 887 1244 Sed
912 1199 960 1243 et
988 1206 1157 1243 omnes
1183 1189 1269 1257 qui
1293 1174 1464 1242 volunt
1496 1190 1549 1241 in
1582 1187 1778 1243 Christo
1804 1191 1883 1261 pie
1914 1189 2092 1254 vivere,

530 1281 919 1349 persecutionem
951 1281 1201 1349 patientur
1219 1278 1286 1348 (ll
1311 1277 1439 1332 Tim.
1463 1294 1540 1343 ru,
1570 1276 1678 1350 12).
1700 1277 1908 1333 Videris
1934 1279 2090 1342 unde,

529 1370 728 1425 videris
756 1370 1058 1439 quomodo;
1089 1369 1331 1424 diabolus
1360 1369 1449 1423 ille
1477 1367 1718 1423 biformis
1744 1379 1846 1423 est.
1883 1369 1991 1422 Leo
2015 1379 2096 1422 est

530 1460 584 1515 in
614 1461 812 1529 impetu
835 1501 849 1524 ,
880 1460 1042 1515 draco
1073 1460 1127 1515 in
1155 1460 1380 1515 insidiis.
1408 1459 1518 1516 Leo
1558 1460 1807 1523 minetur,
1849 1460 2095 1515 iuirnicus

529 1561 644 1617 est;
671 1551 835 1606 draco
864 1551 1165 1616 insidietur,
1209 1552 1454 1607 inimicus
1483 1560 1583 1606 est.
1616 1549 1838 1617 Quando
1881 1565 1976 1605 nos
2005 1565 2094 1605 se-

528 1644 680 1697 euri?
704 1644 837 1699 Ecce
866 1643 996 1697 ﬂant
1033 1658 1219 1698 omnes
1244 1641 1565 1704 Christiani,
1599 1640 1856 1713 numquid
1890 1650 1944 1696 et
1977 1641 2092 1696 dia-

528 1732 683 1786 bolus
725 1732 1042 1787 cbristianus
1088 1731 1231 1788 erit?
1274 1731 1503 1787 Tentare
1549 1746 1676 1801 ergo
1730 1747 1833 1785 non
1885 1740 2089 1795 cessat;

527 1823 764 1877 insidiari
807 1814 927 1877 uon‘
949 1832 1142 1878 cessat.
1170 1823 1463 1878 lul'reuatus
1490 1833 1573 1877 est
1600 1832 1757 1890 atque
1783 1823 2010 1893 illigatus
2040 1823 2093 1877 in

524 1917 773 1971 cordibus
804 1917 1103 1986 irnpiorunr,
1133 1933 1200 1971 ne
1226 1916 1407 1971 sazviat
1434 1917 1483 1970 in
1511 1916 1800 1970 Ecclesium
1825 1958 1840 1979 ,
1882 1925 1935 1970 et
1973 1924 2091 1969 tau—

527 2018 640 2060 turu
673 2007 821 2061 faciat
852 2014 1106 2076 quantum
1148 2006 1277 2059 vult.
1310 2004 1563 2060 Frcnrunt
1588 2005 1773 2059 dentes
1813 2005 2091 2073 irupinrruu

524 2096 780 2152 adversus
821 2098 1127 2165 dignitatern
1159 2095 1411 2151 Ecclesia:
1454 2105 1508 2150 et
1552 2110 1732 2164 pacem
1763 2094 2093 2152 Christiano-

525 2205 641 2242 rrnrr
666 2229 681 2252 ,
710 2198 762 2244 ct
786 2189 908 2258 quia
940 2204 1043 2242 non
1076 2188 1271 2242 trahent
1313 2187 1437 2257 quid
1481 2176 1636 2257 agant
1663 2188 1956 2254 stcvieudo;
1988 2188 2092 2243 Sal-

525 2281 724 2343 raudo,
772 2279 1226 2348 blasphemando,
1271 2279 1617 2343 luxuriaudo,
1666 2295 1772 2333 non
1816 2279 2092 2349 irupellunt

524 2388 747 2441 corpora
777 2370 1213 2435 Christianorrnn,
1240 2370 1332 2424 sed
1360 2371 1590 2424 lacerant
1618 2370 1819 2425 animus
1841 2370 2091 2425 Christia-

525 2480 733 2519 norum.
758 2462 1057 2517 Clameunrs
1083 2479 1208 2533 ergo
1236 2479 1338 2518 una
1367 2479 1498 2517 voce
1528 2478 1716 2518 ornues
1744 2463 1901 2519 verba
1936 2464 2049 2518 hare
2074 2482 2087 2519 :

525 2555 683 2621 Deus,
704 2557 754 2609 in
771 2556 1077 2624 adiutorium
1095 2572 1257 2609 meum
1284 2556 1497 2609 intende.
1514 2553 1656 2623 Opus
1675 2556 1815 2610 enim
1836 2555 2091 2611 habemus

524 2650 848 2716 sempiterno
893 2648 1154 2718 adjutorio
1193 2649 1244 2702 in
1288 2648 1391 2703 isto
1419 2648 1634 2704 sacculo.
1666 2648 1889 2717 Quando
1915 2661 2089 2703 autem

526 2741 663 2793 non!
696 2738 852 2794 Modo
878 2750 1053 2794 tamen
1080 2741 1096 2771 ¹
1127 2740 1179 2794 in
1207 2740 1542 2794 tribulatione
1568 2739 1725 2809 positi
1758 2739 1985 2794 maxime
2007 2740 2090 2794 di-

523 2847 706 2886 camus
729 2849 741 2883 :
766 2829 922 2897 Deus,
950 2832 1003 2885 in
1030 2832 1341 2901 adjutorium
1368 2848 1531 2886 meum
1559 2832 1776 2885 intende.

592 2923 645 2976 5.
687 2920 835 2994 [vers.
864 2919 942 2993 5.]
982 2921 1370 2992 Confundaatur
1416 2933 1463 2975 et
1489 2932 1804 2979 revercantur
1827 2923 1915 2991 qui
1948 2940 2088 2991 qua:-

523 3024 637 3067 runt
661 3015 881 3067 animant
912 3030 1091 3067 meam.
1132 3011 1371 3068 Christus
1403 3013 1530 3068 dicit
1557 3033 1570 3066 ε
1601 3015 1715 3068 sive
1738 3024 1895 3083 caput
1930 3014 2088 3079 dicat,

525 3104 636 3157 sive
655 3118 848 3173 corpus
876 3102 1054 3166 dicat;
1084 3103 1170 3156 ille
1199 3103 1344 3167 dicit,
1384 3104 1472 3171 qui
1510 3104 1641 3158 dixit
1672 3124 1685 3159 :
1712 3104 1844 3169 Quid
1872 3122 1949 3158 me
1977 3123 2091 3174 per-

523 3195 738 3264 sequeris
785 3194 917 3263 (Act.
971 3210 1045 3255 ιχ.
1077 3194 1173 3259 4)?
1217 3195 1304 3248 ille
1346 3194 1491 3257 dicit,
1523 3196 1609 3265 qui
1656 3196 1788 3250 dixit
1816 3215 1831 3251 :
1856 3196 1978 3251 Cum
2006 3201 2090 3251 uni

524 3302 586 3338 ex
611 3286 825 3338 minimis
854 3285 975 3339 meis
995 3285 1756 3356 fecistis,nti/tifecistisUlattlt.
1806 3304 1932 3354 xxv,
1974 3291 2088 3359 40).

524 3375 656 3429 No:a
682 3386 911 3447 estergo
939 3392 1038 3430 vox
1080 3376 1234 3445 hujus
1259 3375 1505 3443 hominis,
1538 3378 1699 3435 totius
1722 3376 1967 3449 hominis,
2000 3396 2089 3434 ca-

527 3468 646 3536 pitis
671 3478 722 3521 et
742 3467 979 3536 corporis
1002 3485 1015 3519 :
1044 3484 1146 3521 non
1174 3483 1315 3538 satpe
1333 3469 1769 3535 commendanda,
1797 3472 1916 3543 quia
1944 3465 2087 3528 nata.

524 3556 927 3627 Confunda'ntur,
960 3558 1146 3627 inquit,
1183 3572 1227 3612 ct
1255 3571 1571 3613 revereantur
1605 3562 1687 3630 qui
1720 3574 1947 3630 quaerunt
1976 3564 2089 3616 ani-

525 3665 658 3702 mant
699 3663 877 3702 nteant.
932 3648 986 3704 lrr
1028 3650 1131 3704 alio
1173 3651 1377 3720 psalmo
1424 3650 1993 3708 dicit:Considcrabant
2039 3657 2091 3710 iu

525 3744 797 3809 dexteram,
827 3752 873 3797 et
910 3743 1154 3807 uidebant,
1182 3752 1227 3797 et
1253 3760 1353 3798 non
1381 3753 1486 3798 erat
1518 3745 1602 3814 qui
1621 3759 1930 3816 cognosceret
1979 3766 2090 3802 me:

526 3836 669 3904 pcriit
695 3840 814 3905 fuga
833 3852 863 3888 a
889 3852 985 3901 me,
1015 3847 1063 3889 et
1088 3853 1187 3890 non
1219 3846 1290 3890 est
1312 3838 1396 3905 qui
1425 3838 1648 3903 exquirat
1669 3839 1888 3892 animant
1931 3858 2091 3893 nteant

529 3924 697 3989 (Psal.
725 3940 862 3984 cxu,
892 3925 965 3993 5).
994 3926 1064 3978 lhi
1086 3925 1152 3980 de
1177 3927 1594 3994 persecutoribus
1619 3928 1692 3982 ait
1716 3929 1834 3997 quia
1857 3944 1960 3982 non
1980 3941 2090 3985 erat

525 4015 611 4081 qui
642 4016 939 4083 exquireret
967 4017 1194 4070 animam
1220 4017 1367 4083 ejus;
1395 4015 1679 4073 hicvautem
1714 4036 1727 4072 :
1761 4017 2091 4089 Confundan-

525 4111 628 4169 tur,
656 4112 702 4157 et
725 4117 1038 4159 rcucrcautur
1060 4107 1145 4172 qui
1173 4117 1401 4177 quwrunt
1420 4109 1639 4183 animum
1667 4126 1847 4163 nteant.
1872 4110 2094 4166 Dolebat

522 4210 583 4254 se
613 4211 714 4248 non
745 4197 905 4265 quaeri
937 4196 1001 4250 ad
1042 4197 1383 4263 imitandum;
1425 4199 1669 4269 gemebat
1708 4216 1767 4256 se
1815 4202 1978 4272 qumri
2027 4203 2091 4257 ad

526 4285 951 4355 opprimendum.
981 4286 1184 4354 Qua-ris
1208 4288 1434 4342 animam
1458 4289 1605 4358 justi,
1637 4305 1755 4344 eum
1786 4291 1977 4345 imitari
2004 4307 2095 4347 co-

525 4378 695 4446 gitas;
739 4377 933 4446 quan-is
974 4377 1201 4431 animam
1236 4377 1382 4446 justi,
1427 4395 1548 4434 cum
1593 4380 1835 4436 occidere
1871 4381 2090 4452 cogitas.

526 4467 782 4532 Quoniam
810 4466 1016 4521 duobus
1043 4467 1211 4521 modis
1236 4468 1486 4538 quarritur
1506 4470 1677 4523 aaiura
1701 4470 2089 4538 hominisjnsli,

526 4559 712 4629 singuli
757 4560 807 4613 in
835 4558 1053 4630 singulis
1082 4558 1294 4627 psalmis
1331 4560 1566 4629 expressi
1607 4570 1746 4615 sunt.
1778 4562 1884 4616 lllic
1927 4561 2090 4629 dolet,

528 4652 645 4719 quia
675 4661 881 4707 nonest
911 4649 999 4722 qui
1030 4650 1260 4720 requirat
1287 4651 1514 4705 arrinrarrr
1545 4651 1661 4720 ejus
1697 4653 1763 4707 ad
1785 4654 2094 4710 imitandum

530 4743 796 4807 passiones
821 4744 935 4813 ejus
957 4761 972 4803 :
1002 4743 1088 4796 hic
1111 4752 1285 4797 autem
1318 4759 1331 4796 :
1361 4741 1745 4812 Confundantur
1772 4754 1816 4798 et
1842 4761 2095 4800 rcuereaa-

529 4844 596 4883 rut
634 4833 715 4899 qui
742 4845 966 4902 quwrunt
985 4836 1205 4888 animum
1234 4850 1413 4887 nteant.
1440 4834 1690 4901 Qutcruut
1709 4835 1935 4889 auirnarn
1957 4837 2091 4904 ejus,

529 4935 631 4974 non
665 4932 720 4975 ut
752 4923 882 4976 duas
929 4925 1175 4980 babearrt.
1203 4923 1316 4980 Non
1344 4926 1486 4980 enim
1526 4925 1602 4979 sic
1626 4925 1932 4995 quaerebant
1981 4927 2097 4980 ani-

529 5027 667 5066 mam
715 5011 848 5082 ejus,
893 5015 1156 5084 quomodo
1182 4998 1373 5087 quaerit
1415 5017 1550 5071 latro
1585 5018 1811 5073 tunicam
1838 5020 2093 5075 viatoris:

530 5110 591 5164 :d
640 5104 741 5159 hoc
766 5102 977 5170 occidit,
1007 5117 1064 5162 ut
1108 5110 1393 5178 exspoliet,
1440 5120 1496 5163 ut
1536 5109 1745 5164 trahent.
1776 5109 1876 5177 Qui
1920 5122 2093 5164 autem

530 5197 862 5265 persequitur
904 5206 960 5251 ut
1012 5200 1237 5266 occidat,
1292 5202 1524 5256 excludit
1575 5202 1824 5268 animam,
1880 5219 1985 5257 non
2037 5218 2098 5257 se

531 5287 703 5342 vestit.
741 5287 994 5355 Quaerunt
1026 5289 1105 5355 illi,
1128 5291 1353 5345 animam
1387 5309 1588 5356 meam;
1617 5294 1858 5350 occidere
1886 5309 1972 5349 me
2001 5310 2095 5348 vo-

531 5380 659 5433 lunt.
688 5378 822 5447 Quid
849 5394 975 5449 ergo
1005 5387 1059 5432 tu
1082 5379 1186 5435 illis
1213 5382 1404 5449 optas?
1429 5383 1833 5453 Confuudantur,
1882 5397 1928 5440 et
1956 5402 2095 5440 reve-

531 5481 749 5525 reantur.
786 5471 850 5525 Et
876 5470 962 5525 ubi
1004 5479 1086 5524 est
1111 5470 1251 5539 quod
1277 5471 1466 5526 audisti
1497 5476 1526 5526 ὁ
1552 5475 1771 5529 Domino
1799 5486 1888 5530 tuo
1913 5493 1926 5528 :
1959 5477 2093 5529 Dili-

531 5564 629 5632 gite
661 5564 886 5617 inimicos
929 5572 1132 5625 uestros,
1160 5560 1427 5627 benefacite
1455 5563 1530 5616 Itis
1557 5565 1641 5632 qui
1678 5565 1885 5619 oderunt
1912 5583 2018 5631 vos,
2048 5578 2094 5621 et

532 5664 667 5708 .nate
689 5672 778 5725 pro
799 5655 876 5709 Iris
894 5655 978 5725 qui
1000 5648 1357 5722 persequuntur
1380 5669 1464 5706 vos
1485 5640 1695 5720 (Matth.
1726 5670 1778 5718 v,
1806 5655 1893 5724 44)
1914 5660 1937 5707 ‘!
1960 5655 2094 5712 Eece

589 5789 607 5822 ⁸
643 5789 824 5851 Aliquot
846 5798 970 5841 ωειλ
999 5788 1194 5854 Qiuuzdo
1210 5795 1365 5841 autem
1387 5801 1477 5840 non
1499 5801 1639 5840 moao
1667 5796 1877 5853 :tarncn,
1905 5799 1996 5842 etc.

1752 348 1811 402 S.
1854 341 2213 401 AUGUSTINI
2250 341 2544 398 EPISCOPI

536 460 723 519 demus
751 458 909 512 etiam
936 465 1203 527 portantes
1239 456 1291 510 in
1321 454 1494 512 fronte
1524 458 1728 526 signum
1758 459 1874 527 ejus
1897 499 1912 523 ,
1941 457 2094 510 simul
2142 500 2143 503 η

3668 306 3772 400 sos

2211 458 2626 525 persecutionem
2668 458 2883 526 pateris,
2917 467 2970 512 et
2997 457 3262 513 maledicis
3292 459 3372 513 eis
3399 474 3425 510 a
3469 458 3779 527 quibusqu-

2208 548 2332 601 teris
2357 565 2370 601 :
2398 547 2662 615 quomodo
2712 549 2934 603 imitaris
2974 552 3244 617 passioacs
3292 551 3647 616 praecedentes
3681 549 3784 601 lto-

2206 638 2333 691 rnini
2389 640 2482 700 tui,
2537 640 2814 707 pendentis
2855 640 2906 694 in
2952 655 3129 701 cruce,
3183 651 3236 692 et
3275 639 3495 693 dici-uiis
3540 657 3555 693 :
3601 638 3782 701 Pater,

2205 731 2406 797 ignosce
2420 732 2542 796 illis,
2569 733 2687 800 quia
2712 732 2934 785 nesciunt
2957 732 3079 803 quid
3099 733 3290 798 faciunt
3315 732 3461 801 (Luc.
3483 748 3633 793 xxut,
3653 733 3786 789 '55)?

2203 819 2509 890 ReSpondet
2553 823 2673 876 talia
2701 822 3000 877 dicentibus
3043 834 3264 892 martyr,
3308 835 3360 876 et
3388 822 3555 876 dicit:
3602 822 3787 875 ltomi-

2204 929 2328 968 num
2360 915 2487 968 mihi
2518 915 2835 985 preposuisti
2875 915 3158 979 dicentem,
3194 913 3366 978 Pater,
3410 914 3608 984 ignosce
3650 915 3788 982 illis,

2201 1005 2320 1067 quia
2343 1006 2567 1058 nesciunt
2609 1006 2731 1075 quid
2756 1005 2980 1077 faciunt;
3021 1021 3249 1074 agnosce
3275 1015 3326 1058 et
3357 1020 3539 1059 vocem
3581 1020 3785 1070 meam,

2203 1105 2260 1149 ut
2286 1097 2354 1150 sit
2377 1106 2431 1151 et
2461 1108 2567 1151 tua.
2609 1097 2744 1165 Quid
2770 1098 2909 1152 enim
2952 1097 3059 1152 dixi
3083 1098 3150 1151 de
3178 1098 3401 1151 inimicis
3421 1097 3598 1151 meis?
3643 1096 3788 1151 (Jon-

2201 1186 2500 1259 fundantur,
2526 1198 2571 1241 et
2598 1198 2930 1242 rever-cantur.
2963 1187 3077 1242 Jaur
3109 1188 3242 1242 facta
3283 1198 3364 1242 est
3391 1187 3510 1241 talis
3538 1187 3783 1242 vindicta

2200 1278 2266 1332 de
2293 1279 2521 1333 inimicis
2544 1290 2854 1347 martyrum.
2877 1278 3065 1333 Saulus
3092 1279 3180 1331 ille
3202 1278 3291 1347 qui
3316 1276 3648 1344 Stephanum
3668 1260 3789 1345 per-

2199 1377 2413 1425 secutus
2437 1379 2539 1430 est,
2568 1370 2819 1425 contusus
2845 1378 2926 1424 est
2959 1377 3015 1424 et
3039 1369 3317 1424 reveritus.
3351 1367 3652 1423 Anlrelahat
3678 1384 3789 1421 ra:-

2197 1462 2313 1527 des,
2370 1461 2644 1532 qua-rebat
2670 1477 2805 1532 quos
2847 1460 3139 1515 attraheret
3189 1469 3244 1514 et
3285 1467 3497 1513 neearet
3537 1476 3552 1512 :
3601 1457 3789 1512 audita

2197 1552 2426 1622 desuper
2454 1568 2602 1618 voce,
2625 1552 2802 1618 Saule,
2839 1550 3014 1616 Saule,
3042 1551 3163 1621 quid
3186 1567 3263 1604 me
3288 1549 3638 1619 persequeris?
3656 1564 3791 1609 enn-

2199 1643 2345 1698 ius-us
2374 1651 2427 1697 et
2448 1650 2745 1712 prostratus
2765 1652 2866 1708 est,
2888 1649 2943 1696 et
2974 1651 3184 1695 erectus
3210 1640 3277 1694 ad
3306 1638 3662 1694 obediendum
3691 1640 3786 1709 qui

2198 1732 2553 1788 inﬂammatus
2589 1740 2704 1786 erat
2741 1730 2807 1786 ad
2846 1730 3267 1802 persequendum
3313 1728 3448 1798 (Act.
3479 1737 3582 1795 vn,‘
3605 1730 3701 1794 57,
3731 1739 3786 1784 et

2197 1838 2271 1890 rx,
2303 1829 2354 1889 1,
2382 1824 2435 1886 4,
2455 1822 2531 1894 6).
2561 1822 2671 1877 lloe
2705 1838 2833 1892 ergo
2856 1831 3043 1891 optant
3071 1832 3329 1893 martyres
3354 1821 3582 1875 inimicis
3622 1821 3738 1875 suis
3764 1836 3783 1875 :

2195 1911 2601 1983 Confundantur,
2628 1923 2675 1967 et
2709 1922 3041 1968 revereantur.
3068 1913 3326 1981 Quamdiu
3354 1913 3493 1968 enim
3520 1928 3627 1968 non
3654 1928 3787 1968 con-

2194 2002 2487 2059 funduntur
2511 2011 2566 2059 et
2591 2014 2918 2071 reverentur,
2956 2018 3173 2059 necesse
3201 2016 3284 2059 est
3317 2005 3451 2059 facta
3477 2020 3575 2059 sua
3599 2005 3788 2061 deicnc

2194 2095 2591 2165 dant;gloriosi
2618 2095 2718 2152 sibi
2748 2095 3011 2162 videntrrr,
3048 2097 3170 2165 quia
3200 2106 3401 2164 tenent,
3433 2097 3558 2167 quia
3595 2096 3777 2166 ligant,

2195 2186 2315 2256 quia
2342 2185 2645 2254 verberant,
2683 2188 2802 2258 quia
2833 2187 3100 2251 occidunt,
3129 2187 3250 2256 quia
3281 2188 3495 2252 saltant,
3544 2189 3670 2258 quia
3700 2188 3776 2242 in-

2197 2279 2395 2332 sultant
2421 2296 2433 2331 :
2460 2278 2528 2333 de
2553 2279 2635 2332 his
2670 2278 2917 2333 omnibus
2948 2279 3098 2333 factis
3119 2278 3404 2349 aliquando
3447 2278 3776 2333 confundan-

2196 2380 2317 2433 tur,
2379 2380 2433 2424 et
2487 2381 2847 2424 revereautur.
2902 2370 2958 2423 Si
3019 2369 3160 2423 erriru
3228 2368 3658 2435 confundentur,
3725 2381 3779 2425 et

2194 2471 2601 2528 convertentur;
2625 2461 2744 2530 quia
2771 2462 3006 2515 converti
3029 2477 3132 2515 non
3160 2470 3398 2531 possunt.
3434 2462 3536 2516 nisi
3570 2462 3777 2517 confusi

2195 2551 2410 2614 fuerint,
2459 2561 2513 2605 et
2553 2551 2784 2607 reveriti.
2815 2551 3069 2620 Optumus
3099 2568 3224 2622 ergo
3256 2552 3371 2606 han:
3419 2552 3651 2607 iniruicis
3679 2568 3776 2606 no-

2195 2642 2352 2706 stris;
2404 2642 2576 2697 securi
2602 2651 2866 2711 optemus.
2914 2642 3050 2697 Ecce
3106 2658 3205 2713 ego
3250 2640 3380 2709 dixi,
3415 2651 3470 2698 et
3505 2643 3775 2698 vobiscum

2195 2731 2419 2785 dixerim
2449 2747 2672 2787 :omnes
2701 2733 2788 2802 qui
2816 2732 2989 2787 adhuc
3010 2732 3207 2787 saltant
3248 2744 3301 2788 et
3331 2743 3551 2789 cantant
3584 2746 3640 2789 et
3693 2736 3774 2789 in-

2194 2822 2392 2877 sultant
2450 2822 2798 2895 Martyribns,
2852 2822 3269 2894 confundantur,
3322 2833 3370 2877 et
3423 2833 3774 2888 reoawntur;

2194 2910 2476 2983 aliquando
2506 2913 2558 2966 in
2602 2913 2682 2967 his
2721 2912 3011 2982 parietibus
3058 2911 3279 2967 tundant
3311 2912 3515 2972 confusi
3556 2924 3772 2984 pectora

2194 3020 2309 3058 sua.

2263 3095 2318 3150 4.
2357 3093 2509 3167 [vcrs.
2538 3092 2618 3165 4.]
2648 3097 2942 3149 Avertautur
2967 3107 3257 3160 retrorsum,
3292 3106 3339 3149 et
3367 3096 3658 3150 erubescunt
3688 3098 3772 3168 qui

2194 3186 2411 3256 cogitant
2428 3186 2551 3239 mihi
2577 3186 2730 3239 mala.
2760 3185 2937 3239 Primo
2951 3185 3047 3239 fuit
3066 3186 3290 3255 impetus
3309 3189 3770 3256 persequentirun;

2195 3276 2352 3331 modo
2375 3276 2630 3330 remansit
2647 3275 3013 3331 malevolentia
3028 3277 3386 3347 cogitantium;
3405 3275 3631 3333 Prorsus
3648 3286 3775 3332 tent-

2198 3383 2322 3436 pora
2347 3365 2547 3422 suntin
2579 3367 2812 3421 Ecclesia
2837 3368 3221 3437 persecutionis
3257 3368 3506 3422 distincta
3550 3384 3775 3438 sequen-

2195 3458 2266 3512 tia
2294 3458 2332 3512 ³.
2356 3457 2559 3535 Factus
2583 3468 2665 3511 cst
2694 3458 2919 3527 impetus
2950 3459 3000 3511 in
3032 3458 3351 3524 Ecclesium,
3384 3458 3593 3528 quando
3620 3476 3773 3531 rcch

2196 3550 2647 3619 persequebantur
2680 3566 2693 3602 :
2721 3559 2776 3603 et
2804 3551 2922 3619 quia
2950 3549 3187 3619 praedicti
3219 3559 3374 3604 erant
3401 3565 3553 3620 reges
3578 3559 3633 3603 et
3656 3567 3775 3620 per-

2194 3641 2425 3695 secuturi
2473 3649 2529 3695 et
2574 3639 2849 3707 credituri,
2892 3641 3111 3709 inrplelo
3140 3656 3266 3705 uno,
3321 3641 3505 3711 utique
3544 3642 3771 3697 alterum

2195 3735 2532 3805 sequebatur.
2564 3733 2781 3787 Factum
2809 3743 2892 3788 est
2918 3743 2973 3789 et
2992 3733 3118 3788 illud
3135 3733 3275 3804 quod
3296 3748 3631 3804 consequens
3648 3736 3769 3799 fuit;

2195 3829 2532 3885 crediderunt
2556 3846 2725 3899 reges,
2748 3830 2867 3884 data
2890 3846 2987 3900 pax
3009 3840 3090 3886 est
3110 3831 3379 3897 Ecclesize,
3401 3833 3563 3902 erepit
3579 3848 3699 3888 esse
3722 3834 3769 3886 in

2194 3922 2422 3977 culmine
2450 3921 2719 3993 dignitatis
2752 3923 3008 3989 Ecclesia,
3031 3924 3189 3978 etiam
3226 3925 3277 3979 iu
3301 3924 3402 3979 hac
3430 3935 3594 3991 terra,
3618 3926 3770 3980 etiam

2196 4015 2249 4068 in
2279 4014 2379 4069 hac
2404 4015 2508 4068 vita
2543 4032 2555 4067 :
2586 4013 2681 4069 sed
2717 4031 2822 4069 non
2860 4016 3008 4070 deest
3053 4017 3295 4072 fremitus
3342 4030 3768 4087 persecuturum;

2196 4106 2420 4176 impetus
2452 4122 2580 4162 suos
2616 4107 2680 4160 ad
2706 4109 3050 4178 cogitationes
3080 4120 3370 4165 verterunt.
3400 4109 3458 4164 lrr
3489 4111 3597 4165 illis
3623 4115 3767 4182 engi-

2198 4199 2481 4255 tatiouihus
2506 4208 2753 4269 tanqrram
2795 4200 2846 4254 in
2877 4202 3070 4272 abysso
3090 4202 3280 4272 ligatus
3311 4215 3393 4257 est
3434 4206 3454 4235 ³
3496 4204 3769 4267 diabolus;

2197 4291 2393 4355 fremit,
2420 4301 2474 4345 et
2498 4308 2600 4345 non
2627 4294 2878 4363 erumpit.
2913 4293 3117 4349 Dictum
3150 4306 3232 4349 est
3260 4297 3403 4351 enim
3431 4298 3499 4353 de
3530 4298 3616 4353 his
3639 4310 3781 4354 tem-'

2198 4383 2413 4451 poribus
2455 4382 2745 4439 Ecclesiatz
2781 4384 3020 4439 Pcccator
3050 4387 3250 4452 videbit,
3301 4398 3347 4441 ct
3392 4390 3666 4444 irascetur.
3714 4393 3773 4446 Et

2197 4473 2321 4542 quid
2370 4474 2560 4529 faciet?
2611 4474 2873 4546 Numquid
2918 4478 3058 4546 quod
3110 4479 3318 4548 primo?
3358 4482 3601 4547 Attrahe,
3652 4486 3773 4551 liga.

2196 4574 2434 4632 percute.
2467 4565 2581 4620 Non
2609 4567 2731 4621 facit
2756 4568 2876 4622 hoc.
2900 4569 3035 4636 Quid
3064 4572 3227 4635 ergo?
3246 4570 3490 4626 Dentibus
3511 4577 3618 4629 suis
3639 4581 3769 4647 [mt-

2198 4652 2363 4719 det,ct
2390 4654 2601 4710 tabescet
2624 4654 2794 4728 (Psul.
2826 4671 2933 4722 cxr,
2965 4658 3074 4728 lli).
3111 4659 3178 4713 Et
3199 4660 3279 4714 his
3310 4669 3561 4732 tanquanr
3593 4646 3775 4719 irasci;

2199 4756 2283 4799 tur
2307 4759 2537 4817 martyr;
2568 4756 2623 4800 et
2651 4758 2823 4802 tamen
2865 4764 2960 4817 pro
2986 4748 3069 4807 bis
3098 4760 3218 4805 orat
3245 4764 3465 4823 martyr.
3500 4754 3772 4822 Quomodo

2198 4836 2338 4893 enim
2366 4837 2500 4892 bene
2536 4839 2734 4906 optavit
2781 4838 2884 4892 illis
2921 4839 2987 4893 de
3024 4841 3215 4910 quibus
3251 4841 3409 4908 dixit,
3440 4844 3768 4914 Confundet:-

2199 4936 2310 4992 tur,
2363 4938 2411 4981 et
2468 4941 2783 4982 revereantur
2844 4930 2929 4999 qui
2996 4942 3226 5001 quierunt
3288 4934 3513 4987 animum
3580 4954 3770 4993 manu:

2198 5019 2275 5073 sic
2323 5027 2378 5074 et
2438 5033 2604 5084 nunc,
2659 5019 2961 5074 Avertantur
3005 5032 3312 5087 retrorsum,
3387 5036 3435 5077 ct
3484 5028 3774 5081 erubescunt

2198 5110 2292 5179 qui
2318 5111 2538 5180 coqitant
2574 5111 2697 5165 mihi
2733 5112 2889 5166 mala.
2919 5112 3130 5180 Quare?
3183 5113 3251 5170 Ut
3295 5131 3401 5170 non
3451 5123 3768 5186 pncculaut,

2201 5201 2294 5255 sed
2318 5214 2621 5271 sequantur.
2653 5205 2753 5272 Qui
2781 5205 2921 5260 enim
2954 5206 3292 5275 reprehendit
3316 5208 3665 5267 Christianam
3694 5231 3773 5266 re-

2202 5291 2470 5360 ligionem,
2497 5303 2550 5348 et
2574 5294 2795 5349 consilio
2824 5311 2922 5350 sue
2953 5296 3064 5349 vult
3098 5298 3292 5364 vivere,
3320 5301 3470 5369 quasi
3501 5319 3662 5371 prum:
3682 5299 3771 5360 de.

2243 5493 2387 5563 λβιιξ
2409 5490 2618 5563 melioris
2641 5499 2766 5541 noue
2789 5500 2893 5563 Mss:
2914 5503 2963 5545 At
2980 5495 3114 5558 lidd.,
3136 5495 3186 5546 in
3210 5497 3435 5550 Ecclesia:
3456 5504 3778 5563 pits-uatium

2199 5551 2435 5600 distincta.
2454 5562 2662 5616 sequere
2684 5554 2942 5616 sequentur.

2263 5615 2281 5643 ³
2314 5618 2443 5685 t.ov.,
2468 5624 2592 5685 t'tst‘p
2614 5613 2785 5685 (minus
2807 5623 2891 5665 est.
2920 5620 3079 5685 abest,
3104 5618 3245 5677 risco.
3269 5622 3331 5670 ab
3354 5628 3428 5685 Er,
3457 5633 3505 5672 et
3534 5625 3777 5685 plcrstrue

2347 5675 2432 5748 sed
2457 5674 2873 5748 qpidaar'lraheutg
2908 5674 3156 5748 colligatus
3195 5674 3265 5733 eat
3302 5697 3319 5732 :
3360 5674 3593 5733 Alludititr
3617 5674 3779 5735 lnc'atl

2200 5733 2681 5807 illlttlADtmzijytm‘yos
2703 5736 2779 5790 ‘20.
2805 5737 2833 5786 Ξ
2858 5745 2871 5779 ε
2891 5747 2950 5790 tt
2976 5733 3137 5805 tigerit
3163 5757 3269 5794 cum
3284 5756 3374 5803 per
3394 5760 3543 5797 annos
3566 5733 3715 5807 "uti,
3736 5733 3779 5798 tt

2205 5803 2328 5845 nunt
2351 5809 2457 5845 eum
2480 5800 2527 5846 in
2553 5800 2788 5862 cl'yexan,
2814 5814 2907 5851 etc.
