4020 6198
293 354 395 424 Sea

226 493 228 496 '
286 495 343 535 re
374 479 483 531 vult
507 476 810 539 Christum;
846 484 900 527 ut
927 474 1014 528 ille
1038 473 1282 528 videlicet
1319 473 1593 534 erraverit,
1627 483 1679 524 et
1715 472 1862 525 ima-

286 573 423 624 lulus
466 572 810 636 iuhrtnusque
855 566 1030 631 fuerit,
1076 570 1163 634 qui
1192 566 1279 619 vel
1306 564 1532 618 voluerit
1577 565 1683 632 pati
1723 564 1861 618 inter

199 691 202 696 -
285 676 473 716 tuauus
518 660 846 721 Juda-orum,
875 657 954 711 vel
984 657 1212 726 potuerit
1238 674 1250 707 :
1293 655 1382 709 ille
1411 663 1584 708 autem
1611 653 1860 708 cordatus

283 754 354 807 sit
408 767 602 807 cavens
643 754 736 803 ista
763 750 960 814 omnia,
1005 749 1276 802 declinans
1309 757 1552 813 mortem,
1598 748 1860 802 mentiens

285 847 444 898 etiam
476 843 651 912 inique
683 858 748 895 ue
788 841 1060 902 moriatur,
1085 840 1404 893 interlicieus
1440 840 1669 892 animam
1711 855 1860 892 suam

189 1003 196 1008 ‘
285 946 340 987 ut
371 935 511 988 vivat
535 947 778 1001 corpore,
808 934 982 1000 magni
1009 932 1214 986 consilii
1243 931 1623 1001 prudentisque
1647 931 1748 985 sibi
1779 933 1858 983 vi-

283 1027 456 1078 detur.
495 1025 750 1078 l’ra-cedtt
779 1022 1171 1092 reprehendens
1191 1022 1456 1076 Christum
1484 1039 1498 1085 ;
1523 1023 1679 1076 veluti
1707 1034 1860 1077 ante-

284 1117 427 1170 eedit
471 1117 776 1170 Clu-istum:
815 1114 1000 1168 credat
1052 1114 1101 1167 iu
1153 1113 1458 1178 Christum,
1505 1123 1558 1167 et
1610 1125 1861 1182 Sequatur

284 1209 573 1261 Christum.
599 1205 727 1259 Nam
749 1204 886 1274 quod
904 1213 1137 1272 optatmu
1159 1213 1239 1257 est
1260 1203 1415 1256 modo
1439 1203 1861 1272 persecuturilms

284 1299 636 1367 cogitatliibtts
683 1297 841 1361 mala,
892 1295 1022 1348 dixit
1071 1294 1170 1348 hoc
1218 1294 1332 1363 ipse
1391 1295 1643 1348 Dominus
1683 1294 1858 1348 Petro.

285 1389 600 1444 l’ratcedere
626 1387 817 1456 quippe
854 1385 1080 1454 quodam
1118 1385 1240 1438 loco
1271 1385 1456 1439 Petrus
1487 1385 1649 1438 voluit
1680 1383 1858 1438 Domi-

287 1499 437 1537 nttm.
490 1481 824 1551 Loquehatur
871 1478 1011 1532 enim
1065 1477 1309 1532 Savator
1355 1477 1423 1532 de
1479 1479 1718 1547 passione
1741 1493 1855 1542 sua,

286 1559 444 1646 quam
475 1576 518 1628 si
548 1589 649 1627 non
681 1571 1023 1640 suscepisset,
1059 1585 1156 1624 nos
1193 1571 1322 1624 salvi
1354 1586 1456 1624 non
1491 1585 1764 1634 essemus;
1807 1581 1860 1624 et

286 1666 477 1720 l‘etrus
532 1664 619 1732 qui
668 1662 830 1732 paulo
869 1673 990 1716 ante
1033 1677 1152 1716 eum
1199 1660 1475 1716 confessus
1514 1673 1630 1716 erat
1668 1662 1857 1715 Filium

285 1758 400 1819 Dei,
431 1767 483 1810 et
513 1757 561 1809 iu
583 1756 666 1808 illa
695 1756 1032 1808 confessione
1062 1754 1482 1824 appellatuserat
1506 1753 1857 1822 Petra,SUpra

273 1856 438 1918 "quam
460 1847 804 1901 labricaretur
820 1845 1078 1909 Ecclesia,
1101 1845 1254 1913 paulo
1271 1853 1388 1912 post
1409 1845 1631 1898 Domino
1651 1845 1857 1898 dicente

283 1941 348 1996 de
373 1941 540 1994 futura
571 1941 814 2009 passione
843 1955 962 2002 sua,
986 1939 1060 1991 ait
1089 1955 1101 1991 :
1125 1937 1284 2002 Absit,
1311 1936 1564 2002 Domine;
1611 1938 1857 2007 propitius

283 2044 385 2086 esto
411 2032 519 2091 tibi.
553 2047 652 2084 non
679 2031 763 2098 [iet
788 2030 941 2084 istud.
975 2029 1136 2083 Paulo
1183 2039 1325 2095 ante,
1356 2027 1541 2082 Beatus
1568 2047 1638 2090 es,
1677 2030 1855 2084 Simon

283 2123 386 2177 Bar
430 2121 588 2188 Jona,
618 2122 734 2192 quia
781 2138 878 2173 non
919 2119 1005 2172 tibi
1043 2121 1274 2174 reuelauit
1299 2135 1416 2173 caro
1441 2131 1487 2173 et
1514 2122 1736 2189 sanguis,
1766 2121 1856 2174 sed

284 2215 439 2269 l'uter
467 2231 604 2268 meus
631 2214 715 2282 qui
740 2213 790 2266 in
817 2212 953 2266 cwlis
973 2221 1042 2264 est
1068 2227 1085 2265 :
1109 2212 1266 2266 modo
1297 2222 1517 2279 repente
1538 2253 1550 2275 ,
1588 2212 1712 2265 lledi
1745 2222 1855 2281 post

283 2307 610 2373 me,S.'ttana.
664 2304 799 2371 Qttid
856 2313 955 2368 est,
1007 2302 1134 2356 Redi
1180 2312 1288 2372 post
1328 2305 1452 2356 me?
1491 2304 1722 2372 Sequere
1750 2319 1852 2357 me.

285 2398 595 2455 Priecedere
636 2413 749 2455 ,me
820 2395 933 2460 vis,
1001 2396 1276 2448 consilium
1352 2395 1479 2448 mihi
1551 2395 1678 2449 dare
1745 2395 1853 2460 vis;

280 2491 472 2544 melius
511 2501 590 2543 est
634 2498 692 2542 ut
733 2488 1012 2541 cousilimn
1065 2503 1238 2539 meuut
1287 2487 1567 2556 sequaris:
1621 2486 1721 2540 hoc
1746 2497 1870 2556 est,~

282 2583 414 2636 lledi
454 2591 626 2646 retro,
685 2581 798 2634 redi
859 2590 977 2648 post
1031 2595 1134 2632 me.
1183 2578 1597 2632 Anteeedeutem
1644 2593 1856 2648 compe-

282 2674 416 2738 scit,
471 2686 526 2725 ut
574 2682 717 2724 retro
775 2670 988 2733 redeat;
1041 2678 1096 2722 et
1137 2669 1368 2738 appellat
1398 2670 1685 2734 Satanam,
1737 2670 1856 2738 quia

282 2765 395 2816 vult
455 2760 758 2832 prateedere
820 2760 1120 2813 Dominum.
1180 2759 1342 2812 Paulo
1406 2769 1566 2822 ante,
1626 2758 1856 2813 Beatus:

281 2858 472 2919 modo,
527 2854 768 2910 Satanas.
806 2853 956 2908 Uude
1009 2853 1164 2921 paulo
1210 2863 1373 2915 ante,
1427 2849 1662 2905 Beatus?
1727 2853 1857 2919 Quia

282 2967 383 3002 non
438 2950 544 3012 tibi,
603 2949 787 3018 inquit.
819 2947 1048 2998 reuelauit
1095 2960 1216 2997 caro
1255 2955 1299 2996 et
1341 2945 1568 3014 sanguis,
1620 2945 1708 2996 sed
1755 2942 1858 2996 Ρα-

292 3053 366 3094 ter
387 3058 522 3094 meus
542 3042 624 3111 qui
645 3041 695 3093 in
741 3039 875 3092 uelis
912 3048 1002 3090 est.
1031 3036 1182 3092 Unde
1230 3036 1406 3101 tuodo,
1440 3033 1700 3091 Satanas?
1729 3037 1858 3102 Quia

281 3149 382 3184 non
411 3133 564 3200 sapis,
593 3131 778 3199 inquit,
805 3146 916 3198 quin
942 3128 1037 3181 Dei
1064 3138 1198 3192 sunt,
1231 3129 1317 3181 sed
1335 3144 1448 3195 (μίαν
1471 3139 1584 3182 sunt
1604 3129 1859 3182 hominum

281 3225 490 3294 (.llutth.
526 3241 632 3287 xvt,
667 3225 728 3277 16
749 3224 864 3291 εὖ).
889 3223 988 3289 Qui
1015 3239 1140 3288 ergo
1167 3223 1406 3275 volumus
1427 3232 1568 3275 recte
1589 3221 1860 3277 celebrare

282 3317 518 3372 natalitia
545 3327 852 3386 martyrum,
878 3315 1244 3369 desideremus
1279 3316 1626 3369 imitationem
1664 3325 1859 3388 marty.

278 3427 394 3466 rum
420 3427 434 3473 ;
457 3426 520 3463 ne
551 3409 769 3463 velimus
793 3407 1093 3478 praecedere
1115 3418 1392 3477 martyres,
1411 3417 1460 3460 et
1479 3408 1713 3462 melioris
1733 3424 1858 3462 eou-

277 3504 378 3558 silii
403 3503 552 3556 nobis
596 3503 758 3556 videri
799 3516 949 3566 esse,
983 3501 1102 3570 quia
1133 3501 1392 3554 evitamus
1435 3505 1705 3570 passiones
1762 3519 1859 3570 pro

275 3595 476 3662 iustitia
520 3603 573 3647 et
602 3611 696 3662 pro
731 3593 850 3649 ﬁde.
895 3607 1024 3660 quas
1070 3591 1140 3644 illi
1194 3608 1299 3644 non
1341 3592 1690 3646 evitaveruut.
1720 3591 1860 3661 Ergo

278 3688 354 3740 illi
401 3686 490 3754 qui
530 3686 764 3754 cogitant
815 3683 972 3747 mala,
1025 3693 1078 3736 et
1109 3684 1160 3735 iu
1203 3683 1406 3736 luxuria
1439 3683 1674 3737 nutriunt
1700 3684 1859 3736 corda

275 3791 396 3839 sua,
445 3783 730 3826 avertantur
774 3783 1062 3834 retrorsum,
1106 3781 1150 3823 et
1180 3771 1486 3825 erubescant.
1521 3772 1751 3826 Audiaut
1793 3774 1861 3827 ab

276 3865 540 3933 Apostolo
563 3875 742 3933 postea
771 3864 1010 3918 dicente:
1038 3864 1190 3927 Quem
1208 3874 1371 3916 autem
1390 3864 1603 3928 fructum
1623 3863 1861 3917 habuistis

275 3959 550 4026 aliquando
579 3958 628 4010 in
653 3957 829 4025 quibus
859 3971 988 4008 nunc
1013 3955 1295 4007 erubescitis
1321 3952 1496 4019 (Rom.‘
1521 3969 1594 4015 vt,
1622 3954 1757 4023 ‘21)?

351 4053 404 4105 5.
439 4051 571 4116 Quid
597 4050 834 4119 sequitur
852 4049 880 4101 ?.
898 4050 1199 4099 Avertantur
1221 4047 1391 4098 statim
1417 4045 1751 4100 erubescentes
1779 4048 1862 4115 qui

277 4136 592 4196 dicuntmihi
628 4158 644 4194 :
674 4139 835 4210 Euge,
866 4156 1004 4208 euge.
1043 4138 1153 4191 Duo
1188 4149 1308 4191 sunt
1331 4153 1522 4207 genera
1560 4148 1859 4205 persecuto-

276 4250 427 4297 rum;
458 4233 886 4302 vituperantium,
928 4239 981 4284 et
1009 4228 1356 4283 adulantium.
1376 4227 1498 4282 Plus
1534 4230 1864 4298 persequitur

276 4325 452 4395 lingua
496 4324 805 4388 adulatoris,
847 4339 1000 4391 quam
1035 4335 1220 4374 manus
1250 4319 1635 4383 interfectoris;
1665 4337 1782 4374 nam
1811 4331 1860 4373 et

277 4419 448 4489 ipsam
471 4418 732 4472 camiumn
764 4417 895 4468 dixit
921 4413 1214 4482 Scriptura.
1245 4414 1402 4466 Certe
1427 4428 1548 4466 cum
1589 4413 1656 4466 de
1679 4430 1860 4482 perse-

278 4512 493 4564 cutione
518 4510 821 4578 loqueretur
851 4505 1156 4574 Scriptura,
1189 4504 1320 4557 dixit
1353 4521 1365 4556 :
1400 4502 1657 4573 Tanquam
1685 4521 1863 4557 auram

275 4603 332 4657 in
365 4603 570 4670 fornace
610 4599 830 4666 probavit
856 4599 990 4661 illos,
1026 4597 1091 4651 de
1123 4595 1441 4667 martyribus
1477 4597 1786 4659 interiectis,
1816 4610 1862 4649 et

275 4696 407 4750 sicut
452 4693 729 4746 holocausti
780 4691 991 4742 hostium
1023 4691 1039 4720 ¹
1079 4689 1267 4756 accepit
1319 4683 1432 4742 illos
1467 4689 1618 4759 (Sap.
1657 4705 1732 4754 ttt,
1783 4690 1860 4759 6).

279 4787 418 4842 Audi
460 4787 580 4856 quia
608 4794 661 4838 et
703 4784 877 4852 lingua
927 4782 1255 4835 adulantiqu
1289 4781 1406 4834 talis
1439 4791 1516 4834 est
1553 4799 1564 4834 :
1597 4781 1856 4846 Probatio,

277 4878 476 4947 inquit,
510 4883 698 4945 argenti
727 4885 771 4928 et
789 4875 900 4927 auri
931 4875 1058 4945 ignis
1084 4891 1099 4935 ,'
1129 4875 1203 4927 vir
1226 4886 1392 4927 autem
1419 4875 1657 4943 probatur
1693 4891 1779 4940 per
1808 4891 1862 4927 os

277 4968 600 5023 laudantium
628 4982 737 5018 eum
771 4963 948 5035 (Prov.
989 4981 1152 5027 xxv”,
1176 4963 1287 5035 ς21).
1321 4963 1458 5032 Ignis
1499 4965 1603 5028 ille,
1649 4965 1782 5034 ignis
1811 4974 1862 5018 el.

277 5061 418 5115 iste:
470 5057 536 5109 de
568 5065 786 5125 utroque
820 5065 869 5108 te
913 5053 1117 5108 salvqu
1157 5064 1366 5123 oportet
1391 5055 1555 5107 exire.
1589 5053 1765 5123 Fregit
1811 5064 1863 5109 te

278 5148 662 5219 reprehensor,
717 5147 916 5201 fractus
967 5147 1065 5200 es'
1115 5147 1166 5199 in
1219 5146 1434 5200 fornace
1471 5153 1718 5215 tauquam
1770 5161 1862 5199 vas

280 5245 468 5299 lietile.
495 5241 761 5296 Formavit
785 5251 834 5295 te
857 5241 1095 5303 verbum,
1129 5249 1183 5293 et
1209 5239 1353 5293 venit
1389 5239 1609 5292 teu'tatio
1647 5239 1861 5292 trihula«
1892 5291 1897 5302 ,

279 5339 443 5391 tionis
467 5353 479 5388 :
503 5334 629 5388 illud
657 5333 796 5404 quod
828 5333 1107 5387 fut-rnatum
1131 5341 1232 5390 est,
1262 5339 1469 5399 oportet
1495 5339 1550 5383 ut
1573 5341 1858 5400 coquatur;

279 5433 324 5484 si
354 5431 485 5485 bene
508 5428 785 5481 formatum
804 5435 904 5491 est,
932 5422 1132 5478 accedit
1153 5422 1288 5492 ignis
1310 5432 1363 5475 ut
1391 5421 1578 5475 lirmet.
1602 5422 1752 5477 Unde
1776 5423 1862 5478 ille

348 5587 364 5614 ¹
403 5583 562 5630 milia:
587 5589 712 5628 uotze
734 5585 862 5636 Mss,
901 5577 1225 5632 holocaustum
1260 5574 1459 5624 hastimn
1489 5589 1505 5624 :
1533 5576 1613 5623 Alii
1650 5577 1860 5637 quidam,

282 5646 552 5701 hoiocausta
590 5639 804 5691 hostium.
833 5648 973 5687 Porro
1009 5639 1134 5701 apud
1174 5645 1281 5686 LXX
1327 5637 1523 5699 legitur,
1559 5637 1860 5700 ololt'nrpcnta

280 5693 481 5759 thltsias.
506 5703 825 5754 holocaustum
849 5693 1053 5750 hostia’f
1378 5693 1404 5699 '
1512 5693 1518 5695 ⁷
1591 5728 1595 5732 η

278 5827 316 5884 ﬁ
347 5771 368 5798 ³
404 5767 583 5822 Aliquot
601 5773 730 5823 Mss,
750 5766 904 5826 ﬁa‘tus
925 5776 975 5813 es
1000 5775 1016 5810 :
1043 5770 1092 5812 et
1118 5759 1257 5824 paulo
1281 5759 1417 5821 infra,
1442 5759 1626 5812 accedit
1650 5759 1789 5825 ignis,
1819 5769 1861 5812 rt

323 5838 461 5878 rmat.

323 5838 461 5878 rmat.

1385 358 1707 416 ΕΝᾹΠΙΜΤ
1715 355 1777 411 10
1806 357 1867 412 ΙΝ
1909 357 2230 417 PSALMUM
2272 358 2460 418 LXlX.

3445 371 3541 427 87b

1971 471 2182 526 dieehat
2204 473 2253 526 itt
2277 477 2520 542 passione
2555 495 2567 529 :
2595 477 2739 532 Aruit
2759 477 2884 532 sicut
2908 488 3030 534 testa
3045 481 3202 536 virtus
3231 500 3338 538 mea
3369 484 3540 555 (l’sal.

1969 577 2076 622 xxt,
2104 564 2213 622 ili).
2243 564 2423 617 l’assio
2451 567 2647 635 quippe
2680 577 2733 622 et
2756 570 2998 623 caminus
3025 561 3377 627 tribulationis
3406 575 3543 631 iece-

1967 664 2048 708 rat
2077 655 2369 709 fortiorem.
2397 657 2600 713 Rursus
2625 661 2668 714 sl
2697 661 2925 716 lauderis
2946 663 3012 717 ab
3037 665 3373 720 adulantibus
3392 678 3445 722 et
3460 687 3542 722 as-

1967 747 2316 815 seutautibus,
2362 760 2416 803 et
2466 753 2716 806 aunueris
2764 755 2862 817 eis,
2903 756 3064 810 veluti
3120 773 3302 812 emeus
3341 762 3541 824 oleum,

1966 834 2069 888 non
2094 847 2265 890 tecum
2298 849 2533 907 portans,
2567 843 2704 896 sicut
2724 846 2954 913 qttiuque
2983 847 3210 916 virgines
3236 849 3545 916 insipientes

1967 929 2176 997 (Matth.
2213 949 2336 998 xxv,
2369 935 2421 1001 5)
2450 951 2464 998 ;
2497 937 2599 988 erit
2633 937 2872 990 caminus
2898 940 3140 994 fractura:
3169 953 3270 994 tum
3295 943 3452 995 etiam
3481 961 3546 998 us

1965 1021 2293 1077 laudantium
2325 1035 2392 1077 te.
2437 1025 2540 1079 Sed
2569 1026 2682 1080 sine
2710 1027 2793 1082 his
2831 1045 2934 1083 non
2961 1045 3280 1099 possumus;
3325 1049 3545 1088 necesse

1965 1125 2045 1167 est
2074 1125 2128 1167 ut
2150 1116 2543 1170 etiutremusiu
2573 1116 2706 1182 lucc,
2729 1128 2782 1174 et
2811 1136 3060 1174 exeamus
3091 1123 3211 1177 inde
3245 1141 3256 1176 :
3288 1126 3546 1178 intremus

1965 1204 2016 1257 iu
2045 1206 2482 1274 vituperationem
2509 1207 2738 1276 aliquant
2770 1211 3026 1265 malorum
3064 1224 3117 1268 et
3158 1214 3544 1282 improborum,

1965 1297 2226 1351 intremus
2255 1308 2308 1352 et
2355 1300 2406 1352 iu
2437 1303 2852 1356 assentationem
2897 1304 3125 1371 aliquam
3170 1305 3539 1369 adulatorum;

1963 1387 2058 1441 sed
2082 1389 2229 1442 exire
2253 1389 2376 1444 inde
2402 1406 2534 1460 opus
2563 1403 2661 1446 est.
2695 1393 2959 1464 Rogemus
2987 1413 3104 1448 eum
3129 1396 3195 1452 de
3221 1414 3326 1467 quo
3343 1397 3543 1453 dictum

1963 1489 2066 1546 est,
2097 1480 2358 1535 Custodiat
2389 1481 2629 1537 Dominus
2656 1485 2913 1538 introitum
2938 1498 3078 1540 tuum
3108 1497 3150 1541 et
3188 1489 3376 1541 exitum
3403 1499 3544 1541 tuum

1968 1573 2139 1642 (Psal.
2168 1589 2290 1639 cxx,
2321 1571 2407 1646 8);
2433 1583 2490 1628 ut
2530 1576 2732 1630 intrans
2770 1577 2994 1647 integer,
3031 1578 3108 1631 sic
3132 1593 3292 1631 exeas
3317 1579 3540 1648 integer.

1964 1666 2051 1719 Ait
2070 1667 2209 1720 enim
2238 1675 2293 1721 et
2319 1667 2640 1737 Apostolus:
2675 1667 2868 1721 Fidelis
2895 1678 2966 1722 est
2994 1667 3148 1733 Deus,
3180 1670 3263 1739 qui
3309 1686 3408 1722 non
3456 1687 3543 1723 vos

1960 1760 2090 1812 sinat
2108 1760 2289 1812 tentari
2305 1776 2457 1829 supra
2472 1777 2621 1830 quam
2643 1761 2865 1829 potestis.
2887 1761 3022 1815 Ecce
3040 1761 3203 1815 habes
3226 1761 3539 1830 ingressum.

1960 1849 2074 1904 Non
2098 1849 2250 1917 dixit,
2277 1849 2391 1905 Non
2420 1841 2700 1906 tentemiiti
2721 1867 2735 1904 ;
2759 1853 2847 1920 qui
2872 1853 3013 1907 enim
3041 1868 3144 1906 non
3175 1862 3406 1908 tentatur
3437 1870 3541 1908 non

1961 1940 2246 2008 probatur;
2291 1948 2345 1994 et
2391 1941 2481 2010 qui
2524 1955 2627 1995 nou
2674 1941 2944 2010 probatur,
3000 1959 3104 1996 non
3151 1942 3377 2012 prolicit.
3404 1944 3540 2011 Quid

1961 2047 2088 2100 ergo
2109 2032 2350 2098 optavit?
2377 2030 2574 2086 Fidelis
2615 2031 2775 2097 Deus,
2804 2034 2886 2102 qui
2925 2050 3022 2086 non
3065 2049 3150 2086 vos
3197 2033 3326 2086 sinat
3361 2034 3542 2086 tentari

1957 2141 2112 2195 supra
2130 2141 2280 2195 quant
2311 2126 2537 2193 potestis.
2567 2123 2778 2177 Audisti
2826 2129 3160 2194 ingressum;
3211 2123 3334 2178 audi
3370 2134 3425 2178 et
3449 2140 3542 2177 ex-

1959 2217 2088 2270 itum
2123 2234 2137 2269 :
2165 2215 2269 2271 Sed
2289 2216 2438 2284 faciet
2451 2233 2563 2269 cum
2581 2217 2848 2269 tentatione
2867 2217 3015 2269 etiam
3043 2217 3250 2282 exitum,
3267 2227 3320 2269 at
3341 2217 3544 2286 possitis

1927 2319 1930 2322 '
1959 2307 2171 2360 tolerare
2222 2306 2264 2372 (ι
2291 2305 2408 2360 Cor.
2456 2322 2510 2371 χ,
2558 2306 2670 2375 15).
2695 2305 2835 2376 Ergo
2857 2317 2910 2360 et
2938 2305 3013 2360 illi
3039 2317 3327 2360 avertantur
3372 2307 3542 2359 statim

1959 2401 2295 2453 erubescentes
2319 2400 2404 2466 qui
2435 2399 2606 2451 dicunt
2631 2399 2755 2452 mihi
2782 2414 2800 2451 :
2827 2397 2996 2468 Euge,
3024 2414 3166 2468 euge.
3195 2398 3369 2464 Quare
3397 2399 3538 2452 enim

1959 2504 2044 2543 me
2073 2488 2324 2554 laudant?
2363 2487 2603 2542 Laudent
2630 2488 2815 2542 Deum.
2847 2487 2978 2554 Quis
3021 2488 3162 2542 enim
3185 2503 3282 2558 ego
3308 2503 3446 2552 sum,
3484 2497 3542 2540 ut

1958 2580 2141 2635 lauder
2170 2579 2223 2634 in
2249 2581 2366 2634 me?
2395 2590 2485 2634 aut
2509 2579 2632 2650 quid
2657 2595 2756 2649 ego
2782 2579 2916 2634 t'eci?
2936 2579 3058 2649 quid
3078 2578 3248 2634 habeo
3269 2579 3408 2650 quod
3433 2595 3540 2633 non

1960 2674 2172 2742 accepi?
2209 2673 2272 2728 Si
2292 2673 2556 2742 accepisti,
2586 2675 2774 2744 inquit,
2823 2673 2943 2743 quid
2993 2674 3227 2744 gloriaris
3255 2678 3396 2745 quasi
3439 2691 3540 2727 non

1959 2766 2208 2834 acceperis
2235 2763 2351 2835 (Id.
2379 2781 2450 2828 tv,
2481 2765 2572 2836 7)?
2593 2766 2891 2818 Avertantur
2915 2779 3042 2834 ergo
3069 2765 3236 2819 statim
3255 2765 3542 2819 erubescen-

1963 2866 2033 2909 tes
2079 2857 2164 2925 qui
2197 2857 2371 2910 dicunt
2415 2856 2770 2928 mihi:Euge,
2825 2875 2966 2929 euge.
3020 2858 3132 2911 Tali
3181 2858 3300 2912 oleo
3351 2859 3542 2928 pingue

1962 2947 2159 3003 factum
2182 2958 2263 3004 est
2288 2960 2447 3019 caput
2472 2949 2841 3006 hmreticorum
2868 2951 3038 3018 (Psal.
3071 2967 3191 3016 ch,
3216 2949 3294 3020 5),
3318 2968 3438 3005 cum
3463 2953 3543 3005 di-

1962 3048 2110 3103 cunt,
2136 3038 2248 3109 Ego
2274 3057 2412 3102 sum,
2437 3056 2534 3110 ego
2556 3056 2695 3105 smn,
2719 3053 2769 3096 et
2791 3041 2986 3096 dicitur
3015 3042 3118 3094 illis
3142 3042 3274 3107 :Tu,
3296 3043 3539 3095 Domine.

1963 3135 2297 3202 Acceperunt
2325 3133 2486 3204 Euge,
2510 3151 2664 3205 euge;
2692 3136 2855 3189 secuti
2886 3144 3010 3188 sunt
3041 3134 3200 3204 Euge,
3229 3152 3350 3205 euge
3381 3150 3400 3188 :
3422 3134 3544 3189 facti

1962 3236 2086 3280 sunt
2109 3226 2270 3280 duces
2294 3229 2418 3280 caeci
2449 3243 2711 3280 czecorum
2731 3227 3062 3294 sequentium
3087 3224 3296 3292 (Matth.
3326 3242 3406 3287 xv,
3431 3227 3545 3293 ii).

1962 3318 2328 3387 Aperlissimis
2359 3317 2574 3371 vocibus
2613 3318 2815 3370 Donato
2845 3317 3091 3370 dicuntur
3116 3317 3214 3370 ista
3238 3327 3445 3370 cantata
3476 3318 3488 3346 ¹
3525 3333 3540 3368 :

1965 3409 2128 3482 Euge,
2157 3427 2295 3480 euge,
2315 3409 2420 3463 dux
2452 3409 2610 3474 boue,
2635 3407 2738 3462 dux
2761 3409 3033 3476 prieclare.
3059 3407 3125 3460 Et
3152 3425 3255 3460 non
3277 3408 3409 3460 dixit
3432 3407 3540 3470 ille,

1965 3504 2266 3556 Λυσι-ταυτην
2291 3503 2479 3566 statim,
2512 3512 2556 3552 et
2578 3501 2864 3553 erubescant
2887 3502 2971 3570 qui
2999 3501 3172 3551 dicunt
3195 3502 3314 3553 mihi
3337 3517 3355 3553 :
3378 3499 3544 3568 Euge,

1963 3610 2122 3662 euge;
2150 3610 2249 3646 nee
2295 3610 2385 3646 eos
2412 3595 2676 3660 corrigere
2698 3592 2882 3655 voluit,
2910 3602 2965 3644 ut
3005 3591 3219 3644 Christo
3259 3591 3497 3644 dicerent
3529 3609 3542 3644 :

1969 3684 2077 3735 llux
2109 3683 2263 3746 boue,
2308 3682 2410 3734 dux
2438 3683 2707 3750 praeclare.
2745 3684 2812 3733 At
2833 3665 2956 3733 vero
2982 3681 3265 3748 Apostolus
3305 3680 3544 3734 rel’ormi.

1965 3773 2099 3826 dans
2131 3773 2268 3842 Euge
2311 3773 2610 3835 hominum,
2645 3782 2700 3824 ut
2739 3788 2860 3825 vere
2890 3771 3192 3825 laudaretur
3222 3773 3273 3824 in
3312 3772 3546 3838 Christo,

1967 3864 2134 3917 noluit
2163 3878 2220 3916 se
2257 3863 2452 3916 laudari
2484 3879 2577 3930 pro
2606 3862 2851 3923 Christo;
2899 3861 3301 3929 dicentibusque
3328 3861 3543 3929 quihus-

1967 3954 2116 4017 dam,
2139 3951 2248 4022 Ego
2269 3970 2381 4005 sum
2413 3953 2586 4015 Pauli,
2638 3952 2916 4021 respondit
2955 3953 3004 4004 iu
3039 3951 3287 4004 libertate
3317 3951 3546 4013 Dutuiui,

1975 4042 2240 4112 Numquid
2271 4044 2462 4096 Paulus
2489 4044 2760 4110 cruciﬁxus
2779 4053 2850 4095 est
2880 4059 2970 4110 pro
2991 4042 3167 4096 vobis?
3194 4053 3280 4094 aut
3305 4043 3354 4094 in
3383 4044 3546 4095 nanti-

1967 4154 2030 4190 ne
2054 4135 2206 4188 Pauli
2237 4136 2474 4204 baptizati
2499 4135 2614 4188 estis
2647 4136 2687 4205 (ι
2706 4134 2822 4188 Cor.
2847 4151 2884 4197 ι,
2925 4135 3012 4200 12,
3057 4135 3181 4205 15)?
3208 4134 3347 4203 Ergo
3373 4134 3551 4189 dicant

1968 4241 2228 4299 martyres
2255 4227 2304 4281 in
2336 4227 2705 4296 persecutione
2727 4226 2884 4280 etiam
2907 4225 3258 4288 adulantium,
3301 4225 3548 4278 Avertan-

1968 4320 2228 4372 turstatim
2255 4319 2592 4370 erubescentes
2620 4318 2704 4387 qui
2734 4319 2904 4370 dicunt
2933 4317 3054 4369 mihi
3082 4333 3100 4370 .'
3129 4316 3290 4387 Euge,
3320 4331 3465 4387 euge.‘

2038 4411 2088 4462 6.
2147 4408 2308 4479 [vers.
2340 4407 2430 4479 5.]
2473 4409 2535 4462 Et
2559 4407 2682 4477 quid
2730 4407 2785 4461 ﬁt
2809 4448 2823 4472 ,
2857 4424 2975 4462 cum
3006 4407 3081 4461 illi
3122 4417 3467 4471 avertuntur,
3492 4418 3545 4461 et

1966 4503 2284 4558 erubescunt
2304 4517 2523 4564 omnes;
2553 4501 2665 4554 sive
2703 4502 2789 4571 qui
2815 4510 3058 4570 qua-runt
3089 4500 3318 4555 animam
3342 4516 3546 4564 meam,
3601 4565 3618 4582 .

1967 4596 2076 4649 sive
2106 4594 2192 4664 qui
2224 4594 2457 4661 cogitant
2499 4593 2624 4645 mihi
2658 4593 2788 4646 maia
2816 4635 2829 4657 ,
2859 4592 2968 4646 sive
2997 4593 3082 4660 qui
3117 4607 3359 4660 perversa
3390 4601 3441 4646 et
3470 4591 3546 4644 si-

1967 4687 2161 4740 tuulata
2214 4684 2625 4747 benevolentia,
2671 4684 2840 4752 lingua
2893 4683 3076 4737 volunt
3125 4682 3363 4736 emollire
3407 4682 3546 4752 quod

1968 4779 2191 4840 feriam;
2222 4792 2340 4831 cum
2376 4777 2568 4831 fuerint
2596 4786 2650 4829 et
2695 4775 2792 4843 ipsi
2841 4774 3012 4829 aversi
3057 4784 3110 4828 et
3153 4773 3354 4829 ('0.tlusl
3381 4816 3394 4838 ,
3423 4774 3550 4843 quid

1969 4871 2096 4923 lict?
2125 4868 2412 4928 Exsultent.
2445 4880 2490 4920 et
2511 4867 2855 4936 jucundeutur
2883 4867 2934 4918 in
2966 4877 3013 4918 te
3033 4883 3052 4920 :
3089 4883 3191 4919 non
3220 4867 3270 4919 in
3303 4882 3408 4931 me,
3442 4881 3546 4919 non

1967 4963 2019 5016 itt
2048 4962 2134 5015 illo
2154 5003 2169 5026 ,
2201 4971 2290 5014 aut
2320 4961 2370 5014 in
2403 4961 2520 5019 illo;
2552 4958 2645 5013 sed
2675 4963 2726 5012 iu
2757 4974 2861 5028 quo
2889 4958 3008 5012 facti
3043 4968 3166 5012 sunt
3195 4958 3282 5012 lux
3313 4959 3402 5029 qui
3434 4959 3548 5012 lue-

1967 5065 2087 5108 runt
2118 5054 2371 5108 tenebrae.
2408 5051 2669 5106 Ea'sultent
2694 5093 2708 5112 ,
2741 5061 2788 5105 et
2817 5050 3162 5120 jucundcntur
3188 5052 3239 5105 in
3279 5061 3346 5117 te,
3377 5067 3549 5105 omnes

1967 5146 2054 5216 qui
2081 5154 2308 5214 quierunt
2343 5154 2406 5196 te.
2435 5141 2590 5196 Aliud
2623 5152 2701 5196 est
2725 5158 2962 5212 qua-rere
3001 5144 3164 5197 Deum
3190 5185 3204 5210 ,
3232 5143 3372 5198 aliud
3399 5159 3545 5212 qum-

1968 5251 2087 5290 rere
2115 5235 2404 5288 hominem.
2448 5231 2800 5287 .lucundcntur
2831 5235 2913 5301 qui
2947 5246 3177 5304 quaerunt
3215 5246 3279 5288 te.
3307 5233 3421 5288 Non
3457 5233 3546 5301 ju-

1911 5327 1916 5331 ’
1968 5326 2336 5381 cundahuutur
2360 5339 2486 5394 ergo
2523 5325 2610 5393 qui
2654 5333 2892 5394 quzeruut
2915 5341 2972 5379 se
3002 5327 3046 5391 ²,
3075 5339 3208 5395 quos
3240 5325 3380 5394 prior
3404 5339 3548 5390 qua:-

1968 5419 2084 5472 sisti
2114 5427 2392 5486 antequam
2421 5426 2718 5485 quarrereut
2756 5425 2825 5470 te.
2858 5417 3098 5472 Nondum
3142 5415 3409 5486 qumrebat
3433 5416 3547 5469 ovis

1969 5512 2056 5565 illa
2091 5522 2387 5580 pastorem;
2432 5509 2771 5563 aberravcrat
2797 5525 2827 5562 a
2869 5525 3029 5581 grege
3057 5527 3069 5561 :
3100 5519 3152 5562 et
3177 5503 3450 5560 descendit
3477 5505 3544 5559 ad

1968 5620 2084 5659 eam
2107 5619 2122 5668 ;
2151 5604 2390 5673 quaesivit
2412 5619 2550 5668 eam,
2584 5603 2872 5672 reportarit
2899 5603 2951 5656 in
2983 5599 3214 5659 humeris
3241 5600 3352 5654 suis
3374 5599 3395 5670 (
3417 5596 3544 5652 an.

2035 5763 2049 5790 ι
2088 5761 2160 5806 sic
2183 5763 2286 5806 Mss.
2313 5766 2366 5806 Al
2384 5757 2517 5814 l-‘dd.,
2536 5757 2736 5807 cantica.

2033 5822 2052 5852 ³
2089 5821 2261 5884 ttegius
2283 5829 2382 5882 Ms,
2407 5818 2488 5882 qui
2511 5826 2730 5885 qua'rmtt
2753 5831 2844 5869 non
2867 5824 2928 5868 te.
3203 5841 3301 5874 ,ηις
3368 5868 3373 5874 _
