4020 6198
486 366 579 424 ιιτι

485 498 576 548 sv,
603 480 658 546 6,
683 478 769 549 5).
798 475 1117 531 Contemnet
1142 477 1194 525 te
1217 510 1233 535 ,
1260 482 1294 522 ο
1332 465 1447 520 ovis
1470 506 1486 530 ,
1511 470 1836 533 quaerentem
1862 474 1945 526 se,
1974 461 2066 529 qui

489 574 629 642 prior
653 566 901 639 quarsivit
935 569 1363 619 contemnentem
1410 573 1468 612 se
1489 598 1504 622 ,
1534 565 1589 610 ct
1613 569 1717 609 non
1742 560 2068 623 qumreutem

487 662 584 718 se?
610 660 725 715 lam
747 672 875 729 ergo
900 669 1143 727 quaerere
1171 668 1292 708 eum
1323 650 1516 719 incipe,
1544 647 1634 718 qui
1661 646 1807 717 prior
1828 643 2072 713 quazsivit

486 766 540 808 te
563 794 577 813 ,
606 762 658 805 et
700 726 988 820 reportavit
1026 747 1077 801 in
1129 744 1363 799 humeris
1410 741 1540 795 suis.
1572 726 1691 794 Fac
1719 735 1860 807 quod
1902 735 1977 811 ait
2006 735 2023 766 ί
2056 750 2069 787 :

492 844 618 909 Qute
638 850 751 893 sunt
778 854 889 892 oves
916 852 1057 900 tuear,
1090 850 1258 888 vocem
1284 847 1445 885 nteant
1473 828 1706 893 audiunt,
1735 835 1781 879 et
1800 835 2074 894 sequuntur

487 951 568 988 me
600 931 780 999 (Joan.
815 947 869 996 κ,
902 928 990 999 5).
1035 926 1094 982 Si
1124 938 1251 995 ergo
1276 923 1469 993 qnmris
1497 934 1616 1000 eum
1644 917 1733 988 qui
1763 916 1909 985 prior
1932 928 2078 983 qna:-

494 1029 617 1082 sirit
645 1037 713 1091 te,
744 1036 798 1080 et
821 1025 937 1079 ovis
961 1022 1100 1078 facta
1125 1034 1185 1075 es
1211 1020 1345 1088 ejus,
1380 1026 1432 1071 et
1455 1014 1608 1069 audis
1636 1027 1818 1067 vocem
1849 1008 2074 1080 pastoris

488 1124 563 1175 tui
591 1163 607 1184 ,
636 1129 690 1174 et
722 1117 961 1188 sequeris
988 1130 1147 1180 eum;
1175 1112 1295 1167 vide
1335 1108 1459 1180 quid
1502 1107 1594 1163 tibi
1623 1107 1691 1162 de
1717 1120 1776 1161 se
1804 1103 2073 1168 ostendit,

488 1213 621 1281 quid
648 1212 714 1267 de
739 1222 962 1279 corpore
988 1222 1107 1269 suo,
1139 1220 1206 1260 ne
1236 1204 1286 1257 in
1319 1203 1434 1271 ipso
1459 1213 1687 1259 errares,
1718 1212 1785 1252 ne
1811 1196 1864 1249 in
1891 1194 2075 1251 Eccle-

497 1304 575 1358 sia
614 1316 821 1357 errares
846 1340 861 1364 ,
891 1315 958 1354 ne
995 1297 1113 1366 quis
1157 1295 1248 1348 tibi
1289 1293 1489 1348 diceret
1521 1308 1534 1342 :
1566 1288 1807 1343 Christus
1834 1294 1955 1351 est,
1985 1279 2073 1352 qui

494 1411 602 1450 non
642 1402 725 1449 est
746 1392 1024 1453 Christus;
1054 1396 1142 1441 :mt
1182 1384 1415 1440 Ecclesia
1441 1390 1524 1436 est
1547 1422 1563 1445 ,
1589 1397 1706 1449 qua:
1736 1384 1947 1432 nonest
1975 1374 2078 1428 Ec-

494 1487 675 1541 clesia.
722 1483 870 1538 Multi
922 1481 1062 1536 enim
1112 1477 1361 1533 dixerunt
1411 1487 1624 1527 carnem
1673 1485 1777 1523 non
1827 1467 2079 1522 habuisse

493 1579 786 1641 Christum,
816 1582 872 1629 et
913 1589 1016 1627 non
1046 1572 1097 1625 in
1142 1582 1364 1637 corpore
1401 1579 1496 1618 suo
1538 1559 1894 1617 resurrcxisse
1918 1556 2077 1612 Chri-

495 1681 634 1727 stum
668 1687 681 1722 :
713 1667 821 1721 noli
860 1664 1008 1734 sequi
1055 1676 1215 1715 voces
1262 1672 1468 1712 eorum.
1513 1654 1650 1709 Audi
1690 1667 1874 1707 vocem
1913 1650 2109 1718 ipsius'

450 1803 455 1809 .
501 1762 751 1833 pastoris,
774 1758 862 1828 qui
892 1755 1108 1810 indutus
1131 1762 1214 1807 est
1241 1764 1420 1812 carne,
1448 1757 1507 1801 ut
1532 1754 1797 1817 quareret
1819 1742 2075 1811 perditam

461 1828 732 1906 ‘caruem.
768 1845 1074 1901 ilesurrexit
1094 1885 1107 1907 ,
1155 1852 1210 1895 et
1237 1841 1310 1894 ait
1337 1857 1349 1891 :
1385 1836 1606 1907 Palpate
1629 1876 1644 1900 ,
1675 1843 1721 1887 et
1752 1832 1930 1894 videte,
1959 1828 2080 1899 quia

494 1942 700 2010 spiritus
724 1954 925 1993 carnem
951 1945 995 1989 et
1036 1950 1151 1989 ossa
1176 1948 1275 1986 non
1317 1928 1462 1983 habet
1484 1969 1498 1992 ,
1528 1927 1654 1981 sicut
1681 1938 1758 1976 me
1783 1920 1956 1977 videtis
1982 1920 2079 1972 Ita-

495 2008 626 2085 bere.
659 2027 902 2084 Ostendit
940 2040 1001 2080 se
1030 2023 1157 2088 tibi;
1191 2034 1374 2075 vocem
1414 2017 1529 2085 ejus
1556 2027 1802 2083 sequere.
1833 2008 2081 2065 Ostendit

495 2134 549 2177 rt
593 2121 917 2181 Ecrlesiam;
961 2131 1027 2171 ne
1067 2115 1185 2184 quis
1226 2122 1277 2166 te
1320 2108 1468 2165 fallat
1508 2107 1724 2161 nomine
1767 2101 2019 2158 Ecclesia:
2060 2116 2075 2153 :

501 2212 805 2284 Oportebat,
836 2208 1038 2278 inquit,
1070 2204 1323 2260 Christum
1353 2200 1457 2271 pati
1482 2241 1497 2260 .
1524 2209 1569 2252 et
1593 2210 1850 2265 resurgere
1887 2210 1920 2247 a
1946 2208 2081 2244 mor-

499 2309 598 2360 tuis
624 2304 767 2358 tertia
796 2303 897 2366 die,
925 2309 971 2353 et
1008 2294 1275 2368 praedicari
1298 2294 1351 2347 in
1380 2290 1578 2346 nomine
1606 2288 1716 2359 ejus
1741 2284 2078 2357 paenitentiam

499 2408 545 2451 et
572 2393 912 2449 remissionem
940 2397 1258 2461 peccatorum
1301 2398 1389 2454 per
1416 2397 1587 2436 omnes
1611 2388 1800 2450 gentes,
1831 2375 2079 2445 incipien-

500 2487 634 2540 tibus
656 2484 718 2537 ab
757 2479 1041 2537 Jerusalem
1085 2476 1243 2550 (an.
1276 2487 1404 2529 xxiv
1427 2512 1443 2538 ,
1489 2469 1556 2525 59
1580 2510 1596 2533 ,
1624 2467 1691 2523 46
1712 2508 1728 2532 ,
1757 2467 1824 2521 47
1843 2467 1881 2533 ).
1908 2463 2081 2518 Habes

500 2591 685 2631 mrem
735 2572 964 2645 pastoris
1014 2570 1136 2634 tui;
1190 2566 1299 2621 noli
1349 2562 1497 2632 sequi
1549 2574 1734 2615 vocem
1786 2557 2079 2612 alienorum

498 2669 689 2740 (Joan.
723 2683 777 2731 χ,
806 2662 874 2734 5)
910 2681 923 2719 :
954 2671 1009 2718 et
1038 2660 1207 2715 furem
1239 2672 1345 2711 non
1390 2651 1603 2708 timebis
1630 2652 1673 2713 ³.
1702 2649 1746 2704 si
1774 2661 1957 2703 vocem
1984 2660 2079 2715 pa-

502 2739 662 2816 storis
689 2758 851 2814 fueris
897 2763 1130 2811 secutus.
1161 2749 1313 2807 Unde
1356 2756 1533 2803 autem
1581 2741 1857 2815 sequeris?
1885 2739 1940 2797 Si
1985 2754 2082 2794 nec

498 2854 746 2921 cuiquam
777 2847 1048 2903 hominum
1078 2841 1298 2904 dixeris,
1345 2839 1495 2909 quasi
1524 2835 1639 2904 ejus
1669 2833 1879 2894 merito,
1913 2829 2080 2900 Euge,

502 2962 652 3016 euge:
674 2957 770 2998 uec
783 2955 902 2996 cum
923 2936 1271 3009 gratulatione
1293 2930 1541 2993 audieris,
1567 2943 1632 2982 ne
1649 2927 1765 2981 oleo
1784 2923 2082 3005 peccatoris

502 3037 808 3105 pinguescat
827 3039 985 3100 caput
1005 3037 1149 3082 tuum
1171 3024 1190 3095 (
1216 3022 1356 3077 Psal.
1380 3034 1499 3082 ch,
1523 3021 1555 3075 5
1573 3016 1615 3090 ).
1642 3016 1924 3080 Exsttltent,
1943 3025 1986 3067 et
1994 3016 2090 3084 jud

502 3128 781 3180 suadentur
796 3124 846 3177 in
869 3132 933 3187 te,
953 3135 1123 3174 omnes
1142 3118 1233 3187 qui
1247 3124 1475 3184 quierunt
1497 3121 1576 3174 te;
1600 3120 1645 3164 et
1660 3110 1845 3163 dicunt.
1864 3107 1997 3175 Quid
2013 3107 2086 3162 di-

502 3216 719 3285 cnutqni
733 3210 1027 3270 exsultant?
1041 3209 1251 3277 Semper
1262 3205 1428 3274 magni
1433 3204 1609 3271 licetur
1624 3200 1884 3254 Dominus.
1903 3199 2086 3252 Dicant

504 3309 606 3362 hoc
626 3320 809 3360 omnes
834 3303 924 3374 qui
949 3299 1215 3356 exsultant
1240 3306 1294 3349 et
1315 3303 1558 3363 quierunt
1580 3299 1649 3344 te.
1679 3287 1848 3354 Quid?
1877 3287 2085 3354 Semper

504 3400 852 3471 magni/utetur
883 3394 1143 3457 Dominus,
1172 3390 1257 3461 qui
1285 3386 1500 3457 diligunt
1531 3383 1752 3439 salutare
1780 3391 1940 3434 tuum.
1969 3379 2084 3434 Non

507 3503 706 3546 tantum
728 3490 1074 3560 tmtgni/icetur
1095 3482 1341 3536 Dominus
1363 3520 1374 3543 ,
1398 3478 1489 3532 sed
1530 3476 1686 3530 etiam
1713 3488 1924 3542 semper.
1949 3471 2085 3525 Eure

505 3585 740 3649 crrahas,
757 3593 1046 3636 etavcrsus
1064 3577 1130 3631 ab
1158 3591 1222 3629 co
1251 3587 1371 3627 eras
1389 3589 1401 3624 :
1422 3568 1625 3625 vocarit
1644 3563 2087 3636 te;ntagni/icetur

506 3676 771 3731 Daumius.
816 3672 954 3727 Ecce
992 3668 1266 3737 iuSpirat-it
1300 3662 1391 3717 tibi
1420 3657 1806 3716 confessionem
1847 3662 2085 3724 peccato-

503 3765 622 3824 rum
648 3787 660 3821 :
685 3766 961 3822 confessus
989 3775 1070 3826 es,
1092 3758 1237 3814 dedit
1254 3754 1462 3810 veniam
1488 3768 1504 3817 ;
1534 3748 1882 3820 magni/iactor
1910 3744 2055 3798 Domi
2065 3773 2084 3783 -

506 3877 620 3914 nus.
639 3852 1125 3925 .Iautempistijuste
1144 3848 1320 3902 vivere
1338 3862 1353 3910 ;
1369 3844 1475 3913 jam
1494 3852 1619 3913 puto
1635 3838 1992 3909 quasijustum
2007 3843 2089 3888 est

507 3963 641 4008 utet
668 3962 722 4006 tu
762 3944 1136 4018 magniticeris.
1170 3938 1377 3996 Etenim
1420 3951 1542 3991 cum
1590 3942 1640 3988 te
1668 3937 1883 3986 vocaret
1908 3941 2088 3982 erran-

509 4056 614 4100 tum
637 4086 652 4110 ,
684 4036 1104 4111 tuagnilicaudus
1131 4041 1247 4089 erat
1291 4028 1584 4090 Dominus;
1628 4038 1748 4078 cum
1780 4020 1871 4075 tibi
1917 4019 2086 4073 conli-

504 4139 639 4195 tenti
670 4145 883 4205 peccata
915 4128 1155 4190 dimisit,
1188 4117 1603 4192 magnilicandns
1647 4124 1761 4169 erat
1791 4111 2041 4167 Dominus
2071 4124 2083 4159 :

510 4200 797 4296 modo-jam
823 4221 1044 4276 audiens
1065 4217 1221 4270 verba
1252 4212 1366 4282 ejus
1394 4205 1600 4276 coepisti
1629 4201 1903 4274 proﬁcere,
1933 4200 2089 4269 justi-

510 4290 775 4377 l‘teatus'cs
799 4355 814 4379 ,
846 4308 1132 4383 pervenisti
1178 4304 1242 4359 ad
1282 4299 1563 4372 quamdam
1589 4295 1794 4351 virtutis
1825 4290 2092 4347 excellen-

505 4414 664 4476 iiam;
708 4409 924 4477 dignum
965 4410 1051 4457 est
1092 4409 1150 4453 ut
1193 4406 1249 4452 et
1293 4405 1348 4449 ttt
1393 4390 1676 4461 aliquando
1717 4382 2088 4456 magnificcris.

514 4504 692 4558 Dicant
722 4516 739 4553 :
774 4499 984 4563 Semper
1027 4487 1375 4560 magni/iretur
1417 4482 1677 4536 Dominus.
1721 4478 1973 4532 Peccator
2000 4487 2088 4534 es;

510 4593 855 4664 ntagtti/icetttr
877 4594 936 4640 ut
959 4590 1110 4637 vocet
1136 4598 1147 4632 :
1170 4574 1469 4633 conﬁteris;
1492 4568 1839 4639 magni/icetur
1862 4572 1918 4618 ιιι
1944 4564 2093 4632 igno-

510 4696 621 4738 scat
653 4702 665 4737 :
703 4683 810 4751 jam
836 4678 977 4748 juste
1016 4671 1176 4730 rivis;
1213 4664 1559 4736 tttagttiﬁcetur
1588 4670 1645 4713 ut
1684 4667 1835 4727 regat
1866 4674 1878 4708 :
1911 4668 2092 4723 perse-

512 4787 662 4827 veras
704 4747 889 4841 iusque
942 4770 996 4820 in
1051 4764 1244 4823 linem;
1300 4755 1648 4826 magni/iretur
1698 4758 1752 4804 ut
1813 4747 2089 4818 glorilicet.

513 4865 724 4930 Sentper
752 4877 877 4930 ergo
908 4856 1253 4927 magni/iactor
1287 4847 1550 4901 Dominus.
1584 4842 1691 4896 Hoc
1725 4841 1901 4893 dicant
1924 4835 2050 4905 justi
2076 4852 2090 4898 ;

514 4959 614 5009 hoc
639 4928 833 5006 dicant
849 4950 935 5020 qui
965 4955 1205 5018 qnmruut
1235 4957 1376 4997 eum.
1404 4935 1654 5005 Quisquis
1684 4933 1784 4988 hoc
1811 4947 1914 4985 non
1942 4928 2090 4992 dicit,

510 5034 618 5103 utin
649 5044 836 5115 quaerit
863 5057 1004 5096 enm.
1040 5031 1194 5100 Ecce,
1227 5032 1574 5104 utagnificetur
1602 5026 1866 5079 Dominus.
1900 5020 2093 5077 Exsul-

512 5150 613 5196 tent
644 5147 688 5191 et
705 5134 1051 5204 jttrundcutur
1075 5143 1244 5183 omnes
1273 5127 1356 5194 qui
1379 5129 1605 5193 quwrnnt
1637 5133 1758 5172 eum
1785 5133 1797 5179 ;
1828 5125 1871 5167 et
1900 5114 2090 5171 dicunt.

513 5234 725 5299 Semper
766 5222 1109 5293 magniﬁcam
1155 5212 1441 5279 Dominus,
1479 5212 1565 5282 qui
1612 5209 1829 5279 diligunt
1875 5205 2094 5258 salutare

506 5296 647 5389 ejus.
676 5319 757 5374 Ah
792 5314 884 5368 illo
908 5320 992 5366 cst
1020 5310 1159 5363 enim
1205 5308 1307 5361 illis
1334 5306 1476 5360 salus
1496 5344 1511 5369 ,
1546 5318 1651 5357 nou
1681 5317 1710 5354 a
1740 5315 1818 5353 se.
1852 5296 2093 5352 Salatare

515 5385 724 5469 timui-ui
758 5406 849 5463 Dei
894 5399 1060 5457 nostri
1085 5441 1099 5462 ,
1128 5397 1370 5453 Salvator
1419 5393 1670 5449 Dominus
1718 5400 1899 5444 noster
1939 5385 2092 5442 lesus

510 5500 753 5560 Christus
782 5518 794 5553 :
825 5492 1063 5568 quisquis
1105 5487 1275 5557 diligit
1322 5484 1646 5541 Salvatorem
1669 5520 1686 5548 ,
1717 5481 1997 5536 conlitctur
2033 5491 2092 5531 se

574 5641 591 5671 ι
625 5646 801 5685 omnes
825 5639 975 5693 lippo
1011 5632 1135 5674 Mssa:
1176 5621 1442 5691 (muenmet
1476 5613 1981 5693 lenit-tmrqtuerejttem
2002 5608 2094 5693 se?

509 5672 1185 5759 αωνιῖἱίῖἇιιῖιὲἷιίὲεέάίιιτιυί
1204 5675 1563 5759 eaeaeae
1579 5672 1738 5759 {alii
1750 5672 1958 5759 09229:
1963 5678 2090 5759 1393'

576 5731 1188 5818 i'siés‘f'niilgii)‘
1205 5731 1374 5792 'l’erunt'
1397 5754 1409 5789 :
1446 5736 1550 5818 soli
1581 5731 1744 5818 vocem
1764 5731 1914 5793 sequi
1938 5731 2088 5783 latro—
2136 5762 2149 5777 .

508 5801 883 5881 misisti-uit;
901 5810 1113 5872 Carebis,
1127 5807 1172 5877 si
1195 5817 1351 5857 recent
1374 5801 1591 5868 pastoris,
1621 5806 1714 5848 etc.

1674 349 1731 403 S.
1770 345 2132 403 AUGUSTINI
2176 343 2475 400 EPIStiOPi

3636 331 3737 392 ετξ

2177 468 2449 520 sanatum;
2485 454 2720 526 quisquis
2766 470 2824 510 se
2863 453 3144 509 conﬁtetur
3184 461 3458 517 sanatum,
3496 445 3656 507 fuisse
3690 465 3755 507 se

2175 551 2458 602 conlitetur
2482 557 2758 618 :rgrotum.
2797 546 2973 600 Dicant
3000 560 3147 613 ergo,
3175 542 3759 613 Setnpermagniﬁcetur

2177 639 2459 701 Dominus.
2490 641 2573 709 qui
2614 640 2825 709 diligunt
2867 638 3085 691 salutare
3128 642 3267 688 tuum
3312 650 3331 687 :
3376 648 3480 687 non
3522 632 3764 687 salutare

2177 748 2332 788 suum
2356 776 2370 798 ,
2403 733 2551 801 quasi
2593 748 2651 789 se
2682 732 2777 801 ipsi
2819 730 3061 790 salvent;
3094 744 3196 781 non
3225 726 3370 795 quasi
3398 724 3633 780 salutare
3662 723 3753 775 ho.

2177 827 2361 888 minis,
2402 837 2643 894 tauquam
2671 825 2736 878 ah
2762 824 2850 877 illo
2875 824 3158 876 salvantur.
3201 818 3387 882 Nolite,
3417 816 3603 886 inquit,
3640 833 3736 868 ton

2178 921 2332 988 ﬁdere
2359 920 2408 971 in
2430 919 2702 988 principes,
2733 926 2776 969 et
2804 917 2856 969 itt
2891 915 3023 981 ﬁlios
3048 913 3306 966 [taurinum
3332 953 3346 973 ,
3374 912 3426 963 iu
3457 910 3636 978 quibus
3667 923 3768 960 non

2178 1022 2250 1065 est
2281 1013 2417 1066 salus
2444 1013 2461 1079 (
2487 1008 2633 1064 Psal.
2662 1024 2800 1063 CXLV
2820 1048 2835 1071 ,
2864 1007 2931 1071 2,
2963 1007 3054 1076 3).
3083 1004 3257 1072 Quare
3287 1003 3421 1056 hoc?
3453 1000 3660 1054 Domini
3697 1010 3773 1051 est

2177 1103 2336 1167 salus,
2366 1112 2409 1155 et
2434 1118 2586 1171 super
2621 1098 2864 1169 populum
2889 1107 3027 1150 tunnt
3064 1094 3338 1149 benedictio
3363 1102 3450 1146 tua
3481 1090 3654 1162 (Psal.
3689 1103 3774 1151 ιιι.

2180 1194 2212 1248 9
2235 1194 2274 1263 ).
2309 1193 2444 1262 Ergo
2467 1233 2481 1256 ,
2512 1190 2723 1261 Semper
2754 1188 3099 1259 magni/icetur
3130 1185 3396 1239 Dominus.
3424 1183 3527 1250 Qui
3553 1183 3659 1237 hoc
3684 1181 3772 1235 die

2180 1284 2345 1338 cont?
2375 1284 2473 1347 Qui
2503 1281 2715 1352 diligunt
2741 1280 2961 1334 salutare
2985 1288 3145 1330 tuum.

2251 1376 2301 1430 7.
2335 1373 2501 1448 [vera
2531 1371 2622 1444 6.]
2665 1371 2799 1426 Ecce
2820 1369 3168 1439 magni/iretur
3194 1366 3471 1429 Dominus;
3492 1380 3769 1434 nunquam

2183 1477 2257 1530 tu,
2282 1479 2539 1534 nusquam
2563 1463 2661 1518 tu?
2689 1462 2742 1515 ιιι
2773 1460 2864 1514 illo
2889 1458 3105 1528 aliquid,
3132 1457 3182 1512 in
3211 1472 3294 1510 Inc
3318 1456 3447 1510 nihil
3478 1466 3493 1510 ':
3521 1455 3566 1509 si
3586 1464 3769 1508 autem

2181 1556 2234 1610 in
2256 1554 2346 1609 illo
2366 1551 2618 1624 quidquid
2640 1566 2773 1621 ego;
2802 1549 2911 1613 ille,
2934 1563 3038 1603 non
3064 1563 3183 1617 ego.
3206 1547 3284 1601 Τιι
3308 1561 3434 1617 ergo
3457 1545 3583 1616 quid
3600 1546 3626 1598 ?
3659 1545 3770 1616 Ego

2181 1663 2295 1700 vero
2322 1662 2504 1715 egenus
2541 1654 2589 1698 et
2617 1658 2810 1714 pauper
2833 1659 2966 1695 sum.
2998 1640 3092 1695 llic
3118 1639 3268 1694 dives
3291 1679 3306 1704 ,
3343 1639 3429 1694 ille
3453 1638 3731 1692 abundans
3751 1679 3768 1702 ,

2182 1738 2270 1793 ille
2301 1736 2495 1791 nullius
2533 1735 2795 1804 indigens.
2838 1733 2975 1787 Ecce
3016 1732 3191 1785 lumen
3222 1744 3397 1784 meum
3422 1770 3439 1797 ,
3468 1744 3596 1784 ecce
3630 1729 3769 1784 unde

2184 1828 2486 1893 illuminor;
2519 1825 2766 1895 quoniam
2805 1823 2979 1879 clamo
3010 1840 3024 1877 :
3056 1818 3135 1875 Tu
3162 1820 3468 1875 illuminabis
3508 1822 3770 1875 lucernam

2183 1936 2365 1986 nteant,
2399 1919 2641 1982 Domine;
2670 1916 2805 1971 Deus
2828 1932 2987 1983 meus,
3020 1915 3327 1968 illuminabis
3366 1914 3592 1968 tenebras
3632 1930 3769 1967 metu

2186 2013 2204 2082 (
2228 2012 2365 2067 Psal.
2399 2027 2527 2074 xvn,
2552 2009 2677 2078 29).
2709 2008 2953 2064 Dominus
2977 2007 3123 2062 solvit
3146 2001 3490 2076 compeditos;
3518 2004 3795 2060 Dominus-

2181 2104 2325 2174 erigit
2357 2101 2542 2165 elisos;
2570 2100 2815 2154 Dominus
2852 2103 3099 2168 sapientes
3137 2099 3258 2167 facit
3286 2112 3485 2158 arcas:
3517 2095 3769 2151 Dominus

2182 2194 2392 2249 custodit
2415 2194 2693 2264 prosulytos
2717 2190 2890 2258 (Psal.
2920 2206 3070 2252 cur,
3097 2189 3187 2259 7).
3217 2188 3351 2255 Quid
3377 2202 3506 2257 ergo
3537 2188 3632 2242 tu?
3657 2186 3766 2258 Ego

2183 2302 2297 2340 vero
2323 2300 2503 2355 egenus
2539 2294 2583 2337 et
2613 2299 2821 2352 pauper.
2867 2282 2980 2350 Ego
3009 2291 3256 2349 tanquam
3302 2279 3562 2348 pupillus;
3589 2279 3765 2332 anima

2184 2396 2301 2435 mea
2333 2391 2578 2450 mnquam
2606 2379 2761 2432 vidua
2804 2376 3054 2431 destituta
3102 2384 3155 2428 et
3197 2374 3431 2427 desolata
3464 2389 3478 2424 :
3507 2372 3764 2425 auxilium

2184 2488 2396 2542 qurere;
2420 2488 2630 2542 semper
2648 2471 3003 2525 inﬁrmitatem
3025 2484 3195 2522 meam
3216 2465 3495 2521 conﬁteor.
3523 2464 3634 2536 Ego
3652 2481 3766 2518 nem

2182 2582 2365 2637 egenus
2387 2575 2431 2619 et
2453 2581 2643 2633 pauper
2691 2564 2889 2617 Donata
2917 2571 3039 2616 sunt
3066 2559 3195 2614 mihi
3222 2568 3431 2628 peccata
3458 2557 3603 2626 ;jant
3627 2557 3765 2625 coepi

2183 2659 2335 2728 sequi
2366 2668 2624 2727 prmeepta
2667 2655 2763 2710 Dei
2796 2672 2809 2707 :
2840 2653 3013 2708 adhuc
3054 2664 3228 2708 tamen
3257 2668 3439 2722 egenus
3464 2661 3512 2704 et
3550 2667 3761 2721 pauper.

2188 2748 2335 2805 Unde
2362 2749 2538 2803 adhuc
2559 2764 2743 2818 egenus
2766 2757 2816 2801 et
2842 2744 3077 2816 pauper?
3101 2743 3235 2810 Quia
3264 2743 3406 2797 video
3432 2743 3588 2795 aliam
3608 2742 3763 2812 legent

2182 2842 2237 2894 in
2269 2840 2498 2895 membris
2526 2840 2646 2894 meis
2691 2847 3049 2909 repugnantem
3077 2836 3176 2906 legi
3204 2834 3379 2888 mentis
3419 2848 3542 2887 mea:
3571 2832 3592 2901 (
3608 2832 3759 2890 licet.

2184 2947 2277 2995 vtt,
2304 2929 2429 3000 25).
2468 2930 2620 2986 Unde
2644 2946 2826 3001 egenus
2852 2936 2896 2981 et
2924 2925 3156 2997 pauper?
3180 2925 3335 2992 Quia,
3365 2918 3506 2976 Beati
3528 2923 3614 2992 qui
3645 2939 3761 2976 esu-

2184 3022 2408 3088 riunt,i:t
2427 3018 2599 3076 sitiunt
2609 3020 2859 3091 justitiam
2890 3017 3108 3091 (Matth.
3136 3033 3188 3078 γ.
3221 3016 3309 3086 ϐ).
3338 3015 3528 3070 Adhuc
3550 3015 3760 3079 esurio,

2186 3114 2357 3175 adhuc
2377 3116 2497 3169 sitio
2523 3133 2535 3169 :
2558 3114 2806 3169 saturitas
2835 3128 2951 3166 mea
2977 3111 3134 3166 dilata
3163 3126 3239 3167 ρει
3262 3126 3277 3175 ;
3308 3126 3411 3163 non
3434 3108 3628 3163 ablata.
3656 3107 3765 3179 Ego

2185 3224 2299 3262 vero
2324 3224 2507 3279 egenus
2530 3217 2574 3260 et
2601 3223 2830 3276 pauper;
2857 3203 2990 3260 Deus
3010 3244 3024 3269 ,
3057 3203 3243 3273 adjuva
3268 3219 3358 3255 me.
3392 3200 3544 3257 Unde
3563 3202 3726 3270 coepit
3743 3238 3760 3263 ,

2187 3298 2323 3352 Deus
2358 3300 2411 3351 in
2437 3298 2746 3369 atljuloriam
2775 3312 2936 3349 meum
2979 3295 3209 3357 intende;
3241 3292 3371 3346 Deus
3392 3335 3408 3358 ,
3438 3292 3625 3355 adiuva
3666 3308 3762 3343 me.

2190 3393 2500 3447 Rectissime
2525 3402 2580 3446 et
2617 3390 2847 3445 Lazarus
2889 3387 3112 3456 Adjutns
3157 3385 3492 3455 interpretari
3529 3383 3761 3444 dicitur:

2189 3486 2278 3540 ille
2298 3499 2498 3555 egenus
2520 3494 2572 3539 et
2590 3470 2810 3555 pauper.
2829 3481 2917 3552 qui
2942 3482 3145 3534 ablatus
3163 3488 3245 3533 est
3264 3478 3315 3532 iu
3341 3478 3511 3532 sinum
3533 3475 3767 3529 Abrahae

2189 3577 2346 3651 (Luc.
2391 3594 2478 3633 xvr
2501 3620 2514 3641 ,
2557 3576 2661 3646 22)
2694 3593 2706 3628 :
2736 3586 2791 3630 ct
2818 3575 2954 3645 gerit
2999 3583 3176 3645 typum
3207 3569 3459 3625 Ecclesiae
3489 3567 3616 3630 Dei,
3645 3583 3765 3635 qua:

2187 3686 2398 3740 semper
2426 3668 2664 3723 confiteri
2694 3666 2848 3721 debet
2891 3664 3156 3732 adjutorio
3184 3662 3283 3717 sibi
3321 3675 3457 3731 epus
3484 3674 3624 3714 esse.
3657 3658 3765 3712 lloc

2189 3774 2270 3816 ost
2295 3778 2498 3821 verum.
2522 3760 2623 3814 hoc
2652 3770 2727 3813 est
2754 3759 2920 3829 pium.
2950 3756 3068 3810 Dixi
3099 3754 3312 3808 Domino
3342 3768 3360 3805 :
3385 3749 3522 3806 Deus
3550 3767 3690 3801 meus
3717 3767 3765 3801 cs

2190 3865 2262 3907 tu.
2291 3854 2463 3920 Quare
2484 3852 2505 3889 9
2534 3851 2782 3918 Quoniam
2803 3851 3041 3903 bonorum
3070 3862 3289 3900 meorum
3313 3860 3412 3897 non
3441 3859 3553 3912 eges
3580 3845 3599 3911 (
3623 3840 3761 3894 Psal.

2140 3972 2146 3979 ο
2193 3959 2284 4007 xv,
2308 3942 2345 3996 ξ).
2364 3946 2403 4012 ).
2433 3942 2524 3995 ille
2550 3955 2654 3994 non
2682 3947 2800 4009 eget
2824 3937 2988 3992 nostri
3013 3953 3027 3999 ;
3061 3950 3157 3989 nos
3180 3949 3401 4003 egemus
3421 3932 3624 4001 ipsius:
3651 3930 3766 3983 ideo

2192 4050 2348 4089 verus
2394 4034 2667 4086 Dominus.
2715 4029 2843 4083 Nam
2892 4038 2945 4083 tu
2979 4042 3081 4081 non
3127 4026 3280 4080 Valde
3321 4038 3479 4077 verus
3520 4021 3766 4075 dominus

2193 4127 2330 4182 servi
2359 4124 2636 4190 tui;ambo
2653 4122 2915 4183 homines,
2939 4119 3096 4173 ambo
3111 4125 3327 4188 egentes
3360 4115 3485 4169 Deo.
3516 4115 3571 4169 Si
3592 4124 3766 4166 autent

2200 4230 2354 4289 putas
2381 4231 2540 4286 egere
2567 4216 2639 4267 tui
2671 4228 2881 4266 servum
2906 4220 3075 4273 tuum,
3104 4219 3159 4262 ut
3185 4209 3279 4262 des
3309 4222 3529 4275 panem;
3558 4219 3688 4273 eges
3718 4215 3769 4257 et

2197 4324 2249 4366 tu
2271 4311 2405 4364 servi
2430 4309 2501 4362 ιιιὶ
2523 4350 2536 4372 ,
2563 4317 2620 4361 ιιι
2638 4305 2849 4374 adjuvet
2875 4301 3085 4357 labores
3112 4311 3229 4353 tuos
3254 4316 3265 4350 :
3292 4306 3513 4367 uterque
3533 4307 3773 4349 vestrum

2195 4404 2362 4454 altero
2403 4410 2634 4453 \‘eStrum
2677 4394 2895 4463 indiget.
2944 4393 3120 4460 Itaque
3163 4390 3336 4444 nullus
3374 4399 3610 4442 vcstnnu
3649 4402 3769 4440 \crc

2196 4490 2457 4550 dotniuus,
2488 4498 2542 4541 et
2568 4487 2743 4541 nullus
2768 4494 2999 4537 vestrum
3033 4497 3156 4535 vere
3182 4495 3389 4534 servus.
3420 4478 3557 4532 Audi
3586 4493 3767 4531 verum

2202 4582 2511 4641 hominum,
2563 4576 2713 4646 cujus
2766 4589 2922 4628 verus
2973 4588 3032 4626 es
3077 4587 3263 4627 servus
3293 4590 3304 4623 :
3339 4569 3456 4622 Dixi
3506 4568 3765 4623 Domino:

2200 4674 2333 4727 Deus
2361 4689 2499 4725 meus
2524 4688 2574 4724 cs
2612 4667 2683 4723 tti.
2710 4670 2883 4736 Quare
2926 4679 2976 4720 ιιι
3010 4664 3304 4719 Dominus?
3336 4665 3584 4729 Quoniam
3614 4664 3768 4716 bono-

2197 4782 2309 4818 rnnt
2331 4779 2555 4818 meorum
2580 4778 2679 4815 non
2705 4777 2833 4829 eges.
2856 4742 2995 4824 'Lluid
3018 4767 3193 4811 autem
3217 4768 3269 4808 tu
3284 4755 3307 4794 9
3331 4754 3437 4824 Ego
3459 4769 3572 4806 vero
3593 4769 3768 4823 egenus

2197 4867 2242 4909 et
2267 4871 2474 4925 pauper.
2509 4854 2642 4907 Ecce
2668 4868 2849 4920 egenus
2875 4860 2920 4904 et
2948 4865 3173 4917 pauper;
3202 4856 3382 4917 pascat
3407 4846 3569 4907 Deus,
3598 4844 3768 4900 subice

2197 4956 2285 5001 vet
2316 4947 2457 5000 Deus
2476 4986 2489 5006 ,
2517 4943 2725 5013 adjuvet
2753 4942 2891 4995 Deus
2924 4957 2936 4992 :
2969 4939 3123 5002 Deus,
3151 4938 3336 5008 inquit,
3369 4934 3561 5005 adjuva
3586 4952 3684 4988 me.

2267 5041 2320 5095 8.
2360 5038 2577 5108 Atijutor
2621 5044 2663 5089 et
2709 5045 2875 5087 erutor
2902 5049 3041 5086 meus
3073 5048 3122 5085 es
3154 5042 3206 5083 tu
3227 5071 3241 5093 ,
3273 5028 3527 5089 Domine;
3572 5043 3635 5080 ne
3665 5037 3769 5077 tar-

2198 5133 2414 5188 daveris.
2436 5131 2514 5185 Tn
2535 5130 2741 5199 adjutor
2756 5137 2809 5181 et
2828 5135 3011 5180 erntor
3033 5140 3046 5176 :
3073 5123 3279 5193 indigeo
3304 5120 3522 5182 auxilio,
3546 5119 3767 5188 adjuva;

2200 5226 2495 5295 implicatus
2520 5237 2634 5277 sum
2662 5264 2677 5287 ,
2706 5236 2851 5275 erue.
2882 5219 3046 5273 Nemo
3087 5218 3227 5271 enim
3258 5223 3406 5268 eruet
3431 5212 3500 5267 de
3531 5211 3767 5281 implica-

2200 5316 2427 5371 tionihus
2448 5356 2462 5378 ,
2492 5313 2591 5369 nisi
2618 5321 2698 5367 tu.
2729 5311 3080 5366 Circumstant
3124 5322 3222 5360 nos
3248 5317 3414 5358 nexus
3441 5301 3767 5357 diversarum

2198 5422 2477 5469 curarum;
2510 5405 2631 5458 hinc
2655 5411 2815 5472 atque
2840 5400 2963 5454 inde
2988 5397 3306 5452 dilaniamur
3328 5394 3479 5464 quasi
3507 5392 3678 5461 spinis
3718 5404 3770 5441 et

2197 5502 2440 5572 sepibus,
2465 5496 2797 5552 ambulamus
2825 5500 3100 5563 angustam
3144 5489 3311 5552 viam;
3353 5484 3580 5540 fortasse
3618 5480 3770 5536 inusi-

2198 5609 2319 5649 mus
2345 5593 2395 5646 in
2424 5590 2634 5660 sepibus
2659 5606 2670 5641 :
2694 5586 2929 5651 dicamus
2955 5585 3081 5644 Deo,
3111 5580 3153 5634 Τ
3156 5597 3185 5632 ιι
3213 5595 3263 5632 es
3290 5587 3459 5632 emtor
3480 5591 3642 5627 meus.
3673 5572 3768 5639 Qui

2198 5684 2428 5740 ostendit
2471 5690 2744 5751 angustant
2787 5679 2925 5731 viam
2970 5673 3195 5746 (Matth.
3246 5666 3773 5736 γιι,14),1“υιίιιιι

2199 5771 2716 5848 sequerentur.'il:nc
2762 5784 2862 5825 vox
2907 5772 3210 5838 perseveret
3252 5762 3302 5816 in
3334 5759 3487 5815 nobis
3510 5801 3526 5826 ,
3563 5757 3771 5810 fratres.
