  <div class='ocr_page' id='page_1' title='image "/cluster/home/n/w/nwhite01/storage/ocr_20150623/36/hvd.32044096580584/444.png"; bbox 0 0 4020 6198; ppageno 0'>
   <div class='ocr_carea' id='block_1_1' title="bbox 292 349 392 408">
    <p class='ocr_par' dir='ltr' id='par_1_1' title="bbox 292 349 392 408">
     <span class='ocr_line' id='line_1_1' title="bbox 292 349 392 408; baseline 0.08 -9"><span class='ocrx_word' id='word_1_1' title='bbox 292 349 392 408; x_wconf 69' lang='lat'><strong>873</strong></span> 
     </span>
    </p>
   </div>
   <div class='ocr_carea' id='block_1_2' title="bbox 291 461 1867 533">
    <p class='ocr_par' dir='ltr' id='par_1_2' title="bbox 291 461 1867 533">
     <span class='ocr_line' id='line_1_2' title="bbox 291 461 1867 533; baseline 0.001 -21"><span class='ocrx_word' id='word_1_2' title='bbox 291 471 777 530; x_wconf 47' lang='lat' dir='ltr'><strong>:‘manlmneumque</strong></span> <span class='ocrx_word' id='word_1_3' title='bbox 809 462 893 516; x_wconf 85' lang='lat' dir='ltr'><strong>hic</strong></span> <span class='ocrx_word' id='word_1_4' title='bbox 925 464 1228 527; x_wconf 67' lang='lat' dir='ltr'><strong>vixerimus,</strong></span> <span class='ocrx_word' id='word_1_5' title='bbox 1264 473 1744 533; x_wconf 84' lang='lat' dir='ltr'><strong>quantumcumque</strong></span> <span class='ocrx_word' id='word_1_6' title='bbox 1785 461 1867 514; x_wconf 90' lang='lat' dir='ltr'><strong>hic</strong></span> 
     </span>
    </p>
   </div>
   <div class='ocr_carea' id='block_1_3' title="bbox 293 555 1860 626">
    <p class='ocr_par' dir='ltr' id='par_1_3' title="bbox 293 555 1860 626">
     <span class='ocr_line' id='line_1_3' title="bbox 293 555 1860 626; baseline 0.006 -25"><span class='ocrx_word' id='word_1_7' title='bbox 293 555 690 621; x_wconf 68' lang='lat' dir='ltr'><strong>profecerimus.</strong></span> <span class='ocrx_word' id='word_1_8' title='bbox 718 571 874 610; x_wconf 90' lang='lat' dir='ltr'><strong>nemo</strong></span> <span class='ocrx_word' id='word_1_9' title='bbox 894 556 1038 610; x_wconf 82' lang='lat' dir='ltr'><strong>dicat</strong></span> <span class='ocrx_word' id='word_1_10' title='bbox 1069 576 1080 609; x_wconf 77' lang='grc' dir='ltr'><strong>ε</strong></span> <span class='ocrx_word' id='word_1_11' title='bbox 1112 556 1314 610; x_wconf 87' lang='lat' dir='ltr'><strong>Sufficit</strong></span> <span class='ocrx_word' id='word_1_12' title='bbox 1339 556 1466 610; x_wconf 88' lang='lat' dir='ltr'><strong>mihi</strong></span> <span class='ocrx_word' id='word_1_13' title='bbox 1488 575 1502 620; x_wconf 91' lang='lat'><strong>;</strong></span> <span class='ocrx_word' id='word_1_14' title='bbox 1525 557 1701 626; x_wconf 89' lang='lat' dir='ltr'><strong>justus</strong></span> <span class='ocrx_word' id='word_1_15' title='bbox 1723 573 1860 610; x_wconf 85' lang='lat' dir='ltr'><strong>smn.</strong></span> 
     </span>
    </p>
   </div>
   <div class='ocr_carea' id='block_1_4' title="bbox 290 647 1861 718">
    <p class='ocr_par' dir='ltr' id='par_1_4' title="bbox 290 647 1861 718">
     <span class='ocr_line' id='line_1_4' title="bbox 290 647 1861 718; baseline -0.001 -16"><span class='ocrx_word' id='word_1_16' title='bbox 290 648 387 713; x_wconf 80' lang='lat' dir='ltr'><strong>Qui</strong></span> <span class='ocrx_word' id='word_1_17' title='bbox 421 647 644 711; x_wconf 80' lang='lat' dir='ltr'><strong>dixerit,</strong></span> <span class='ocrx_word' id='word_1_18' title='bbox 690 650 940 701; x_wconf 73' lang='lat' dir='ltr'><strong>remansit</strong></span> <span class='ocrx_word' id='word_1_19' title='bbox 983 650 1032 702; x_wconf 91' lang='lat' dir='ltr'><strong>in</strong></span> <span class='ocrx_word' id='word_1_20' title='bbox 1077 649 1155 702; x_wconf 84' lang='lat' dir='ltr'><strong>via</strong></span> <span class='ocrx_word' id='word_1_21' title='bbox 1185 689 1198 711; x_wconf 95' lang='lat'><strong>,</strong></span> <span class='ocrx_word' id='word_1_22' title='bbox 1235 663 1337 703; x_wconf 91' lang='lat' dir='ltr'><strong>non</strong></span> <span class='ocrx_word' id='word_1_23' title='bbox 1390 651 1535 703; x_wconf 87' lang='lat' dir='ltr'><strong>novit</strong></span> <span class='ocrx_word' id='word_1_24' title='bbox 1566 649 1861 718; x_wconf 77' lang='lat' dir='ltr'><strong>pervenire.</strong></span> 
     </span>
    </p>
   </div>
   <div class='ocr_carea' id='block_1_5' title="bbox 293 741 1860 813">
    <p class='ocr_par' dir='ltr' id='par_1_5' title="bbox 293 741 1860 813">
     <span class='ocr_line' id='line_1_5' title="bbox 293 741 1860 813; baseline 0.001 -17"><span class='ocrx_word' id='word_1_25' title='bbox 293 741 387 796; x_wconf 84' lang='lat' dir='ltr'><strong>Ubi</strong></span> <span class='ocrx_word' id='word_1_26' title='bbox 416 741 644 803; x_wconf 75' lang='lat' dir='ltr'><strong>dixerit,</strong></span> <span class='ocrx_word' id='word_1_27' title='bbox 679 741 908 804; x_wconf 78' lang='lat' dir='ltr'><strong>Sufficit;</strong></span> <span class='ocrx_word' id='word_1_28' title='bbox 953 743 1020 800; x_wconf 85' lang='lat' dir='ltr'><strong>ibi</strong></span> <span class='ocrx_word' id='word_1_29' title='bbox 1052 743 1225 802; x_wconf 68' lang='lat' dir='ltr'><strong>haesit.</strong></span> <span class='ocrx_word' id='word_1_30' title='bbox 1257 744 1480 798; x_wconf 88' lang='lat' dir='ltr'><strong>Attende</strong></span> <span class='ocrx_word' id='word_1_31' title='bbox 1512 746 1818 813; x_wconf 71' lang='lat' dir='ltr'><strong>Apostolnm</strong></span> <span class='ocrx_word' id='word_1_32' title='bbox 1845 787 1860 809; x_wconf 87' lang='lat'><strong>,</strong></span> 
     </span>
    </p>
   </div>
   <div class='ocr_carea' id='block_1_6' title="bbox 290 826 1864 903">
    <p class='ocr_par' dir='ltr' id='par_1_6' title="bbox 290 826 1864 903">
     <span class='ocr_line' id='line_1_6' title="bbox 290 826 1864 903; baseline 0.001 -17"><span class='ocrx_word' id='word_1_33' title='bbox 290 834 371 886; x_wconf 85' lang='lat' dir='ltr'><strong>cui</strong></span> <span class='ocrx_word' id='word_1_34' title='bbox 399 850 500 885; x_wconf 88' lang='lat' dir='ltr'><strong>non</strong></span> <span class='ocrx_word' id='word_1_35' title='bbox 524 832 742 893; x_wconf 86' lang='lat' dir='ltr'><strong>sufficit;</strong></span> <span class='ocrx_word' id='word_1_36' title='bbox 767 832 884 886; x_wconf 83' lang='lat' dir='ltr'><strong>vide</strong></span> <span class='ocrx_word' id='word_1_37' title='bbox 912 833 1174 902; x_wconf 85' lang='lat' dir='ltr'><strong>quomodo</strong></span> <span class='ocrx_word' id='word_1_38' title='bbox 1196 849 1254 888; x_wconf 91' lang='lat' dir='ltr'><strong>se</strong></span> <span class='ocrx_word' id='word_1_39' title='bbox 1275 833 1390 892; x_wconf 86' lang='lat' dir='ltr'><strong>vult</strong></span> <span class='ocrx_word' id='word_1_40' title='bbox 1411 826 1672 903; x_wconf 73' lang='lat' dir='ltr'><strong>adjuvari,</strong></span> <span class='ocrx_word' id='word_1_41' title='bbox 1694 834 1864 890; x_wconf 85' lang='lat' dir='ltr'><strong>donec</strong></span> 
     </span>
    </p>
   </div>
   <div class='ocr_carea' id='block_1_7' title="bbox 297 920 1863 995">
    <p class='ocr_par' dir='ltr' id='par_1_7' title="bbox 297 920 1863 995">
     <span class='ocr_line' id='line_1_7' title="bbox 297 920 1863 995; baseline 0.003 -20"><span class='ocrx_word' id='word_1_42' title='bbox 297 923 570 991; x_wconf 88' lang='lat' dir='ltr'><strong>perveniat</strong></span> <span class='ocrx_word' id='word_1_43' title='bbox 599 940 610 975; x_wconf 94' lang='lat'>:</span> <span class='ocrx_word' id='word_1_44' title='bbox 644 920 847 984; x_wconf 59' lang='lat' dir='ltr'><strong>Fratris</strong></span> <span class='ocrx_word' id='word_1_45' title='bbox 871 964 886 988; x_wconf 92' lang='lat'><strong>,</strong></span> <span class='ocrx_word' id='word_1_46' title='bbox 924 924 1128 992; x_wconf 87' lang='lat' dir='ltr'><strong>inquit,</strong></span> <span class='ocrx_word' id='word_1_47' title='bbox 1158 941 1245 994; x_wconf 86' lang='lat' dir='ltr'><strong>ego</strong></span> <span class='ocrx_word' id='word_1_48' title='bbox 1276 941 1353 985; x_wconf 79' lang='lat' dir='ltr'><strong>me</strong></span> <span class='ocrx_word' id='word_1_49' title='bbox 1388 942 1485 978; x_wconf 88' lang='lat' dir='ltr'><strong>non</strong></span> <span class='ocrx_word' id='word_1_50' title='bbox 1516 925 1731 979; x_wconf 77' lang='lat' dir='ltr'><strong>arbitror</strong></span> <span class='ocrx_word' id='word_1_51' title='bbox 1767 943 1863 995; x_wconf 81' lang='lat' dir='ltr'><strong>ap-</strong></span> 
     </span>
    </p>
   </div>
   <div class='ocr_carea' id='block_1_8' title="bbox 293 1012 1860 1086">
    <p class='ocr_par' dir='ltr' id='par_1_8' title="bbox 293 1012 1860 1086">
     <span class='ocr_line' id='line_1_8' title="bbox 293 1012 1860 1086; baseline 0.004 -22"><span class='ocrx_word' id='word_1_52' title='bbox 293 1012 643 1078; x_wconf 80' lang='lat' dir='ltr'><strong>pre/tendisse;</strong></span> <span class='ocrx_word' id='word_1_53' title='bbox 687 1026 754 1066; x_wconf 88' lang='lat' dir='ltr'><strong>ne</strong></span> <span class='ocrx_word' id='word_1_54' title='bbox 798 1012 870 1065; x_wconf 83' lang='lat' dir='ltr'><strong>illi</strong></span> <span class='ocrx_word' id='word_1_55' title='bbox 920 1013 1018 1066; x_wconf 89' lang='lat' dir='ltr'><strong>sibi</strong></span> <span class='ocrx_word' id='word_1_56' title='bbox 1063 1013 1369 1068; x_wconf 72' lang='lat' dir='ltr'><strong>viderentur</strong></span> <span class='ocrx_word' id='word_1_57' title='bbox 1409 1015 1860 1086; x_wconf 86' lang='lat' dir='ltr'><strong>apprehendisse,</strong></span> 
     </span>
    </p>
   </div>
   <div class='ocr_carea' id='block_1_9' title="bbox 292 1102 1896 1178">
    <p class='ocr_par' dir='ltr' id='par_1_9' title="bbox 292 1102 1896 1178">
     <span class='ocr_line' id='line_1_9' title="bbox 292 1102 1896 1178; baseline 0.006 -26"><span class='ocrx_word' id='word_1_58' title='bbox 292 1103 687 1172; x_wconf 22' lang='lat' dir='ltr'><strong>quibusvrursus</strong></span> <span class='ocrx_word' id='word_1_59' title='bbox 711 1102 856 1169; x_wconf 89' lang='lat' dir='ltr'><strong>dicit,</strong></span> <span class='ocrx_word' id='word_1_60' title='bbox 884 1104 982 1170; x_wconf 82' lang='lat' dir='ltr'><strong>Qui</strong></span> <span class='ocrx_word' id='word_1_61' title='bbox 1009 1122 1062 1158; x_wconf 88' lang='lat' dir='ltr'><strong>se</strong></span> <span class='ocrx_word' id='word_1_62' title='bbox 1091 1115 1230 1175; x_wconf 84' lang='lat' dir='ltr'><strong>putat</strong></span> <span class='ocrx_word' id='word_1_63' title='bbox 1259 1107 1449 1175; x_wconf 81' lang='lat' dir='ltr'><strong>aliquid</strong></span> <span class='ocrx_word' id='word_1_64' title='bbox 1472 1108 1618 1172; x_wconf 87' lang='lat' dir='ltr'><strong>scire,</strong></span> <span class='ocrx_word' id='word_1_65' title='bbox 1641 1109 1862 1178; x_wconf 77' lang='lat' dir='ltr'><strong>nondum</strong></span> <span class='ocrx_word' id='word_1_66' title='bbox 1889 1147 1896 1154; x_wconf 87' lang='lat'><strong>.</strong></span> 
     </span>
    </p>
   </div>
   <div class='ocr_carea' id='block_1_10' title="bbox 294 1194 1861 1266">
    <p class='ocr_par' dir='ltr' id='par_1_10' title="bbox 294 1194 1861 1266">
     <span class='ocr_line' id='line_1_10' title="bbox 294 1194 1861 1266; baseline 0.006 -21"><span class='ocrx_word' id='word_1_67' title='bbox 294 1196 379 1246; x_wconf 81' lang='lat' dir='ltr'><strong>scit</strong></span> <span class='ocrx_word' id='word_1_68' title='bbox 402 1194 816 1262; x_wconf 78' lang='lat' dir='ltr'><strong>quemadmodum</strong></span> <span class='ocrx_word' id='word_1_69' title='bbox 843 1205 1032 1262; x_wconf 82' lang='lat' dir='ltr'><strong>oportet</strong></span> <span class='ocrx_word' id='word_1_70' title='bbox 1047 1196 1174 1255; x_wconf 76' lang='lat' dir='ltr'><strong>seire</strong></span> <span class='ocrx_word' id='word_1_71' title='bbox 1201 1201 1216 1227; x_wconf 78' lang='grc'>²</span> <span class='ocrx_word' id='word_1_72' title='bbox 1244 1195 1262 1266; x_wconf 91' lang='grc'>(</span> <span class='ocrx_word' id='word_1_73' title='bbox 1283 1197 1301 1250; x_wconf 92' lang='grc'><strong>1</strong></span> <span class='ocrx_word' id='word_1_74' title='bbox 1329 1196 1443 1250; x_wconf 88' lang='lat' dir='ltr'><strong>Cor.</strong></span> <span class='ocrx_word' id='word_1_75' title='bbox 1463 1214 1553 1252; x_wconf 80' lang='lat' dir='ltr'><strong>Vlll</strong></span> <span class='ocrx_word' id='word_1_76' title='bbox 1573 1239 1586 1260; x_wconf 92' lang='lat'><strong>,</strong></span> <span class='ocrx_word' id='word_1_77' title='bbox 1611 1199 1645 1252; x_wconf 74' lang='lat'>2</span> <span class='ocrx_word' id='word_1_78' title='bbox 1662 1198 1700 1261; x_wconf 88' lang='lat'><strong>).</strong></span> <span class='ocrx_word' id='word_1_79' title='bbox 1728 1198 1861 1266; x_wconf 85' lang='lat' dir='ltr'><strong>Quid</strong></span> 
     </span>
    </p>
   </div>
   <div class='ocr_carea' id='block_1_11' title="bbox 291 1284 1857 1360">
    <p class='ocr_par' dir='ltr' id='par_1_11' title="bbox 291 1284 1857 1360">
     <span class='ocr_line' id='line_1_11' title="bbox 291 1284 1857 1360; baseline 0.004 -22"><span class='ocrx_word' id='word_1_80' title='bbox 291 1300 419 1355; x_wconf 83' lang='lat' dir='ltr'><strong>ergo</strong></span> <span class='ocrx_word' id='word_1_81' title='bbox 443 1285 557 1338; x_wconf 87' lang='lat' dir='ltr'><strong>ait?</strong></span> <span class='ocrx_word' id='word_1_82' title='bbox 590 1284 794 1357; x_wconf 82' lang='lat' dir='ltr'><strong>Fratres</strong></span> <span class='ocrx_word' id='word_1_83' title='bbox 817 1327 831 1350; x_wconf 92' lang='lat'><strong>,</strong></span> <span class='ocrx_word' id='word_1_84' title='bbox 861 1302 951 1357; x_wconf 88' lang='lat' dir='ltr'><strong>ego</strong></span> <span class='ocrx_word' id='word_1_85' title='bbox 978 1305 1055 1340; x_wconf 86' lang='lat' dir='ltr'><strong>me</strong></span> <span class='ocrx_word' id='word_1_86' title='bbox 1083 1306 1181 1344; x_wconf 86' lang='lat' dir='ltr'><strong>non</strong></span> <span class='ocrx_word' id='word_1_87' title='bbox 1215 1289 1430 1342; x_wconf 83' lang='lat' dir='ltr'><strong>arbitror</strong></span> <span class='ocrx_word' id='word_1_88' title='bbox 1450 1291 1857 1360; x_wconf 82' lang='lat' dir='ltr'><strong>apprehendisse.</strong></span> 
     </span>
    </p>
   </div>
   <div class='ocr_carea' id='block_1_12' title="bbox 288 1375 1859 1452">
    <p class='ocr_par' dir='ltr' id='par_1_12' title="bbox 288 1375 1859 1452">
     <span class='ocr_line' id='line_1_12' title="bbox 288 1375 1859 1452; baseline 0.002 -22"><span class='ocrx_word' id='word_1_89' title='bbox 288 1375 454 1444; x_wconf 82' lang='lat' dir='ltr'><strong>Supra</strong></span> <span class='ocrx_word' id='word_1_90' title='bbox 484 1376 706 1441; x_wconf 75' lang='lat' dir='ltr'><strong>dixerat,</strong></span> <span class='ocrx_word' id='word_1_91' title='bbox 743 1375 858 1430; x_wconf 90' lang='lat' dir='ltr'><strong>Non</strong></span> <span class='ocrx_word' id='word_1_92' title='bbox 892 1378 1010 1447; x_wconf 90' lang='lat' dir='ltr'><strong>quia</strong></span> <span class='ocrx_word' id='word_1_93' title='bbox 1039 1381 1150 1450; x_wconf 87' lang='lat' dir='ltr'><strong>jam</strong></span> <span class='ocrx_word' id='word_1_94' title='bbox 1176 1381 1471 1450; x_wconf 75' lang='lat' dir='ltr'><strong>acceperim,</strong></span> <span class='ocrx_word' id='word_1_95' title='bbox 1502 1390 1587 1438; x_wconf 84' lang='lat' dir='ltr'><strong>aut</strong></span> <span class='ocrx_word' id='word_1_96' title='bbox 1601 1381 1712 1452; x_wconf 88' lang='lat' dir='ltr'><strong>jam</strong></span> <span class='ocrx_word' id='word_1_97' title='bbox 1743 1399 1859 1449; x_wconf 81' lang='lat' dir='ltr'><strong>per-</strong></span> 
     </span>
    </p>
   </div>
   <div class='ocr_carea' id='block_1_13' title="bbox 288 1467 1861 1562">
    <p class='ocr_par' dir='ltr' id='par_1_13' title="bbox 288 1467 1861 1562">
     <span class='ocr_line' id='line_1_13' title="bbox 288 1467 1861 1562; baseline 0.004 -45"><span class='ocrx_word' id='word_1_98' title='bbox 288 1469 442 1535; x_wconf 79' lang='lat' dir='ltr'><strong>fectus</strong></span> <span class='ocrx_word' id='word_1_99' title='bbox 462 1467 554 1520; x_wconf 81' lang='lat' dir='ltr'><strong>sint</strong></span> <span class='ocrx_word' id='word_1_100' title='bbox 579 1481 596 1530; x_wconf 86' lang='lat'><strong>,&#39;</strong></span> <span class='ocrx_word' id='word_1_101' title='bbox 617 1478 668 1520; x_wconf 91' lang='lat' dir='ltr'><strong>et</strong></span> <span class='ocrx_word' id='word_1_102' title='bbox 694 1467 761 1526; x_wconf 85' lang='lat' dir='ltr'><strong>ibi</strong></span> <span class='ocrx_word' id='word_1_103' title='bbox 783 1469 1037 1536; x_wconf 76' lang='lat' dir='ltr'><strong>sequitur,</strong></span> <span class='ocrx_word' id='word_1_104' title='bbox 1068 1467 1290 1534; x_wconf 80' lang='lat' dir='ltr'><strong>Fratres,</strong></span> <span class='ocrx_word' id='word_1_105' title='bbox 1319 1486 1408 1539; x_wconf 88' lang='lat' dir='ltr'><strong>ego</strong></span> <span class='ocrx_word' id='word_1_106' title='bbox 1433 1487 1509 1562; x_wconf 82' lang='lat' dir='ltr'><strong>me</strong></span> <span class='ocrx_word' id='word_1_107' title='bbox 1529 1487 1628 1526; x_wconf 86' lang='lat' dir='ltr'><strong>non</strong></span> <span class='ocrx_word' id='word_1_108' title='bbox 1648 1471 1861 1531; x_wconf 78' lang='lat' dir='ltr'><strong>arbitror</strong></span> 
     </span>
    </p>
   </div>
   <div class='ocr_carea' id='block_1_14' title="bbox 286 1557 1860 1631">
    <p class='ocr_par' dir='ltr' id='par_1_14' title="bbox 286 1557 1860 1631">
     <span class='ocr_line' id='line_1_14' title="bbox 286 1557 1860 1631; baseline 0.005 -25"><span class='ocrx_word' id='word_1_109' title='bbox 286 1557 690 1624; x_wconf 73' lang='lat' dir='ltr'><strong>appro/tendisse.</strong></span> <span class='ocrx_word' id='word_1_110' title='bbox 719 1557 786 1618; x_wconf 43' lang='lat' dir='ltr'><strong>Si.</strong></span> <span class='ocrx_word' id='word_1_111' title='bbox 817 1558 1047 1618; x_wconf 87' lang='lat' dir='ltr'><strong>nondum</strong></span> <span class='ocrx_word' id='word_1_112' title='bbox 1078 1561 1312 1629; x_wconf 89' lang='lat' dir='ltr'><strong>accepit,</strong></span> <span class='ocrx_word' id='word_1_113' title='bbox 1352 1557 1536 1630; x_wconf 79' lang='lat' dir='ltr'><strong>egenus</strong></span> <span class='ocrx_word' id='word_1_114' title='bbox 1582 1571 1626 1615; x_wconf 91' lang='lat' dir='ltr'><strong>et</strong></span> <span class='ocrx_word' id='word_1_115' title='bbox 1669 1579 1860 1631; x_wconf 85' lang='lat' dir='ltr'><strong>pauper</strong></span> 
     </span>
    </p>
   </div>
   <div class='ocr_carea' id='block_1_15' title="bbox 286 1651 1853 1724">
    <p class='ocr_par' dir='ltr' id='par_1_15' title="bbox 286 1651 1853 1724">
     <span class='ocr_line' id='line_1_15' title="bbox 286 1651 1853 1724; baseline 0.004 -22"><span class='ocrx_word' id='word_1_116' title='bbox 286 1661 366 1702; x_wconf 87' lang='lat' dir='ltr'><strong>est</strong></span> <span class='ocrx_word' id='word_1_117' title='bbox 401 1667 414 1702; x_wconf 90' lang='lat'><strong>:</strong></span> <span class='ocrx_word' id='word_1_118' title='bbox 449 1651 490 1703; x_wconf 91' lang='lat' dir='ltr'><strong>si</strong></span> <span class='ocrx_word' id='word_1_119' title='bbox 522 1651 750 1704; x_wconf 92' lang='lat' dir='ltr'><strong>nondum</strong></span> <span class='ocrx_word' id='word_1_120' title='bbox 797 1652 1059 1721; x_wconf 86' lang='lat' dir='ltr'><strong>perfectus</strong></span> <span class='ocrx_word' id='word_1_121' title='bbox 1097 1661 1209 1714; x_wconf 82' lang='lat' dir='ltr'><strong>est,</strong></span> <span class='ocrx_word' id='word_1_122' title='bbox 1241 1670 1424 1721; x_wconf 82' lang='lat' dir='ltr'><strong>egenus</strong></span> <span class='ocrx_word' id='word_1_123' title='bbox 1453 1664 1496 1708; x_wconf 90' lang='lat' dir='ltr'><strong>et</strong></span> <span class='ocrx_word' id='word_1_124' title='bbox 1537 1671 1729 1724; x_wconf 81' lang='lat' dir='ltr'><strong>panper</strong></span> <span class='ocrx_word' id='word_1_125' title='bbox 1753 1665 1853 1709; x_wconf 84' lang='lat' dir='ltr'><strong>est.</strong></span> 
     </span>
    </p>
   </div>
   <div class='ocr_carea' id='block_1_16' title="bbox 286 1738 1850 1814">
    <p class='ocr_par' dir='ltr' id='par_1_16' title="bbox 286 1738 1850 1814">
     <span class='ocr_line' id='line_1_16' title="bbox 286 1738 1850 1814; baseline 0.001 -18"><span class='ocrx_word' id='word_1_126' title='bbox 286 1738 428 1796; x_wconf 81' lang='lat' dir='ltr'><strong>Bene</strong></span> <span class='ocrx_word' id='word_1_127' title='bbox 453 1740 578 1811; x_wconf 88' lang='lat' dir='ltr'><strong>dicit</strong></span> <span class='ocrx_word' id='word_1_128' title='bbox 605 1759 618 1793; x_wconf 90' lang='lat'>:</span> <span class='ocrx_word' id='word_1_129' title='bbox 653 1740 784 1795; x_wconf 87' lang='lat' dir='ltr'><strong>Deus</strong></span> <span class='ocrx_word' id='word_1_130' title='bbox 807 1783 821 1803; x_wconf 92' lang='lat'><strong>,</strong></span> <span class='ocrx_word' id='word_1_131' title='bbox 849 1741 1162 1812; x_wconf 50' lang='lat' dir='ltr'><strong>adjuva‘me.</strong></span> <span class='ocrx_word' id='word_1_132' title='bbox 1204 1743 1306 1798; x_wconf 89' lang='lat' dir='ltr'><strong>Sed</strong></span> <span class='ocrx_word' id='word_1_133' title='bbox 1353 1744 1597 1814; x_wconf 78' lang='lat' dir='ltr'><strong>intelligit</strong></span> <span class='ocrx_word' id='word_1_134' title='bbox 1620 1745 1812 1814; x_wconf 87' lang='lat' dir='ltr'><strong>aliquid</strong></span> <span class='ocrx_word' id='word_1_135' title='bbox 1837 1787 1850 1809; x_wconf 94' lang='lat'><strong>,</strong></span> 
     </span>
    </p>
   </div>
   <div class='ocr_carea' id='block_1_17' title="bbox 287 1809 1855 1906">
    <p class='ocr_par' dir='ltr' id='par_1_17' title="bbox 287 1809 1855 1906">
     <span class='ocr_line' id='line_1_17' title="bbox 287 1809 1855 1906; baseline 0.007 -25"><span class='ocrx_word' id='word_1_136' title='bbox 287 1840 340 1882; x_wconf 85' lang='lat' dir='ltr'><strong>et</strong></span> <span class='ocrx_word' id='word_1_137' title='bbox 379 1809 639 1886; x_wconf 71' lang='lat' dir='ltr'><strong>excelsius</strong></span> <span class='ocrx_word' id='word_1_138' title='bbox 689 1835 946 1904; x_wconf 80' lang='lat' dir='ltr'><strong>intelligit.</strong></span> <span class='ocrx_word' id='word_1_139' title='bbox 997 1835 1132 1892; x_wconf 78' lang='lat' dir='ltr'><strong>Vide</strong></span> <span class='ocrx_word' id='word_1_140' title='bbox 1176 1845 1347 1891; x_wconf 85' lang='lat' dir='ltr'><strong>tamen</strong></span> <span class='ocrx_word' id='word_1_141' title='bbox 1400 1838 1524 1906; x_wconf 91' lang='lat' dir='ltr'><strong>quid</strong></span> <span class='ocrx_word' id='word_1_142' title='bbox 1571 1837 1752 1892; x_wconf 83' lang='lat' dir='ltr'><strong>dieat:</strong></span> <span class='ocrx_word' id='word_1_143' title='bbox 1791 1837 1855 1892; x_wconf 81' lang='lat' dir='ltr'><strong>Ei</strong></span> 
     </span>
    </p>
   </div>
   <div class='ocr_carea' id='block_1_18' title="bbox 285 1915 1854 1996">
    <p class='ocr_par' dir='ltr' id='par_1_18' title="bbox 285 1915 1854 1996">
     <span class='ocr_line' id='line_1_18' title="bbox 285 1915 1854 1996; baseline 0.008 -24"><span class='ocrx_word' id='word_1_144' title='bbox 285 1933 452 1980; x_wconf 72' lang='lat' dir='ltr'><strong>autem</strong></span> <span class='ocrx_word' id='word_1_145' title='bbox 473 1925 555 1992; x_wconf 86' lang='lat' dir='ltr'><strong>qui</strong></span> <span class='ocrx_word' id='word_1_146' title='bbox 581 1915 736 1990; x_wconf 84' lang='lat' dir='ltr'><strong>potest</strong></span> <span class='ocrx_word' id='word_1_147' title='bbox 763 1942 913 1996; x_wconf 80' lang='lat' dir='ltr'><strong>super</strong></span> <span class='ocrx_word' id='word_1_148' title='bbox 941 1929 960 1957; x_wconf 83' lang='lat'>&#39;</span> <span class='ocrx_word' id='word_1_149' title='bbox 990 1927 1156 1987; x_wconf 78' lang='lat' dir='ltr'><strong>omnia</strong></span> <span class='ocrx_word' id='word_1_150' title='bbox 1183 1930 1344 1996; x_wconf 77' lang='lat' dir='ltr'><strong>facere</strong></span> <span class='ocrx_word' id='word_1_151' title='bbox 1368 1929 1854 1995; x_wconf 81' lang='lat' dir='ltr'><strong>supcrabundantins</strong></span> 
     </span>
    </p>
   </div>
   <div class='ocr_carea' id='block_1_19' title="bbox 283 2015 1852 2087">
    <p class='ocr_par' dir='ltr' id='par_1_19' title="bbox 283 2015 1852 2087">
     <span class='ocr_line' id='line_1_19' title="bbox 283 2015 1852 2087; baseline 0.005 -25"><span class='ocrx_word' id='word_1_152' title='bbox 283 2028 431 2080; x_wconf 85' lang='lat' dir='ltr'><strong>quam</strong></span> <span class='ocrx_word' id='word_1_153' title='bbox 458 2015 740 2083; x_wconf 77' lang='lat' dir='ltr'><strong>petimns&#39;et</strong></span> <span class='ocrx_word' id='word_1_154' title='bbox 759 2015 1083 2085; x_wconf 74' lang='lat' dir='ltr'><strong>intelligimus</strong></span> <span class='ocrx_word' id='word_1_155' title='bbox 1101 2016 1118 2087; x_wconf 87' lang='lat'><strong>(</strong></span> <span class='ocrx_word' id='word_1_156' title='bbox 1135 2016 1320 2084; x_wconf 83' lang='lat' dir='ltr'><strong>Epltes.</strong></span> <span class='ocrx_word' id='word_1_157' title='bbox 1342 2034 1418 2086; x_wconf 75' lang='grc' dir='ltr'>ιιι,</span> <span class='ocrx_word' id='word_1_158' title='bbox 1436 2018 1504 2071; x_wconf 74' lang='lat'><strong>‘20</strong></span> <span class='ocrx_word' id='word_1_159' title='bbox 1525 2020 1558 2076; x_wconf 85' lang='lat'><strong>).</strong></span> <span class='ocrx_word' id='word_1_160' title='bbox 1580 2018 1708 2071; x_wconf 71' lang='lat' dir='ltr'><strong>Vide</strong></span> <span class='ocrx_word' id='word_1_161' title='bbox 1725 2035 1852 2085; x_wconf 71' lang='lat' dir='ltr'><strong>ergo</strong></span> 
     </span>
    </p>
   </div>
   <div class='ocr_carea' id='block_1_20' title="bbox 278 2103 1850 2179">
    <p class='ocr_par' dir='ltr' id='par_1_20' title="bbox 278 2103 1850 2179">
     <span class='ocr_line' id='line_1_20' title="bbox 278 2103 1850 2179; baseline 0.01 -28"><span class='ocrx_word' id='word_1_162' title='bbox 278 2104 394 2170; x_wconf 87' lang='lat' dir='ltr'><strong>qttia</strong></span> <span class='ocrx_word' id='word_1_163' title='bbox 423 2103 925 2175; x_wconf 86' lang='lat' dir='ltr'><strong>nondumpcrveoit,</strong></span> <span class='ocrx_word' id='word_1_164' title='bbox 952 2108 1178 2160; x_wconf 85' lang='lat' dir='ltr'><strong>nomium</strong></span> <span class='ocrx_word' id='word_1_165' title='bbox 1196 2109 1558 2178; x_wconf 80' lang='lat' dir='ltr'><strong>apprehendit.</strong></span> <span class='ocrx_word' id='word_1_166' title='bbox 1577 2110 1850 2179; x_wconf 79' lang='lat' dir='ltr'><strong>Quidcrgo</strong></span> 
     </span>
    </p>
   </div>
   <div class='ocr_carea' id='block_1_21' title="bbox 278 2193 1847 2270">
    <p class='ocr_par' dir='ltr' id='par_1_21' title="bbox 278 2193 1847 2270">
     <span class='ocr_line' id='line_1_21' title="bbox 278 2193 1847 2270; baseline 0.006 -26"><span class='ocrx_word' id='word_1_167' title='bbox 278 2194 388 2246; x_wconf 89' lang='lat' dir='ltr'><strong>ait?</strong></span> <span class='ocrx_word' id='word_1_168' title='bbox 416 2193 638 2262; x_wconf 77' lang='lat' dir='ltr'><strong>Fratres,</strong></span> <span class='ocrx_word' id='word_1_169' title='bbox 664 2213 753 2267; x_wconf 86' lang='lat' dir='ltr'><strong>ego</strong></span> <span class='ocrx_word' id='word_1_170' title='bbox 782 2214 857 2249; x_wconf 87' lang='lat' dir='ltr'><strong>me</strong></span> <span class='ocrx_word' id='word_1_171' title='bbox 884 2215 982 2250; x_wconf 88' lang='lat' dir='ltr'><strong>non</strong></span> <span class='ocrx_word' id='word_1_172' title='bbox 1005 2199 1218 2255; x_wconf 78' lang='lat' dir='ltr'><strong>arbitror</strong></span> <span class='ocrx_word' id='word_1_173' title='bbox 1237 2199 1625 2270; x_wconf 85' lang='lat' dir='ltr'><strong>apprehendisse</strong></span> <span class='ocrx_word' id='word_1_174' title='bbox 1651 2216 1670 2255; x_wconf 89' lang='lat'><strong><em>:</em></strong></span> <span class='ocrx_word' id='word_1_175' title='bbox 1695 2219 1847 2254; x_wconf 83' lang='lat' dir='ltr'><strong>unum</strong></span> 
     </span>
    </p>
   </div>
   <div class='ocr_carea' id='block_1_22' title="bbox 275 2275 1844 2358">
    <p class='ocr_par' dir='ltr' id='par_1_22' title="bbox 275 2275 1844 2358">
     <span class='ocr_line' id='line_1_22' title="bbox 275 2275 1844 2358; baseline 0.004 -22"><span class='ocrx_word' id='word_1_176' title='bbox 275 2275 461 2344; x_wconf 78' lang='lat' dir='ltr'><strong>tmtém,</strong></span> <span class='ocrx_word' id='word_1_177' title='bbox 494 2301 604 2354; x_wconf 66' lang='lat' dir='ltr'><strong>quae</strong></span> <span class='ocrx_word' id='word_1_178' title='bbox 631 2296 761 2338; x_wconf 85' lang='lat' dir='ltr'><strong>retro</strong></span> <span class='ocrx_word' id='word_1_179' title='bbox 789 2286 987 2351; x_wconf 86' lang='lat' dir='ltr'><strong>oblitus,</strong></span> <span class='ocrx_word' id='word_1_180' title='bbox 1016 2288 1066 2340; x_wconf 86' lang='lat' dir='ltr'><strong>in</strong></span> <span class='ocrx_word' id='word_1_181' title='bbox 1101 2305 1157 2340; x_wconf 88' lang='lat' dir='ltr'><strong>ea</strong></span> <span class='ocrx_word' id='word_1_182' title='bbox 1186 2305 1296 2358; x_wconf 77' lang='lat' dir='ltr'><strong>qua:</strong></span> <span class='ocrx_word' id='word_1_183' title='bbox 1320 2299 1434 2343; x_wconf 86' lang='lat' dir='ltr'><strong>ante</strong></span> <span class='ocrx_word' id='word_1_184' title='bbox 1459 2301 1574 2343; x_wconf 86' lang='lat' dir='ltr'><strong>sunt</strong></span> <span class='ocrx_word' id='word_1_185' title='bbox 1600 2301 1844 2357; x_wconf 71' lang='lat' dir='ltr'><strong>extentus,</strong></span> 
     </span>
    </p>
   </div>
   <div class='ocr_carea' id='block_1_23' title="bbox 276 2375 1849 2449">
    <p class='ocr_par' dir='ltr' id='par_1_23' title="bbox 276 2375 1849 2449">
     <span class='ocr_line' id='line_1_23' title="bbox 276 2375 1849 2449; baseline 0.007 -26"><span class='ocrx_word' id='word_1_186' title='bbox 276 2375 546 2432; x_wconf 83' lang='lat' dir='ltr'><strong>secundum</strong></span> <span class='ocrx_word' id='word_1_187' title='bbox 567 2376 886 2429; x_wconf 83' lang='lat' dir='ltr'><strong>intentionem</strong></span> <span class='ocrx_word' id='word_1_188' title='bbox 913 2394 1090 2449; x_wconf 81' lang='lat' dir='ltr'><strong>sequor</strong></span> <span class='ocrx_word' id='word_1_189' title='bbox 1113 2379 1180 2430; x_wconf 82' lang='lat' dir='ltr'><strong>ad</strong></span> <span class='ocrx_word' id='word_1_190' title='bbox 1206 2380 1424 2446; x_wconf 84' lang='lat' dir='ltr'><strong>palmam</strong></span> <span class='ocrx_word' id='word_1_191' title='bbox 1448 2397 1678 2445; x_wconf 73' lang='lat' dir='ltr'><strong>superna:</strong></span> <span class='ocrx_word' id='word_1_192' title='bbox 1703 2398 1849 2434; x_wconf 82' lang='lat' dir='ltr'><strong>voca-</strong></span> 
     </span>
    </p>
   </div>
   <div class='ocr_carea' id='block_1_24' title="bbox 271 2463 1846 2539">
    <p class='ocr_par' dir='ltr' id='par_1_24' title="bbox 271 2463 1846 2539">
     <span class='ocr_line' id='line_1_24' title="bbox 271 2463 1846 2539; baseline 0.009 -27"><span class='ocrx_word' id='word_1_193' title='bbox 271 2463 420 2516; x_wconf 86' lang='lat' dir='ltr'><strong>tionis</strong></span> <span class='ocrx_word' id='word_1_194' title='bbox 453 2463 703 2532; x_wconf 78' lang='lat' dir='ltr'><strong>(Philipp.</strong></span> <span class='ocrx_word' id='word_1_195' title='bbox 737 2483 812 2533; x_wconf 83' lang='grc' dir='ltr'>ιιι,</span> <span class='ocrx_word' id='word_1_196' title='bbox 853 2467 1072 2538; x_wconf 67' lang='lat'><strong>12-14).</strong></span> <span class='ocrx_word' id='word_1_197' title='bbox 1109 2470 1199 2524; x_wconf 90' lang='lat' dir='ltr'><strong>Ille</strong></span> <span class='ocrx_word' id='word_1_198' title='bbox 1228 2485 1353 2539; x_wconf 77' lang='lat' dir='ltr'><strong>ergo</strong></span> <span class='ocrx_word' id='word_1_199' title='bbox 1379 2472 1541 2534; x_wconf 83' lang='lat' dir='ltr'><strong>currit</strong></span> <span class='ocrx_word' id='word_1_200' title='bbox 1566 2514 1579 2531; x_wconf 86' lang='lat'><strong>,</strong></span> <span class='ocrx_word' id='word_1_201' title='bbox 1610 2482 1660 2525; x_wconf 92' lang='lat' dir='ltr'><strong>tu</strong></span> <span class='ocrx_word' id='word_1_202' title='bbox 1692 2473 1846 2526; x_wconf 69' lang='lat' dir='ltr'><strong>hirsi-</strong></span> 
     </span>
    </p>
   </div>
   <div class='ocr_carea' id='block_1_25' title="bbox 268 2554 1842 2631">
    <p class='ocr_par' dir='ltr' id='par_1_25' title="bbox 268 2554 1842 2631">
     <span class='ocr_line' id='line_1_25' title="bbox 268 2554 1842 2631; baseline 0.008 -26"><span class='ocrx_word' id='word_1_203' title='bbox 268 2554 356 2617; x_wconf 85' lang='lat' dir='ltr'><strong>sti.</strong></span> <span class='ocrx_word' id='word_1_204' title='bbox 379 2555 468 2609; x_wconf 87' lang='lat' dir='ltr'><strong>llic</strong></span> <span class='ocrx_word' id='word_1_205' title='bbox 490 2556 615 2610; x_wconf 87' lang='lat' dir='ltr'><strong>dicit</strong></span> <span class='ocrx_word' id='word_1_206' title='bbox 632 2558 860 2620; x_wconf 79' lang='lat' dir='ltr'><strong>llolttlttm</strong></span> <span class='ocrx_word' id='word_1_207' title='bbox 880 2575 936 2613; x_wconf 89' lang='lat' dir='ltr'><strong>se</strong></span> <span class='ocrx_word' id='word_1_208' title='bbox 963 2560 1252 2629; x_wconf 86' lang='lat' dir='ltr'><strong>perfectum</strong></span> <span class='ocrx_word' id='word_1_209' title='bbox 1275 2578 1288 2627; x_wconf 94' lang='lat'><strong>;</strong></span> <span class='ocrx_word' id='word_1_210' title='bbox 1308 2571 1360 2614; x_wconf 83' lang='lat' dir='ltr'><strong>ct</strong></span> <span class='ocrx_word' id='word_1_211' title='bbox 1383 2562 1556 2630; x_wconf 83' lang='lat' dir='ltr'><strong>tujam</strong></span> <span class='ocrx_word' id='word_1_212' title='bbox 1580 2562 1648 2617; x_wconf 86' lang='lat' dir='ltr'><strong>de</strong></span> <span class='ocrx_word' id='word_1_213' title='bbox 1668 2565 1842 2631; x_wconf 89' lang='lat' dir='ltr'><strong>perfe-</strong></span> 
     </span>
    </p>
   </div>
   <div class='ocr_carea' id='block_1_26' title="bbox 269 2635 1838 2732">
    <p class='ocr_par' dir='ltr' id='par_1_26' title="bbox 269 2635 1838 2732">
     <span class='ocr_line' id='line_1_26' title="bbox 269 2635 1838 2732; baseline 0.009 -37"><span class='ocrx_word' id='word_1_214' title='bbox 269 2645 445 2708; x_wconf 69' lang='lat' dir='ltr'><strong>ctione</strong></span> <span class='ocrx_word' id='word_1_215' title='bbox 464 2647 707 2718; x_wconf 83' lang='lat' dir='ltr'><strong>gloriaris</strong></span> <span class='ocrx_word' id='word_1_216' title='bbox 732 2650 745 2701; x_wconf 82' lang='grc' dir='ltr'><strong>ι</strong></span> <span class='ocrx_word' id='word_1_217' title='bbox 776 2635 1186 2714; x_wconf 68' lang='lat' dir='ltr'><strong>Confuntlantttr</strong></span> <span class='ocrx_word' id='word_1_218' title='bbox 1201 2651 1285 2720; x_wconf 89' lang='lat' dir='ltr'><strong>qui</strong></span> <span class='ocrx_word' id='word_1_219' title='bbox 1312 2652 1401 2705; x_wconf 90' lang='lat' dir='ltr'><strong>tibi</strong></span> <span class='ocrx_word' id='word_1_220' title='bbox 1430 2653 1609 2706; x_wconf 89' lang='lat' dir='ltr'><strong>dicunt</strong></span> <span class='ocrx_word' id='word_1_221' title='bbox 1632 2653 1838 2732; x_wconf 79' lang='lat' dir='ltr'><strong>:_Euge,</strong></span> 
     </span>
    </p>
   </div>
   <div class='ocr_carea' id='block_1_27' title="bbox 266 2737 1836 2812">
    <p class='ocr_par' dir='ltr' id='par_1_27' title="bbox 266 2737 1836 2812">
     <span class='ocr_line' id='line_1_27' title="bbox 266 2737 1836 2812; baseline 0.008 -23"><span class='ocrx_word' id='word_1_222' title='bbox 266 2754 405 2807; x_wconf 77' lang='lat' dir='ltr'><strong>euge.</strong></span> <span class='ocrx_word' id='word_1_223' title='bbox 430 2737 779 2807; x_wconf 83' lang='lat' dir='ltr'><strong>Confundaris</strong></span> <span class='ocrx_word' id='word_1_224' title='bbox 812 2741 950 2800; x_wconf 73' lang='lat' dir='ltr'><strong>inter</strong></span> <span class='ocrx_word' id='word_1_225' title='bbox 977 2742 1092 2795; x_wconf 88' lang='lat' dir='ltr'><strong>illos</strong></span> <span class='ocrx_word' id='word_1_226' title='bbox 1117 2751 1171 2796; x_wconf 91' lang='lat' dir='ltr'><strong>et</strong></span> <span class='ocrx_word' id='word_1_227' title='bbox 1201 2752 1276 2808; x_wconf 91' lang='lat' dir='ltr'><strong>tu,</strong></span> <span class='ocrx_word' id='word_1_228' title='bbox 1305 2744 1424 2812; x_wconf 89' lang='lat' dir='ltr'><strong>quia</strong></span> <span class='ocrx_word' id='word_1_229' title='bbox 1457 2753 1510 2798; x_wconf 92' lang='lat' dir='ltr'><strong>tu</strong></span> <span class='ocrx_word' id='word_1_230' title='bbox 1542 2746 1630 2798; x_wconf 89' lang='lat' dir='ltr'><strong>tibi</strong></span> <span class='ocrx_word' id='word_1_231' title='bbox 1663 2745 1795 2801; x_wconf 88' lang='lat' dir='ltr'><strong>dicis</strong></span> <span class='ocrx_word' id='word_1_232' title='bbox 1823 2765 1836 2801; x_wconf 90' lang='lat'><strong>:</strong></span> 
     </span>
    </p>
   </div>
   <div class='ocr_carea' id='block_1_28' title="bbox 272 2812 1835 2902">
    <p class='ocr_par' dir='ltr' id='par_1_28' title="bbox 272 2812 1835 2902">
     <span class='ocr_line' id='line_1_28' title="bbox 272 2812 1835 2902; baseline 0.007 -21"><span class='ocrx_word' id='word_1_233' title='bbox 272 2812 410 2900; x_wconf 77' lang='lat' dir='ltr'><strong>Euge</strong></span> <span class='ocrx_word' id='word_1_234' title='bbox 433 2873 445 2894; x_wconf 91' lang='lat'><strong>,</strong></span> <span class='ocrx_word' id='word_1_235' title='bbox 477 2847 619 2902; x_wconf 83' lang='lat' dir='ltr'><strong>euge.</strong></span> <span class='ocrx_word' id='word_1_236' title='bbox 663 2833 760 2898; x_wconf 86' lang='lat' dir='ltr'><strong>Qui</strong></span> <span class='ocrx_word' id='word_1_237' title='bbox 809 2835 947 2885; x_wconf 89' lang='lat' dir='ltr'><strong>enim</strong></span> <span class='ocrx_word' id='word_1_238' title='bbox 997 2822 1227 2902; x_wconf 72' lang='lat' dir='ltr'><strong>seipsqu</strong></span> <span class='ocrx_word' id='word_1_239' title='bbox 1279 2834 1494 2902; x_wconf 88' lang='lat' dir='ltr'><strong>laudat,</strong></span> <span class='ocrx_word' id='word_1_240' title='bbox 1527 2836 1626 2890; x_wconf 89' lang='lat' dir='ltr'><strong>sibi</strong></span> <span class='ocrx_word' id='word_1_241' title='bbox 1664 2837 1789 2892; x_wconf 90' lang='lat' dir='ltr'><strong>dicit</strong></span> <span class='ocrx_word' id='word_1_242' title='bbox 1822 2855 1835 2892; x_wconf 89' lang='lat'><strong>:</strong></span> 
     </span>
    </p>
   </div>
   <div class='ocr_carea' id='block_1_29' title="bbox 270 2919 1837 2992">
    <p class='ocr_par' dir='ltr' id='par_1_29' title="bbox 270 2919 1837 2992">
     <span class='ocr_line' id='line_1_29' title="bbox 270 2919 1837 2992; baseline 0.007 -20"><span class='ocrx_word' id='word_1_243' title='bbox 270 2919 427 2989; x_wconf 78' lang='lat' dir='ltr'><strong>Euge,</strong></span> <span class='ocrx_word' id='word_1_244' title='bbox 468 2938 588 2991; x_wconf 84' lang='lat' dir='ltr'><strong>euge</strong></span> <span class='ocrx_word' id='word_1_245' title='bbox 615 2937 633 2975; x_wconf 88' lang='lat'><strong><em>:</em></strong></span> <span class='ocrx_word' id='word_1_246' title='bbox 659 2922 749 2992; x_wconf 89' lang='lat' dir='ltr'><strong>qui</strong></span> <span class='ocrx_word' id='word_1_247' title='bbox 775 2922 841 2976; x_wconf 87' lang='lat' dir='ltr'><strong>ab</strong></span> <span class='ocrx_word' id='word_1_248' title='bbox 877 2923 994 2976; x_wconf 88' lang='lat' dir='ltr'><strong>aliis</strong></span> <span class='ocrx_word' id='word_1_249' title='bbox 1036 2923 1276 2977; x_wconf 81' lang='lat' dir='ltr'><strong>laudatur</strong></span> <span class='ocrx_word' id='word_1_250' title='bbox 1319 2934 1372 2979; x_wconf 93' lang='lat' dir='ltr'><strong>et</strong></span> <span class='ocrx_word' id='word_1_251' title='bbox 1416 2927 1696 2992; x_wconf 82' lang='lat' dir='ltr'><strong>consentit,</strong></span> <span class='ocrx_word' id='word_1_252' title='bbox 1731 2944 1837 2983; x_wconf 86' lang='lat' dir='ltr'><strong>non</strong></span> 
     </span>
    </p>
   </div>
   <div class='ocr_carea' id='block_1_30' title="bbox 266 3015 1839 3080">
    <p class='ocr_par' dir='ltr' id='par_1_30' title="bbox 266 3015 1839 3080">
     <span class='ocr_line' id='line_1_30' title="bbox 266 3015 1839 3080; baseline 0.009 -17"><span class='ocrx_word' id='word_1_253' title='bbox 266 3021 439 3080; x_wconf 88' lang='lat' dir='ltr'><strong>portat</strong></span> <span class='ocrx_word' id='word_1_254' title='bbox 476 3015 646 3067; x_wconf 89' lang='lat' dir='ltr'><strong>oleum</strong></span> <span class='ocrx_word' id='word_1_255' title='bbox 691 3030 902 3078; x_wconf 82' lang='lat' dir='ltr'><strong>secum;</strong></span> <span class='ocrx_word' id='word_1_256' title='bbox 951 3015 1202 3070; x_wconf 86' lang='lat' dir='ltr'><strong>deficiunt</strong></span> <span class='ocrx_word' id='word_1_257' title='bbox 1242 3018 1378 3072; x_wconf 85' lang='lat' dir='ltr'><strong>faces</strong></span> <span class='ocrx_word' id='word_1_258' title='bbox 1403 3058 1418 3080; x_wconf 90' lang='lat'><strong>,</strong></span> <span class='ocrx_word' id='word_1_259' title='bbox 1456 3019 1732 3077; x_wconf 80' lang='lat' dir='ltr'><strong>clausurus</strong></span> <span class='ocrx_word' id='word_1_260' title='bbox 1756 3029 1839 3076; x_wconf 86' lang='lat' dir='ltr'><strong>est</strong></span> 
     </span>
    </p>
   </div>
   <div class='ocr_carea' id='block_1_31' title="bbox 265 3087 1239 3175">
    <p class='ocr_par' dir='ltr' id='par_1_31' title="bbox 265 3087 1239 3175">
     <span class='ocr_line' id='line_1_31' title="bbox 265 3087 1239 3175; baseline 0.004 -20"><span class='ocrx_word' id='word_1_261' title='bbox 265 3101 355 3155; x_wconf 89' lang='lat' dir='ltr'><strong>ille</strong></span> <span class='ocrx_word' id='word_1_262' title='bbox 374 3087 586 3170; x_wconf 80' lang='lat' dir='ltr'><strong>jauuam</strong></span> <span class='ocrx_word' id='word_1_263' title='bbox 622 3104 640 3175; x_wconf 96' lang='lat'><strong>(</strong></span> <span class='ocrx_word' id='word_1_264' title='bbox 666 3103 850 3158; x_wconf 83' lang='lat' dir='ltr'><strong>Matth.</strong></span> <span class='ocrx_word' id='word_1_265' title='bbox 882 3123 1004 3168; x_wconf 75' lang='lat' dir='ltr'><strong>xxv,</strong></span> <span class='ocrx_word' id='word_1_266' title='bbox 1032 3106 1085 3171; x_wconf 77' lang='lat'><strong>5,</strong></span> <span class='ocrx_word' id='word_1_267' title='bbox 1116 3108 1181 3162; x_wconf 83' lang='grc'><strong>10</strong></span> <span class='ocrx_word' id='word_1_268' title='bbox 1201 3108 1239 3172; x_wconf 94' lang='grc'><strong>).</strong></span> 
     </span>
    </p>
   </div>
   <div class='ocr_carea' id='block_1_32' title="bbox 334 3190 1831 3269">
    <p class='ocr_par' dir='ltr' id='par_1_32' title="bbox 334 3190 1831 3269">
     <span class='ocr_line' id='line_1_32' title="bbox 334 3190 1831 3269; baseline 0.009 -25"><span class='ocrx_word' id='word_1_269' title='bbox 334 3190 387 3245; x_wconf 88' lang='grc'><strong>9.</strong></span> <span class='ocrx_word' id='word_1_270' title='bbox 432 3192 538 3247; x_wconf 82' lang='lat' dir='ltr'><strong>Hoc</strong></span> <span class='ocrx_word' id='word_1_271' title='bbox 567 3210 690 3261; x_wconf 76' lang='lat' dir='ltr'><strong>ergo</strong></span> <span class='ocrx_word' id='word_1_272' title='bbox 712 3210 806 3256; x_wconf 87' lang='lat' dir='ltr'><strong>nos</strong></span> <span class='ocrx_word' id='word_1_273' title='bbox 832 3195 1011 3250; x_wconf 84' lang='lat' dir='ltr'><strong>deruit</strong></span> <span class='ocrx_word' id='word_1_274' title='bbox 1040 3199 1270 3265; x_wconf 67' lang='lat' dir='ltr'><strong>psalmus</strong></span> <span class='ocrx_word' id='word_1_275' title='bbox 1301 3199 1400 3254; x_wconf 89' lang='lat' dir='ltr'><strong>iste</strong></span> <span class='ocrx_word' id='word_1_276' title='bbox 1419 3199 1674 3269; x_wconf 76' lang='lat' dir='ltr'><strong>breviter,</strong></span> <span class='ocrx_word' id='word_1_277' title='bbox 1702 3203 1831 3257; x_wconf 88' lang='lat' dir='ltr'><strong>cha-</strong></span> 
     </span>
    </p>
   </div>
   <div class='ocr_carea' id='block_1_33' title="bbox 263 3284 1834 3366">
    <p class='ocr_par' dir='ltr' id='par_1_33' title="bbox 263 3284 1834 3366">
     <span class='ocr_line' id='line_1_33' title="bbox 263 3284 1834 3366; baseline 0.009 -29"><span class='ocrx_word' id='word_1_278' title='bbox 263 3284 479 3348; x_wconf 84' lang='lat' dir='ltr'><strong>rissimi,</strong></span> <span class='ocrx_word' id='word_1_279' title='bbox 529 3301 595 3340; x_wconf 77' lang='lat' dir='ltr'><strong>ex</strong></span> <span class='ocrx_word' id='word_1_280' title='bbox 639 3286 994 3344; x_wconf 74' lang='lat' dir='ltr'><strong>admonitione</strong></span> <span class='ocrx_word' id='word_1_281' title='bbox 1039 3291 1384 3348; x_wconf 78' lang='lat' dir='ltr'><strong>Solemnilatis</strong></span> <span class='ocrx_word' id='word_1_282' title='bbox 1432 3305 1742 3366; x_wconf 85' lang='lat' dir='ltr'><strong>martyrum,</strong></span> <span class='ocrx_word' id='word_1_283' title='bbox 1777 3305 1834 3356; x_wconf 81' lang='lat' dir='ltr'><strong>ut</strong></span> 
     </span>
    </p>
   </div>
   <div class='ocr_carea' id='block_1_34' title="bbox 265 3377 1829 3456">
    <p class='ocr_par' dir='ltr' id='par_1_34' title="bbox 265 3377 1829 3456">
     <span class='ocr_line' id='line_1_34' title="bbox 265 3377 1829 3456; baseline 0.01 -28"><span class='ocrx_word' id='word_1_284' title='bbox 265 3377 619 3445; x_wconf 78' lang='lat' dir='ltr'><strong>intelligamus</strong></span> <span class='ocrx_word' id='word_1_285' title='bbox 661 3380 777 3448; x_wconf 91' lang='lat' dir='ltr'><strong>quia</strong></span> <span class='ocrx_word' id='word_1_286' title='bbox 825 3390 1081 3450; x_wconf 79' lang='lat' dir='ltr'><strong>martyres</strong></span> <span class='ocrx_word' id='word_1_287' title='bbox 1120 3383 1508 3446; x_wconf 86' lang='lat' dir='ltr'><strong>tribulationem</strong></span> <span class='ocrx_word' id='word_1_288' title='bbox 1562 3386 1648 3446; x_wconf 87' lang='lat' dir='ltr'><strong>hic</strong></span> <span class='ocrx_word' id='word_1_289' title='bbox 1690 3389 1829 3456; x_wconf 79' lang='lat' dir='ltr'><strong>passi</strong></span> 
     </span>
    </p>
   </div>
   <div class='ocr_carea' id='block_1_35' title="bbox 222 3440 1824 3547">
    <p class='ocr_par' dir='ltr' id='par_1_35' title="bbox 222 3440 1824 3547">
     <span class='ocr_line' id='line_1_35' title="bbox 222 3440 1824 3547; baseline 0.009 -28"><span class='ocrx_word' id='word_1_290' title='bbox 222 3440 235 3452; x_wconf 57' lang='grc'><em>’</em></span> <span class='ocrx_word' id='word_1_291' title='bbox 258 3477 380 3520; x_wconf 85' lang='lat' dir='ltr'><strong>sunt</strong></span> <span class='ocrx_word' id='word_1_292' title='bbox 408 3471 732 3539; x_wconf 75' lang='lat' dir='ltr'><strong>corporalem</strong></span> <span class='ocrx_word' id='word_1_293' title='bbox 757 3491 768 3525; x_wconf 90' lang='lat'><strong>:</strong></span> <span class='ocrx_word' id='word_1_294' title='bbox 796 3489 892 3532; x_wconf 88' lang='lat' dir='ltr'><strong>nos</strong></span> <span class='ocrx_word' id='word_1_295' title='bbox 935 3474 986 3527; x_wconf 91' lang='lat' dir='ltr'><strong>in</strong></span> <span class='ocrx_word' id='word_1_296' title='bbox 1028 3485 1448 3546; x_wconf 84' lang='lat' dir='ltr'><strong>quantacumque</strong></span> <span class='ocrx_word' id='word_1_297' title='bbox 1481 3494 1610 3547; x_wconf 88' lang='lat' dir='ltr'><strong>pace</strong></span> <span class='ocrx_word' id='word_1_298' title='bbox 1637 3479 1824 3547; x_wconf 88' lang='lat' dir='ltr'><strong>simus,</strong></span> 
     </span>
    </p>
   </div>
   <div class='ocr_carea' id='block_1_36' title="bbox 259 3565 1828 3637">
    <p class='ocr_par' dir='ltr' id='par_1_36' title="bbox 259 3565 1828 3637">
     <span class='ocr_line' id='line_1_36' title="bbox 259 3565 1828 3637; baseline 0.008 -26"><span class='ocrx_word' id='word_1_299' title='bbox 259 3575 477 3616; x_wconf 76' lang='lat' dir='ltr'><strong>necesse</strong></span> <span class='ocrx_word' id='word_1_300' title='bbox 506 3574 583 3616; x_wconf 90' lang='lat' dir='ltr'><strong>est</strong></span> <span class='ocrx_word' id='word_1_301' title='bbox 630 3565 893 3632; x_wconf 85' lang='lat' dir='ltr'><strong>patiamur</strong></span> <span class='ocrx_word' id='word_1_302' title='bbox 943 3566 1334 3622; x_wconf 85' lang='lat' dir='ltr'><strong>tribulationem</strong></span> <span class='ocrx_word' id='word_1_303' title='bbox 1385 3569 1743 3637; x_wconf 87' lang='lat' dir='ltr'><strong>spiritualem;</strong></span> <span class='ocrx_word' id='word_1_304' title='bbox 1774 3581 1828 3626; x_wconf 90' lang='lat' dir='ltr'><strong>et</strong></span> 
     </span>
    </p>
   </div>
   <div class='ocr_carea' id='block_1_37' title="bbox 257 3655 1824 3728">
    <p class='ocr_par' dir='ltr' id='par_1_37' title="bbox 257 3655 1824 3728">
     <span class='ocr_line' id='line_1_37' title="bbox 257 3655 1824 3728; baseline 0.008 -25"><span class='ocrx_word' id='word_1_305' title='bbox 257 3668 475 3712; x_wconf 80' lang='lat' dir='ltr'><strong>necesse</strong></span> <span class='ocrx_word' id='word_1_306' title='bbox 504 3663 585 3712; x_wconf 82' lang='lat' dir='ltr'><strong>est</strong></span> <span class='ocrx_word' id='word_1_307' title='bbox 625 3664 680 3707; x_wconf 91' lang='lat' dir='ltr'><strong>ut</strong></span> <span class='ocrx_word' id='word_1_308' title='bbox 721 3655 857 3715; x_wconf 88' lang='lat' dir='ltr'><strong>inter</strong></span> <span class='ocrx_word' id='word_1_309' title='bbox 900 3656 1169 3721; x_wconf 89' lang='lat' dir='ltr'><strong>scandala,</strong></span> <span class='ocrx_word' id='word_1_310' title='bbox 1199 3669 1252 3712; x_wconf 91' lang='lat' dir='ltr'><strong>et</strong></span> <span class='ocrx_word' id='word_1_311' title='bbox 1293 3659 1511 3722; x_wconf 78' lang='lat' dir='ltr'><strong>zizania,</strong></span> <span class='ocrx_word' id='word_1_312' title='bbox 1538 3671 1591 3714; x_wconf 87' lang='lat' dir='ltr'><strong>et</strong></span> <span class='ocrx_word' id='word_1_313' title='bbox 1623 3662 1824 3728; x_wconf 85' lang='lat' dir='ltr'><strong>paleam</strong></span> 
     </span>
    </p>
   </div>
   <div class='ocr_carea' id='block_1_38' title="bbox 251 3742 1824 3811">
    <p class='ocr_par' dir='ltr' id='par_1_38' title="bbox 251 3742 1824 3811">
     <span class='ocr_line' id='line_1_38' title="bbox 251 3742 1824 3811; baseline 0.005 -19"><span class='ocrx_word' id='word_1_314' title='bbox 251 3752 428 3811; x_wconf 76' lang='lat' dir='ltr'><strong>gemat</strong></span> <span class='ocrx_word' id='word_1_315' title='bbox 457 3742 685 3796; x_wconf 78' lang='lat' dir='ltr'><strong>Ecclesia</strong></span> <span class='ocrx_word' id='word_1_316' title='bbox 707 3755 758 3797; x_wconf 92' lang='lat' dir='ltr'><strong>et</strong></span> <span class='ocrx_word' id='word_1_317' title='bbox 785 3744 870 3801; x_wconf 88' lang='lat' dir='ltr'><strong>illa</strong></span> <span class='ocrx_word' id='word_1_318' title='bbox 899 3761 1091 3811; x_wconf 82' lang='lat' dir='ltr'><strong>massa,</strong></span> <span class='ocrx_word' id='word_1_319' title='bbox 1119 3747 1286 3800; x_wconf 88' lang='lat' dir='ltr'><strong>donec</strong></span> <span class='ocrx_word' id='word_1_320' title='bbox 1307 3749 1492 3802; x_wconf 84' lang='lat' dir='ltr'><strong>messis</strong></span> <span class='ocrx_word' id='word_1_321' title='bbox 1517 3750 1708 3810; x_wconf 87' lang='lat' dir='ltr'><strong>veniat,</strong></span> <span class='ocrx_word' id='word_1_322' title='bbox 1732 3750 1824 3803; x_wconf 81' lang='lat' dir='ltr'><strong>do—</strong></span> 
     </span>
    </p>
   </div>
   <div class='ocr_carea' id='block_1_39' title="bbox 253 3831 1825 3900">
    <p class='ocr_par' dir='ltr' id='par_1_39' title="bbox 253 3831 1825 3900">
     <span class='ocr_line' id='line_1_39' title="bbox 253 3831 1825 3900; baseline 0.005 -17"><span class='ocrx_word' id='word_1_323' title='bbox 253 3846 355 3885; x_wconf 86' lang='lat' dir='ltr'><strong>nec</strong></span> <span class='ocrx_word' id='word_1_324' title='bbox 385 3831 752 3896; x_wconf 85' lang='lat' dir='ltr'><strong>ventilahrum,</strong></span> <span class='ocrx_word' id='word_1_325' title='bbox 785 3833 954 3889; x_wconf 88' lang='lat' dir='ltr'><strong>donec</strong></span> <span class='ocrx_word' id='word_1_326' title='bbox 985 3835 1156 3887; x_wconf 79' lang='lat' dir='ltr'><strong>veniat</strong></span> <span class='ocrx_word' id='word_1_327' title='bbox 1202 3837 1382 3889; x_wconf 87' lang='lat' dir='ltr'><strong>ultima</strong></span> <span class='ocrx_word' id='word_1_328' title='bbox 1427 3839 1719 3900; x_wconf 84' lang='lat' dir='ltr'><strong>ventilatio,</strong></span> <span class='ocrx_word' id='word_1_329' title='bbox 1767 3849 1825 3892; x_wconf 91' lang='lat' dir='ltr'><strong>ut</strong></span> 
     </span>
    </p>
   </div>
   <div class='ocr_carea' id='block_1_40' title="bbox 248 3922 1820 3991">
    <p class='ocr_par' dir='ltr' id='par_1_40' title="bbox 248 3922 1820 3991">
     <span class='ocr_line' id='line_1_40' title="bbox 248 3922 1820 3991; baseline 0.006 -18"><span class='ocrx_word' id='word_1_330' title='bbox 248 3931 528 3989; x_wconf 79' lang='lat' dir='ltr'><strong>separetur</strong></span> <span class='ocrx_word' id='word_1_331' title='bbox 553 3922 696 3989; x_wconf 85' lang='lat' dir='ltr'><strong>palea</strong></span> <span class='ocrx_word' id='word_1_332' title='bbox 721 3938 749 3976; x_wconf 89' lang='lat' dir='ltr'><strong>a</strong></span> <span class='ocrx_word' id='word_1_333' title='bbox 779 3923 1042 3977; x_wconf 86' lang='lat' dir='ltr'><strong>frumento</strong></span> <span class='ocrx_word' id='word_1_334' title='bbox 1061 3965 1076 3988; x_wconf 93' lang='lat'><strong>,</strong></span> <span class='ocrx_word' id='word_1_335' title='bbox 1107 3925 1276 3979; x_wconf 89' lang='lat' dir='ltr'><strong>donec</strong></span> <span class='ocrx_word' id='word_1_336' title='bbox 1305 3927 1368 3979; x_wconf 88' lang='lat' dir='ltr'><strong>ad</strong></span> <span class='ocrx_word' id='word_1_337' title='bbox 1414 3927 1663 3991; x_wconf 77' lang='lat' dir='ltr'><strong>horreum</strong></span> <span class='ocrx_word' id='word_1_338' title='bbox 1698 3931 1820 3983; x_wconf 89' lang='lat' dir='ltr'><strong>red-</strong></span> 
     </span>
    </p>
   </div>
   <div class='ocr_carea' id='block_1_41' title="bbox 251 4013 1821 4088">
    <p class='ocr_par' dir='ltr' id='par_1_41' title="bbox 251 4013 1821 4088">
     <span class='ocr_line' id='line_1_41' title="bbox 251 4013 1821 4088; baseline 0.006 -22"><span class='ocrx_word' id='word_1_339' title='bbox 251 4016 426 4084; x_wconf 79' lang='lat' dir='ltr'><strong>igatur</strong></span> <span class='ocrx_word' id='word_1_340' title='bbox 452 4013 562 4082; x_wconf 84' lang='lat' dir='ltr'><strong>(ltl.</strong></span> <span class='ocrx_word' id='word_1_341' title='bbox 597 4031 712 4077; x_wconf 78' lang='lat' dir='ltr'><strong>xui,</strong></span> <span class='ocrx_word' id='word_1_342' title='bbox 737 4016 833 4079; x_wconf 74' lang='lat'><strong>50,</strong></span> <span class='ocrx_word' id='word_1_343' title='bbox 862 4025 908 4068; x_wconf 88' lang='lat' dir='ltr'><strong>et</strong></span> <span class='ocrx_word' id='word_1_344' title='bbox 934 4033 1006 4079; x_wconf 82' lang='grc' dir='ltr'>ιιι,</span> <span class='ocrx_word' id='word_1_345' title='bbox 1050 4016 1159 4088; x_wconf 74' lang='lat'><strong>19.).</strong></span> <span class='ocrx_word' id='word_1_346' title='bbox 1187 4017 1335 4085; x_wconf 84' lang='lat' dir='ltr'><strong>Quod</strong></span> <span class='ocrx_word' id='word_1_347' title='bbox 1368 4018 1536 4074; x_wconf 89' lang='lat' dir='ltr'><strong>donec</strong></span> <span class='ocrx_word' id='word_1_348' title='bbox 1570 4022 1676 4084; x_wconf 86' lang='lat' dir='ltr'><strong>fiat,</strong></span> <span class='ocrx_word' id='word_1_349' title='bbox 1710 4023 1821 4083; x_wconf 84' lang='lat' dir='ltr'><strong>cla-</strong></span> 
     </span>
    </p>
   </div>
   <div class='ocr_carea' id='block_1_42' title="bbox 249 4106 1818 4179">
    <p class='ocr_par' dir='ltr' id='par_1_42' title="bbox 249 4106 1818 4179">
     <span class='ocr_line' id='line_1_42' title="bbox 249 4106 1818 4179; baseline 0.003 -18"><span class='ocrx_word' id='word_1_350' title='bbox 249 4122 491 4161; x_wconf 88' lang='lat' dir='ltr'><strong>tneuuts:</strong></span> <span class='ocrx_word' id='word_1_351' title='bbox 529 4106 632 4177; x_wconf 81' lang='lat' dir='ltr'><strong>Ego</strong></span> <span class='ocrx_word' id='word_1_352' title='bbox 653 4124 765 4161; x_wconf 88' lang='lat' dir='ltr'><strong>vero</strong></span> <span class='ocrx_word' id='word_1_353' title='bbox 792 4125 971 4179; x_wconf 86' lang='lat' dir='ltr'><strong>egenus</strong></span> <span class='ocrx_word' id='word_1_354' title='bbox 991 4119 1036 4162; x_wconf 87' lang='lat' dir='ltr'><strong>et</strong></span> <span class='ocrx_word' id='word_1_355' title='bbox 1074 4127 1264 4178; x_wconf 82' lang='lat' dir='ltr'><strong>panper</strong></span> <span class='ocrx_word' id='word_1_356' title='bbox 1283 4128 1392 4164; x_wconf 77' lang='lat' dir='ltr'><strong>sum</strong></span> <span class='ocrx_word' id='word_1_357' title='bbox 1408 4129 1425 4174; x_wconf 91' lang='lat'><strong>;</strong></span> <span class='ocrx_word' id='word_1_358' title='bbox 1454 4110 1606 4175; x_wconf 82' lang='lat' dir='ltr'><strong>Dens,</strong></span> <span class='ocrx_word' id='word_1_359' title='bbox 1634 4114 1818 4176; x_wconf 81' lang='lat' dir='ltr'><strong>adiuva</strong></span> 
     </span>
    </p>
   </div>
   <div class='ocr_carea' id='block_1_43' title="bbox 246 4199 1816 4271">
    <p class='ocr_par' dir='ltr' id='par_1_43' title="bbox 246 4199 1816 4271">
     <span class='ocr_line' id='line_1_43' title="bbox 246 4199 1816 4271; baseline 0.004 -20"><span class='ocrx_word' id='word_1_360' title='bbox 246 4200 586 4268; x_wconf 83' lang='lat' dir='ltr'><strong>me:atljutor</strong></span> <span class='ocrx_word' id='word_1_361' title='bbox 613 4217 748 4257; x_wconf 76' lang='lat' dir='ltr'><strong>meus</strong></span> <span class='ocrx_word' id='word_1_362' title='bbox 785 4217 836 4254; x_wconf 87' lang='lat' dir='ltr'><strong>es</strong></span> <span class='ocrx_word' id='word_1_363' title='bbox 863 4210 935 4263; x_wconf 86' lang='grc' dir='ltr'>ιιι,</span> <span class='ocrx_word' id='word_1_364' title='bbox 972 4199 1218 4263; x_wconf 82' lang='lat' dir='ltr'><strong>Domine;</strong></span> <span class='ocrx_word' id='word_1_365' title='bbox 1249 4219 1310 4256; x_wconf 89' lang='lat' dir='ltr'><strong>ne</strong></span> <span class='ocrx_word' id='word_1_366' title='bbox 1342 4203 1633 4260; x_wconf 74' lang='lat' dir='ltr'><strong>tardaveris.</strong></span> <span class='ocrx_word' id='word_1_367' title='bbox 1682 4203 1816 4271; x_wconf 84' lang='lat' dir='ltr'><strong>Quid</strong></span> 
     </span>
    </p>
   </div>
   <div class='ocr_carea' id='block_1_44' title="bbox 243 4287 1818 4364">
    <p class='ocr_par' dir='ltr' id='par_1_44' title="bbox 243 4287 1818 4364">
     <span class='ocr_line' id='line_1_44' title="bbox 243 4287 1818 4364; baseline 0.006 -23"><span class='ocrx_word' id='word_1_368' title='bbox 243 4297 350 4350; x_wconf 88' lang='lat' dir='ltr'><strong>est,</strong></span> <span class='ocrx_word' id='word_1_369' title='bbox 378 4287 458 4344; x_wconf 76' lang='lat' dir='ltr'><strong>Ne</strong></span> <span class='ocrx_word' id='word_1_370' title='bbox 482 4289 791 4348; x_wconf 80' lang='lat' dir='ltr'><strong>tardat-eris?</strong></span> <span class='ocrx_word' id='word_1_371' title='bbox 818 4291 946 4357; x_wconf 86' lang='lat' dir='ltr'><strong>Quia</strong></span> <span class='ocrx_word' id='word_1_372' title='bbox 979 4293 1124 4345; x_wconf 89' lang='lat' dir='ltr'><strong>nntlti</strong></span> <span class='ocrx_word' id='word_1_373' title='bbox 1154 4292 1364 4347; x_wconf 86' lang='lat' dir='ltr'><strong>dicunt:</strong></span> <span class='ocrx_word' id='word_1_374' title='bbox 1395 4293 1630 4364; x_wconf 82' lang='lat' dir='ltr'><strong>Longum</strong></span> <span class='ocrx_word' id='word_1_375' title='bbox 1661 4306 1818 4350; x_wconf 86' lang='lat' dir='ltr'><strong>estut</strong></span> 
     </span>
    </p>
   </div>
   <div class='ocr_carea' id='block_1_45' title="bbox 242 4379 1814 4452">
    <p class='ocr_par' dir='ltr' id='par_1_45' title="bbox 242 4379 1814 4452">
     <span class='ocr_line' id='line_1_45' title="bbox 242 4379 1814 4452; baseline 0.007 -23"><span class='ocrx_word' id='word_1_376' title='bbox 242 4379 421 4431; x_wconf 79' lang='lat' dir='ltr'><strong>veniat</strong></span> <span class='ocrx_word' id='word_1_377' title='bbox 447 4379 707 4434; x_wconf 82' lang='lat' dir='ltr'><strong>Christus.</strong></span> <span class='ocrx_word' id='word_1_378' title='bbox 734 4380 867 4448; x_wconf 88' lang='lat' dir='ltr'><strong>Quid</strong></span> <span class='ocrx_word' id='word_1_379' title='bbox 895 4397 1040 4450; x_wconf 78' lang='lat' dir='ltr'><strong>ergo,</strong></span> <span class='ocrx_word' id='word_1_380' title='bbox 1067 4384 1186 4452; x_wconf 84' lang='lat' dir='ltr'><strong>quia</strong></span> <span class='ocrx_word' id='word_1_381' title='bbox 1211 4384 1455 4448; x_wconf 82' lang='lat' dir='ltr'><strong>dicimus,</strong></span> <span class='ocrx_word' id='word_1_382' title='bbox 1483 4385 1562 4438; x_wconf 84' lang='lat' dir='ltr'><strong>Ne</strong></span> <span class='ocrx_word' id='word_1_383' title='bbox 1584 4389 1814 4440; x_wconf 84' lang='lat' dir='ltr'><strong>tardave-</strong></span> 
     </span>
    </p>
   </div>
   <div class='ocr_carea' id='block_1_46' title="bbox 243 4469 1811 4544">
    <p class='ocr_par' dir='ltr' id='par_1_46' title="bbox 243 4469 1811 4544">
     <span class='ocr_line' id='line_1_46' title="bbox 243 4469 1811 4544; baseline 0.007 -23"><span class='ocrx_word' id='word_1_384' title='bbox 243 4469 354 4521; x_wconf 78' lang='lat' dir='ltr'><strong>ris?</strong></span> <span class='ocrx_word' id='word_1_385' title='bbox 385 4480 634 4531; x_wconf 87' lang='lat' dir='ltr'><strong>venturus</strong></span> <span class='ocrx_word' id='word_1_386' title='bbox 661 4483 740 4524; x_wconf 89' lang='lat' dir='ltr'><strong>est</strong></span> <span class='ocrx_word' id='word_1_387' title='bbox 778 4479 1057 4542; x_wconf 85' lang='lat' dir='ltr'><strong>antequam</strong></span> <span class='ocrx_word' id='word_1_388' title='bbox 1104 4475 1286 4528; x_wconf 86' lang='lat' dir='ltr'><strong>statuit</strong></span> <span class='ocrx_word' id='word_1_389' title='bbox 1312 4477 1524 4531; x_wconf 71' lang='lat' dir='ltr'><strong>venire?</strong></span> <span class='ocrx_word' id='word_1_390' title='bbox 1550 4478 1682 4544; x_wconf 88' lang='lat' dir='ltr'><strong>Quid</strong></span> <span class='ocrx_word' id='word_1_391' title='bbox 1712 4479 1811 4532; x_wconf 91' lang='lat' dir='ltr'><strong>sibi</strong></span> 
     </span>
    </p>
   </div>
   <div class='ocr_carea' id='block_1_47' title="bbox 241 4560 1810 4625">
    <p class='ocr_par' dir='ltr' id='par_1_47' title="bbox 241 4560 1810 4625">
     <span class='ocr_line' id='line_1_47' title="bbox 241 4560 1810 4625; baseline 0.011 -16"><span class='ocrx_word' id='word_1_392' title='bbox 241 4561 354 4612; x_wconf 87' lang='lat' dir='ltr'><strong>vult</strong></span> <span class='ocrx_word' id='word_1_393' title='bbox 381 4560 478 4614; x_wconf 86' lang='lat' dir='ltr'><strong>hoc</strong></span> <span class='ocrx_word' id='word_1_394' title='bbox 509 4573 706 4625; x_wconf 88' lang='lat' dir='ltr'><strong>votum,</strong></span> <span class='ocrx_word' id='word_1_395' title='bbox 759 4562 838 4617; x_wconf 86' lang='lat' dir='ltr'><strong>Nc</strong></span> <span class='ocrx_word' id='word_1_396' title='bbox 877 4565 1188 4620; x_wconf 81' lang='lat' dir='ltr'><strong>tartlaveris?</strong></span> <span class='ocrx_word' id='word_1_397' title='bbox 1229 4566 1303 4621; x_wconf 86' lang='lat' dir='ltr'><strong>Ne</strong></span> <span class='ocrx_word' id='word_1_398' title='bbox 1335 4569 1458 4622; x_wconf 89' lang='lat' dir='ltr'><strong>mihi</strong></span> <span class='ocrx_word' id='word_1_399' title='bbox 1506 4570 1704 4624; x_wconf 87' lang='lat' dir='ltr'><strong>tardius</strong></span> <span class='ocrx_word' id='word_1_400' title='bbox 1735 4573 1810 4625; x_wconf 51' lang='lat' dir='ltr'><strong>vi-</strong></span> 
     </span>
    </p>
   </div>
   <div class='ocr_carea' id='block_1_48' title="bbox 235 4653 1802 4729">
    <p class='ocr_par' dir='ltr' id='par_1_48' title="bbox 235 4653 1802 4729">
     <span class='ocr_line' id='line_1_48' title="bbox 235 4653 1802 4729; baseline 0.008 -25"><span class='ocrx_word' id='word_1_401' title='bbox 235 4653 428 4714; x_wconf 81' lang='lat' dir='ltr'><strong>deatur</strong></span> <span class='ocrx_word' id='word_1_402' title='bbox 452 4654 591 4721; x_wconf 88' lang='lat' dir='ltr'><strong>quod</strong></span> <span class='ocrx_word' id='word_1_403' title='bbox 621 4665 868 4710; x_wconf 81' lang='lat' dir='ltr'><strong>venturus</strong></span> <span class='ocrx_word' id='word_1_404' title='bbox 893 4671 970 4710; x_wconf 89' lang='lat' dir='ltr'><strong>es.</strong></span> <span class='ocrx_word' id='word_1_405' title='bbox 1002 4657 1115 4710; x_wconf 89' lang='lat' dir='ltr'><strong>Tibi</strong></span> <span class='ocrx_word' id='word_1_406' title='bbox 1145 4659 1284 4712; x_wconf 87' lang='lat' dir='ltr'><strong>enim</strong></span> <span class='ocrx_word' id='word_1_407' title='bbox 1317 4661 1526 4729; x_wconf 86' lang='lat' dir='ltr'><strong>longum</strong></span> <span class='ocrx_word' id='word_1_408' title='bbox 1567 4659 1802 4725; x_wconf 79' lang='lat' dir='ltr'><strong>videtur;</strong></span> 
     </span>
    </p>
   </div>
   <div class='ocr_carea' id='block_1_49' title="bbox 235 4741 1803 4818">
    <p class='ocr_par' dir='ltr' id='par_1_49' title="bbox 235 4741 1803 4818">
     <span class='ocr_line' id='line_1_49' title="bbox 235 4741 1803 4818; baseline 0.005 -24"><span class='ocrx_word' id='word_1_409' title='bbox 235 4757 342 4794; x_wconf 87' lang='lat' dir='ltr'><strong>non</strong></span> <span class='ocrx_word' id='word_1_410' title='bbox 376 4741 480 4795; x_wconf 82' lang='lat' dir='ltr'><strong>Deo</strong></span> <span class='ocrx_word' id='word_1_411' title='bbox 510 4743 719 4812; x_wconf 81' lang='lat' dir='ltr'><strong>longum</strong></span> <span class='ocrx_word' id='word_1_412' title='bbox 743 4745 968 4804; x_wconf 85' lang='lat' dir='ltr'><strong>videtur.</strong></span> <span class='ocrx_word' id='word_1_413' title='bbox 1000 4747 1082 4800; x_wconf 89' lang='lat' dir='ltr'><strong>cui</strong></span> <span class='ocrx_word' id='word_1_414' title='bbox 1108 4748 1251 4802; x_wconf 90' lang='lat' dir='ltr'><strong>mille</strong></span> <span class='ocrx_word' id='word_1_415' title='bbox 1274 4751 1394 4803; x_wconf 89' lang='lat' dir='ltr'><strong>anni</strong></span> <span class='ocrx_word' id='word_1_416' title='bbox 1419 4751 1528 4804; x_wconf 78' lang='lat' dir='ltr'><strong>dies</strong></span> <span class='ocrx_word' id='word_1_417' title='bbox 1548 4767 1681 4805; x_wconf 84' lang='lat' dir='ltr'><strong>unus</strong></span> <span class='ocrx_word' id='word_1_418' title='bbox 1702 4765 1803 4818; x_wconf 81' lang='lat' dir='ltr'><strong>est,</strong></span> 
     </span>
    </p>
   </div>
   <div class='ocr_carea' id='block_1_50' title="bbox 234 4834 1802 4911">
    <p class='ocr_par' dir='ltr' id='par_1_50' title="bbox 234 4834 1802 4911">
     <span class='ocr_line' id='line_1_50' title="bbox 234 4834 1802 4911; baseline 0.009 -27"><span class='ocrx_word' id='word_1_419' title='bbox 234 4835 320 4888; x_wconf 77' lang='lat' dir='ltr'><strong>vel</strong></span> <span class='ocrx_word' id='word_1_420' title='bbox 353 4843 457 4886; x_wconf 86' lang='lat' dir='ltr'><strong>tres</strong></span> <span class='ocrx_word' id='word_1_421' title='bbox 490 4834 632 4886; x_wconf 73' lang='lat' dir='ltr'><strong>hora:</strong></span> <span class='ocrx_word' id='word_1_422' title='bbox 664 4836 852 4903; x_wconf 74' lang='lat' dir='ltr'><strong>vigilia:</strong></span> <span class='ocrx_word' id='word_1_423' title='bbox 880 4836 1050 4906; x_wconf 79' lang='lat' dir='ltr'><strong>(Psal.</strong></span> <span class='ocrx_word' id='word_1_424' title='bbox 1077 4855 1288 4905; x_wconf 76' lang='lat' dir='ltr'><strong>Lxxxrx,</strong></span> <span class='ocrx_word' id='word_1_425' title='bbox 1317 4842 1394 4911; x_wconf 72' lang='grc'><strong>4).</strong></span> <span class='ocrx_word' id='word_1_426' title='bbox 1424 4842 1528 4896; x_wconf 83' lang='lat' dir='ltr'><strong>Sed</strong></span> <span class='ocrx_word' id='word_1_427' title='bbox 1559 4855 1609 4896; x_wconf 92' lang='lat' dir='ltr'><strong>tu</strong></span> <span class='ocrx_word' id='word_1_428' title='bbox 1632 4846 1673 4898; x_wconf 91' lang='lat' dir='ltr'><strong>si</strong></span> <span class='ocrx_word' id='word_1_429' title='bbox 1700 4863 1802 4898; x_wconf 78' lang='grc' dir='ltr'>ιιοιι</span> 
     </span>
    </p>
   </div>
   <div class='ocr_carea' id='block_1_51' title="bbox 233 4925 1803 4990">
    <p class='ocr_par' dir='ltr' id='par_1_51' title="bbox 233 4925 1803 4990">
     <span class='ocr_line' id='line_1_51' title="bbox 233 4925 1803 4990; baseline 0.005 -12"><span class='ocrx_word' id='word_1_430' title='bbox 233 4925 486 4978; x_wconf 88' lang='lat' dir='ltr'><strong>habueris</strong></span> <span class='ocrx_word' id='word_1_431' title='bbox 531 4925 876 4990; x_wconf 81' lang='lat' dir='ltr'><strong>tolerantiam,</strong></span> <span class='ocrx_word' id='word_1_432' title='bbox 927 4929 1127 4980; x_wconf 88' lang='lat' dir='ltr'><strong>tardum</strong></span> <span class='ocrx_word' id='word_1_433' title='bbox 1176 4930 1266 4983; x_wconf 91' lang='lat' dir='ltr'><strong>tibi</strong></span> <span class='ocrx_word' id='word_1_434' title='bbox 1311 4933 1410 4985; x_wconf 90' lang='lat' dir='ltr'><strong>erit</strong></span> <span class='ocrx_word' id='word_1_435' title='bbox 1437 4951 1449 4982; x_wconf 92' lang='lat'>:</span> <span class='ocrx_word' id='word_1_436' title='bbox 1479 4935 1530 4986; x_wconf 86' lang='lat' dir='ltr'><strong>et</strong></span> <span class='ocrx_word' id='word_1_437' title='bbox 1560 4950 1681 4987; x_wconf 89' lang='lat' dir='ltr'><strong>cum</strong></span> <span class='ocrx_word' id='word_1_438' title='bbox 1715 4938 1803 4988; x_wconf 90' lang='lat' dir='ltr'><strong>tibi</strong></span> 
     </span>
    </p>
   </div>
   <div class='ocr_carea' id='block_1_52' title="bbox 229 5014 1802 5094">
    <p class='ocr_par' dir='ltr' id='par_1_52' title="bbox 229 5014 1802 5094">
     <span class='ocr_line' id='line_1_52' title="bbox 229 5014 1802 5094; baseline 0.007 -25"><span class='ocrx_word' id='word_1_439' title='bbox 229 5014 444 5069; x_wconf 84' lang='lat' dir='ltr'><strong>tardum</strong></span> <span class='ocrx_word' id='word_1_440' title='bbox 475 5016 592 5078; x_wconf 87' lang='lat' dir='ltr'><strong>erit,</strong></span> <span class='ocrx_word' id='word_1_441' title='bbox 623 5015 916 5070; x_wconf 85' lang='lat' dir='ltr'><strong>deflecteris</strong></span> <span class='ocrx_word' id='word_1_442' title='bbox 944 5017 1011 5071; x_wconf 91' lang='lat' dir='ltr'><strong>ab</strong></span> <span class='ocrx_word' id='word_1_443' title='bbox 1035 5035 1120 5084; x_wconf 90' lang='lat' dir='ltr'><strong>eo,</strong></span> <span class='ocrx_word' id='word_1_444' title='bbox 1161 5031 1212 5074; x_wconf 88' lang='lat' dir='ltr'><strong>et</strong></span> <span class='ocrx_word' id='word_1_445' title='bbox 1244 5023 1349 5075; x_wconf 84' lang='lat' dir='ltr'><strong>eris</strong></span> <span class='ocrx_word' id='word_1_446' title='bbox 1372 5023 1560 5078; x_wconf 90' lang='lat' dir='ltr'><strong>similis</strong></span> <span class='ocrx_word' id='word_1_447' title='bbox 1591 5025 1688 5077; x_wconf 82' lang='lat' dir='ltr'><strong>illis</strong></span> <span class='ocrx_word' id='word_1_448' title='bbox 1714 5029 1802 5094; x_wconf 87' lang='lat' dir='ltr'><strong>qui</strong></span> 
     </span>
    </p>
   </div>
   <div class='ocr_carea' id='block_1_53' title="bbox 227 5103 1804 5182">
    <p class='ocr_par' dir='ltr' id='par_1_53' title="bbox 227 5103 1804 5182">
     <span class='ocr_line' id='line_1_53' title="bbox 227 5103 1804 5182; baseline 0.008 -24"><span class='ocrx_word' id='word_1_449' title='bbox 227 5107 278 5159; x_wconf 88' lang='lat' dir='ltr'><strong>in</strong></span> <span class='ocrx_word' id='word_1_450' title='bbox 309 5119 494 5164; x_wconf 87' lang='lat' dir='ltr'><strong>eremo</strong></span> <span class='ocrx_word' id='word_1_451' title='bbox 527 5103 721 5173; x_wconf 83' lang='lat' dir='ltr'><strong>fatigati</strong></span> <span class='ocrx_word' id='word_1_452' title='bbox 763 5117 902 5178; x_wconf 78' lang='lat' dir='ltr'><strong>sunt,</strong></span> <span class='ocrx_word' id='word_1_453' title='bbox 939 5118 992 5162; x_wconf 87' lang='lat' dir='ltr'><strong>et</strong></span> <span class='ocrx_word' id='word_1_454' title='bbox 1019 5109 1399 5165; x_wconf 80' lang='lat' dir='ltr'><strong>festinaverunt</strong></span> <span class='ocrx_word' id='word_1_455' title='bbox 1427 5129 1452 5163; x_wconf 73' lang='grc' dir='ltr'><strong>ιι</strong></span> <span class='ocrx_word' id='word_1_456' title='bbox 1486 5113 1594 5168; x_wconf 85' lang='lat' dir='ltr'><strong>Deo</strong></span> <span class='ocrx_word' id='word_1_457' title='bbox 1625 5124 1804 5182; x_wconf 84' lang='lat' dir='ltr'><strong>peteie</strong></span> 
     </span>
    </p>
   </div>
   <div class='ocr_carea' id='block_1_54' title="bbox 223 5194 1795 5267">
    <p class='ocr_par' dir='ltr' id='par_1_54' title="bbox 223 5194 1795 5267">
     <span class='ocr_line' id='line_1_54' title="bbox 223 5194 1795 5267; baseline 0.006 -17"><span class='ocrx_word' id='word_1_458' title='bbox 223 5194 468 5260; x_wconf 87' lang='lat' dir='ltr'><strong>delicias,</strong></span> <span class='ocrx_word' id='word_1_459' title='bbox 501 5210 632 5264; x_wconf 88' lang='lat' dir='ltr'><strong>quas</strong></span> <span class='ocrx_word' id='word_1_460' title='bbox 659 5196 757 5250; x_wconf 83' lang='lat' dir='ltr'><strong>illis</strong></span> <span class='ocrx_word' id='word_1_461' title='bbox 786 5200 835 5250; x_wconf 91' lang='lat' dir='ltr'><strong>in</strong></span> <span class='ocrx_word' id='word_1_462' title='bbox 869 5200 1034 5267; x_wconf 89' lang='lat' dir='ltr'><strong>patria</strong></span> <span class='ocrx_word' id='word_1_463' title='bbox 1065 5201 1398 5266; x_wconf 84' lang='lat' dir='ltr'><strong>reservabat;</strong></span> <span class='ocrx_word' id='word_1_464' title='bbox 1441 5213 1494 5256; x_wconf 88' lang='lat' dir='ltr'><strong>et</strong></span> <span class='ocrx_word' id='word_1_465' title='bbox 1536 5221 1653 5258; x_wconf 90' lang='lat' dir='ltr'><strong>cum</strong></span> <span class='ocrx_word' id='word_1_466' title='bbox 1693 5224 1795 5260; x_wconf 88' lang='lat' dir='ltr'><strong>non</strong></span> 
     </span>
    </p>
   </div>
   <div class='ocr_carea' id='block_1_55' title="bbox 222 5286 1799 5366">
    <p class='ocr_par' dir='ltr' id='par_1_55' title="bbox 222 5286 1799 5366">
     <span class='ocr_line' id='line_1_55' title="bbox 222 5286 1799 5366; baseline 0.005 -24"><span class='ocrx_word' id='word_1_467' title='bbox 222 5289 482 5342; x_wconf 87' lang='lat' dir='ltr'><strong>darentur</strong></span> <span class='ocrx_word' id='word_1_468' title='bbox 507 5287 709 5340; x_wconf 70' lang='lat' dir='ltr'><strong>delicia:</strong></span> <span class='ocrx_word' id='word_1_469' title='bbox 743 5288 790 5342; x_wconf 91' lang='lat' dir='ltr'><strong>in</strong></span> <span class='ocrx_word' id='word_1_470' title='bbox 838 5286 1264 5360; x_wconf 77' lang='lat' dir='ltr'><strong>itinere,&#39;qui|nts</strong></span> <span class='ocrx_word' id='word_1_471' title='bbox 1308 5293 1442 5347; x_wconf 82' lang='lat' dir='ltr'><strong>forte</strong></span> <span class='ocrx_word' id='word_1_472' title='bbox 1487 5312 1799 5366; x_wconf 84' lang='lat' dir='ltr'><strong>corrumpe-</strong></span> 
     </span>
    </p>
   </div>
   <div class='ocr_carea' id='block_1_56' title="bbox 223 5383 1799 5450">
    <p class='ocr_par' dir='ltr' id='par_1_56' title="bbox 223 5383 1799 5450">
     <span class='ocr_line' id='line_1_56' title="bbox 223 5383 1799 5450; baseline 0.008 -16"><span class='ocrx_word' id='word_1_473' title='bbox 223 5390 433 5444; x_wconf 85' lang='lat' dir='ltr'><strong>rentur,</strong></span> <span class='ocrx_word' id='word_1_474' title='bbox 467 5391 927 5434; x_wconf 83' lang='lat' dir='ltr'><strong>murmuraverunt</strong></span> <span class='ocrx_word' id='word_1_475' title='bbox 950 5383 1203 5438; x_wconf 87' lang='lat' dir='ltr'><strong>adversus</strong></span> <span class='ocrx_word' id='word_1_476' title='bbox 1234 5384 1416 5450; x_wconf 89' lang='lat' dir='ltr'><strong>Deum,</strong></span> <span class='ocrx_word' id='word_1_477' title='bbox 1451 5396 1502 5438; x_wconf 86' lang='lat' dir='ltr'><strong>et</strong></span> <span class='ocrx_word' id='word_1_478' title='bbox 1529 5389 1799 5446; x_wconf 85' lang='lat' dir='ltr'><strong>redierunt</strong></span> 
     </span>
    </p>
   </div>
   <div class='ocr_carea' id='block_1_57' title="bbox 221 5469 1786 5551">
    <p class='ocr_par' dir='ltr' id='par_1_57' title="bbox 221 5469 1786 5551">
     <span class='ocr_line' id='line_1_57' title="bbox 221 5469 1786 5551; baseline 0.007 -26"><span class='ocrx_word' id='word_1_479' title='bbox 221 5470 384 5525; x_wconf 84' lang='lat' dir='ltr'><strong>corde</strong></span> <span class='ocrx_word' id='word_1_480' title='bbox 415 5471 464 5523; x_wconf 87' lang='lat' dir='ltr'><strong>iu</strong></span> <span class='ocrx_word' id='word_1_481' title='bbox 496 5469 781 5540; x_wconf 65' lang='lat' dir='ltr'><strong>Egyptum</strong></span> <span class='ocrx_word' id='word_1_482' title='bbox 813 5471 1005 5540; x_wconf 69' lang='lat' dir='ltr'><strong>(Exod.</strong></span> <span class='ocrx_word' id='word_1_483' title='bbox 1053 5490 1160 5541; x_wconf 79' lang='lat' dir='ltr'><strong>xvi,</strong></span> <span class='ocrx_word' id='word_1_484' title='bbox 1203 5473 1257 5541; x_wconf 67' lang='lat'><strong>2,</strong></span> <span class='ocrx_word' id='word_1_485' title='bbox 1302 5488 1347 5530; x_wconf 87' lang='lat' dir='ltr'><strong>et</strong></span> <span class='ocrx_word' id='word_1_486' title='bbox 1395 5478 1504 5532; x_wconf 83' lang='lat' dir='ltr'><strong>Act.</strong></span> <span class='ocrx_word' id='word_1_487' title='bbox 1541 5497 1630 5544; x_wconf 91' lang='lat' dir='ltr'><strong>vn,</strong></span> <span class='ocrx_word' id='word_1_488' title='bbox 1662 5483 1786 5551; x_wconf 81' lang='lat'><strong>39);</strong></span> 
     </span>
    </p>
   </div>
   <div class='ocr_carea' id='block_1_58' title="bbox 282 5664 1762 5738">
    <p class='ocr_par' dir='ltr' id='par_1_58' title="bbox 282 5664 1762 5738">
     <span class='ocr_line' id='line_1_58' title="bbox 282 5664 1762 5738; baseline 0.011 -28"><span class='ocrx_word' id='word_1_489' title='bbox 282 5664 301 5738; x_wconf 64' lang='grc' dir='ltr'><strong>ξ</strong></span> <span class='ocrx_word' id='word_1_490' title='bbox 427 5669 478 5734; x_wconf 78' lang='lat' dir='ltr'><strong>et</strong></span> <span class='ocrx_word' id='word_1_491' title='bbox 498 5669 627 5738; x_wconf 75' lang='lat' dir='ltr'><strong>qu.,</strong></span> <span class='ocrx_word' id='word_1_492' title='bbox 643 5671 858 5738; x_wconf 75' lang='lat' dir='ltr'><strong>oporteat</strong></span> <span class='ocrx_word' id='word_1_493' title='bbox 879 5680 987 5717; x_wconf 86' lang='lat' dir='ltr'><strong>eum</strong></span> <span class='ocrx_word' id='word_1_494' title='bbox 1009 5667 1149 5718; x_wconf 85' lang='lat' dir='ltr'><strong>scire.</strong></span> <span class='ocrx_word' id='word_1_495' title='bbox 1188 5680 1242 5720; x_wconf 80' lang='lat' dir='ltr'><strong>At</strong></span> <span class='ocrx_word' id='word_1_496' title='bbox 1263 5679 1388 5732; x_wconf 59' lang='lat' dir='ltr'><strong>Mss,</strong></span> <span class='ocrx_word' id='word_1_497' title='bbox 1417 5673 1596 5738; x_wconf 72' lang='lat' dir='ltr'><strong>Oportet</strong></span> <span class='ocrx_word' id='word_1_498' title='bbox 1620 5689 1762 5729; x_wconf 64' lang='lat' dir='ltr'><strong>rare.</strong></span> 
     </span>
    </p>
   </div>
   <div class='ocr_carea' id='block_1_59' title="bbox 282 5724 1793 5805">
    <p class='ocr_par' dir='ltr' id='par_1_59' title="bbox 282 5724 1793 5805">
     <span class='ocr_line' id='line_1_59' title="bbox 282 5724 1793 5805; baseline 0.013 -34"><span class='ocrx_word' id='word_1_499' title='bbox 282 5725 302 5756; x_wconf 77' lang='grc'>³</span> <span class='ocrx_word' id='word_1_500' title='bbox 327 5724 476 5774; x_wconf 80' lang='lat' dir='ltr'><strong>Hicin</strong></span> <span class='ocrx_word' id='word_1_501' title='bbox 499 5724 782 5805; x_wconf 52' lang='lat' dir='ltr'><strong>alddeeslt,</strong></span> <span class='ocrx_word' id='word_1_502' title='bbox 803 5741 948 5791; x_wconf 78' lang='lat' dir='ltr'><strong>super</strong></span> <span class='ocrx_word' id='word_1_503' title='bbox 977 5743 994 5779; x_wconf 96' lang='lat'><em>:</em></span> <span class='ocrx_word' id='word_1_504' title='bbox 1017 5744 1126 5793; x_wconf 74' lang='lat' dir='ltr'><strong>qua:</strong></span> <span class='ocrx_word' id='word_1_505' title='bbox 1159 5746 1252 5783; x_wconf 81' lang='lat' dir='ltr'><strong>vox</strong></span> <span class='ocrx_word' id='word_1_506' title='bbox 1279 5724 1508 5786; x_wconf 62' lang='lat' dir='ltr'><strong>exstat&#39;in</strong></span> <span class='ocrx_word' id='word_1_507' title='bbox 1541 5724 1793 5805; x_wconf 32' lang='lat' dir='ltr'><strong>Mszetvin</strong></span> 
     </span>
    </p>
   </div>
   <div class='ocr_carea' id='block_1_60' title="bbox 221 5787 1094 5849">
    <p class='ocr_par' dir='ltr' id='par_1_60' title="bbox 221 5787 1094 5849">
     <span class='ocr_line' id='line_1_60' title="bbox 221 5787 1094 5849; baseline 0.01 -16"><span class='ocrx_word' id='word_1_508' title='bbox 221 5797 385 5848; x_wconf 69' lang='lat' dir='ltr'><strong>greco</strong></span> <span class='ocrx_word' id='word_1_509' title='bbox 404 5792 544 5835; x_wconf 79' lang='lat' dir='ltr'><strong>textu</strong></span> <span class='ocrx_word' id='word_1_510' title='bbox 567 5787 789 5849; x_wconf 74' lang='lat' dir='ltr'><strong>Apostoli.</strong></span> <span class='ocrx_word' id='word_1_511' title='bbox 862 5787 871 5791; x_wconf 84' lang='grc'><em>’</em></span> <span class='ocrx_word' id='word_1_512' title='bbox 1037 5787 1049 5793; x_wconf 85' lang='grc'><em>’</em></span> <span class='ocrx_word' id='word_1_513' title='bbox 1091 5837 1094 5842; x_wconf 92' lang='grc'>.</span> 
     </span>
    </p>
   </div>
   <div class='ocr_carea' id='block_1_61' title="bbox 415 5873 1025 5938">
    <p class='ocr_par' dir='ltr' id='par_1_61' title="bbox 415 5873 1025 5938">
     <span class='ocr_line' id='line_1_61' title="bbox 415 5873 1025 5938; baseline -0.003 -2"><span class='ocrx_word' id='word_1_514' title='bbox 415 5873 689 5936; x_wconf 63' lang='grc' dir='ltr'>Ριιτιιοιι,</span> <span class='ocrx_word' id='word_1_515' title='bbox 729 5874 1025 5938; x_wconf 79' lang='lat' dir='ltr'><strong>XXXVI.</strong></span> 
     </span>
    </p>
   </div>
   <div class='ocr_carea' id='block_1_62' title="bbox 1408 339 2441 412">
    <p class='ocr_par' dir='ltr' id='par_1_62' title="bbox 1408 339 2441 412">
     <span class='ocr_line' id='line_1_62' title="bbox 1408 339 2441 412; baseline 0.01 -9"><span class='ocrx_word' id='word_1_516' title='bbox 1408 339 1796 409; x_wconf 61' lang='grc' dir='ltr'>εκλιιιιιιιῡ</span> <span class='ocrx_word' id='word_1_517' title='bbox 1838 347 1898 400; x_wconf 81' lang='lat' dir='ltr'><strong>l.\&#39;</strong></span> <span class='ocrx_word' id='word_1_518' title='bbox 1942 347 2256 408; x_wconf 66' lang='lat' dir='ltr'><strong>rsamwu</strong></span> <span class='ocrx_word' id='word_1_519' title='bbox 2289 355 2441 412; x_wconf 68' lang='lat' dir='ltr'><strong>LXX.</strong></span> 
     </span>
    </p>
   </div>
   <div class='ocr_carea' id='block_1_63' title="bbox 3438 383 3544 450">
    <p class='ocr_par' dir='ltr' id='par_1_63' title="bbox 3438 383 3544 450">
     <span class='ocr_line' id='line_1_63' title="bbox 3438 383 3544 450; baseline 0.094 -11"><span class='ocrx_word' id='word_1_520' title='bbox 3438 383 3544 450; x_wconf 69' lang='grc' dir='ltr'><strong>ενι</strong></span> 
     </span>
    </p>
   </div>
   <div class='ocr_carea' id='block_1_64' title="bbox 1976 464 3545 553">
    <p class='ocr_par' dir='ltr' id='par_1_64' title="bbox 1976 464 3545 553">
     <span class='ocr_line' id='line_1_64' title="bbox 1976 464 3545 553; baseline 0.024 -39"><span class='ocrx_word' id='word_1_521' title='bbox 1976 464 2114 519; x_wconf 88' lang='lat' dir='ltr'><strong>unde</strong></span> <span class='ocrx_word' id='word_1_522' title='bbox 2141 481 2363 537; x_wconf 86' lang='lat' dir='ltr'><strong>corpore</strong></span> <span class='ocrx_word' id='word_1_523' title='bbox 2393 474 2599 532; x_wconf 78' lang='lat' dir='ltr'><strong>fuerant</strong></span> <span class='ocrx_word' id='word_1_524' title='bbox 2623 485 2876 550; x_wconf 87' lang='lat' dir='ltr'><strong>separati,</strong></span> <span class='ocrx_word' id='word_1_525' title='bbox 2906 489 3067 544; x_wconf 85' lang='lat' dir='ltr'><strong>corde</strong></span> <span class='ocrx_word' id='word_1_526' title='bbox 3092 491 3380 551; x_wconf 88' lang='lat' dir='ltr'><strong>redierunt.</strong></span> <span class='ocrx_word' id='word_1_527' title='bbox 3426 497 3545 553; x_wconf 84' lang='lat' dir='ltr'><strong>Noli</strong></span> 
     </span>
    </p>
   </div>
   <div class='ocr_carea' id='block_1_65' title="bbox 1970 561 3541 653">
    <p class='ocr_par' dir='ltr' id='par_1_65' title="bbox 1970 561 3541 653">
     <span class='ocr_line' id='line_1_65' title="bbox 1970 561 3541 653; baseline 0.023 -46"><span class='ocrx_word' id='word_1_528' title='bbox 1970 569 2096 625; x_wconf 83' lang='lat' dir='ltr'><strong>ergo</strong></span> <span class='ocrx_word' id='word_1_529' title='bbox 2127 568 2180 612; x_wconf 86' lang='grc' dir='ltr'><strong>ιιι</strong></span> <span class='ocrx_word' id='word_1_530' title='bbox 2220 561 2328 626; x_wconf 89' lang='lat' dir='ltr'><strong>sic;</strong></span> <span class='ocrx_word' id='word_1_531' title='bbox 2363 565 2466 621; x_wconf 89' lang='lat' dir='ltr'><strong>noli</strong></span> <span class='ocrx_word' id='word_1_532' title='bbox 2496 568 2605 622; x_wconf 90' lang='lat' dir='ltr'><strong>sic:</strong></span> <span class='ocrx_word' id='word_1_533' title='bbox 2639 573 2762 628; x_wconf 90' lang='lat' dir='ltr'><strong>time</strong></span> <span class='ocrx_word' id='word_1_534' title='bbox 2792 575 3010 631; x_wconf 82' lang='lat' dir='ltr'><strong>verbum</strong></span> <span class='ocrx_word' id='word_1_535' title='bbox 3046 581 3251 637; x_wconf 89' lang='lat' dir='ltr'><strong>Domini</strong></span> <span class='ocrx_word' id='word_1_536' title='bbox 3293 585 3541 653; x_wconf 83' lang='lat' dir='ltr'><strong>dicentis,</strong></span> 
     </span>
    </p>
   </div>
   <div class='ocr_carea' id='block_1_66' title="bbox 1970 647 3538 744">
    <p class='ocr_par' dir='ltr' id='par_1_66' title="bbox 1970 647 3538 744">
     <span class='ocr_line' id='line_1_66' title="bbox 1970 647 3538 744; baseline 0.02 -44"><span class='ocrx_word' id='word_1_537' title='bbox 1970 647 2270 706; x_wconf 79' lang='lat' dir='ltr'><strong>Mementote</strong></span> <span class='ocrx_word' id='word_1_538' title='bbox 2304 658 2474 716; x_wconf 58' lang='lat' dir='ltr'><strong>uxoris</strong></span> <span class='ocrx_word' id='word_1_539' title='bbox 2498 659 2591 714; x_wconf 86' lang='lat' dir='ltr'><strong>Lot</strong></span> <span class='ocrx_word' id='word_1_540' title='bbox 2626 663 2770 733; x_wconf 85' lang='lat' dir='ltr'><strong>(Luc.</strong></span> <span class='ocrx_word' id='word_1_541' title='bbox 2805 684 2936 734; x_wconf 81' lang='lat' dir='ltr'><strong>xvn,</strong></span> <span class='ocrx_word' id='word_1_542' title='bbox 2961 671 3070 741; x_wconf 68' lang='grc'><strong>52).</strong></span> <span class='ocrx_word' id='word_1_543' title='bbox 3107 673 3173 727; x_wconf 84' lang='grc' dir='ltr'>Ει</span> <span class='ocrx_word' id='word_1_544' title='bbox 3203 679 3312 744; x_wconf 81' lang='lat' dir='ltr'><strong>ipsa</strong></span> <span class='ocrx_word' id='word_1_545' title='bbox 3357 680 3408 732; x_wconf 92' lang='lat' dir='ltr'><strong>in</strong></span> <span class='ocrx_word' id='word_1_546' title='bbox 3437 681 3538 744; x_wconf 88' lang='lat' dir='ltr'><strong>via,</strong></span> 
     </span>
    </p>
   </div>
   <div class='ocr_carea' id='block_1_67' title="bbox 1961 741 3537 841">
    <p class='ocr_par' dir='ltr' id='par_1_67' title="bbox 1961 741 3537 841">
     <span class='ocr_line' id='line_1_67' title="bbox 1961 741 3537 841; baseline 0.023 -48"><span class='ocrx_word' id='word_1_547' title='bbox 1961 741 2070 814; x_wconf 88' lang='lat' dir='ltr'><strong>jam</strong></span> <span class='ocrx_word' id='word_1_548' title='bbox 2091 743 2306 802; x_wconf 86' lang='lat' dir='ltr'><strong>liberata</strong></span> <span class='ocrx_word' id='word_1_549' title='bbox 2325 747 2390 803; x_wconf 88' lang='lat' dir='ltr'><strong>de</strong></span> <span class='ocrx_word' id='word_1_550' title='bbox 2412 751 2678 822; x_wconf 87' lang='lat' dir='ltr'><strong>Sodomis,</strong></span> <span class='ocrx_word' id='word_1_551' title='bbox 2709 767 2850 813; x_wconf 85' lang='lat' dir='ltr'><strong>retro</strong></span> <span class='ocrx_word' id='word_1_552' title='bbox 2882 768 3141 832; x_wconf 82' lang='lat' dir='ltr'><strong>respexit;</strong></span> <span class='ocrx_word' id='word_1_553' title='bbox 3170 769 3256 824; x_wconf 90' lang='lat' dir='ltr'><strong>ubi</strong></span> <span class='ocrx_word' id='word_1_554' title='bbox 3285 775 3537 841; x_wconf 65' lang='lat' dir='ltr'><strong>respexit.</strong></span> 
     </span>
    </p>
   </div>
   <div class='ocr_carea' id='block_1_68' title="bbox 1966 832 3542 930">
    <p class='ocr_par' dir='ltr' id='par_1_68' title="bbox 1966 832 3542 930">
     <span class='ocr_line' id='line_1_68' title="bbox 1966 832 3542 930; baseline 0.022 -46"><span class='ocrx_word' id='word_1_555' title='bbox 1966 832 2036 884; x_wconf 87' lang='lat' dir='ltr'><strong>ibi</strong></span> <span class='ocrx_word' id='word_1_556' title='bbox 2059 838 2345 900; x_wconf 80' lang='lat' dir='ltr'><strong>remansit:</strong></span> <span class='ocrx_word' id='word_1_557' title='bbox 2374 839 2504 896; x_wconf 88' lang='lat' dir='ltr'><strong>facta</strong></span> <span class='ocrx_word' id='word_1_558' title='bbox 2532 855 2612 902; x_wconf 88' lang='lat' dir='ltr'><strong>est</strong></span> <span class='ocrx_word' id='word_1_559' title='bbox 2643 857 2812 903; x_wconf 86' lang='lat' dir='ltr'><strong>statua</strong></span> <span class='ocrx_word' id='word_1_560' title='bbox 2845 853 2969 905; x_wconf 88' lang='lat' dir='ltr'><strong>salis</strong></span> <span class='ocrx_word' id='word_1_561' title='bbox 3009 853 3160 926; x_wconf 85' lang='lat' dir='ltr'><strong>(Gen.</strong></span> <span class='ocrx_word' id='word_1_562' title='bbox 3190 873 3305 925; x_wconf 74' lang='lat' dir='ltr'><strong>xu,</strong></span> <span class='ocrx_word' id='word_1_563' title='bbox 3345 832 3460 930; x_wconf 53' lang='grc' dir='ltr'><strong>εδ).</strong></span> <span class='ocrx_word' id='word_1_564' title='bbox 3488 876 3542 918; x_wconf 86' lang='grc' dir='ltr'><strong>ιιι</strong></span> 
     </span>
    </p>
   </div>
   <div class='ocr_carea' id='block_1_69' title="bbox 1964 925 3540 1012">
    <p class='ocr_par' dir='ltr' id='par_1_69' title="bbox 1964 925 3540 1012">
     <span class='ocr_line' id='line_1_69' title="bbox 1964 925 3540 1012; baseline 0.019 -36"><span class='ocrx_word' id='word_1_565' title='bbox 1964 925 2176 981; x_wconf 89' lang='lat' dir='ltr'><strong>condiat</strong></span> <span class='ocrx_word' id='word_1_566' title='bbox 2201 938 2270 982; x_wconf 87' lang='lat' dir='ltr'><strong>te.</strong></span> <span class='ocrx_word' id='word_1_567' title='bbox 2303 931 2562 1003; x_wconf 76' lang='lat' dir='ltr'><strong>Exemplo</strong></span> <span class='ocrx_word' id='word_1_568' title='bbox 2589 938 2729 993; x_wconf 90' lang='lat' dir='ltr'><strong>enim</strong></span> <span class='ocrx_word' id='word_1_569' title='bbox 2762 941 2855 996; x_wconf 91' lang='lat' dir='ltr'><strong>tibi</strong></span> <span class='ocrx_word' id='word_1_570' title='bbox 2901 925 3024 998; x_wconf 87' lang='lat' dir='ltr'><strong>data</strong></span> <span class='ocrx_word' id='word_1_571' title='bbox 3049 957 3147 1012; x_wconf 87' lang='lat' dir='ltr'><strong>est,</strong></span> <span class='ocrx_word' id='word_1_572' title='bbox 3171 961 3226 1003; x_wconf 91' lang='lat' dir='ltr'><strong>ut</strong></span> <span class='ocrx_word' id='word_1_573' title='bbox 3250 960 3300 1003; x_wconf 91' lang='lat' dir='ltr'><strong>tu</strong></span> <span class='ocrx_word' id='word_1_574' title='bbox 3327 968 3419 1005; x_wconf 91' lang='lat' dir='ltr'><strong>cor</strong></span> <span class='ocrx_word' id='word_1_575' title='bbox 3443 952 3540 1006; x_wconf 83' lang='lat' dir='ltr'><strong>ha-</strong></span> 
     </span>
    </p>
   </div>
   <div class='ocr_carea' id='block_1_70' title="bbox 1966 1012 3594 1098">
    <p class='ocr_par' dir='ltr' id='par_1_70' title="bbox 1966 1012 3594 1098">
     <span class='ocr_line' id='line_1_70' title="bbox 1966 1012 3594 1098; baseline 0.02 -31"><span class='ocrx_word' id='word_1_576' title='bbox 1966 1012 2113 1080; x_wconf 81' lang='lat' dir='ltr'><strong>beas,</strong></span> <span class='ocrx_word' id='word_1_577' title='bbox 2141 1033 2244 1074; x_wconf 91' lang='lat' dir='ltr'><strong>non</strong></span> <span class='ocrx_word' id='word_1_578' title='bbox 2269 1037 2543 1085; x_wconf 86' lang='lat' dir='ltr'><strong>remaneas</strong></span> <span class='ocrx_word' id='word_1_579' title='bbox 2580 1023 2751 1085; x_wconf 83' lang='lat' dir='ltr'><strong>fatuus</strong></span> <span class='ocrx_word' id='word_1_580' title='bbox 2780 1033 2830 1087; x_wconf 92' lang='lat' dir='ltr'><strong>in</strong></span> <span class='ocrx_word' id='word_1_581' title='bbox 2864 1036 2964 1088; x_wconf 88' lang='lat' dir='ltr'><strong>via.</strong></span> <span class='ocrx_word' id='word_1_582' title='bbox 2998 1037 3227 1098; x_wconf 85' lang='lat' dir='ltr'><strong>Attende</strong></span> <span class='ocrx_word' id='word_1_583' title='bbox 3255 1058 3539 1098; x_wconf 74' lang='lat' dir='ltr'><strong>remanen-</strong></span> <span class='ocrx_word' id='word_1_584' title='bbox 3585 1016 3594 1075; x_wconf 55' lang='grc' dir='ltr'><em>ε</em></span> 
     </span>
    </p>
   </div>
   <div class='ocr_carea' id='block_1_71' title="bbox 1965 1111 3535 1198">
    <p class='ocr_par' dir='ltr' id='par_1_71' title="bbox 1965 1111 3535 1198">
     <span class='ocr_line' id='line_1_71' title="bbox 1965 1111 3535 1198; baseline 0.021 -42"><span class='ocrx_word' id='word_1_585' title='bbox 1965 1111 2091 1170; x_wconf 87' lang='lat' dir='ltr'><strong>tom,</strong></span> <span class='ocrx_word' id='word_1_586' title='bbox 2133 1115 2187 1162; x_wconf 90' lang='lat' dir='ltr'><strong>et</strong></span> <span class='ocrx_word' id='word_1_587' title='bbox 2225 1113 2416 1177; x_wconf 87' lang='lat' dir='ltr'><strong>transi;</strong></span> <span class='ocrx_word' id='word_1_588' title='bbox 2449 1118 2663 1174; x_wconf 87' lang='lat' dir='ltr'><strong>attende</strong></span> <span class='ocrx_word' id='word_1_589' title='bbox 2703 1124 3074 1192; x_wconf 80' lang='lat' dir='ltr'><strong>respicientem</strong></span> <span class='ocrx_word' id='word_1_590' title='bbox 3123 1140 3286 1198; x_wconf 88' lang='lat' dir='ltr'><strong>retro,</strong></span> <span class='ocrx_word' id='word_1_591' title='bbox 3319 1144 3372 1187; x_wconf 89' lang='lat' dir='ltr'><strong>et</strong></span> <span class='ocrx_word' id='word_1_592' title='bbox 3403 1144 3455 1188; x_wconf 91' lang='lat' dir='ltr'><strong>tu</strong></span> <span class='ocrx_word' id='word_1_593' title='bbox 3487 1136 3535 1190; x_wconf 88' lang='lat' dir='ltr'><strong>in</strong></span> 
     </span>
    </p>
   </div>
   <div class='ocr_carea' id='block_1_72' title="bbox 1962 1199 3530 1290">
    <p class='ocr_par' dir='ltr' id='par_1_72' title="bbox 1962 1199 3530 1290">
     <span class='ocr_line' id='line_1_72' title="bbox 1962 1199 3530 1290; baseline 0.021 -42"><span class='ocrx_word' id='word_1_594' title='bbox 1962 1199 2225 1257; x_wconf 84' lang='lat' dir='ltr'><strong>anteriora</strong></span> <span class='ocrx_word' id='word_1_595' title='bbox 2254 1211 2496 1261; x_wconf 80' lang='lat' dir='ltr'><strong>extentus</strong></span> <span class='ocrx_word' id='word_1_596' title='bbox 2524 1221 2660 1276; x_wconf 89' lang='lat' dir='ltr'><strong>esto,</strong></span> <span class='ocrx_word' id='word_1_597' title='bbox 2693 1211 2828 1268; x_wconf 86' lang='lat' dir='ltr'><strong>sicut</strong></span> <span class='ocrx_word' id='word_1_598' title='bbox 2872 1216 3083 1272; x_wconf 85' lang='lat' dir='ltr'><strong>Paulus.</strong></span> <span class='ocrx_word' id='word_1_599' title='bbox 3130 1220 3265 1288; x_wconf 85' lang='lat' dir='ltr'><strong>Quid</strong></span> <span class='ocrx_word' id='word_1_600' title='bbox 3305 1233 3386 1277; x_wconf 81' lang='lat' dir='ltr'><strong>est</strong></span> <span class='ocrx_word' id='word_1_601' title='bbox 3426 1241 3530 1290; x_wconf 82' lang='lat' dir='ltr'><strong>non</strong></span> 
     </span>
    </p>
   </div>
   <div class='ocr_carea' id='block_1_73' title="bbox 1961 1290 3531 1385">
    <p class='ocr_par' dir='ltr' id='par_1_73' title="bbox 1961 1290 3531 1385">
     <span class='ocr_line' id='line_1_73' title="bbox 1961 1290 3531 1385; baseline 0.02 -46"><span class='ocrx_word' id='word_1_602' title='bbox 1961 1290 2226 1356; x_wconf 87' lang='lat' dir='ltr'><strong>respicere</strong></span> <span class='ocrx_word' id='word_1_603' title='bbox 2253 1295 2428 1350; x_wconf 89' lang='lat' dir='ltr'><strong>retro?</strong></span> <span class='ocrx_word' id='word_1_604' title='bbox 2460 1299 2585 1363; x_wconf 78' lang='grc' dir='ltr'>ριιω</span> <span class='ocrx_word' id='word_1_605' title='bbox 2604 1312 2738 1356; x_wconf 86' lang='lat' dir='ltr'><strong>retro</strong></span> <span class='ocrx_word' id='word_1_606' title='bbox 2760 1304 2958 1371; x_wconf 82' lang='lat' dir='ltr'><strong>oblitus,</strong></span> <span class='ocrx_word' id='word_1_607' title='bbox 2981 1309 3165 1379; x_wconf 90' lang='lat' dir='ltr'><strong>inquit.</strong></span> <span class='ocrx_word' id='word_1_608' title='bbox 3197 1312 3318 1369; x_wconf 87' lang='lat' dir='ltr'><strong>ldeo</strong></span> <span class='ocrx_word' id='word_1_609' title='bbox 3335 1329 3531 1385; x_wconf 84' lang='lat' dir='ltr'><strong>sequo-</strong></span> 
     </span>
    </p>
   </div>
   <div class='ocr_carea' id='block_1_74' title="bbox 1962 1379 3534 1475">
    <p class='ocr_par' dir='ltr' id='par_1_74' title="bbox 1962 1379 3534 1475">
     <span class='ocr_line' id='line_1_74' title="bbox 1962 1379 3534 1475; baseline 0.021 -46"><span class='ocrx_word' id='word_1_610' title='bbox 1962 1379 2034 1435; x_wconf 88' lang='lat' dir='ltr'><strong>ris</strong></span> <span class='ocrx_word' id='word_1_611' title='bbox 2061 1393 2274 1438; x_wconf 85' lang='lat' dir='ltr'><strong>vocatus</strong></span> <span class='ocrx_word' id='word_1_612' title='bbox 2308 1387 2371 1440; x_wconf 91' lang='lat' dir='ltr'><strong>ad</strong></span> <span class='ocrx_word' id='word_1_613' title='bbox 2399 1402 2680 1458; x_wconf 86' lang='lat' dir='ltr'><strong>supernam</strong></span> <span class='ocrx_word' id='word_1_614' title='bbox 2728 1397 2952 1462; x_wconf 77' lang='lat' dir='ltr'><strong>palmam</strong></span> <span class='ocrx_word' id='word_1_615' title='bbox 2981 1399 3048 1460; x_wconf 86' lang='lat' dir='ltr'><strong>de</strong></span> <span class='ocrx_word' id='word_1_616' title='bbox 3073 1417 3174 1471; x_wconf 87' lang='lat' dir='ltr'><strong>qua</strong></span> <span class='ocrx_word' id='word_1_617' title='bbox 3207 1415 3386 1472; x_wconf 68' lang='lat' dir='ltr'><strong>postea</strong></span> <span class='ocrx_word' id='word_1_618' title='bbox 3419 1408 3534 1475; x_wconf 64' lang='lat' dir='ltr'><strong>{do-.-</strong></span> 
     </span>
    </p>
   </div>
   <div class='ocr_carea' id='block_1_75' title="bbox 1963 1467 3534 1558">
    <p class='ocr_par' dir='ltr' id='par_1_75' title="bbox 1963 1467 3534 1558">
     <span class='ocr_line' id='line_1_75' title="bbox 1963 1467 3534 1558; baseline 0.022 -39"><span class='ocrx_word' id='word_1_619' title='bbox 1963 1467 2132 1523; x_wconf 87' lang='lat' dir='ltr'><strong>rieris.</strong></span> <span class='ocrx_word' id='word_1_620' title='bbox 2159 1472 2289 1546; x_wconf 85' lang='lat' dir='ltr'><strong>Quia</strong></span> <span class='ocrx_word' id='word_1_621' title='bbox 2312 1475 2450 1540; x_wconf 88' lang='lat' dir='ltr'><strong>idem</strong></span> <span class='ocrx_word' id='word_1_622' title='bbox 2477 1481 2763 1548; x_wconf 84' lang='lat' dir='ltr'><strong>Apostolus</strong></span> <span class='ocrx_word' id='word_1_623' title='bbox 2782 1485 2944 1541; x_wconf 88' lang='lat' dir='ltr'><strong>dicit:</strong></span> <span class='ocrx_word' id='word_1_624' title='bbox 2980 1467 3220 1558; x_wconf 74' lang='lat' dir='ltr'><strong>Superest</strong></span> <span class='ocrx_word' id='word_1_625' title='bbox 3247 1495 3369 1552; x_wconf 79' lang='lat' dir='ltr'><strong>mihi</strong></span> <span class='ocrx_word' id='word_1_626' title='bbox 3393 1512 3534 1553; x_wconf 81' lang='lat' dir='ltr'><strong>cora.—</strong></span> 
     </span>
    </p>
   </div>
   <div class='ocr_carea' id='block_1_76' title="bbox 1959 1561 3533 1656">
    <p class='ocr_par' dir='ltr' id='par_1_76' title="bbox 1959 1561 3533 1656">
     <span class='ocr_line' id='line_1_76' title="bbox 1959 1561 3533 1656; baseline 0.02 -46"><span class='ocrx_word' id='word_1_627' title='bbox 1959 1561 2279 1629; x_wconf 68' lang='lat' dir='ltr'><strong>najustitiaz,</strong></span> <span class='ocrx_word' id='word_1_628' title='bbox 2305 1582 2456 1635; x_wconf 80' lang='lat' dir='ltr'><strong>quam</strong></span> <span class='ocrx_word' id='word_1_629' title='bbox 2486 1571 2610 1624; x_wconf 82' lang='lat' dir='ltr'><strong>mihi</strong></span> <span class='ocrx_word' id='word_1_630' title='bbox 2629 1574 2800 1634; x_wconf 82' lang='lat' dir='ltr'><strong>reddet</strong></span> <span class='ocrx_word' id='word_1_631' title='bbox 2824 1577 3068 1637; x_wconf 78' lang='lat' dir='ltr'><strong>Dominus</strong></span> <span class='ocrx_word' id='word_1_632' title='bbox 3090 1582 3140 1636; x_wconf 87' lang='lat' dir='ltr'><strong>in</strong></span> <span class='ocrx_word' id='word_1_633' title='bbox 3161 1584 3249 1639; x_wconf 83' lang='lat' dir='ltr'><strong>illo</strong></span> <span class='ocrx_word' id='word_1_634' title='bbox 3271 1585 3533 1656; x_wconf 71' lang='lat' dir='ltr'><strong>diejustus</strong></span> 
     </span>
    </p>
   </div>
   <div class='ocr_carea' id='block_1_77' title="bbox 1949 1648 2588 1734">
    <p class='ocr_par' dir='ltr' id='par_1_77' title="bbox 1949 1648 2588 1734">
     <span class='ocr_line' id='line_1_77' title="bbox 1949 1648 2588 1734; baseline 0.028 -35"><span class='ocrx_word' id='word_1_635' title='bbox 1949 1648 2117 1716; x_wconf 68' lang='lat' dir='ltr'><strong>judea:</strong></span> <span class='ocrx_word' id='word_1_636' title='bbox 2138 1652 2202 1720; x_wconf 93' lang='grc'><strong>(11</strong></span> <span class='ocrx_word' id='word_1_637' title='bbox 2229 1653 2361 1717; x_wconf 74' lang='lat' dir='ltr'><strong>Tim.</strong></span> <span class='ocrx_word' id='word_1_638' title='bbox 2390 1675 2462 1728; x_wconf 83' lang='lat' dir='ltr'><strong>tv,</strong></span> <span class='ocrx_word' id='word_1_639' title='bbox 2488 1660 2588 1734; x_wconf 40' lang='lat'><strong>8).,</strong></span> 
     </span>
    </p>
   </div>
   <div class='ocr_carea' id='block_1_78' title="bbox 2361 1864 3093 1953">
    <p class='ocr_par' dir='ltr' id='par_1_78' title="bbox 2361 1864 3093 1953">
     <span class='ocr_line' id='line_1_78' title="bbox 2361 1864 3093 1953; baseline 0.019 -29"><span class='ocrx_word' id='word_1_640' title='bbox 2361 1864 2443 1924; x_wconf 87' lang='lat' dir='ltr'><strong>lN</strong></span> <span class='ocrx_word' id='word_1_641' title='bbox 2499 1867 2876 1934; x_wconf 81' lang='lat' dir='ltr'><strong>PSALMUM</strong></span> <span class='ocrx_word' id='word_1_642' title='bbox 2919 1877 3093 1953; x_wconf 75' lang='lat' dir='ltr'><strong>Lxx</strong></span> 
     </span>
    </p>
   </div>
   <div class='ocr_carea' id='block_1_79' title="bbox 2549 1988 2962 2051">
    <p class='ocr_par' dir='ltr' id='par_1_79' title="bbox 2549 1988 2962 2051">
     <span class='ocr_line' id='line_1_79' title="bbox 2549 1988 2962 2051; baseline 0.024 -10"><span class='ocrx_word' id='word_1_643' title='bbox 2549 1988 2962 2051; x_wconf 74' lang='lat' dir='ltr'><strong>ENARliATIO.</strong></span> 
     </span>
    </p>
   </div>
   <div class='ocr_carea' id='block_1_80' title="bbox 2617 2101 2860 2174">
    <p class='ocr_par' dir='ltr' id='par_1_80' title="bbox 2617 2101 2860 2174">
     <span class='ocr_line' id='line_1_80' title="bbox 2617 2101 2860 2174; baseline -0.016 -11"><span class='ocrx_word' id='word_1_644' title='bbox 2617 2101 2785 2173; x_wconf 63' lang='lat' dir='ltr'><strong>Ssauo</strong></span> <span class='ocrx_word' id='word_1_645' title='bbox 2824 2125 2860 2174; x_wconf 59' lang='grc' dir='ltr'><strong><em>μ</em></strong></span> 
     </span>
    </p>
   </div>
   <div class='ocr_carea' id='block_1_81' title="bbox 2396 2210 3073 2286">
    <p class='ocr_par' dir='ltr' id='par_1_81' title="bbox 2396 2210 3073 2286">
     <span class='ocr_line' id='line_1_81' title="bbox 2396 2210 3073 2286; baseline 0.024 -24"><span class='ocrx_word' id='word_1_646' title='bbox 2396 2210 2472 2266; x_wconf 89' lang='lat' dir='ltr'><strong>De</strong></span> <span class='ocrx_word' id='word_1_647' title='bbox 2493 2215 2656 2282; x_wconf 78' lang='lat' dir='ltr'><strong>prima</strong></span> <span class='ocrx_word' id='word_1_648' title='bbox 2685 2231 2829 2286; x_wconf 85' lang='lat' dir='ltr'><strong>parte</strong></span> <span class='ocrx_word' id='word_1_649' title='bbox 2861 2220 3073 2278; x_wconf 83' lang='lat' dir='ltr'><strong>Psalmi.</strong></span> 
     </span>
    </p>
   </div>
   <div class='ocr_carea' id='block_1_82' title="bbox 2020 2315 3520 2418">
    <p class='ocr_par' dir='ltr' id='par_1_82' title="bbox 2020 2315 3520 2418">
     <span class='ocr_line' id='line_1_82' title="bbox 2020 2315 3520 2418; baseline 0.024 -50"><span class='ocrx_word' id='word_1_650' title='bbox 2020 2315 2070 2368; x_wconf 71' lang='grc' dir='ltr'><strong>Ι.</strong></span> <span class='ocrx_word' id='word_1_651' title='bbox 2114 2316 2167 2370; x_wconf 89' lang='lat' dir='ltr'><strong>In</strong></span> <span class='ocrx_word' id='word_1_652' title='bbox 2199 2322 2447 2377; x_wconf 88' lang='lat' dir='ltr'><strong>omnibus</strong></span> <span class='ocrx_word' id='word_1_653' title='bbox 2490 2326 2775 2396; x_wconf 86' lang='lat' dir='ltr'><strong>Scripturis</strong></span> <span class='ocrx_word' id='word_1_654' title='bbox 2819 2338 3036 2400; x_wconf 82' lang='lat' dir='ltr'><strong>sanctis,</strong></span> <span class='ocrx_word' id='word_1_655' title='bbox 3070 2343 3233 2407; x_wconf 83' lang='lat' dir='ltr'><strong>gratia</strong></span> <span class='ocrx_word' id='word_1_656' title='bbox 3267 2344 3359 2400; x_wconf 85' lang='lat' dir='ltr'><strong>Dei</strong></span> <span class='ocrx_word' id='word_1_657' title='bbox 3402 2363 3520 2418; x_wconf 76' lang='lat' dir='ltr'><strong>quat</strong></span> 
     </span>
    </p>
   </div>
   <div class='ocr_carea' id='block_1_83' title="bbox 1950 2404 3519 2497">
    <p class='ocr_par' dir='ltr' id='par_1_83' title="bbox 1950 2404 3519 2497">
     <span class='ocr_line' id='line_1_83' title="bbox 1950 2404 3519 2497; baseline 0.024 -39"><span class='ocrx_word' id='word_1_658' title='bbox 1950 2404 2138 2462; x_wconf 87' lang='lat' dir='ltr'><strong>liberat</strong></span> <span class='ocrx_word' id='word_1_659' title='bbox 2165 2425 2260 2466; x_wconf 91' lang='lat' dir='ltr'><strong>nos</strong></span> <span class='ocrx_word' id='word_1_660' title='bbox 2290 2419 2626 2473; x_wconf 86' lang='lat' dir='ltr'><strong>commendat</strong></span> <span class='ocrx_word' id='word_1_661' title='bbox 2653 2436 2712 2476; x_wconf 90' lang='lat' dir='ltr'><strong>se</strong></span> <span class='ocrx_word' id='word_1_662' title='bbox 2738 2426 2910 2490; x_wconf 86' lang='lat' dir='ltr'><strong>nobis,</strong></span> <span class='ocrx_word' id='word_1_663' title='bbox 2936 2440 2987 2481; x_wconf 93' lang='lat' dir='ltr'><strong>ut</strong></span> <span class='ocrx_word' id='word_1_664' title='bbox 3010 2437 3407 2493; x_wconf 82' lang='lat' dir='ltr'><strong>eoinmendatos</strong></span> <span class='ocrx_word' id='word_1_665' title='bbox 3427 2443 3519 2497; x_wconf 54' lang='lat' dir='ltr'><strong>ha.</strong></span> 
     </span>
    </p>
   </div>
   <div class='ocr_carea' id='block_1_84' title="bbox 1955 2495 3518 2596">
    <p class='ocr_par' dir='ltr' id='par_1_84' title="bbox 1955 2495 3518 2596">
     <span class='ocr_line' id='line_1_84' title="bbox 1955 2495 3518 2596; baseline 0.026 -49"><span class='ocrx_word' id='word_1_666' title='bbox 1955 2495 2074 2551; x_wconf 89' lang='lat' dir='ltr'><strong>beat</strong></span> <span class='ocrx_word' id='word_1_667' title='bbox 2095 2514 2211 2554; x_wconf 89' lang='lat' dir='ltr'><strong>nos.</strong></span> <span class='ocrx_word' id='word_1_668' title='bbox 2237 2502 2346 2558; x_wconf 90' lang='lat' dir='ltr'><strong>lloc</strong></span> <span class='ocrx_word' id='word_1_669' title='bbox 2369 2506 2419 2560; x_wconf 92' lang='lat' dir='ltr'><strong>in</strong></span> <span class='ocrx_word' id='word_1_670' title='bbox 2448 2508 2548 2562; x_wconf 90' lang='lat' dir='ltr'><strong>isto</strong></span> <span class='ocrx_word' id='word_1_671' title='bbox 2575 2513 2777 2580; x_wconf 88' lang='lat' dir='ltr'><strong>psalmo</strong></span> <span class='ocrx_word' id='word_1_672' title='bbox 2797 2519 3019 2580; x_wconf 85' lang='lat' dir='ltr'><strong>canitur.</strong></span> <span class='ocrx_word' id='word_1_673' title='bbox 3044 2523 3110 2576; x_wconf 90' lang='lat' dir='ltr'><strong>de</strong></span> <span class='ocrx_word' id='word_1_674' title='bbox 3138 2541 3243 2593; x_wconf 91' lang='lat' dir='ltr'><strong>quo</strong></span> <span class='ocrx_word' id='word_1_675' title='bbox 3269 2544 3388 2582; x_wconf 77' lang='lat' dir='ltr'><strong>cum</strong></span> <span class='ocrx_word' id='word_1_676' title='bbox 3413 2532 3518 2596; x_wconf 74' lang='lat' dir='ltr'><strong>Ve-</strong></span> 
     </span>
    </p>
   </div>
   <div class='ocr_carea' id='block_1_85' title="bbox 1945 2588 3518 2682">
    <p class='ocr_par' dir='ltr' id='par_1_85' title="bbox 1945 2588 3518 2682">
     <span class='ocr_line' id='line_1_85' title="bbox 1945 2588 3518 2682; baseline 0.026 -44"><span class='ocrx_word' id='word_1_677' title='bbox 1945 2594 2056 2640; x_wconf 75' lang='lat' dir='ltr'><strong>stra</strong></span> <span class='ocrx_word' id='word_1_678' title='bbox 2083 2588 2351 2647; x_wconf 89' lang='lat' dir='ltr'><strong>Charitale</strong></span> <span class='ocrx_word' id='word_1_679' title='bbox 2381 2595 2521 2666; x_wconf 90' lang='lat' dir='ltr'><strong>loqui</strong></span> <span class='ocrx_word' id='word_1_680' title='bbox 2545 2605 2894 2672; x_wconf 87' lang='lat' dir='ltr'><strong>suscepimus.</strong></span> <span class='ocrx_word' id='word_1_681' title='bbox 2927 2610 3106 2665; x_wconf 72' lang='lat' dir='ltr'><strong>Aderit</strong></span> <span class='ocrx_word' id='word_1_682' title='bbox 3151 2588 3438 2682; x_wconf 23' lang='lat' dir='ltr'><strong>Dominus;</strong></span> <span class='ocrx_word' id='word_1_683' title='bbox 3462 2635 3518 2679; x_wconf 85' lang='lat' dir='ltr'><strong>ut</strong></span> 
     </span>
    </p>
   </div>
   <div class='ocr_carea' id='block_1_86' title="bbox 1941 2679 3601 2774">
    <p class='ocr_par' dir='ltr' id='par_1_86' title="bbox 1941 2679 3601 2774">
     <span class='ocr_line' id='line_1_86' title="bbox 1941 2679 3601 2774; baseline 0.024 -43"><span class='ocrx_word' id='word_1_684' title='bbox 1941 2679 2019 2734; x_wconf 88' lang='lat' dir='ltr'><strong>sic</strong></span> <span class='ocrx_word' id='word_1_685' title='bbox 2037 2695 2152 2735; x_wconf 88' lang='lat' dir='ltr'><strong>eam</strong></span> <span class='ocrx_word' id='word_1_686' title='bbox 2179 2686 2338 2740; x_wconf 89' lang='lat' dir='ltr'><strong>corde</strong></span> <span class='ocrx_word' id='word_1_687' title='bbox 2362 2691 2676 2759; x_wconf 86' lang='lat' dir='ltr'><strong>concipiam,</strong></span> <span class='ocrx_word' id='word_1_688' title='bbox 2702 2700 2966 2765; x_wconf 89' lang='lat' dir='ltr'><strong>quomodo</strong></span> <span class='ocrx_word' id='word_1_689' title='bbox 2994 2701 3206 2772; x_wconf 80' lang='lat' dir='ltr'><strong>dignum</strong></span> <span class='ocrx_word' id='word_1_690' title='bbox 3228 2719 3338 2774; x_wconf 90' lang='lat' dir='ltr'><strong>est;</strong></span> <span class='ocrx_word' id='word_1_691' title='bbox 3368 2723 3418 2766; x_wconf 91' lang='lat' dir='ltr'><strong>et</strong></span> <span class='ocrx_word' id='word_1_692' title='bbox 3441 2708 3519 2769; x_wconf 77' lang='lat' dir='ltr'><strong>sic</strong></span> <span class='ocrx_word' id='word_1_693' title='bbox 3592 2736 3601 2753; x_wconf 83' lang='grc'><strong>·</strong></span> 
     </span>
    </p>
   </div>
   <div class='ocr_carea' id='block_1_87' title="bbox 1940 2785 3510 2873">
    <p class='ocr_par' dir='ltr' id='par_1_87' title="bbox 1940 2785 3510 2873">
     <span class='ocr_line' id='line_1_87' title="bbox 1940 2785 3510 2873; baseline 0.023 -48"><span class='ocrx_word' id='word_1_694' title='bbox 1940 2785 2058 2826; x_wconf 87' lang='lat' dir='ltr'><strong>eam</strong></span> <span class='ocrx_word' id='word_1_695' title='bbox 2091 2791 2348 2843; x_wconf 88' lang='lat' dir='ltr'><strong>promam,</strong></span> <span class='ocrx_word' id='word_1_696' title='bbox 2380 2785 2646 2850; x_wconf 85' lang='lat' dir='ltr'><strong>quomodo</strong></span> <span class='ocrx_word' id='word_1_697' title='bbox 2672 2790 2886 2855; x_wconf 81' lang='lat' dir='ltr'><strong>expedit</strong></span> <span class='ocrx_word' id='word_1_698' title='bbox 2917 2793 3084 2852; x_wconf 91' lang='lat' dir='ltr'><strong>vobis.</strong></span> <span class='ocrx_word' id='word_1_699' title='bbox 3129 2798 3346 2855; x_wconf 81' lang='lat' dir='ltr'><strong>Multum</strong></span> <span class='ocrx_word' id='word_1_700' title='bbox 3373 2807 3510 2873; x_wconf 84' lang='lat' dir='ltr'><strong>enim</strong></span> 
     </span>
    </p>
   </div>
   <div class='ocr_carea' id='block_1_88' title="bbox 1941 2867 3509 2977">
    <p class='ocr_par' dir='ltr' id='par_1_88' title="bbox 1941 2867 3509 2977">
     <span class='ocr_line' id='line_1_88' title="bbox 1941 2867 3509 2977; baseline 0.02 -61"><span class='ocrx_word' id='word_1_701' title='bbox 1941 2874 2118 2918; x_wconf 90' lang='lat' dir='ltr'><strong>tnovet</strong></span> <span class='ocrx_word' id='word_1_702' title='bbox 2143 2867 2233 2920; x_wconf 88' lang='lat' dir='ltr'><strong>Dei</strong></span> <span class='ocrx_word' id='word_1_703' title='bbox 2263 2884 2416 2925; x_wconf 90' lang='lat' dir='ltr'><strong>amor</strong></span> <span class='ocrx_word' id='word_1_704' title='bbox 2442 2884 2494 2927; x_wconf 92' lang='lat' dir='ltr'><strong>et</strong></span> <span class='ocrx_word' id='word_1_705' title='bbox 2519 2875 2711 2931; x_wconf 87' lang='lat' dir='ltr'><strong>timor:</strong></span> <span class='ocrx_word' id='word_1_706' title='bbox 2737 2881 2895 2935; x_wconf 90' lang='lat' dir='ltr'><strong>timor</strong></span> <span class='ocrx_word' id='word_1_707' title='bbox 2922 2883 3034 2941; x_wconf 88' lang='lat' dir='ltr'><strong>Dei.</strong></span> <span class='ocrx_word' id='word_1_708' title='bbox 3065 2890 3182 2957; x_wconf 90' lang='lat' dir='ltr'><strong>quia</strong></span> <span class='ocrx_word' id='word_1_709' title='bbox 3210 2890 3383 2960; x_wconf 83' lang='lat' dir='ltr'><strong>justus</strong></span> <span class='ocrx_word' id='word_1_710' title='bbox 3409 2910 3509 2977; x_wconf 56' lang='lat' dir='ltr'><strong>est;</strong></span> 
     </span>
    </p>
   </div>
   <div class='ocr_carea' id='block_1_89' title="bbox 1938 2957 3515 3056">
    <p class='ocr_par' dir='ltr' id='par_1_89' title="bbox 1938 2957 3515 3056">
     <span class='ocr_line' id='line_1_89' title="bbox 1938 2957 3515 3056; baseline 0.023 -52"><span class='ocrx_word' id='word_1_711' title='bbox 1938 2966 2106 3018; x_wconf 71' lang='lat' dir='ltr'><strong>amor,</strong></span> <span class='ocrx_word' id='word_1_712' title='bbox 2137 2957 2257 3024; x_wconf 86' lang='lat' dir='ltr'><strong>quia</strong></span> <span class='ocrx_word' id='word_1_713' title='bbox 2287 2960 2588 3018; x_wconf 85' lang='lat' dir='ltr'><strong>misericors</strong></span> <span class='ocrx_word' id='word_1_714' title='bbox 2628 2977 2726 3022; x_wconf 89' lang='lat' dir='ltr'><strong>est.</strong></span> <span class='ocrx_word' id='word_1_715' title='bbox 2760 2970 2884 3037; x_wconf 81' lang='lat' dir='ltr'><strong>Quis</strong></span> <span class='ocrx_word' id='word_1_716' title='bbox 2909 2975 3042 3028; x_wconf 87' lang='lat' dir='ltr'><strong>enim</strong></span> <span class='ocrx_word' id='word_1_717' title='bbox 3069 2979 3112 3030; x_wconf 85' lang='lat' dir='ltr'><strong>ei</strong></span> <span class='ocrx_word' id='word_1_718' title='bbox 3140 2980 3340 3052; x_wconf 77' lang='lat' dir='ltr'><strong>diceret,</strong></span> <span class='ocrx_word' id='word_1_719' title='bbox 3377 2957 3515 3056; x_wconf 63' lang='lat' dir='ltr'><strong>Quid</strong></span> 
     </span>
    </p>
   </div>
   <div class='ocr_carea' id='block_1_90' title="bbox 1937 3045 3508 3143">
    <p class='ocr_par' dir='ltr' id='par_1_90' title="bbox 1937 3045 3508 3143">
     <span class='ocr_line' id='line_1_90' title="bbox 1937 3045 3508 3143; baseline 0.022 -47"><span class='ocrx_word' id='word_1_720' title='bbox 1937 3045 2101 3113; x_wconf 78' lang='lat' dir='ltr'><strong>fecisti</strong></span> <span class='ocrx_word' id='word_1_721' title='bbox 2120 3047 2269 3120; x_wconf 68' lang='grc' dir='ltr'><strong>(δίη).</strong></span> <span class='ocrx_word' id='word_1_722' title='bbox 2301 3068 2397 3118; x_wconf 77' lang='lat' dir='ltr'><strong>xu,</strong></span> <span class='ocrx_word' id='word_1_723' title='bbox 2427 3055 2533 3126; x_wconf 75' lang='lat' dir='ltr'><strong>te),</strong></span> <span class='ocrx_word' id='word_1_724' title='bbox 2565 3059 2607 3111; x_wconf 87' lang='lat' dir='ltr'><strong>si</strong></span> <span class='ocrx_word' id='word_1_725' title='bbox 2633 3059 2910 3119; x_wconf 75' lang='lat' dir='ltr'><strong>damnaret</strong></span> <span class='ocrx_word' id='word_1_726' title='bbox 2949 3066 3198 3136; x_wconf 88' lang='lat' dir='ltr'><strong>injustum</strong></span> <span class='ocrx_word' id='word_1_727' title='bbox 3227 3073 3278 3125; x_wconf 68' lang='grc' dir='ltr'><strong>ιι</strong></span> <span class='ocrx_word' id='word_1_728' title='bbox 3307 3045 3508 3143; x_wconf 47' lang='lat' dir='ltr'><strong>quinia</strong></span> 
     </span>
    </p>
   </div>
   <div class='ocr_carea' id='block_1_91' title="bbox 1935 3138 3507 3236">
    <p class='ocr_par' dir='ltr' id='par_1_91' title="bbox 1935 3138 3507 3236">
     <span class='ocr_line' id='line_1_91' title="bbox 1935 3138 3507 3236; baseline 0.024 -48"><span class='ocrx_word' id='word_1_729' title='bbox 1935 3149 2062 3206; x_wconf 76' lang='lat' dir='ltr'><strong>ergo</strong></span> <span class='ocrx_word' id='word_1_730' title='bbox 2089 3138 2446 3198; x_wconf 89' lang='lat' dir='ltr'><strong>misericordia</strong></span> <span class='ocrx_word' id='word_1_731' title='bbox 2473 3148 2608 3215; x_wconf 87' lang='lat' dir='ltr'><strong>ejus,</strong></span> <span class='ocrx_word' id='word_1_732' title='bbox 2634 3161 2688 3204; x_wconf 90' lang='lat' dir='ltr'><strong>ut</strong></span> <span class='ocrx_word' id='word_1_733' title='bbox 2711 3150 2963 3222; x_wconf 85' lang='lat' dir='ltr'><strong>justificet</strong></span> <span class='ocrx_word' id='word_1_734' title='bbox 2992 3160 3279 3228; x_wconf 85' lang='lat' dir='ltr'><strong>injustum?</strong></span> <span class='ocrx_word' id='word_1_735' title='bbox 3308 3138 3380 3236; x_wconf 62' lang='grc' dir='ltr'><strong>[ξιξ</strong></span> <span class='ocrx_word' id='word_1_736' title='bbox 3412 3169 3507 3232; x_wconf 81' lang='lat' dir='ltr'><strong>hoc</strong></span> 
     </span>
    </p>
   </div>
   <div class='ocr_carea' id='block_1_92' title="bbox 1935 3229 3504 3324">
    <p class='ocr_par' dir='ltr' id='par_1_92' title="bbox 1935 3229 3504 3324">
     <span class='ocr_line' id='line_1_92' title="bbox 1935 3229 3504 3324; baseline 0.025 -47"><span class='ocrx_word' id='word_1_737' title='bbox 1935 3229 2236 3293; x_wconf 66' lang='lat' dir='ltr'><strong>praelectum</strong></span> <span class='ocrx_word' id='word_1_738' title='bbox 2282 3234 2433 3291; x_wconf 87' lang='lat' dir='ltr'><strong>nobis</strong></span> <span class='ocrx_word' id='word_1_739' title='bbox 2482 3247 2535 3291; x_wconf 87' lang='lat' dir='ltr'><strong>et</strong></span> <span class='ocrx_word' id='word_1_740' title='bbox 2576 3240 2889 3310; x_wconf 86' lang='lat' dir='ltr'><strong>Apostolum</strong></span> <span class='ocrx_word' id='word_1_741' title='bbox 2938 3249 3233 3319; x_wconf 86' lang='lat' dir='ltr'><strong>audivimus</strong></span> <span class='ocrx_word' id='word_1_742' title='bbox 3262 3232 3504 3324; x_wconf 86' lang='lat' dir='ltr'><strong>eamdem</strong></span> 
     </span>
    </p>
   </div>
   <div class='ocr_carea' id='block_1_93' title="bbox 1935 3319 3500 3413">
    <p class='ocr_par' dir='ltr' id='par_1_93' title="bbox 1935 3319 3500 3413">
     <span class='ocr_line' id='line_1_93' title="bbox 1935 3319 3500 3413; baseline 0.021 -44"><span class='ocrx_word' id='word_1_743' title='bbox 1935 3319 2162 3376; x_wconf 74' lang='lat' dir='ltr'><strong>maxime</strong></span> <span class='ocrx_word' id='word_1_744' title='bbox 2189 3327 2408 3392; x_wconf 84' lang='lat' dir='ltr'><strong>gratiam</strong></span> <span class='ocrx_word' id='word_1_745' title='bbox 2437 3336 2933 3393; x_wconf 84' lang='lat' dir='ltr'><strong>commendantem:</strong></span> <span class='ocrx_word' id='word_1_746' title='bbox 2963 3341 3030 3395; x_wconf 90' lang='lat' dir='ltr'><strong>de</strong></span> <span class='ocrx_word' id='word_1_747' title='bbox 3059 3345 3207 3413; x_wconf 91' lang='lat' dir='ltr'><strong>cujus</strong></span> <span class='ocrx_word' id='word_1_748' title='bbox 3230 3363 3500 3406; x_wconf 63' lang='lat' dir='ltr'><strong>common.</strong></span> 
     </span>
    </p>
   </div>
   <div class='ocr_carea' id='block_1_94' title="bbox 1930 3410 3497 3510">
    <p class='ocr_par' dir='ltr' id='par_1_94' title="bbox 1930 3410 3497 3510">
     <span class='ocr_line' id='line_1_94' title="bbox 1930 3410 3497 3510; baseline 0.022 -47"><span class='ocrx_word' id='word_1_749' title='bbox 1930 3410 2142 3468; x_wconf 85' lang='lat' dir='ltr'><strong>datione</strong></span> <span class='ocrx_word' id='word_1_750' title='bbox 2175 3415 2400 3474; x_wconf 79' lang='lat' dir='ltr'><strong>habebat</strong></span> <span class='ocrx_word' id='word_1_751' title='bbox 2429 3421 2639 3481; x_wconf 70' lang='lat' dir='ltr'><strong>.ludmos</strong></span> <span class='ocrx_word' id='word_1_752' title='bbox 2671 3428 2930 3499; x_wconf 79' lang='lat' dir='ltr'><strong>inimiCos,</strong></span> <span class='ocrx_word' id='word_1_753' title='bbox 2963 3410 3208 3492; x_wconf 33' lang='lat' dir='ltr'><strong>velut&#39;de</strong></span> <span class='ocrx_word' id='word_1_754' title='bbox 3231 3440 3385 3510; x_wconf 78' lang='lat' dir='ltr'><strong>chis</strong></span> <span class='ocrx_word' id='word_1_755' title='bbox 3419 3446 3497 3498; x_wconf 53' lang='lat' dir='ltr'><strong>lit.</strong></span> 
     </span>
    </p>
   </div>
   <div class='ocr_carea' id='block_1_95' title="bbox 1932 3509 3498 3608">
    <p class='ocr_par' dir='ltr' id='par_1_95' title="bbox 1932 3509 3498 3608">
     <span class='ocr_line' id='line_1_95' title="bbox 1932 3509 3498 3608; baseline 0.021 -54"><span class='ocrx_word' id='word_1_756' title='bbox 1932 3509 2040 3557; x_wconf 86' lang='lat' dir='ltr'><strong>tera</strong></span> <span class='ocrx_word' id='word_1_757' title='bbox 2060 3519 2459 3576; x_wconf 73' lang='lat' dir='ltr'><strong>praesumentes,</strong></span> <span class='ocrx_word' id='word_1_758' title='bbox 2487 3525 2538 3567; x_wconf 87' lang='lat' dir='ltr'><strong>et</strong></span> <span class='ocrx_word' id='word_1_759' title='bbox 2557 3526 2802 3587; x_wconf 86' lang='lat' dir='ltr'><strong>tanquam</strong></span> <span class='ocrx_word' id='word_1_760' title='bbox 2821 3522 3076 3590; x_wconf 85' lang='lat' dir='ltr'><strong>justitiam</strong></span> <span class='ocrx_word' id='word_1_761' title='bbox 3108 3543 3256 3583; x_wconf 88' lang='lat' dir='ltr'><strong>suam</strong></span> <span class='ocrx_word' id='word_1_762' title='bbox 3282 3533 3498 3608; x_wconf 71' lang='lat' dir='ltr'><strong>diligcn.</strong></span> 
     </span>
    </p>
   </div>
   <div class='ocr_carea' id='block_1_96' title="bbox 1929 3597 3503 3694">
    <p class='ocr_par' dir='ltr' id='par_1_96' title="bbox 1929 3597 3503 3694">
     <span class='ocr_line' id='line_1_96' title="bbox 1929 3597 3503 3694; baseline 0.022 -50"><span class='ocrx_word' id='word_1_763' title='bbox 1929 3600 2010 3647; x_wconf 89' lang='lat' dir='ltr'><strong>tes</strong></span> <span class='ocrx_word' id='word_1_764' title='bbox 2036 3604 2194 3663; x_wconf 88' lang='lat' dir='ltr'><strong>atque</strong></span> <span class='ocrx_word' id='word_1_765' title='bbox 2217 3597 2503 3668; x_wconf 75' lang='lat' dir='ltr'><strong>iactantes;</strong></span> <span class='ocrx_word' id='word_1_766' title='bbox 2527 3603 2594 3658; x_wconf 90' lang='lat' dir='ltr'><strong>de</strong></span> <span class='ocrx_word' id='word_1_767' title='bbox 2615 3609 2802 3675; x_wconf 89' lang='lat' dir='ltr'><strong>quibus</strong></span> <span class='ocrx_word' id='word_1_768' title='bbox 2827 3612 2954 3666; x_wconf 91' lang='lat' dir='ltr'><strong>dicit</strong></span> <span class='ocrx_word' id='word_1_769' title='bbox 2977 3633 2990 3669; x_wconf 89' lang='lat'><strong>:</strong></span> <span class='ocrx_word' id='word_1_770' title='bbox 3021 3597 3503 3694; x_wconf 43' lang='lat' dir='ltr'><strong>Testimonimnvper.</strong></span> 
     </span>
    </p>
   </div>
   <div class='ocr_carea' id='block_1_97' title="bbox 1929 3682 3502 3782">
    <p class='ocr_par' dir='ltr' id='par_1_97' title="bbox 1929 3682 3502 3782">
     <span class='ocr_line' id='line_1_97' title="bbox 1929 3682 3502 3782; baseline 0.023 -49"><span class='ocrx_word' id='word_1_771' title='bbox 1929 3682 2071 3736; x_wconf 84' lang='lat' dir='ltr'><strong>hibeo</strong></span> <span class='ocrx_word' id='word_1_772' title='bbox 2107 3685 2230 3751; x_wconf 84' lang='lat' dir='ltr'><strong>illis,</strong></span> <span class='ocrx_word' id='word_1_773' title='bbox 2270 3691 2391 3756; x_wconf 85' lang='lat' dir='ltr'><strong>quia</strong></span> <span class='ocrx_word' id='word_1_774' title='bbox 2435 3694 2598 3747; x_wconf 73' lang='lat' dir='ltr'><strong>zelum</strong></span> <span class='ocrx_word' id='word_1_775' title='bbox 2637 3696 2733 3751; x_wconf 85' lang='lat' dir='ltr'><strong>Dei</strong></span> <span class='ocrx_word' id='word_1_776' title='bbox 2755 3700 2956 3768; x_wconf 82' lang='lat' dir='ltr'><strong>habent,</strong></span> <span class='ocrx_word' id='word_1_777' title='bbox 2993 3708 3081 3760; x_wconf 82' lang='lat' dir='ltr'><strong>sed</strong></span> <span class='ocrx_word' id='word_1_778' title='bbox 3101 3682 3204 3764; x_wconf 79' lang='lat' dir='ltr'><strong>non</strong></span> <span class='ocrx_word' id='word_1_779' title='bbox 3226 3682 3502 3782; x_wconf 73' lang='lat' dir='ltr'><strong>secundum</strong></span> 
     </span>
    </p>
   </div>
   <div class='ocr_carea' id='block_1_98' title="bbox 1926 3776 3502 3864">
    <p class='ocr_par' dir='ltr' id='par_1_98' title="bbox 1926 3776 3502 3864">
     <span class='ocr_line' id='line_1_98' title="bbox 1926 3776 3502 3864; baseline 0.023 -39"><span class='ocrx_word' id='word_1_780' title='bbox 1926 3776 2202 3831; x_wconf 84' lang='lat' dir='ltr'><strong>scientiam.</strong></span> <span class='ocrx_word' id='word_1_781' title='bbox 2237 3780 2303 3834; x_wconf 87' lang='lat' dir='ltr'><strong>Et</strong></span> <span class='ocrx_word' id='word_1_782' title='bbox 2327 3790 2572 3854; x_wconf 87' lang='lat' dir='ltr'><strong>tanquam</strong></span> <span class='ocrx_word' id='word_1_783' title='bbox 2595 3789 2643 3842; x_wconf 90' lang='lat' dir='ltr'><strong>ei</strong></span> <span class='ocrx_word' id='word_1_784' title='bbox 2669 3789 2954 3862; x_wconf 87' lang='lat' dir='ltr'><strong>diceretur,</strong></span> <span class='ocrx_word' id='word_1_785' title='bbox 2985 3797 3118 3864; x_wconf 87' lang='lat' dir='ltr'><strong>Quid</strong></span> <span class='ocrx_word' id='word_1_786' title='bbox 3144 3810 3226 3855; x_wconf 86' lang='lat' dir='ltr'><strong>est</strong></span> <span class='ocrx_word' id='word_1_787' title='bbox 3247 3805 3384 3858; x_wconf 85' lang='lat' dir='ltr'><strong>enim</strong></span> <span class='ocrx_word' id='word_1_788' title='bbox 3409 3807 3502 3860; x_wconf 62' lang='lat' dir='ltr'><strong>ha.-</strong></span> 
     </span>
    </p>
   </div>
   <div class='ocr_carea' id='block_1_99' title="bbox 1927 3865 3499 3972">
    <p class='ocr_par' dir='ltr' id='par_1_99' title="bbox 1927 3865 3499 3972">
     <span class='ocr_line' id='line_1_99' title="bbox 1927 3865 3499 3972; baseline 0.022 -54"><span class='ocrx_word' id='word_1_789' title='bbox 1927 3865 2053 3922; x_wconf 89' lang='lat' dir='ltr'><strong>bere</strong></span> <span class='ocrx_word' id='word_1_790' title='bbox 2083 3869 2252 3924; x_wconf 83' lang='lat' dir='ltr'><strong>zelum</strong></span> <span class='ocrx_word' id='word_1_791' title='bbox 2300 3873 2392 3929; x_wconf 90' lang='lat' dir='ltr'><strong>Dei</strong></span> <span class='ocrx_word' id='word_1_792' title='bbox 2441 3892 2546 3932; x_wconf 90' lang='lat' dir='ltr'><strong>non</strong></span> <span class='ocrx_word' id='word_1_793' title='bbox 2594 3884 2882 3938; x_wconf 89' lang='lat' dir='ltr'><strong>secundum</strong></span> <span class='ocrx_word' id='word_1_794' title='bbox 2927 3875 3237 3946; x_wconf 81' lang='lat' dir='ltr'><strong>scientiam?</strong></span> <span class='ocrx_word' id='word_1_795' title='bbox 3272 3896 3499 3972; x_wconf 76' lang='lat' dir='ltr'><strong>subjecit</strong></span> 
     </span>
    </p>
   </div>
   <div class='ocr_carea' id='block_1_100' title="bbox 1924 3959 3496 4054">
    <p class='ocr_par' dir='ltr' id='par_1_100' title="bbox 1924 3959 3496 4054">
     <span class='ocr_line' id='line_1_100' title="bbox 1924 3959 3496 4054; baseline 0.022 -46"><span class='ocrx_word' id='word_1_796' title='bbox 1924 3959 2194 4024; x_wconf 88' lang='lat' dir='ltr'><strong>continuo,</strong></span> <span class='ocrx_word' id='word_1_797' title='bbox 2216 3962 2518 4033; x_wconf 85' lang='lat' dir='ltr'><strong>Ignorantes</strong></span> <span class='ocrx_word' id='word_1_798' title='bbox 2543 3972 2672 4023; x_wconf 85' lang='lat' dir='ltr'><strong>enim</strong></span> <span class='ocrx_word' id='word_1_799' title='bbox 2697 3973 3066 4044; x_wconf 86' lang='lat' dir='ltr'><strong>Deijustitiam,</strong></span> <span class='ocrx_word' id='word_1_800' title='bbox 3092 3992 3140 4034; x_wconf 80' lang='lat' dir='ltr'><strong>et</strong></span> <span class='ocrx_word' id='word_1_801' title='bbox 3157 4000 3300 4044; x_wconf 82' lang='lat' dir='ltr'><strong>suam</strong></span> <span class='ocrx_word' id='word_1_802' title='bbox 3325 3959 3496 4054; x_wconf 67' lang='lat' dir='ltr'><strong>utilen-</strong></span> 
     </span>
    </p>
   </div>
   <div class='ocr_carea' id='block_1_101' title="bbox 1922 4053 3490 4151">
    <p class='ocr_par' dir='ltr' id='par_1_101' title="bbox 1922 4053 3490 4151">
     <span class='ocr_line' id='line_1_101' title="bbox 1922 4053 3490 4151; baseline 0.022 -51"><span class='ocrx_word' id='word_1_803' title='bbox 1922 4056 1994 4102; x_wconf 83' lang='lat' dir='ltr'><strong>tes</strong></span> <span class='ocrx_word' id='word_1_804' title='bbox 2017 4053 2332 4121; x_wconf 82' lang='lat' dir='ltr'><strong>constituere,</strong></span> <span class='ocrx_word' id='word_1_805' title='bbox 2355 4058 2570 4126; x_wconf 73' lang='lat' dir='ltr'><strong>justitia&#39;</strong></span> <span class='ocrx_word' id='word_1_806' title='bbox 2601 4061 2692 4116; x_wconf 86' lang='lat' dir='ltr'><strong>Dei</strong></span> <span class='ocrx_word' id='word_1_807' title='bbox 2717 4083 2816 4119; x_wconf 87' lang='lat' dir='ltr'><strong>non</strong></span> <span class='ocrx_word' id='word_1_808' title='bbox 2841 4079 2954 4132; x_wconf 79' lang='lat' dir='ltr'><strong>sunt</strong></span> <span class='ocrx_word' id='word_1_809' title='bbox 2979 4070 3187 4142; x_wconf 73' lang='lat' dir='ltr'><strong>subjecti</strong></span> <span class='ocrx_word' id='word_1_810' title='bbox 3231 4077 3402 4146; x_wconf 82' lang='lat' dir='ltr'><strong>(llam.</strong></span> <span class='ocrx_word' id='word_1_811' title='bbox 3433 4097 3490 4151; x_wconf 64' lang='grc' dir='ltr'><strong>ξ,</strong></span> 
     </span>
    </p>
   </div>
   <div class='ocr_carea' id='block_1_102' title="bbox 1920 4139 3490 4241">
    <p class='ocr_par' dir='ltr' id='par_1_102' title="bbox 1920 4139 3490 4241">
     <span class='ocr_line' id='line_1_102' title="bbox 1920 4139 3490 4241; baseline 0.022 -49"><span class='ocrx_word' id='word_1_812' title='bbox 1920 4139 1975 4204; x_wconf 75' lang='lat'><strong>2,</strong></span> <span class='ocrx_word' id='word_1_813' title='bbox 2019 4141 2098 4208; x_wconf 80' lang='lat'><strong>3).</strong></span> <span class='ocrx_word' id='word_1_814' title='bbox 2149 4144 2464 4216; x_wconf 81' lang='lat' dir='ltr'><strong>Gloriantes,</strong></span> <span class='ocrx_word' id='word_1_815' title='bbox 2511 4152 2697 4223; x_wconf 90' lang='lat' dir='ltr'><strong>inquit,</strong></span> <span class='ocrx_word' id='word_1_816' title='bbox 2729 4165 2972 4241; x_wconf 90' lang='lat' dir='ltr'><strong>tanquam</strong></span> <span class='ocrx_word' id='word_1_817' title='bbox 3003 4139 3076 4216; x_wconf 79' lang='lat' dir='ltr'><strong>de</strong></span> <span class='ocrx_word' id='word_1_818' title='bbox 3093 4139 3362 4241; x_wconf 83' lang='lat' dir='ltr'><strong>operibus,</strong></span> <span class='ocrx_word' id='word_1_819' title='bbox 3395 4144 3490 4226; x_wconf 71' lang='lat' dir='ltr'><strong>eti-</strong></span> 
     </span>
    </p>
   </div>
   <div class='ocr_carea' id='block_1_103' title="bbox 1919 4231 3488 4334">
    <p class='ocr_par' dir='ltr' id='par_1_103' title="bbox 1919 4231 3488 4334">
     <span class='ocr_line' id='line_1_103' title="bbox 1919 4231 3488 4334; baseline 0.022 -51"><span class='ocrx_word' id='word_1_820' title='bbox 1919 4231 2138 4288; x_wconf 90' lang='lat' dir='ltr'><strong>cludunt</strong></span> <span class='ocrx_word' id='word_1_821' title='bbox 2171 4251 2198 4288; x_wconf 88' lang='lat' dir='ltr'><strong>a</strong></span> <span class='ocrx_word' id='word_1_822' title='bbox 2230 4252 2288 4290; x_wconf 88' lang='lat' dir='ltr'><strong>se</strong></span> <span class='ocrx_word' id='word_1_823' title='bbox 2332 4242 2585 4308; x_wconf 83' lang='lat' dir='ltr'><strong>gratiam;</strong></span> <span class='ocrx_word' id='word_1_824' title='bbox 2632 4254 2686 4299; x_wconf 92' lang='lat' dir='ltr'><strong>ct</strong></span> <span class='ocrx_word' id='word_1_825' title='bbox 2727 4235 2972 4318; x_wconf 84' lang='lat' dir='ltr'><strong>tanquam</strong></span> <span class='ocrx_word' id='word_1_826' title='bbox 3015 4253 3081 4308; x_wconf 88' lang='lat' dir='ltr'><strong>de</strong></span> <span class='ocrx_word' id='word_1_827' title='bbox 3127 4231 3359 4316; x_wconf 75' lang='lat' dir='ltr'><strong>sanitate</strong></span> <span class='ocrx_word' id='word_1_828' title='bbox 3397 4280 3488 4334; x_wconf 87' lang='lat' dir='ltr'><strong>sua</strong></span> 
     </span>
    </p>
   </div>
   <div class='ocr_carea' id='block_1_104' title="bbox 1920 4319 3491 4415">
    <p class='ocr_par' dir='ltr' id='par_1_104' title="bbox 1920 4319 3491 4415">
     <span class='ocr_line' id='line_1_104' title="bbox 1920 4319 3491 4415; baseline 0.022 -41"><span class='ocrx_word' id='word_1_829' title='bbox 1920 4319 2046 4375; x_wconf 87' lang='lat' dir='ltr'><strong>falsa</strong></span> <span class='ocrx_word' id='word_1_830' title='bbox 2075 4339 2455 4392; x_wconf 70' lang='lat' dir='ltr'><strong>praesumentes</strong></span> <span class='ocrx_word' id='word_1_831' title='bbox 2487 4347 2740 4402; x_wconf 87' lang='lat' dir='ltr'><strong>respuunt</strong></span> <span class='ocrx_word' id='word_1_832' title='bbox 2765 4341 3101 4399; x_wconf 89' lang='lat' dir='ltr'><strong>medicinam.</strong></span> <span class='ocrx_word' id='word_1_833' title='bbox 3135 4348 3330 4414; x_wconf 89' lang='lat' dir='ltr'><strong>Contra</strong></span> <span class='ocrx_word' id='word_1_834' title='bbox 3360 4329 3491 4415; x_wconf 83' lang='lat' dir='ltr'><strong>tales</strong></span> 
     </span>
    </p>
   </div>
   <div class='ocr_carea' id='block_1_105' title="bbox 1917 4416 3489 4515">
    <p class='ocr_par' dir='ltr' id='par_1_105' title="bbox 1917 4416 3489 4515">
     <span class='ocr_line' id='line_1_105' title="bbox 1917 4416 3489 4515; baseline 0.019 -49"><span class='ocrx_word' id='word_1_835' title='bbox 1917 4416 2056 4468; x_wconf 90' lang='lat' dir='ltr'><strong>enim</strong></span> <span class='ocrx_word' id='word_1_836' title='bbox 2087 4425 2140 4470; x_wconf 90' lang='lat' dir='ltr'><strong>et</strong></span> <span class='ocrx_word' id='word_1_837' title='bbox 2170 4419 2422 4475; x_wconf 90' lang='lat' dir='ltr'><strong>Dominus</strong></span> <span class='ocrx_word' id='word_1_838' title='bbox 2446 4423 2683 4483; x_wconf 84' lang='lat' dir='ltr'><strong>dixerat:</strong></span> <span class='ocrx_word' id='word_1_839' title='bbox 2715 4429 2835 4484; x_wconf 86' lang='lat' dir='ltr'><strong>Non</strong></span> <span class='ocrx_word' id='word_1_840' title='bbox 2861 4435 2970 4486; x_wconf 85' lang='lat' dir='ltr'><strong>veni</strong></span> <span class='ocrx_word' id='word_1_841' title='bbox 3004 4451 3178 4491; x_wconf 80' lang='lat' dir='ltr'><strong>vocare</strong></span> <span class='ocrx_word' id='word_1_842' title='bbox 3190 4441 3376 4515; x_wconf 81' lang='lat' dir='ltr'><strong>justas,</strong></span> <span class='ocrx_word' id='word_1_843' title='bbox 3400 4446 3489 4498; x_wconf 85' lang='lat' dir='ltr'><strong>sed</strong></span> 
     </span>
    </p>
   </div>
   <div class='ocr_carea' id='block_1_106' title="bbox 1916 4511 3482 4604">
    <p class='ocr_par' dir='ltr' id='par_1_106' title="bbox 1916 4511 3482 4604">
     <span class='ocr_line' id='line_1_106' title="bbox 1916 4511 3482 4604; baseline 0.021 -48"><span class='ocrx_word' id='word_1_844' title='bbox 1916 4519 2198 4574; x_wconf 81' lang='lat' dir='ltr'><strong>peccatores</strong></span> <span class='ocrx_word' id='word_1_845' title='bbox 2222 4511 2275 4565; x_wconf 87' lang='lat' dir='ltr'><strong>in</strong></span> <span class='ocrx_word' id='word_1_846' title='bbox 2301 4516 2670 4583; x_wconf 68' lang='lat' dir='ltr'><strong>paenitentiam;</strong></span> <span class='ocrx_word' id='word_1_847' title='bbox 2692 4538 2790 4574; x_wconf 87' lang='lat' dir='ltr'><strong>non</strong></span> <span class='ocrx_word' id='word_1_848' title='bbox 2828 4535 2897 4578; x_wconf 83' lang='lat' dir='ltr'><strong>est</strong></span> <span class='ocrx_word' id='word_1_849' title='bbox 2924 4543 3052 4594; x_wconf 82' lang='lat' dir='ltr'><strong>opus</strong></span> <span class='ocrx_word' id='word_1_850' title='bbox 3084 4532 3220 4584; x_wconf 83' lang='lat' dir='ltr'><strong>sanis</strong></span> <span class='ocrx_word' id='word_1_851' title='bbox 3245 4535 3482 4604; x_wconf 83' lang='lat' dir='ltr'><strong>medicus,</strong></span> 
     </span>
    </p>
   </div>
   <div class='ocr_carea' id='block_1_107' title="bbox 1914 4597 3484 4696">
    <p class='ocr_par' dir='ltr' id='par_1_107' title="bbox 1914 4597 3484 4696">
     <span class='ocr_line' id='line_1_107' title="bbox 1914 4597 3484 4696; baseline 0.023 -48"><span class='ocrx_word' id='word_1_852' title='bbox 1914 4597 2002 4650; x_wconf 84' lang='lat' dir='ltr'><strong>sed</strong></span> <span class='ocrx_word' id='word_1_853' title='bbox 2031 4599 2163 4653; x_wconf 84' lang='lat' dir='ltr'><strong>male</strong></span> <span class='ocrx_word' id='word_1_854' title='bbox 2185 4601 2476 4660; x_wconf 83' lang='lat' dir='ltr'><strong>habentibus</strong></span> <span class='ocrx_word' id='word_1_855' title='bbox 2502 4607 2711 4681; x_wconf 82' lang='lat' dir='ltr'><strong>(Matth.</strong></span> <span class='ocrx_word' id='word_1_856' title='bbox 2751 4629 2821 4677; x_wconf 79' lang='lat' dir='ltr'><strong>ix,</strong></span> <span class='ocrx_word' id='word_1_857' title='bbox 2856 4617 2939 4676; x_wconf 81' lang='grc'><strong>15.</strong></span> <span class='ocrx_word' id='word_1_858' title='bbox 2968 4619 3075 4689; x_wconf 72' lang='grc'><strong>12).</strong></span> <span class='ocrx_word' id='word_1_859' title='bbox 3111 4621 3229 4676; x_wconf 73' lang='lat' dir='ltr'><strong>Hinc</strong></span> <span class='ocrx_word' id='word_1_860' title='bbox 3251 4636 3330 4679; x_wconf 82' lang='lat' dir='ltr'><strong>cst</strong></span> <span class='ocrx_word' id='word_1_861' title='bbox 3359 4597 3484 4696; x_wconf 73' lang='lat' dir='ltr'><strong>ergo</strong></span> 
     </span>
    </p>
   </div>
   <div class='ocr_carea' id='block_1_108' title="bbox 1916 4690 3482 4788">
    <p class='ocr_par' dir='ltr' id='par_1_108' title="bbox 1916 4690 3482 4788">
     <span class='ocr_line' id='line_1_108' title="bbox 1916 4690 3482 4788; baseline 0.021 -48"><span class='ocrx_word' id='word_1_862' title='bbox 1916 4697 2020 4742; x_wconf 88' lang='lat' dir='ltr'><strong>tota</strong></span> <span class='ocrx_word' id='word_1_863' title='bbox 2051 4690 2270 4747; x_wconf 90' lang='lat' dir='ltr'><strong>scientia</strong></span> <span class='ocrx_word' id='word_1_864' title='bbox 2301 4711 2504 4766; x_wconf 78' lang='lat' dir='ltr'><strong>magna,</strong></span> <span class='ocrx_word' id='word_1_865' title='bbox 2541 4701 2806 4758; x_wconf 90' lang='lat' dir='ltr'><strong>hominem</strong></span> <span class='ocrx_word' id='word_1_866' title='bbox 2827 4709 2844 4736; x_wconf 83' lang='lat'>&#39;</span> <span class='ocrx_word' id='word_1_867' title='bbox 2863 4709 2998 4763; x_wconf 90' lang='lat' dir='ltr'><strong>scire</strong></span> <span class='ocrx_word' id='word_1_868' title='bbox 3025 4711 3141 4780; x_wconf 89' lang='lat' dir='ltr'><strong>quia</strong></span> <span class='ocrx_word' id='word_1_869' title='bbox 3166 4712 3277 4782; x_wconf 89' lang='lat' dir='ltr'><strong>ipse</strong></span> <span class='ocrx_word' id='word_1_870' title='bbox 3309 4731 3401 4788; x_wconf 86' lang='lat' dir='ltr'><strong>per</strong></span> <span class='ocrx_word' id='word_1_871' title='bbox 3425 4734 3482 4774; x_wconf 84' lang='lat' dir='ltr'><strong>se</strong></span> 
     </span>
    </p>
   </div>
   <div class='ocr_carea' id='block_1_109' title="bbox 1913 4780 3546 4879">
    <p class='ocr_par' dir='ltr' id='par_1_109' title="bbox 1913 4780 3546 4879">
     <span class='ocr_line' id='line_1_109' title="bbox 1913 4780 3546 4879; baseline 0.022 -48"><span class='ocrx_word' id='word_1_872' title='bbox 1913 4780 2042 4833; x_wconf 92' lang='lat' dir='ltr'><strong>nihil</strong></span> <span class='ocrx_word' id='word_1_873' title='bbox 2070 4793 2177 4848; x_wconf 89' lang='lat' dir='ltr'><strong>est;</strong></span> <span class='ocrx_word' id='word_1_874' title='bbox 2205 4795 2256 4838; x_wconf 85' lang='lat' dir='ltr'><strong>et</strong></span> <span class='ocrx_word' id='word_1_875' title='bbox 2283 4790 2527 4856; x_wconf 89' lang='lat' dir='ltr'><strong>quoniam</strong></span> <span class='ocrx_word' id='word_1_876' title='bbox 2557 4794 2805 4864; x_wconf 89' lang='lat' dir='ltr'><strong>quidquid</strong></span> <span class='ocrx_word' id='word_1_877' title='bbox 2833 4808 2931 4862; x_wconf 84' lang='lat' dir='ltr'><strong>est,</strong></span> <span class='ocrx_word' id='word_1_878' title='bbox 2954 4815 2983 4853; x_wconf 88' lang='lat' dir='ltr'><strong>a</strong></span> <span class='ocrx_word' id='word_1_879' title='bbox 3018 4801 3124 4856; x_wconf 89' lang='lat' dir='ltr'><strong>Deo</strong></span> <span class='ocrx_word' id='word_1_880' title='bbox 3151 4780 3248 4870; x_wconf 77' lang='lat' dir='ltr'><strong>est,</strong></span> <span class='ocrx_word' id='word_1_881' title='bbox 3281 4780 3332 4861; x_wconf 76' lang='lat' dir='ltr'><strong>et</strong></span> <span class='ocrx_word' id='word_1_882' title='bbox 3361 4825 3482 4879; x_wconf 84' lang='lat' dir='ltr'><strong>pro—</strong></span> <span class='ocrx_word' id='word_1_883' title='bbox 3531 4845 3546 4867; x_wconf 60' lang='grc' dir='ltr'><strong>ι</strong></span> 
     </span>
    </p>
   </div>
   <div class='ocr_carea' id='block_1_110' title="bbox 1913 4876 3461 4963">
    <p class='ocr_par' dir='ltr' id='par_1_110' title="bbox 1913 4876 3461 4963">
     <span class='ocr_line' id='line_1_110' title="bbox 1913 4876 3461 4963; baseline 0.02 -39"><span class='ocrx_word' id='word_1_884' title='bbox 1913 4883 2033 4941; x_wconf 82' lang='lat' dir='ltr'><strong>pter</strong></span> <span class='ocrx_word' id='word_1_885' title='bbox 2065 4876 2224 4930; x_wconf 89' lang='lat' dir='ltr'><strong>Deum</strong></span> <span class='ocrx_word' id='word_1_886' title='bbox 2258 4889 2358 4935; x_wconf 86' lang='lat' dir='ltr'><strong>est.</strong></span> <span class='ocrx_word' id='word_1_887' title='bbox 2396 4881 2678 4946; x_wconf 59' lang='lat' dir='ltr'><strong>Quid&#39;enim</strong></span> <span class='ocrx_word' id='word_1_888' title='bbox 2701 4888 2869 4947; x_wconf 86' lang='lat' dir='ltr'><strong>habes.</strong></span> <span class='ocrx_word' id='word_1_889' title='bbox 2901 4893 3084 4962; x_wconf 82' lang='lat' dir='ltr'><strong>inquit,</strong></span> <span class='ocrx_word' id='word_1_890' title='bbox 3109 4899 3242 4963; x_wconf 75' lang='lat' dir='ltr'><strong>quod</strong></span> <span class='ocrx_word' id='word_1_891' title='bbox 3262 4876 3461 4960; x_wconf 44' lang='lat' dir='ltr'><strong>non—ac.</strong></span> 
     </span>
    </p>
   </div>
   <div class='ocr_carea' id='block_1_111' title="bbox 1911 4966 3478 5058">
    <p class='ocr_par' dir='ltr' id='par_1_111' title="bbox 1911 4966 3478 5058">
     <span class='ocr_line' id='line_1_111' title="bbox 1911 4966 3478 5058; baseline 0.022 -44"><span class='ocrx_word' id='word_1_892' title='bbox 1911 4966 2082 5031; x_wconf 78' lang='lat' dir='ltr'><strong>repiin</strong></span> <span class='ocrx_word' id='word_1_893' title='bbox 2096 4966 2120 5019; x_wconf 90' lang='lat'><strong><em>?</em></strong></span> <span class='ocrx_word' id='word_1_894' title='bbox 2142 4967 2202 5022; x_wconf 85' lang='lat' dir='ltr'><strong>Si</strong></span> <span class='ocrx_word' id='word_1_895' title='bbox 2231 4980 2394 5024; x_wconf 84' lang='lat' dir='ltr'><strong>autent</strong></span> <span class='ocrx_word' id='word_1_896' title='bbox 2418 4984 2465 5026; x_wconf 85' lang='lat' dir='ltr'><strong>et</strong></span> <span class='ocrx_word' id='word_1_897' title='bbox 2485 4974 2505 5004; x_wconf 88' lang='grc'><em>³</em></span> <span class='ocrx_word' id='word_1_898' title='bbox 2531 4979 2784 5046; x_wconf 85' lang='lat' dir='ltr'><strong>accepisti,</strong></span> <span class='ocrx_word' id='word_1_899' title='bbox 2811 4984 2934 5051; x_wconf 86' lang='lat' dir='ltr'><strong>quid</strong></span> <span class='ocrx_word' id='word_1_900' title='bbox 2957 4986 3188 5054; x_wconf 87' lang='lat' dir='ltr'><strong>gloriaris</strong></span> <span class='ocrx_word' id='word_1_901' title='bbox 3207 4993 3351 5058; x_wconf 86' lang='lat' dir='ltr'><strong>quasi</strong></span> <span class='ocrx_word' id='word_1_902' title='bbox 3378 5013 3478 5049; x_wconf 86' lang='lat' dir='ltr'><strong>non</strong></span> 
     </span>
    </p>
   </div>
   <div class='ocr_carea' id='block_1_112' title="bbox 1911 5060 3478 5150">
    <p class='ocr_par' dir='ltr' id='par_1_112' title="bbox 1911 5060 3478 5150">
     <span class='ocr_line' id='line_1_112' title="bbox 1911 5060 3478 5150; baseline 0.022 -44"><span class='ocrx_word' id='word_1_903' title='bbox 1911 5061 2157 5126; x_wconf 71' lang='lat' dir='ltr'><strong>acceperis</strong></span> <span class='ocrx_word' id='word_1_904' title='bbox 2200 5060 2239 5131; x_wconf 94' lang='grc' dir='ltr'><strong>(Ι</strong></span> <span class='ocrx_word' id='word_1_905' title='bbox 2283 5062 2399 5116; x_wconf 88' lang='lat' dir='ltr'><strong>Cor.</strong></span> <span class='ocrx_word' id='word_1_906' title='bbox 2444 5081 2513 5128; x_wconf 86' lang='lat' dir='ltr'><strong>iv,</strong></span> <span class='ocrx_word' id='word_1_907' title='bbox 2559 5069 2648 5138; x_wconf 87' lang='lat'><strong>7)?</strong></span> <span class='ocrx_word' id='word_1_908' title='bbox 2687 5069 2831 5126; x_wconf 83' lang='lat' dir='ltr'><strong>Hanc</strong></span> <span class='ocrx_word' id='word_1_909' title='bbox 2878 5078 3097 5150; x_wconf 76' lang='lat' dir='ltr'><strong>gratiam</strong></span> <span class='ocrx_word' id='word_1_910' title='bbox 3144 5088 3478 5146; x_wconf 81' lang='lat' dir='ltr'><strong>commendat</strong></span> 
     </span>
    </p>
   </div>
   <div class='ocr_carea' id='block_1_113' title="bbox 3362 5168 3380 5188">
    <p class='ocr_par' dir='ltr' id='par_1_113' title="bbox 3362 5168 3380 5188">
     <span class='ocr_line' id='line_1_113' title="bbox 3362 5168 3380 5188; baseline 0 0"><span class='ocrx_word' id='word_1_911' title='bbox 3362 5168 3380 5188; x_wconf 76' lang='grc' dir='ltr'><em>Ι</em></span> 
     </span>
    </p>
   </div>
   <div class='ocr_carea' id='block_1_114' title="bbox 1972 5251 3472 5336">
    <p class='ocr_par' dir='ltr' id='par_1_114' title="bbox 1972 5251 3472 5336">
     <span class='ocr_line' id='line_1_114' title="bbox 1972 5251 3472 5336; baseline 0.019 -40"><span class='ocrx_word' id='word_1_912' title='bbox 1972 5253 1985 5282; x_wconf 76' lang='grc' dir='ltr'><strong>ι</strong></span> <span class='ocrx_word' id='word_1_913' title='bbox 2015 5251 2148 5336; x_wconf 57' lang='lat' dir='ltr'><strong>edd,</strong></span> <span class='ocrx_word' id='word_1_914' title='bbox 2163 5254 2563 5336; x_wconf 34' lang='lat' dir='ltr'><strong>justum-serius</strong></span> <span class='ocrx_word' id='word_1_915' title='bbox 2578 5263 2712 5336; x_wconf 63' lang='grc' dir='ltr'><strong>φοι-ι).</strong></span> <span class='ocrx_word' id='word_1_916' title='bbox 2739 5267 2935 5336; x_wconf 52' lang='lat' dir='ltr'><strong>optima;</strong></span> <span class='ocrx_word' id='word_1_917' title='bbox 2949 5277 3077 5336; x_wconf 74' lang='lat' dir='ltr'><strong>noue</strong></span> <span class='ocrx_word' id='word_1_918' title='bbox 3101 5281 3200 5336; x_wconf 59' lang='grc' dir='ltr'><strong>διε..</strong></span> <span class='ocrx_word' id='word_1_919' title='bbox 3229 5275 3472 5336; x_wconf 83' lang='lat' dir='ltr'><strong>iniustum.</strong></span> 
     </span>
    </p>
   </div>
   <div class='ocr_carea' id='block_1_115' title="bbox 1905 5314 3476 5388">
    <p class='ocr_par' dir='ltr' id='par_1_115' title="bbox 1905 5314 3476 5388">
     <span class='ocr_line' id='line_1_115' title="bbox 1905 5314 3476 5388; baseline 0.02 -31"><span class='ocrx_word' id='word_1_920' title='bbox 1905 5320 2014 5381; x_wconf 46' lang='lat' dir='ltr'><strong>eam</strong></span> <span class='ocrx_word' id='word_1_921' title='bbox 2041 5314 2084 5360; x_wconf 88' lang='lat' dir='ltr'><strong>id</strong></span> <span class='ocrx_word' id='word_1_922' title='bbox 2126 5319 2417 5384; x_wconf 70' lang='lat' dir='ltr'><strong>Augustinus</strong></span> <span class='ocrx_word' id='word_1_923' title='bbox 2439 5314 2816 5388; x_wconf 72' lang='lat' dir='ltr'><strong>postearepelit</strong></span> <span class='ocrx_word' id='word_1_924' title='bbox 2841 5344 2886 5376; x_wconf 87' lang='grc' dir='ltr'>ιι.</span> <span class='ocrx_word' id='word_1_925' title='bbox 2909 5314 3080 5382; x_wconf 42' lang='grc' dir='ltr'>ἰέῖ</span> <span class='ocrx_word' id='word_1_926' title='bbox 3101 5314 3295 5385; x_wconf 33' lang='lat' dir='ltr'><strong>iam;</strong></span> <span class='ocrx_word' id='word_1_927' title='bbox 3315 5314 3476 5388; x_wconf 38' lang='lat' dir='ltr'><strong>iii-inuis</strong></span> 
     </span>
    </p>
   </div>
   <div class='ocr_carea' id='block_1_116' title="bbox 1903 5372 3476 5460">
    <p class='ocr_par' dir='ltr' id='par_1_116' title="bbox 1903 5372 3476 5460">
     <span class='ocr_line' id='line_1_116' title="bbox 1903 5372 3476 5460; baseline 0.018 -40"><span class='ocrx_word' id='word_1_928' title='bbox 1903 5372 2101 5460; x_wconf 55' lang='lat' dir='ltr'><strong>gtiqnos.</strong></span> <span class='ocrx_word' id='word_1_929' title='bbox 2114 5413 2143 5424; x_wconf 92' lang='lat'><strong>..</strong></span> <span class='ocrx_word' id='word_1_930' title='bbox 2157 5372 2592 5460; x_wconf 24' lang='lat' dir='ltr'><strong>.iii’inrtssamjstqm</strong></span> <span class='ocrx_word' id='word_1_931' title='bbox 2609 5372 3370 5460; x_wconf 24' lang='lat' dir='ltr'><strong>iniquitatisvdanateslgaisqman</strong></span> <span class='ocrx_word' id='word_1_932' title='bbox 3389 5400 3476 5449; x_wconf 61' lang='lat' dir='ltr'><strong>tibi</strong></span> 
     </span>
    </p>
   </div>
   <div class='ocr_carea' id='block_1_117' title="bbox 1903 5435 3468 5517">
    <p class='ocr_par' dir='ltr' id='par_1_117' title="bbox 1903 5435 3468 5517">
     <span class='ocr_line' id='line_1_117' title="bbox 1903 5435 3468 5517; baseline 0.018 -36"><span class='ocrx_word' id='word_1_933' title='bbox 1903 5435 2046 5507; x_wconf 65' lang='lat' dir='ltr'><strong>dicit,</strong></span> <span class='ocrx_word' id='word_1_934' title='bbox 2095 5437 2268 5517; x_wconf 68' lang='lat' dir='ltr'><strong>Ianste</strong></span> <span class='ocrx_word' id='word_1_935' title='bbox 2308 5435 2503 5517; x_wconf 64' lang='lat' dir='ltr'><strong>fecisti?</strong></span> <span class='ocrx_word' id='word_1_936' title='bbox 2523 5435 2702 5517; x_wconf 45' lang='grc' dir='ltr'>δειλιιὲ</span> <span class='ocrx_word' id='word_1_937' title='bbox 2740 5435 3350 5517; x_wconf 34' lang='lat' dir='ltr'><strong>profecti;vdiEEriijiiisus&#39;</strong></span> <span class='ocrx_word' id='word_1_938' title='bbox 3375 5462 3434 5508; x_wconf 78' lang='lat' dir='ltr'><strong>sit</strong></span> <span class='ocrx_word' id='word_1_939' title='bbox 3455 5498 3468 5517; x_wconf 90' lang='lat'><strong>,</strong></span> 
     </span>
    </p>
   </div>
   <div class='ocr_carea' id='block_1_118' title="bbox 1896 5498 3472 5582">
    <p class='ocr_par' dir='ltr' id='par_1_118' title="bbox 1896 5498 3472 5582">
     <span class='ocr_line' id='line_1_118' title="bbox 1896 5498 3472 5582; baseline 0.014 -34"><span class='ocrx_word' id='word_1_940' title='bbox 1896 5498 1928 5582; x_wconf 56' lang='grc' dir='ltr'><strong>ξ’</strong></span> <span class='ocrx_word' id='word_1_941' title='bbox 1940 5505 2086 5570; x_wconf 70' lang='grc' dir='ltr'>’διιιιιι</span> <span class='ocrx_word' id='word_1_942' title='bbox 2101 5498 2315 5562; x_wconf 84' lang='lat' dir='ltr'><strong>aliquem</strong></span> <span class='ocrx_word' id='word_1_943' title='bbox 2329 5503 2502 5575; x_wconf 73' lang='lat' dir='ltr'><strong>judicis</strong></span> <span class='ocrx_word' id='word_1_944' title='bbox 2523 5509 2607 5555; x_wconf 84' lang='lat' dir='ltr'><strong>Dei</strong></span> <span class='ocrx_word' id='word_1_945' title='bbox 2621 5498 2633 5508; x_wconf 83' lang='grc'><strong>’</strong></span> <span class='ocrx_word' id='word_1_946' title='bbox 2648 5498 2894 5582; x_wconf 74' lang='lat' dir='ltr'><strong>sententia</strong></span> <span class='ocrx_word' id='word_1_947' title='bbox 2905 5498 3058 5582; x_wconf 53' lang='grc' dir='ltr'>ιι(ᾆὲ</span> <span class='ocrx_word' id='word_1_948' title='bbox 3069 5498 3290 5582; x_wconf 38' lang='grc' dir='ltr'>ῖξιῖςιῖιῖιιι</span> <span class='ocrx_word' id='word_1_949' title='bbox 3331 5498 3472 5582; x_wconf 45' lang='lat' dir='ltr'><strong>piri-id</strong></span> 
     </span>
    </p>
   </div>
   <div class='ocr_carea' id='block_1_119' title="bbox 1903 5559 3470 5643">
    <p class='ocr_par' dir='ltr' id='par_1_119' title="bbox 1903 5559 3470 5643">
     <span class='ocr_line' id='line_1_119' title="bbox 1903 5559 3470 5643; baseline 0.017 -39"><span class='ocrx_word' id='word_1_950' title='bbox 1903 5559 2025 5643; x_wconf 46' lang='lat' dir='ltr'><strong>pleri,</strong></span> <span class='ocrx_word' id='word_1_951' title='bbox 2049 5562 2152 5609; x_wconf 87' lang='lat' dir='ltr'><strong>sive</strong></span> <span class='ocrx_word' id='word_1_952' title='bbox 2183 5559 2530 5643; x_wconf 47' lang='lat' dir='ltr'><strong>pronuntiari;</strong></span> <span class='ocrx_word' id='word_1_953' title='bbox 2564 5571 2691 5630; x_wconf 87' lang='lat' dir='ltr'><strong>quod</strong></span> <span class='ocrx_word' id='word_1_954' title='bbox 2711 5559 2938 5643; x_wconf 62' lang='lat' dir='ltr'><strong>pointed</strong></span> <span class='ocrx_word' id='word_1_955' title='bbox 2962 5559 3255 5643; x_wconf 47' lang='lat' dir='ltr'><strong>signiﬁcatur</strong></span> <span class='ocrx_word' id='word_1_956' title='bbox 3303 5559 3470 5643; x_wconf 58' lang='lat' dir='ltr'><strong>viain»,</strong></span> 
     </span>
    </p>
   </div>
   <div class='ocr_carea' id='block_1_120' title="bbox 1903 5621 3222 5698">
    <p class='ocr_par' dir='ltr' id='par_1_120' title="bbox 1903 5621 3222 5698">
     <span class='ocr_line' id='line_1_120' title="bbox 1903 5621 3222 5698; baseline 0.015 -30"><span class='ocrx_word' id='word_1_957' title='bbox 1903 5621 2150 5698; x_wconf 61' lang='lat' dir='ltr'><strong>damnare.</strong></span> <span class='ocrx_word' id='word_1_958' title='bbox 2179 5621 2432 5685; x_wconf 68' lang='lat' dir='ltr'><strong>ticspieere</strong></span> <span class='ocrx_word' id='word_1_959' title='bbox 2459 5621 2643 5698; x_wconf 71' lang='lat' dir='ltr'><strong>videtur</strong></span> <span class='ocrx_word' id='word_1_960' title='bbox 2666 5632 2723 5698; x_wconf 78' lang='lat' dir='ltr'><strong>ad</strong></span> <span class='ocrx_word' id='word_1_961' title='bbox 2738 5621 3128 5698; x_wconf 35' lang='lat' dir='ltr'><strong>verbaSapK-ti.</strong></span> <span class='ocrx_word' id='word_1_962' title='bbox 3153 5638 3222 5687; x_wconf 73' lang='lat'><strong>12.</strong></span> 
     </span>
    </p>
   </div>
   <div class='ocr_carea' id='block_1_121' title="bbox 1963 5684 2787 5748">
    <p class='ocr_par' dir='ltr' id='par_1_121' title="bbox 1963 5684 2787 5748">
     <span class='ocr_line' id='line_1_121' title="bbox 1963 5684 2787 5748; baseline 0.021 -21"><span class='ocrx_word' id='word_1_963' title='bbox 1963 5684 1982 5748; x_wconf 65' lang='grc' dir='ltr'><strong>ξ</strong></span> <span class='ocrx_word' id='word_1_964' title='bbox 2007 5691 2105 5730; x_wconf 65' lang='lat' dir='ltr'><strong>Am.</strong></span> <span class='ocrx_word' id='word_1_965' title='bbox 2125 5690 2198 5733; x_wconf 61' lang='grc' dir='ltr'><strong>ιτ.</strong></span> <span class='ocrx_word' id='word_1_966' title='bbox 2223 5684 2279 5733; x_wconf 82' lang='lat' dir='ltr'><strong>et</strong></span> <span class='ocrx_word' id='word_1_967' title='bbox 2299 5693 2398 5735; x_wconf 87' lang='lat' dir='ltr'><strong>tres</strong></span> <span class='ocrx_word' id='word_1_968' title='bbox 2424 5696 2545 5748; x_wconf 62' lang='lat' dir='ltr'><strong>Mss,</strong></span> <span class='ocrx_word' id='word_1_969' title='bbox 2571 5691 2787 5746; x_wconf 78' lang='lat' dir='ltr'><strong>hominis.</strong></span> 
     </span>
    </p>
   </div>
   <div class='ocr_carea' id='block_1_122' title="bbox 1963 5745 3470 5836">
    <p class='ocr_par' dir='ltr' id='par_1_122' title="bbox 1963 5745 3470 5836">
     <span class='ocr_line' id='line_1_122' title="bbox 1963 5745 3470 5836; baseline 0.017 -48"><span class='ocrx_word' id='word_1_970' title='bbox 1963 5745 1982 5772; x_wconf 83' lang='grc'>³</span> <span class='ocrx_word' id='word_1_971' title='bbox 2007 5749 2116 5836; x_wconf 63' lang='lat' dir='ltr'><strong>atq.</strong></span> <span class='ocrx_word' id='word_1_972' title='bbox 2138 5748 2361 5836; x_wconf 54' lang='lat' dir='ltr'><strong>emittunt</strong></span> <span class='ocrx_word' id='word_1_973' title='bbox 2382 5784 2396 5809; x_wconf 94' lang='lat'><strong>,</strong></span> <span class='ocrx_word' id='word_1_974' title='bbox 2431 5758 2492 5811; x_wconf 84' lang='lat' dir='ltr'><strong>et,</strong></span> <span class='ocrx_word' id='word_1_975' title='bbox 2517 5745 2645 5830; x_wconf 80' lang='lat' dir='ltr'><strong>quod</strong></span> <span class='ocrx_word' id='word_1_976' title='bbox 2684 5745 2736 5818; x_wconf 70' lang='lat' dir='ltr'><strong>ia</strong></span> <span class='ocrx_word' id='word_1_977' title='bbox 2770 5764 2875 5814; x_wconf 76' lang='lat' dir='ltr'><strong>Mss.</strong></span> <span class='ocrx_word' id='word_1_978' title='bbox 2903 5764 3093 5818; x_wconf 78' lang='lat' dir='ltr'><strong>exstat,</strong></span> <span class='ocrx_word' id='word_1_979' title='bbox 3141 5767 3192 5810; x_wconf 84' lang='lat' dir='ltr'><strong>et</strong></span> <span class='ocrx_word' id='word_1_980' title='bbox 3235 5763 3286 5812; x_wconf 80' lang='lat' dir='ltr'><strong>in</strong></span> <span class='ocrx_word' id='word_1_981' title='bbox 3328 5768 3470 5836; x_wconf 75' lang='lat' dir='ltr'><strong>textq</strong></span> 
     </span>
    </p>
   </div>
   <div class='ocr_carea' id='block_1_123' title="bbox 1899 5808 2298 5878">
    <p class='ocr_par' dir='ltr' id='par_1_123' title="bbox 1899 5808 2298 5878">
     <span class='ocr_line' id='line_1_123' title="bbox 1899 5808 2298 5878; baseline 0.005 -26"><span class='ocrx_word' id='word_1_982' title='bbox 1899 5815 2060 5874; x_wconf 52' lang='lat' dir='ltr'><strong>amco</strong></span> <span class='ocrx_word' id='word_1_983' title='bbox 2079 5808 2298 5878; x_wconf 67' lang='lat' dir='ltr'><strong>apostoli.</strong></span> 
     </span>
    </p>
   </div>
   <div class='ocr_carea' id='block_1_124' title="bbox 2717 5899 3188 5980">
    <p class='ocr_par' dir='ltr' id='par_1_124' title="bbox 2717 5899 3188 5980">
     <span class='ocr_line' id='line_1_124' title="bbox 2717 5899 3188 5980; baseline 0.006 -19"><span class='ocrx_word' id='word_1_984' title='bbox 2717 5899 3188 5980; x_wconf 63' lang='lat' dir='ltr'><strong>{Viam-ltuit.)</strong></span> 
     </span>
    </p>
   </div>
  </div>
