4020 6198
465 308 563 365 8'79

463 440 614 478 mana
648 423 916 493 fragilitas,
950 423 1017 476 ibi
1047 432 1127 475 cst
1155 421 1326 474 adhuc
1350 422 1511 489 prima
1535 421 1830 489 captivitas.
1856 421 1922 474 ibi
1947 429 2027 473 est

462 527 514 570 ct
543 518 622 571 lex
651 517 701 569 in
725 516 979 568 membris
1003 499 1300 583 repugnans
1321 514 1419 581 legi
1449 514 1658 578 tuentis,
1688 523 1740 566 et
1763 511 2026 581 captivum

463 609 644 661 volens
677 606 872 660 ducere
905 605 956 658 in
989 594 1330 676 lege‘peccati
1375 605 1548 676 (Iloiu.
1582 620 1670 667 vn,
1699 603 1825 671 '23):
1857 603 2028 656 adhuc

461 712 652 766 Corpus
678 695 816 764 quod
842 697 1214 765 corrumpitur,
1243 705 1488 764 aggravat
1517 685 1744 747 animam
1776 691 1926 763 (Sap.
1953 709 2022 755 Ix,

464 791 572 850 l5).
601 789 994 856 Quantumlibct
1021 790 1203 842 lirt‘nns
1237 789 1308 841 sis
1334 805 1398 840 ex
1427 788 1590 856 gratia
1624 787 1743 848 Dei;
1773 787 2024 854 quamdiu
2070 818 2077 825 -

444 881 628 935 ‘a'dbuc
655 889 834 956 portps
862 890 1128 936 terrenum
1159 896 1272 943 vas,
1298 881 1347 932 in
1375 894 1480 950 quo
1502 881 1778 949 thesaurus
1804 891 1881 932 est
1911 878 2020 944 Dei,

453 975 648 1044 aliquid
687 975 846 1029 etiam
899 975 965 1028 de
1008 975 1122 1042 ipso
1165 966 1286 1026 vase
1334 972 1477 1025 fictili
1520 969 1906 1025 formidandum
1942 979 2024 1024 est

456 1065 522 1136 (Il
543 1065 660 1120 Cor.
691 1081 762 1127 tv,
795 1067 869 1134 '7).
905 1065 1043 1134 Ergo
1069 1065 1435 1132 ﬁrmamentum
1473 1079 1634 1138 meum
1662 1079 1714 1115 es
1743 1071 1816 1127 tu,
1850 1072 1906 1114 ιιι
1933 1060 2024 1114 lir-

453 1172 570 1211 mus
599 1157 697 1211 sim
730 1157 780 1210 in
810 1156 910 1210 hoc
939 1155 1134 1209 SIBL‘lIIO
1177 1156 1430 1209 adversus
1470 1170 1655 1208 omnes
1683 1154 2017 1208 tentationes.

452 1247 556 1303 Sed
594 1249 637 1302 si
669 1249 845 1302 multa:
871 1255 1013 1311 sunt,
1045 1255 1100 1300 et
1127 1247 1337 1299 turbant
1364 1261 1476 1310 me,
1504 1245 1750 1314 refugium
1780 1261 1940 1298 meum
1966 1256 2020 1298 tu

447 1357 521 1393 es.
565 1339 644 1394 Ad
675 1339 776 1394 hoc
809 1339 948 1394 enim
973 1338 1295 1392 conﬁtebor1
1326 1339 1682 1391 inlirmitatem
1725 1352 1928 1398 meam,
1963 1345 2021 1391 ut

450 1430 548 1484 sim
567 1430 777 1483 timidus
793 1439 1038 1498 tanquam
1060 1429 1228 1498 lepus,
1247 1429 1364 1496 quia
1381 1429 1544 1498 spinis
1569 1429 1753 1496 plenus
1770 1439 2015 1496 umquam

449 1522 662 1575 ericius.
694 1522 776 1585 Et,
808 1529 864 1573 ut
899 1521 950 1573 in
987 1520 1090 1573 alio
1117 1520 1320 1590 psalmo
1347 1520 1560 1580 dicitur,
1599 1519 1750 1572 Petra
1780 1529 1849 1572 cst
1879 1520 2017 1586 refu-

448 1613 584 1683 gium
608 1613 770 1666 ericiis
795 1625 839 1666 et
869 1613 1117 1682 leporibus
1155 1611 1465 1682 (Psalac-tn,
1493 1615 1582 1682 18)
1611 1630 1623 1664 :
1659 1613 1810 1667 Petra
1836 1623 2011 1668 autem

445 1695 823 1758 erat'Cbristus
853 1703 892 1774 (l
923 1702 1041 1759 Cor.
1071 1721 1123 1768 x,
1155 1707 1233 1774 4).

513 1795 566 1849 6.
596 1791 742 1866 [υειίδ.
765 1792 843 1866 4.]
885 1793 1018 1848 Deus
1055 1811 1223 1854 meus,
1252 1813 1368 1848 erue
1397 1813 1473 1848 me
1501 1791 1582 1848 do
1601 1811 1750 1848 manu
1786 1805 2012 1865 peccato-

441 1891 530 1944 ris.
587 1889 914 1945 Generaliter
948 1891 968 1920 ²
1024 1899 1360 1958 peccatores,
1421 1889 1558 1943 inter
1614 1904 1745 1958 quos
1807 1888 2011 1942 laborat

441 1982 538 2050 iste
585 1982 672 2049 qui
699 1981 764 2034 de
807 1981 1108 2048 captivitate
1143 1981 1250 2048 jam
1287 1980 1592 2034 liberandus
1637 1990 1746 2044 est;
1783 1981 1882 2035 iste
1919 1981 2006 2049 qui

437 2070 542 2147 jam
582 2071 770 2123 clamat
811 2087 822 2122 :
870 2067 1060 2140 Infelix
1096 2085 1184 2139 ego
1215 2071 1392 2131 homo,
1428 2070 1538 2137 quis
1577 2086 1652 2122 me
1680 2070 1903 2124 liberabit
1946 2071 2008 2124 de

438 2176 646 2228 corpore
699 2161 871 2214 mortis
920 2161 1115 2228 hujus?
1159 2159 1331 2212 Gratia
1371 2159 1464 2211 Dei
1506 2177 1593 2228 per
1646 2159 1821 2214 Jesum
1861 2158 2008 2215 Chri-

437 2260 567 2304 stum
601 2250 858 2304 dominum
893 2261 1116 2304 nostrum
1169 2249 1348 2321 (Rom.
1405 2267 1492 2312 vn,
1543 2251 1634 2315 24,
1662 2251 1732 2306 9.5
1758 2252 1812 2320 )?
1863 2253 2004 2308 lutus

435 2352 518 2396 est
566 2341 767 2408 lmsds,
823 2343 907 2396 lex
955 2342 1040 2396 illa
1087 2343 1137 2395 in
1181 2343 1462 2409 membris;
1490 2358 1612 2398 sunt
1647 2353 1700 2396 et
1737 2344 1868 2397 loris
1911 2345 2003 2398 ho-

435 2442 542 2488 stes
570 2452 582 2486 :
610 2450 714 2502 quo
743 2433 980 2488 clamas?
1015 2435 1091 2488 Ad
1132 2435 1300 2498 illum,
1344 2435 1440 2488 cui.
1470 2437 1752 2489 clamatum
1783 2447 1859 2491 est
1891 2457 1902 2490 :
1929 2439 2002 2491 Ab

432 2525 636 2578 occultis
674 2526 793 2578 meis
829 2526 1014 2578 munda
1052 2543 1155 2588 me,
1193 2524 1440 2590 Domine;
1467 2537 1512 2578 et
1548 2528 1609 2578 ab
1643 2529 1816 2580 alienis
1855 2545 2003 2597 parce

431 2631 570 2668 servo
601 2626 685 2668 luo
713 2618 730 2682 (
763 2615 900 2669 l’sal.
930 2631 1080 2678 xvm,
1110 2617 1196 2680 15,
1230 2617 1293 2670 H
1322 2616 1358 2685 ).
1392 2616 1551 2684 Ergo,
1578 2616 1785 2669 Salvum
1815 2635 1890 2671 me
1918 2621 2000 2689 [ac

431 2723 547 2761 cum
577 2708 786 2771 dicitur,
826 2708 892 2761 ab
931 2707 1239 2778 a-gritudine
1281 2720 1364 2762 tua
1401 2708 1594 2762 dicitur
1628 2711 1898 2776 interiore,
1948 2713 1996 2766 id

430 2811 511 2854 est
558 2800 624 2853 ab
673 2800 948 2871 iniquitate
990 2811 1110 2865 tua;
1145 2801 1210 2856 ab
1237 2816 1298 2854 ea
1329 2817 1427 2870 qua
1469 2803 1705 2870 captivus
1732 2818 1810 2866 es,
1841 2803 1908 2857 ab
1935 2820 1994 2858 ea

429 2907 537 2962 qua
571 2894 636 2947 ad
685 2895 910 2962 prinmm
956 2894 1221 2948 hominem
1254 2895 1502 2967 pet-tipes,
1531 2906 1587 2948 ut
1626 2895 1763 2949 inter
1801 2897 1997 2964 primos

429 2985 664 3057 captivos
705 2985 923 3040 clames.
967 2983 1154 3039 Salvus
1199 2995 1370 3062 autem
1414 2983 1582 3038 l'actus
1619 2984 1686 3038 ab
1725 2985 1996 3055 iniquitate

428 3085 539 3139 tua,
573 3075 690 3128 vide
715 3075 824 3143 jam
853 3083 906 3128 et
944 3075 1011 3130 de
1049 3075 1408 3144 iniquitatibus
1445 3076 1630 3131 alienis
1651 3117 1666 3142 ,
1700 3077 1837 3132 inter
1863 3093 1995 3148 quos

424 3167 518 3220 libi
547 3181 762 3221 necesse
788 3175 870 3220 est;
895 3167 1090 3231 vivere,
1114 3180 1388 3234 quousque
1417 3167 1518 3220 vita
1548 3168 1642 3222 ista
1672 3168 1900 3230 ﬁniatur.
1929 3172 1994 3224 Et

424 3257 732 3326 quousque?
753 3257 886 3311 Ecce
908 3257 1084 3310 linitur
1108 3257 1194 3310 tibi
1217 3273 1228 3307 :
1252 3257 1500 3327 numquid
1527 3261 1701 3312 linitur
1721 3260 1991 3316 Ecclesize.

425 3351 523 3404 nisi
575 3350 625 3403 in
676 3351 778 3405 line
820 3349 1040 3403 saeculi?
1080 3350 1183 3403 lste
1225 3359 1398 3402 autem
1440 3366 1576 3404 unus
1616 3350 1792 3414 homo,
1817 3353 1992 3407 unitas

423 3439 640 3499 Christi.
671 3439 864 3494 clamat
893 3439 986 3494 has
1017 3453 1190 3494 voces.
1213 3439 1441 3519 Necesse
1466 3451 1548 3494 est
1585 3456 1711 3510 ergo
1749 3451 1805 3496 ut
1843 3444 1988 3498 multi

423 3545 676 3588 exeuntes
701 3533 767 3588 de
793 3533 895 3587 huc
919 3549 1141 3602 corpore
1177 3533 1378 3600 lidelcs,
1400 3534 1507 3600 fam
1550 3535 1656 3588 sint
1694 3535 1745 3590 in
1783 3537 1866 3591 illa
1906 3555 1988 3592 re-

421 3628 544 3692 quie
570 3642 723 3694 quam
755 3635 969 3694 pra-stat
1006 3625 1144 3678 Dens
1179 3625 1448 3692 spiritibus
1484 3625 1714 3680 ﬁdelium
1741 3645 1754 3680 :
1783 3627 1876 3682 sed
1907 3629 1990 3684 hic

421 3727 541 3769 sunt
589 3716 760 3769 adhuc
804 3716 1038 3768 tuembra
1077 3711 1304 3778 Christi;
1338 3715 1389 3768 in
1420 3713 1501 3769 his
1529 3715 1617 3784 qui
1661 3715 1712 3770 in
1755 3716 1852 3771 hac
1881 3717 1988 3772 vita

417 3810 637 3876 degunt,
681 3808 730 3859 iu
775 3806 856 3860 bis
889 3807 976 3874 qui
1019 3815 1195 3871 postea
1237 3815 1538 3860 nascentur.
1571 3807 1710 3876 Ergo
1740 3823 1904 3876 usque
1935 3810 1984 3862 iu

417 3899 576 3950 linem
607 3896 784 3950 swculi
814 3897 914 3950 erit
945 3895 1029 3949 hic
1051 3897 1151 3950 iste
1170 3895 1352 3971 homo,
1377 3897 1464 3966 qui
1490 3897 1734 3952 clamata
1757 3902 1988 3970 peccatis

413 3986 528 4040 suis
573 3986 802 4050 liberari,
833 3994 888 4040 et
913 4000 942 4039 a
971 3987 1098 4055 lege
1131 3986 1487 4040 membrorum
1526 4000 1848 4059 repugnante
1887 3992 1983 4061 legi

409 4075 628 4130 utentis.
653 4075 848 4130 Deinde
879 4076 1014 4128 inter
1042 4085 1254 4144 peccata
1292 4076 1534 4142 aliorum,
1569 4078 1702 4134 inter
1726 4096 1858 4149 quos
1890 4099 1984 4136 ne-

389 4182 565 4221 .ecsse
583 4176 662 4219 est
677 4175 733 4219 ut
747 4165 882 4218 vivat
900 4180 1064 4234 usque
1081 4165 1333 4231 in_linem.
1348 4165 1451 4221 Sed
1468 4167 1570 4221 duo
1584 4168 1778 4224 habent
1793 4186 1984 4239 genera

417 4265 720 4326 peccatores
765 4255 846 4310 isti
879 4273 892 4308 :
921 4255 1009 4308 alii
1051 4256 1287 4326 suntqui
1316 4255 1506 4326 Legem
1535 4272 1868 4330 acceperunt.
1896 4263 1984 4315 alii

408 4359 536 4404 sunt
556 4329 642 4415 qui
661 4361 762 4401 non
781 4354 1129 4415 acceperunt;
1150 4361 1334 4400 omnes
1349 4346 1542 4416 Pagani
1560 4347 1748 4418 Legem
1774 4368 1874 4404 non
1899 4369 1985 4406 ac-

414 4447 686 4508 ceperunt,
704 4434 1064 4491 omnesludaei
1082 4433 1424 4490 etChristiani
1437 4435 1627 4506 Legem
1645 4451 1980 4506 acceperunt.

415 4532 554 4600 Ergo
584 4530 830 4600 generale
865 4543 1056 4583 nomen
1087 4536 1168 4583 est
1203 4537 1478 4596 peccator;
1510 4539 1602 4584 aut
1624 4530 1778 4600 Legis
1810 4543 1983 4588 trans.

412 4634 642 4688 grcssor,
658 4622 700 4674 si
713 4620 914 4686 accepit
928 4619 1119 4688 Legem
1137 4633 1151 4680 ;
1166 4628 1256 4671 aut
1271 4621 1632 4674 tantummodo
1647 4623 1854 4692 iniquus
1869 4628 1985 4680 sine

413 4709 548 4776 Lege
567 4749 582 4772 ,
612 4711 655 4762 si
692 4727 794 4764 non
831 4711 1036 4780 accepit
1063 4709 1278 4779 Legem.
1321 4710 1398 4763 De
1426 4719 1649 4780 utroque
1671 4729 1867 4781 genere
1895 4716 1978 4770 lo-

413 4801 591 4868 quitur
612 4802 914 4867 Apostolus,
943 4815 997 4856 et
1024 4802 1152 4854 dicit
1180 4818 1192 4854 :
1229 4799 1326 4865 Qui
1351 4800 1458 4853 sine
1482 4799 1612 4872 Lege
1638 4815 1978 4870 peccaverunt,

411 4894 518 4946 sine
548 4889 678 4960 Lege
707 4893 972 4959 peribunt;
1020 4903 1065 4945 rt
1105 4893 1190 4962 qui
1229 4893 1283 4946 in
1325 4891 1456 4963 Lege
1495 4905 1850 4960 peccaverunt,
1893 4914 1982 4966 per

411 4981 594 5052 Legem
611 4979 979 5052 judicabunmr
1008 4984 1181 5052 (liam.
1211 5001 1268 5049 tt,
1299 4983 1408 5057 12).
1437 4983 1514 5038 Tu
1535 4995 1708 5038 autem
1735 4987 1822 5055 qui
1846 4987 1982 5044 inter

412 5084 695 5141 utrumque
710 5087 874 5140 genus
893 5075 1078 5142 gemis,
1101 5075 1184 5129 dic
1207 5077 1313 5131 Deo
1333 5075 1472 5146 quod
1491 5075 1641 5131 audis
1661 5077 1712 5130 iu
1736 5077 1974 5136 Psalmo:

395 5163 549 5218 ,θείω
577 5179 734 5220 meus.
762 5178 880 5216 erue
905 5164 1066 5228 mede
1099 5183 1249 5218 mam:
1279 5169 1570 5236 peccatoris.
1599 5166 1763 5237 Cujus
1791 5183 1978 5238 pecca~

411 5258 576 5314 toris?
603 5254 684 5310 De
712 5271 862 5309 manu
894 5253 1077 5324 Legem
1105 5261 1446 5326 prietes-euntis
1473 5271 1519 5312 et
1543 5260 1720 5330 iniqui.
1747 5261 1840 5316 Est
1864 5261 1980 5330 qui-

401 5349 528 5403 dem
555 5356 610 5404 et
635 5347 844 5416 iniquus
873 5344 1066 5411 Legem
1089 5346 1552 5413 prmteriensmon
1575 5366 1716 5404 enim
1747 5366 1850 5404 non
1875 5352 1977 5405 ini-

402 5455 541 5510 «plus
555 5441 641 5511 qui
664 5440 854 5508 Legem
873 5437 1110 5507 prmterit
1127 5455 1140 5490 :
1165 5436 1257 5492 sed
1273 5439 1444 5492 omnis
1460 5441 1651 5510 Legem
1671 5445 1978 5512 prmteriens

467 5554 488 5582 ι
513 5557 638 5602 ιον..
664 5547 912 5614 conﬁteor.
927 5549 1096 5614 (atteri
1121 5546 1249 5614 libri,
1275 5546 1544 5614 conﬁtebor.

466 5614 486 5642 ¹
505 5615 577 5660 sic
613 5619 719 5661 Mss.
751 5609 816 5660 Ἀι
853 5610 983 5660 Edd.:
1009 5609 1296 5674 Generaliter
1331 5609 1536 5674 intellige
1560 5621 1832 5674 peccatores
1867 5629 1885 5665 :
1923 5631 1978 5668 ac

390 5673 545 5741 {aulo
570 5673 860 5741 [)Q§l,_ﬁtllli0
884 5681 1008 5721 Lota:
1053 5678 1164 5722 Sunt
1197 5678 1242 5720 et
1263 5671 1386 5738 foris
1430 5671 1601 5733 hastas,
1643 5683 1836 5741 propter
1859 5691 1977 5739 quos

385 5737 584 5783 damas
607 5751 620 5781 t
637 5735 668 5783 ά
697 5734 845 5794 illum,
875 5743 968 5784 etc.

1679 307 1738 366 S.
1779 306 2140 366 AUGUSTINI
2183 309 2478 368 EPISCOH

3603 317 3705 374 880

2141 421 2348 488 iniquus
2374 435 2448 476 est
2471 465 2484 487 ,
2517 439 2617 476 non
2644 426 2816 479 omnis
2857 425 3066 495 iniquus
3101 425 3295 496 Legem
3327 427 3574 496 prazterit.
3607 427 3708 483 Ubi

2136 514 2263 563 enim
2283 531 2379 566 non
2413 523 2480 566 est
2501 513 2620 576 Lex,
2642 516 2713 568 ait
2738 517 3042 585 Apostolus.
3063 531 3150 568 nec
3167 517 3510 585 pramaricatio
3528 517 3707 586 (Rom.

2137 619 2207 664 Iv,
2245 606 2348 674 l5).
2377 608 2473 672 Qui
2504 623 2630 674 ergo
2670 607 2858 676 Legem
2901 623 3003 660 non
3035 615 3379 676 acceperunt,
3412 611 3576 680 iniqui
3601 609 3710 666 dici

2137 706 2389 761 possunt,
2452 699 2882 766 praevaricatores
2937 714 3040 752 non
3101 709 3338 767 possunt.
3394 698 3707 756 Judicantur

2133 784 2340 853 utrique
2369 786 2655 840 secundum
2689 787 2872 842 merita
2900 803 3015 842 sua.
3059 787 3165 844 Sed
3196 803 3294 859 ego
3321 789 3408 859 qui
3438 789 3505 846 de
3530 793 3706 860 capti-

2132 877 2290 930 vitate
2320 877 2436 929 volo
2467 877 2677 932 liberari
2719 893 2814 947 per
2841 880 3060 948 gratiam
3103 890 3275 946 tuam,
3303 881 3476 934 clamo
3501 881 3568 936 ad
3611 892 3706 937 te:

2132 963 2308 1018 Libera
2329 985 2406 1020 me
2423 968 2484 1019 de
2503 985 2656 1021 manu
2682 971 2975 1038 peccatoris.
3003 970 3138 1038 Quid
3159 981 3260 1036 est,
3283 971 3350 1026 de
3371 985 3532 1026 manu
3553 973 3706 1041 ejus?

2131 1055 2204 1110 De
2231 1067 2490 1126 potestate
2513 1060 2660 1127 ejus;
2699 1075 2763 1113 ne
2793 1075 2911 1114 cum
2939 1061 3108 1125 δίει-ιι,
3137 1061 3362 1116 adducat
3389 1061 3456 1116 ad
3480 1077 3704 1118 consen-

2127 1151 2358 1212 sionem;
2405 1167 2471 1204 ne
2512 1165 2630 1205 eum
2660 1151 2958 1216 insidiatur,
2991 1153 3306 1220 persuadeat
3344 1153 3702 1223 iniquitatem.

2126 1237 2204 1292 De
2229 1257 2377 1293 ntanu
2405 1239 2585 1312 Legem
2617 1244 2956 1312 prtctereuutis
2991 1253 3036 1296 et
3062 1244 3238 1312 iniqui.
3271 1243 3550 1313 Responde
3579 1245 3658 1300 illi
3685 1263 3702 1300 :

2123 1331 2257 1400 Quid
2287 1343 2336 1387 te
2359 1335 2552 1402 qmrris
2577 1335 2788 1390 liberari
2815 1335 2882 1390 de
2911 1351 3068 1390 manu
3105 1336 3298 1406 Legem
3325 1341 3702 1406 praetereuntis

2122 1433 2176 1477 et
2201 1423 2399 1490 iniqui?
2425 1424 2537 1478 Noli
2564 1426 2902 1490 consentire;
2930 1426 3022 1482 sed
3051 1427 3094 1480 si
3122 1428 3292 1493 saevit,
3325 1429 3529 1494 patiens
3556 1439 3698 1492 esto,

2123 1514 2286 1566 tolera
2311 1515 2346 1564 ³.
2375 1513 2478 1568 Sed
2509 1516 2627 1584 quis
2659 1516 2848 1570 tulerat
2872 1518 2914 1581 ',
2941 1517 2984 1570 si
3011 1516 3220 1571 deserat
3245 1518 3328 1572 ille
3353 1519 3439 1588 qui
3471 1518 3526 1572 lit
3547 1521 3699 1576 locus

2119 1605 2382 1658 munitus?
2411 1605 2584 1670 Quare
2605 1621 2732 1675 ergo
2755 1606 2874 1662 dico
2899 1625 2912 1660 :
2940 1605 3118 1661 Libera
3140 1625 3218 1662 me
3241 1609 3302 1661 de
3328 1626 3478 1662 manu
3507 1608 3696 1681 Legem
3713 1609 3726 1616 ’

2117 1698 2460 1762 printer-euntis
2489 1707 2533 1750 et
2560 1698 2753 1769 iniqui?
2777 1698 2908 1771 Quia
2942 1713 3043 1752 non
3075 1709 3156 1754 est
3199 1701 3249 1752 in
3279 1716 3363 1756 me
3391 1710 3446 1755 ut
3485 1703 3695 1771 patiens

2115 1789 2234 1854 sim,
2264 1791 2354 1844 sed
2385 1789 2436 1843 in
2466 1799 2515 1844 te
2543 1791 2630 1860 qui
2659 1769 2824 1846 donas
2853 1793 3178 1862 patientiam.

2177 1883 2226 1936 7.
2247 1879 2394 1954 [vei-8.
2418 1884 2470 1946 5,
2491 1882 2568 1954 ϐ.)
2590 1884 2820 1954 Denique
2839 1887 3248 1956 sequiturquare
3263 1887 3363 1942 hoc
3377 1886 3495 1942 dico
3515 1905 3529 1940 :
3552 1888 3692 1960 ριιοτ

2113 1971 2247 2024 niam
2277 1984 2328 2026 tu
2357 1989 2406 2026 es
2446 1975 2687 2044 patientia
2717 1992 2846 2028 mea.
2886 1975 3001 2030 lam
3032 1978 3074 2030 si
3124 1977 3374 2046 patientia
3395 2021 3409 2042 ,
3457 1991 3605 2034 recte
3633 1991 3708 2041 et.

2111 2063 2247 2132 quod
2293 2066 2529 2133 sequitur
2560 2084 2573 2118 :
2604 2065 2851 2138 Domine,
2896 2084 3010 2137 spes
3053 2085 3162 2120 mea
3203 2087 3232 2121 a
3261 2069 3526 2140 jttvettlute
3554 2089 3686 2126 nica.

2113 2154 2232 2209 Ideo
2261 2156 2508 2224 patientia
2559 2174 2673 2212 mea
2695 2200 2708 2223 ,
2758 2159 2879 2228 quia
2908 2175 3030 2227 spes
3075 2176 3193 2214 mea
3222 2178 3236 2214 :
3265 2178 3330 2216 an
3363 2164 3537 2232 potius
3565 2164 3688 2221 ideo

2107 2261 2230 2316 spes
2255 2264 2392 2313 mea,
2425 2248 2544 2318 quia
2578 2251 2820 2316 patientia
2854 2251 3007 2305 mea?
3028 2249 3330 2318 Tribulatio,
3358 2255 3433 2309 ait
3453 2256 3688 2326 Aposto-

2109 2339 2210 2402 lus,
2237 2341 2525 2408 patientiam
2553 2353 2807 2409 operatur,
2833 2343 3070 2412 patientia
3095 2343 3469 2413 probationem,
3494 2349 3686 2418 proba-

2107 2431 2175 2482 tio
2218 2443 2384 2482 autem
2434 2450 2606 2502 spent,
2663 2451 2777 2501 spes
2837 2451 2948 2486 vero
2987 2451 3084 2487 non
3128 2438 3390 2507 confundit
3444 2437 3576 2509 (Id.
3627 2456 3680 2505 ι’,

2107 2524 2158 2584 3,
2189 2521 2266 2590 5).
2300 2523 2485 2577 Merito
2509 2524 2559 2576 in
2587 2534 2632 2578 te
2655 2526 2868 2591 speravi,
2894 2524 3144 2590 Domine;
3178 2545 3277 2582 non
3306 2531 3591 2601 confundat
3627 2533 3683 2587 in

2104 2624 2360 2666 aﬂernum.
2397 2615 2628 2682 Domine,
2657 2633 2770 2683 spes
2797 2633 2906 2670 mea
2933 2635 2964 2670 a
2983 2619 3250 2688 juventule
3271 2636 3398 2672 mea.
3421 2623 3465 2689 Α
3489 2621 3682 2689 juven-

2105 2713 2216 2758 tute
2240 2714 2347 2769 tua,
2383 2705 2518 2758 Deus
2545 2722 2666 2773 Spes
2700 2708 2818 2760 tua?
2843 2707 3030 2763 Nonne
3055 2719 3110 2763 et
3151 2726 3179 2762 a
3213 2713 3435 2779 pueritia
3465 2722 3552 2767 tua
3575 2757 3590 2780 ,
3622 2724 3680 2770 et

2101 2795 2169 2848 ab
2207 2794 2423 2850 infantia
2453 2787 2572 2850 tua?
2606 2797 2787 2864 Plane,
2823 2800 3007 2869 inquit.
3037 2799 3166 2854 Nam
3200 2801 3320 2856 vide
3345 2803 3470 2872 quid
3499 2807 3678 2874 sequi-

2103 2896 2207 2951 tur,
2240 2902 2305 2941 ne
2333 2885 2432 2942 hoe
2455 2897 2666 2957 putares
2694 2888 2766 2944 ita
2789 2906 2876 2945 me
2897 2892 3114 2957 dixisse,
3149 2893 3280 2962 Spes
3303 2911 3412 2949 mea
3437 2912 3468 2948 a
3481 2897 3674 2966 juven-

2101 2986 2204 3028 tute
2227 2993 2358 3044 mea,
2385 2978 2534 3046 quasi
2564 2978 2689 3032 nihil
2727 2981 2986 3050 profuerit
3014 2983 3152 3037 Deus
3175 2985 3406 3038 infantia:
3431 2989 3508 3042 vel
3537 3003 3674 3057 pne.

2099 3071 2234 3123 ritiae
2261 3086 2422 3136 meae;
2451 3071 2570 3125 audi
2595 3071 2731 3142 quod
2757 3075 2994 3144 sequitur
3027 3093 3040 3128 :
3075 3074 3136 3128 In
3159 3085 3204 3130 te
3217 3078 3541 3140 con/innatus
3561 3097 3675 3134 sum

2099 3175 2161 3213 ea:
2184 3171 2342 3214 utero.
2363 3162 2497 3216 Audi
2523 3163 2693 3217 adhuc
2727 3181 2740 3216 :
2773 3163 2846 3216 De
2866 3175 3029 3220 ventre
3059 3167 3234 3220 matris
3263 3184 3388 3224 mea:
3409 3179 3463 3222 tu
3477 3187 3531 3224 es
3555 3189 3676 3240 pro-

2098 3262 2251 3304 tector
2276 3269 2430 3305 meus.
2455 3253 2632 3322 Quare
2665 3269 2816 3324 ergo,
2839 3272 2869 3308 α
2887 3258 3150 3327 juventute
3187 3275 3318 3326 mea,
3346 3261 3448 3316 nisi
3471 3279 3537 3318 ex
3565 3249 3672 3333 quo

2099 3344 2148 3394 iu
2171 3354 2230 3408 te
2257 3344 2392 3412 coepi
2421 3347 2676 3412 sperare?
2699 3347 2835 3402 Aule
2875 3349 3015 3402 enim
3057 3367 3160 3404 non
3201 3351 3252 3406 in
3277 3365 3326 3408 te
3353 3356 3666 3425 sperabam;

2095 3437 2334 3503 quamvis
2377 3445 2428 3489 tu
2467 3437 2640 3492 ‘fueris
2684 3450 2948 3507 preteetur
2991 3459 3158 3507 meus,
3201 3447 3288 3514 qui
3335 3463 3420 3502 me
3463 3450 3666 3504 salvuan

2098 3525 2390 3591 perduxisti
2416 3529 2483 3581 ad
2512 3540 2719 3597 tempus
2757 3517 2862 3600 quo
2891 3533 2940 3586 in
2975 3543 3023 3588 te
3049 3535 3307 3591 discerem
3347 3554 3577 3608 sperare.
3617 3550 3666 3597 Α

2089 3617 2364 3684 juveutule
2391 3630 2564 3674 autem
2591 3637 2706 3674 nn-a
2727 3625 2861 3692 οωρί
2893 3624 2942 3677 in
2985 3634 3034 3680 te
3081 3622 3330 3694 sperare;
3355 3646 3421 3684 ex
3447 3647 3550 3702 quo
3579 3649 3669 3690 me

2093 3709 2345 3764 adversus
2371 3711 2636 3765 diabolum
2671 3719 2906 3779 armasti,
2939 3728 2994 3770 ut
3025 3718 3073 3770 iu
3103 3723 3374 3786 producta
3404 3727 3669 3779 exercitus

2096 3799 2168 3854 tui
2197 3813 2432 3856 armatus
2460 3803 2561 3858 lide
2584 3814 2694 3869 tua,
2721 3805 2998 3872 charitate,
3028 3823 3142 3877 spe,
3171 3811 3488 3883 cit-terisque
3512 3814 3668 3872 donis

2095 3891 2197 3944 tuis
2221 3890 2560 3961 conﬂigert'm
2591 3893 2846 3950 adversus
2893 3895 3186 3952 invisibiles
3227 3900 3470 3958 inimicos
3517 3913 3663 3970 tuos,

2091 3979 2434 4050 audiremque
2463 3984 2530 4036 ab
2575 3984 2832 4052 Apostolo
2865 4001 2878 4036 :
2908 3985 3027 4040 Non
3075 3997 3146 4042 est
3189 3989 3330 4044 nobis
3375 3993 3668 4050 colluctatio

2067 4071 2325 4124 adversus
2349 4089 2550 4125 carnem
2575 4085 2622 4126 et
2661 4077 2953 4145 sanguinem
2974 4093 2993 4139 ;
3013 4079 3100 4132 sed
3137 4079 3376 4136 adversus
3403 4086 3669 4155 principa-

2091 4173 2187 4227 tus,
2218 4174 2265 4216 et
2287 4175 2570 4232 potestates,
2601 4177 2644 4218 et
2673 4180 2887 4222 rectores
2915 4171 3088 4222 mundi
3115 4173 3427 4227 tenebrarum
3455 4175 3664 4238 harum,

2089 4257 2324 4308 adversus
2351 4258 2641 4325 spiritantia
2683 4263 2912 4333 nequitia:
2937 4262 3146 4332 (Ep/tes.
3175 4280 3250 4329 Vl,
3276 4265 3384 4338 12).
3413 4269 3551 4339 Ergo
3574 4270 3669 4340 ju-

2089 4347 2236 4402 venis
2261 4359 2340 4402 est
2367 4350 2453 4417 qui
2485 4363 2676 4420 pugnat
2717 4363 2899 4408 contra
2947 4355 3084 4420 ista;
3117 4359 3208 4411 sed
3236 4361 3476 4427 quamvis
3510 4363 3667 4428 juve.

2091 4441 2172 4520 nis
2197 4440 2283 4505 sit,
2315 4441 2472 4504 cadit,
2503 4443 2598 4496 nisi
2629 4444 2717 4499 ille
2761 4447 2984 4511 sitsues
3017 4449 3132 4516 ejus
3161 4453 3244 4504 cui
3275 4454 3468 4506 clamat
3495 4471 3508 4507 :
3555 4450 3664 4506 Do-

2088 4546 2236 4592 mine,
2264 4546 2376 4596 spes
2403 4549 2510 4584 utea
2539 4551 2568 4585 a
2590 4539 2850 4601 jnventute
2871 4555 2996 4590 mea.

2158 4619 2318 4690 8.}n
2342 4632 2388 4674 te
2409 4627 2628 4678 conlatio
2657 4643 2764 4679 mea
2790 4644 3004 4696 semper.
3034 4617 3294 4701 Numquid
3340 4651 3404 4689 ex
3457 4653 3564 4706 quo
3610 4639 3665 4695 in

2090 4721 2142 4766 te
2166 4727 2381 4781 sperare
2406 4716 2543 4784 οωρί
2579 4732 2745 4786 usque
2777 4720 2960 4774 nunc?
2999 4721 3122 4784 Sed,
3157 4741 3370 4793 semper.
3399 4727 3536 4795 Quid
3557 4741 3664 4792 est.

2086 4805 2320 4872 semper?
2345 4803 2460 4859 Non
2491 4817 2688 4862 tantum
2723 4819 2958 4880 tempore
3003 4814 3121 4868 lidei
3144 4857 3158 4878 ,
3191 4821 3284 4872 sed
3331 4829 3383 4873 et
3422 4829 3667 4891 tempore

2087 4896 2298 4962 speciei.
2324 4895 2471 4950 Nune
2499 4899 2637 4951 enim
2663 4902 2911 4969 quamdiu
2939 4918 3122 4958 sumus
3149 4907 3200 4960 in
3223 4923 3469 4978 corpore,
3502 4929 3663 4981 pere-

2087 4987 2358 5054 grinantur
2399 5004 2427 5040 a
2485 4989 2744 5056 Domino;
2793 5008 2892 5060 per
2917 4993 3072 5049 [idem
3119 4999 3258 5052 enim
3305 5002 3660 5070 ambulamus,

2088 5091 2190 5130 non
2230 5092 2325 5146 per
2366 5079 2593 5146 speciem
2623 5079 2644 5152 (
2671 5080 2710 5134 ll
2756 5082 2870 5140 Cor.
2905 5100 2956 5145 v,
2989 5085 3022 5140 6
3053 5087 3070 5156 )
3101 5090 3314 5144 :veniet
3353 5100 3562 5162 tempus
3604 5107 3661 5150 ut

2085 5169 2356 5222 videmnus
2379 5171 2518 5239 quod
2546 5187 2646 5226 non
2677 5172 2844 5227 visum
2875 5178 3166 5246 credimus;
3191 5183 3303 5236 viso
3318 5195 3496 5240 autem
3518 5188 3660 5256 quod

2086 5261 2353 5314 credimus
2374 5305 2387 5326 ,
2425 5263 2748 5320 lwtabimur:
2779 5268 2892 5323 viso
2919 5281 3092 5325 autem
3117 5275 3257 5342 quod
3286 5291 3388 5331 non
3412 5281 3661 5336 credide-

2088 5361 2208 5404 runt
2237 5353 2400 5420 impii,
2451 5351 2870 5413 confundentur.
2904 5359 3050 5416 Tunc
3081 5366 3256 5420 veniet
3283 5383 3366 5421 res
3405 5369 3558 5438 cujus
3577 5383 3661 5428 est

2086 5446 2243 5499 modo
2271 5461 2412 5515 spes.
2447 5446 2578 5516 Spes
2600 5449 2738 5502 enim
2763 5467 2878 5519 qum
2905 5453 3132 5521 videtur,
3156 5473 3260 5511 non
3290 5469 3372 5514 est
3417 5477 3564 5532 spes.
3604 5465 3660 5520 Si

2149 5558 2404 5647 L'rt'e’riqpp
2437 5561 2678 5647 non:
2705 5569 2964 5647 tingamus
2997 5565 3196 5647 ἤμει-ιινί
3216 5569 3276 5647 (ξε
3313 5583 3460 5642 manu
3490 5584 3662 5647 legem

2083 5627 2410 5699 prater-enatis
2433 5629 2478 5670 et
2517 5627 2684 5684 nurui,
2729 5627 2826 5673 noti
2857 5629 3133 5695 consentire.
3157 5631 3250 5681 sed
3270 5632 3403 5684 stetit
3430 5648 3448 5685 :
3469 5627 3662 5699 patiaris

2081 5689 2324 5802 ea?
2342 5749 2386 5792 te
2411 5742 2595 5794 tolerat.
2615 5746 2762 5796 abest
2774 5781 2788 5808 ,
2813 5753 2884 5809 te,‘
2899 5761 2927 5798 ει
2959 5755 3065 5802 Mss.
3079 5751 3345 5824 plerisque.
