4020 6198
389 414 488 477 88,!

384 535 560 581 autem
588 522 728 594 quod
764 537 866 576 non
906 520 1143 573 videmus
1172 531 1479 586 speramus,
1514 531 1606 585 per
1652 515 1952 584 patientiam

385 613 941 684 esspectamusmom.
970 627 1082 671 vut,
1110 609 1224 679 24).
1254 607 1408 661 Modo
1436 622 1563 677 ergo
1582 607 1767 675 gemis,
1799 604 1954 657 modo

384 708 434 763 in
470 707 640 760 locum
671 704 852 773 refugii
883 704 1072 767 curris,
1107 712 1161 755 ut
1188 701 1364 754 salvus
1404 700 1531 763 ﬁas;
1566 698 1723 753 modo
1765 698 1814 749 in
1861 697 1943 748 in-

387 798 635 852 tirmitate
675 795 874 863 positus
921 794 1178 847 medicum
1225 806 1380 861 rogas
1411 809 1425 845 :
1457 791 1579 859 quid
1603 832 1618 853 ,
1647 804 1765 842 cum
1797 803 1951 842 arce-

387 889 526 957 peris
554 886 838 956 perfectam
882 887 1038 940 etiam
1080 882 1396 938 sanitatem?
1423 881 1566 950 quid,
1589 896 1709 933 cum
1736 879 1953 934 ell‘ectns

294 1042 295 1045 η
384 977 545 1033 tueris
585 978 802 1047 aequalis
846 976 1060 1045 Angelis
1094 976 1186 1029 Dei
1216 970 1237 1044 (
1272 973 1454 1026 Matth.
1484 987 1620 1032 XXII,
1646 970 1715 1024 ’50
1749 969 1805 1037 )?
1845 969 1951 1037 jam

383 1073 518 1126 torte
545 1071 696 1125 istam
725 1071 945 1139 gratiam
975 1083 1076 1137 qua
1107 1068 1354 1121 liberatus
1376 1079 1434 1119 es
1453 1062 1818 1119 Oblivisceris?
1848 1060 1962 1147 at».

383 1164 469 1216 sit.
504 1160 565 1215 In
592 1173 637 1214 te
661 1161 877 1214 cantatio
902 1174 1011 1211 mea
1037 1171 1249 1227 semper.

453 1252 508 1307 9.
550 1249 696 1323 [vers.
733 1248 809 1321 7.]
836 1248 1097 1319 Tanquam
1125 1247 1407 1319 prodigium
1433 1247 1596 1318 factus
1621 1261 1732 1297 sunt
1763 1242 1950 1295 multis.

382 1342 480 1398 llic
510 1352 745 1410 tempore
774 1340 883 1408 spei
909 1378 923 1399 ,
955 1348 1197 1405 tempore
1223 1337 1450 1405 gemitus
1469 1377 1482 1400 ,
1514 1343 1749 1401 tempore
1778 1332 1950 1385 humi-

389 1435 568 1497 litatis,
594 1443 827 1500 tempore
850 1429 1069 1491 doloris,
1093 1437 1331 1495 tempore
1360 1426 1696 1487 iutirmitatis,
1717 1430 1967 1490 tempore

388 1526 532 1579 vocis
559 1539 587 1576 a
618 1521 957 1591 compedibus
982 1562 993 1581 ,
1022 1521 1104 1573 hic
1138 1530 1270 1587 ergo
1290 1518 1412 1586 quid
1438 1516 1457 1569 ?
1490 1515 1747 1581 Tanquam
1776 1513 1951 1581 prodi-

387 1619 524 1688 gium
552 1620 711 1688 factus
753 1631 861 1666 sunt
914 1610 1100 1664 multis.
1137 1610 1303 1673 Unde,
1349 1620 1588 1679 tanquam
1612 1604 1953 1679 .prorligiunt?

390 1707 528 1761 unde
556 1705 682 1759 mihi
712 1704 969 1757 insultant
994 1703 1082 1772 qui
1126 1717 1211 1755 me
1238 1701 1520 1770 prodigium
1563 1696 1783 1768 putant?
1820 1695 1949 1762 Quia

387 1798 547 1853 credo
570 1796 707 1865 quod
740 1811 843 1848 non
873 1795 1044 1849 video.
1074 1793 1150 1847 Illi
1180 1792 1341 1855 enim,
1378 1791 1516 1845 beati
1540 1792 1590 1843 in
1622 1790 1702 1843 his
1725 1805 1843 1859 quze
1871 1789 1948 1841 vi-

385 1892 535 1954 dent,
563 1890 826 1944 exsultant
855 1889 906 1942 in
934 1895 1080 1955 potu,
1113 1888 1163 1940 in
1191 1886 1415 1949 luxuria,
1440 1885 1490 1936 in
1519 1882 1951 1943 scortationibus,

387 1982 439 2036 in
462 1982 701 2046 avaritia,
735 1982 787 2033 in
818 1980 1033 2040 divitiis,
1063 1979 1114 2032 in
1143 1977 1360 2047 rapinis,
1401 1978 1454 2029 in
1503 1975 1847 2029 szecularibus
1871 1975 1952 2027 di-

385 2071 691 2143 gnitatibus.
724 2072 775 2125 in
803 2071 1137 2124 dealbatione
1184 2069 1310 2123 lutei
1359 2068 1603 2133 parietis;
1663 2067 1714 2121 in
1757 2067 1837 2120 bis
1861 2082 1952 2119 es-

387 2143 586 2218 sullant
613 2179 625 2214 :
658 2160 871 2215 ambulo
897 2167 1071 2213 autem
1099 2173 1197 2228 ego
1227 2160 1277 2211 in
1300 2158 1437 2211 viam
1465 2156 1796 2218 dissimilem,
1825 2171 1952 2211 cott-

388 2263 628 2307 temnens
674 2267 735 2306 ea
781 2266 898 2320 qua:
943 2250 1221 2319 praesentia
1249 2257 1409 2314 sunt,
1458 2257 1512 2302 et
1559 2249 1750 2301 timens
1794 2249 1953 2301 etiam

386 2359 636 2414 prospera
664 2343 866 2407 saeculi,
895 2357 992 2396 nec
1020 2341 1211 2395 alicubi
1238 2354 1456 2394 securus
1480 2339 1581 2394 nisi
1611 2339 1663 2393 in
1680 2340 1953 2408 pt'omiSsis

322 2413 333 2426 ’
389 2435 498 2489 ltei.
525 2433 591 2488 Et
616 2434 719 2487 illi:
749 2432 1110 2486 Manducemus
1130 2423 1175 2485 et
1204 2430 1463 2495 bibamus;
1485 2446 1597 2483 cras
1617 2431 1746 2483 enim
1777 2431 1954 2482 morie-

384 2545 498 2582 ntur
523 2530 541 2599 (
570 2527 583 2579 Ι
612 2527 726 2580 Cor.
757 2542 847 2591 xv,
873 2525 942 2580 ΒΞ
967 2525 1008 2595 ).
1039 2525 1173 2592 Quid
1205 2523 1318 2577 ais?
1339 2534 1537 2591 repnte.
1560 2523 1968 2599 Manducetnus,‘

385 2598 573 2688 inquit,
619 2628 666 2671 et
696 2617 936 2671 bibamus.
969 2620 1111 2687 Age;
1164 2616 1288 2686 quid
1340 2625 1518 2685 postea
1560 2598 1786 2668 dixisti?
1827 2614 1953 2669 Cras

382 2711 514 2762 enim
560 2709 848 2762 moriemur.
896 2707 1182 2773 Terruisti;
1211 2722 1314 2760 non
1347 2706 1618 2760 seduxisti.
1648 2707 1807 2761 Plane
1853 2702 1953 2760 hoc

384 2799 501 2869 ipso
529 2799 666 2867 quod
713 2807 897 2869 postea
949 2797 1160 2862 dixisti,
1221 2797 1484 2851 incussisti
1535 2797 1660 2850 mihi
1709 2798 1950 2873 timorem

381 2906 450 2946 ne
502 2891 591 2944 tibi
642 2891 991 2946 consentiam.
1029 2888 1160 2943 Cras
1200 2889 1339 2943 enim
1386 2888 1710 2951 moriemur,
1738 2888 1948 2953 dixisti;

381 2990 435 3037 ct
484 2983 788 3050 pramessit,
846 2980 1207 3035 Manducemus
1244 2989 1290 3032 et
1339 2980 1578 3033 bibamus.
1630 2980 1762 3034 Cttm
1808 2980 1947 3033 enim

380 3072 623 3134 dixisses,
670 3071 1036 3125 Manducemus
1085 3081 1130 3124 et
1177 3070 1423 3135 bibamus;
1474 3071 1776 3140 adjunxisti,
1823 3071 1949 3127 Cras

380 3164 511 3217 enim
550 3165 838 3217 moriemur.
878 3162 1014 3217 Audi
1058 3171 1241 3216 contra
1291 3177 1318 3215 a
1350 3179 1471 3216 me:
1508 3163 1614 3216 lmo
1651 3163 1948 3231 jejunemus

384 3264 439 3309 et
499 3270 745 3317 oremus;
826 3270 942 3309 eras
1017 3255 1156 3310 enim
1230 3258 1534 3309 moriemur.
1598 3256 1742 3311 llanc
1808 3258 1944 3310 viam

381 3349 562 3393 tenens
582 3351 779 3393 arctam
806 3348 857 3392 et
891 3348 1184 3408 augustam,
1219 3349 1452 3408 tanquam
1483 3341 1763 3410 prodigium
1786 3344 1946 3411 factus

377 3446 486 3483 sum
529 3430 731 3493 multis;
759 3430 847 3482 sed
893 3439 945 3483 tu
971 3430 1173 3498 adiutor
1203 3431 1364 3501 fortis.
1413 3429 1631 3493 Adesto,
1662 3446 1694 3481 o
1726 3431 1945 3485 Domine

376 3519 499 3576 Jesu
521 3562 535 3584 ,
580 3520 666 3590 qui
699 3519 825 3575 mihi
868 3519 1012 3574 dicas
1037 3538 1050 3572 :
1078 3519 1191 3573 Noli
1228 3520 1452 3575 deﬁcere
1500 3520 1550 3573 in
1581 3524 1660 3574 via
1690 3532 1942 3590 angusta;

378 3628 476 3681 ego
504 3612 644 3679 prior
675 3612 880 3674 transii,
914 3626 1012 3680 ego
1054 3627 1168 3664 sum
1208 3610 1429 3677 ipsa‘via
1460 3611 1479 3676 (
1505 3610 1660 3663 Joan.
1691 3627 1804 3674 xiv,
1837 3611 1868 3666 6
1899 3612 1940 3681 ),

378 3718 475 3769 ego
502 3692 663 3767 duco,
694 3703 743 3755 in
769 3716 852 3755 me
878 3701 1030 3762 duco,
1065 3700 1128 3753 ad
1161 3715 1244 3753 me
1275 3700 1521 3768 perduco.
1556 3701 1693 3767 Ergo
1708 3702 1945 3768 quamvis

338 3795 659 3866 ‘nrodigiunt
706 3794 867 3862 factus
920 3810 1031 3845 sunt
1087 3792 1289 3855 multis;
1344 3802 1513 3844 tamen
1556 3809 1659 3843 non
1708 3792 1941 3855 timebo,

378 3886 496 3956 quia
518 3894 571 3937 tu
597 3885 797 3953 adjutor
820 3884 980 3953 fortis.

448 3976 532 4031 10.
575 3973 594 4048 [
620 3991 751 4027 vers.
772 3980 823 4029 ὃ.
851 3972 872 4045 ]
904 3974 1173 4042 llepleatnr
1199 3990 1252 4025 os
1278 3988 1438 4025 nteant
1464 3972 1613 4024 laude
1630 4013 1644 4033 ,
1678 3982 1729 4022 ut
1761 3974 1944 4041 hymno

377 4070 540 4128 dicam
580 4066 791 4138 gloriam
846 4076 1021 4129 luant;
1060 4075 1163 4117 tota
1204 4066 1284 4116 die
1338 4064 1754 4133 magniﬁcentiam
1787 4073 1939 4116 luant.

378 4159 510 4227 Quid
539 4169 636 4221 est,
667 4167 768 4210 tota
807 4156 927 4226 die?
955 4156 1080 4209 Sine
1129 4152 1535 4209 intermiSsione.
1572 4152 1623 4205 In
1654 4158 1941 4223 prosperis,

378 4250 494 4319 quia
525 4248 845 4310 consolaris;
880 4248 929 4300 in
954 4245 1205 4299 adversis.
1229 4244 1349 4314 quia
1376 4243 1631 4312 eorrigis;
1665 4254 1941 4313 antequam

380 4356 550 4396 essem
571 4380 587 4406 ,
615 4340 735 4408 quia
777 4338 981 4403 fecisti;
1013 4352 1131 4391 cum
1165 4352 1356 4402 essem,
1387 4337 1504 4405 quia
1544 4336 1764 4390 salutem
1794 4335 1942 4389 dedi-

379 4433 443 4485 sti
470 4449 481 4484 :
513 4446 630 4484 cum
673 4444 1007 4498 peccassem,
1040 4430 1159 4495 quia
1211 4429 1484 4497 iguovisli;
1511 4444 1628 4481 cum
1660 4444 1944 4483 conversits

390 4536 582 4585 essem,
611 4521 727 4589 quia
774 4519 1014 4588 adjuvisli
1038 4535 1195 4581 ;.cum
1230 4534 1674 4586 perseverasst-m,
1713 4520 1830 4587 quia
1856 4537 1939 4569 ro~

381 4610 597 4665 ranasti.
625 4610 695 4662 Ita
725 4610 876 4677 plane
897 4609 1152 4678 repleatur
1192 4625 1245 4661 os
1284 4625 1441 4660 nteant
1471 4609 1637 4671 laude,
1674 4620 1733 4680 ,ιιι
1761 4609 1944 4678 hymno

379 4705 543 4756 dicam
572 4702 784 4772 gloriam
811 4710 945 4752 luant
969 4717 988 4765 ;
1019 4710 1121 4752 tota
1147 4700 1227 4751 die
1255 4700 1546 4767 magni/icon
1575 4702 1668 4750 iant
1694 4710 1849 4752 luant.

450 4795 536 4848 Η.
567 4791 713 4865 [vers.
737 4788 813 4861 9.]
849 4789 926 4843 Ne
950 4789 1186 4861 projicias
1217 4806 1292 4842 nte
1321 4791 1368 4841 in
1392 4791 1639 4857 tempore‘
1661 4790 1941 4842 senectutis.

382 4885 510 4954 Spes
539 4900 647 4935 utea
665 4900 696 4934 α
715 4883 976 4951 juventute
1014 4897 1142 4941 mea,
1175 4896 1235 4931 ne
1273 4879 1509 4948 projicias‘
1533 4894 1608 4929 nte
1652 4879 1701 4930 in
1730 4887 1948 4947 tempore

381 4975 661 5029 senectutis.
691 4972 837 5040 Quod
869 4983 949 5024 est
982 4971 1082 5023 hoc
1111 4982 1313 5036 tempus
1342 4967 1661 5023 senectutis?
1705 4968 1827 5022 Cum
1856 4970 1947 5022 de-

381 5067 512 5134 ﬁciet
541 5066 691 5118 virtus
735 5080 863 5129 mea,
913 5078 975 5115 ne
1016 5061 1331 5130 derelinquas
1380 5078 1480 5113 me.
1510 5060 1813 5128 Restiondet
1863 5060 1949 5115 hic

384 5158 476 5212 tibi
502 5156 640 5210 Deus
672 5171 685 5207 :
716 5155 827 5208 lmo
855 5168 981 5207 vero
1007 5151 1213 5205 deliciat
1247 5152 1408 5204 virtus
1438 5160 1544 5212 tua,
1578 5159 1632 5203 ut
1657 5151 1706 5202 in
1740 5159 1789 5203 te
1832 5168 1948 5203 ma-

385 5257 505 5303 neat
535 5261 681 5309 mea;
714 5253 771 5299 ut
809 5244 954 5298 dicas
981 5258 1100 5297 cum
1134 5241 1424 5309 t'lpostolo:
1458 5240 1672 5305 Quando
1697 5241 1946 5307 inﬁrmor,

384 5352 501 5394 tunc
528 5349 697 5408 potens
717 5355 825 5391 sttm
849 5336 867 5409 (
893 5334 932 5389 ll
960 5333 1074 5388 Cor.
1102 5350 1195 5391 xu.
1223 5333 1288 5387 10
1314 5335 1351 5402 ).
1375 5330 1491 5385 Noli
1519 5331 1704 5385 timere
1730 5346 1796 5385 ne
1824 5348 1948 5400 pro-

374 5432 579 5502 ’jiciaris
604 5431 652 5484 in
673 5430 994 5491 inﬁrmitate,
1042 5425 1094 5478 in
1122 5425 1219 5477 ista
1256 5430 1525 5476 senectute
1554 5423 1592 5475 ’.
1624 5422 1755 5489 Quid
1784 5423 1944 5491 enim,

387 5523 640 5578 Dominus
681 5533 798 5575 tuus
842 5534 947 5573 non
996 5527 1078 5572 est
1123 5516 1414 5569 inﬁrmatus
1462 5515 1512 5567 in
1543 5514 1741 5568 cruce?
1772 5529 1948 5567 nonne

384 5615 693 5680 anteillum,
728 5622 972 5680 tanquam
1007 5617 1129 5663 ante
1170 5607 1434 5660 hominem
1480 5605 1606 5658 nihil
1650 5606 1945 5668 valentem,

448 5731 465 5763 ¹
489 5735 643 5789 Forte,
678 5728 729 5777 in
754 5731 970 5788 tempus;
992 5729 1046 5772 ut
1079 5720 1332 5783 aliquoties
1376 5717 1510 5777 infra,
1540 5719 1677 5780 juxta
1700 5717 1950 5777 Gr:ec.,eis

395 5792 674 5910 “figlinum
700 5856 826 5906 \tss.,
853 5847 901 5897 itt
924 5842 1264 5907 inﬁrmitatem,
1290 5840 1337 5891 in
1361 5839 1498 5890 istaut
1521 5846 1820 5889 senectutem.

1393 403 1613 456 ENAllll
1639 400 1780 455 \TlO
1820 400 1881 454 ΡΝ
1926 399 2240 455 ΡΞΑΙΑΜΗΜ
2285 401 2444 455 LXX.

3526 415 3627 469 882

2064 517 2378 580 captivatum
2421 525 2473 569 et
2519 533 2849 587 oppressum,
2897 530 3065 591 caput.
3092 523 3420 597 agitaverant
3448 526 3626 584 fortis~

2063 605 2203 669 simi,
2234 613 2288 661 et
2317 608 2450 660 tauri
2482 610 2717 678 pingues,
2748 622 2801 665 et
2823 611 3069 666 dixerunt
3099 631 3112 665 :
3138 614 3198 668 Si
3227 614 3389 670 Filius
3414 618 3507 671 Dei
3532 631 3623 684 est,

2062 697 2327 749 descendat
2347 699 2409 751 de
2433 715 2577 752 cruce
2606 699 2624 772 (
2654 700 2835 755 Matth.
2869 719 3012 757 xxvu
3030 746 3045 767 ,
3068 704 3155 768 59,
3179 707 3247 760 40
3274 707 3291 776 )
3318 708 3340 761 ?
3367 708 3625 780 Numquid

2062 786 2169 848 ille,
2199 789 2318 856 quia
2346 789 2585 845 iulirmus
2609 804 2741 860 erat,
2777 795 3012 850 desertus
3043 806 3152 863 est;
3181 799 3266 869 qui
3317 802 3495 854 maluit
3522 819 3623 857 non

2060 876 2383 934 descendere
2422 882 2486 934 de
2532 899 2709 946 cruce,
2740 900 2805 937 ne
2851 901 2954 938 non
3001 888 3282 954 potentiam
3310 891 3622 955 ostendisse,

2060 968 2151 1021 sed
2193 968 2564 1027 insultantibus
2591 976 2813 1030 cessisse
2855 976 3162 1031 videretur?
3191 979 3323 1045 Quid
3370 992 3419 1035 te
3448 982 3625 1039 docuit
3678 965 3686 973 i

2060 1061 2315 1128 pendens,
2347 1064 2433 1133 qui
2462 1064 2784 1120 descendere
2814 1069 2999 1133 noluit,
3033 1071 3129 1124 nisi
3158 1072 3458 1139 patientiam
3486 1056 3625 1130 inter

2060 1151 2393 1221 insultantes,
2419 1156 2518 1209 nisi
2548 1166 2604 1209 ut
2637 1157 2709 1210 sis
2746 1159 2894 1212 tortis
2935 1160 2984 1212 in
3012 1161 3122 1215 Deo
3154 1161 3274 1215 tuo?
3301 1161 3458 1217 Forte
3483 1175 3535 1219 et
3557 1180 3622 1218 ex

2058 1243 2173 1311 ejus
2221 1260 2443 1313 persona
2473 1246 2668 1300 dictum
2719 1250 2817 1311 sit,
2856 1248 3113 1319 Tanquam
3146 1252 3431 1323 prodigium
3460 1257 3623 1323 factus

2060 1351 2171 1388 sunt
2199 1337 2398 1401 multis,
2423 1350 2467 1390 et
2493 1348 2545 1390 tu
2574 1340 2778 1408 adjutor
2810 1342 2991 1409 fortis:
3021 1356 3085 1395 ex
3125 1359 3348 1411 persona
3377 1344 3491 1412 ejus
3534 1360 3621 1400 se-

2056 1427 2286 1485 cundum
2332 1429 2730 1491 inﬁrmitatem,
2784 1448 2886 1485 non
2932 1433 3218 1487 secundum
3273 1408 3617 1503 potestatem;

2058 1519 2345 1573 secundum
2377 1519 2425 1573 id
2457 1522 2596 1589 quod
2641 1536 2735 1575 nos
2773 1524 2823 1575 in
2869 1537 2927 1577 se
2976 1525 3472 1591 transﬁguraverat,
3516 1542 3619 1578 non

2058 1610 2345 1663 secundum
2378 1610 2428 1663 id
2456 1611 2594 1681 quod
2626 1613 2738 1680 ipse
2763 1612 3125 1667 descenderat.
3152 1614 3344 1668 Factus
3367 1624 3447 1668 est
3480 1617 3619 1669 enim

2057 1699 2238 1753 multis
2280 1702 2594 1771 prodigium.
2631 1702 2695 1756 Et
2739 1703 2872 1756 forte
2906 1703 3017 1772 ipsa
3062 1696 3618 1775 eratsenectustejns;
3698 1748 3699 1751 η

2056 1791 2175 1860 quia
2203 1807 2269 1846 ex
2297 1802 2559 1847 vetustate
2583 1810 2685 1847 non
2717 1797 2998 1863 incongrue
3032 1808 3279 1850 senecms
3304 1807 3539 1857 vocatur.
3569 1809 3622 1851 et

2056 1881 2129 1933 ait
2164 1882 2447 1950 Apostolus
2477 1900 2490 1935 :
2536 1882 2683 1937 Vetus
2709 1885 2858 1937 homo
2888 1895 3054 1937 noster
3078 1885 3230 1939 simul
3252 1888 3525 1951 cruciﬁxus
3553 1900 3627 1941 est

2056 1987 2171 2024 cum
2194 1972 2282 2025 illo
2303 1971 2477 2043 (Rom.
2512 1989 2581 2037 γι,
2615 1974 2692 2044 6).
2731 1974 2785 2028 Si
2821 1976 2893 2028 ibi
2919 1985 3031 2029 erat
3062 1988 3209 2029 vetus
3235 1976 3390 2029 homo
3419 1990 3616 2035 noster.

2055 2072 2304 2117 senectus
2333 2064 2400 2118 ibi
2428 2075 2576 2127 erat;
2617 2066 2737 2133 quia
2769 2075 2916 2119 vetus
2940 2106 2956 2125 ,
2987 2076 3249 2120 senectus.
3277 2066 3472 2119 Tamen
3499 2068 3617 2134 quia

2055 2170 2238 2209 verum
2260 2165 2360 2219 est,
2391 2157 2729 2210 Renovabitur
2748 2159 2873 2211 sicut
2900 2159 3081 2227 aquilae
3095 2159 3331 2228 juventus
3346 2170 3431 2209 tua
3448 2159 3616 2227 (ι’δαι.

2055 2260 2149 2307 cu,
2169 2245 2223 2314 5)
2243 2270 2258 2310 ,
2284 2248 2573 2301 resurrexit
2590 2249 2699 2315 ipse
2716 2247 2801 2302 die
2820 2250 2997 2314 tertio,
3024 2227 3261 2317 promisit
3276 2250 3621 2313 resurrectio-

2058 2326 2177 2390 ἤθη)
2195 2337 2341 2390 linito
2360 2337 2573 2392 saeculo.
2595 2336 2710 2391 .Iam
2733 2339 3001 2405 prmceSsit
3024 2349 3199 2406 caput;
3219 2339 3450 2399 membra
3473 2353 3621 2393 secu-

2057 2438 2172 2481 tura
2199 2436 2338 2481 sunt.
2359 2427 2495 2493 Quid
2527 2429 2676 2481 times
2702 2444 2768 2481 ne
2784 2429 3114 2497 derelinquat
3134 2438 3203 2494 te,
3233 2445 3300 2483 ne
3328 2430 3537 2495 abjiciat
3569 2432 3618 2484 in

2056 2529 2264 2589 tempus
2291 2518 2597 2584 senectutis,
2629 2535 2748 2571 cum
2766 2518 3019 2572 defecerit
3042 2521 3207 2574 virtus
3225 2522 3349 2573 tua?
3374 2520 3483 2574 lmo
3501 2530 3620 2575 tunc

2054 2610 2107 2663 in
2140 2619 2192 2663 te
2221 2610 2324 2663 erit
2349 2610 2514 2663 virtus
2542 2609 2677 2677 ejus,
2701 2609 2912 2677 quando
2931 2608 3184 2663 defecerit
3207 2611 3369 2665 virtus
3395 2621 3502 2665 tua.

2128 2698 2213 2753 12.
2239 2698 2386 2772 [vers.
2422 2699 2508 2762 10,
2543 2696 2652 2771 11.]
2680 2699 2974 2769 Quareltoc
2997 2699 3150 2755 dico?
3179 2720 3196 2752 ι
3227 2701 3356 2769 Quia
3378 2702 3620 2759 dixerunt

2054 2792 2252 2846 inimici
2284 2792 2385 2846 mei
2416 2791 2564 2858 mihi,
2589 2800 2643 2845 et
2662 2792 2748 2860 qui
2771 2791 3138 2846 custodiebant
3160 2794 3384 2847 animum
3415 2811 3618 2858 meam,

2053 2884 2329 2938 consilium
2359 2882 2598 2938 fecerunt
2629 2885 2679 2937 in
2722 2900 2906 2949 unum,
2947 2884 3180 2938 dicentes
3213 2904 3224 2938 :
3260 2886 3395 2941 Deus
3433 2888 3619 2942 dereli-

2051 2975 2166 3044 quit
2183 2990 2340 3037 eum;
2373 2975 2752 3043 persequimini
2780 2983 2832 3029 et
2859 2977 3292 3045 cpmprebendite
3332 2994 3475 3043 eum,
3499 2981 3619 3042 quia

2051 3079 2156 3119 non
2175 3073 2257 3119 est
2279 3064 2368 3133 qui
2386 3073 2538 3118 eruat
2566 3080 2709 3118 eum.
2749 3084 2768 3116 ι
2803 3065 3006 3119 Dictum
3032 3076 3112 3120 est
3138 3066 3240 3120 hoc
3270 3067 3335 3121 de
3360 3069 3573 3121 Christo
3605 3090 3617 3122 :

2050 3158 2139 3212 ille
2165 3160 2305 3214 enim
2351 3160 2448 3228 qui
2489 3154 2722 3228 potentia
2767 3175 2953 3232 magna
2992 3160 3312 3222 divinitatis,
3345 3140 3619 3231 quaPatni

2048 3248 2266 3318 aequalis
2284 3256 2386 3313 est,
2418 3249 2822 3303 resuscitai'erat
2850 3260 3109 3316 mortuos,
3141 3253 3314 3306 subito
3336 3253 3474 3307 inter
3503 3272 3617 3307 ma-

2048 3355 2149 3393 nus
2198 3340 2527 3393 inimicorum
2573 3340 2815 3394 inﬁrmus
2866 3340 3031 3395 factus
3066 3354 3167 3406 est,
3215 3353 3267 3397 et
3297 3346 3444 3413 quasi
3490 3345 3619 3400 nihil

2047 3430 2230 3484 valens
2279 3430 2576 3499 prehensus
2618 3441 2719 3485 est.
2764 3430 2986 3498 Quando
3026 3433 3472 3503 prehenderetur,
3520 3434 3617 3489 nisi

2047 3519 2122 3574 illi
2174 3521 2342 3589 primo
2397 3521 2450 3573 in
2498 3521 2662 3575 corde
2709 3536 2805 3574 suo
2856 3522 3140 3576 dicot'ettt:
3179 3523 3311 3576 Deus
3361 3526 3618 3594 dereliquit

2049 3628 2160 3665 eum
2180 3612 2202 3664 ?
2224 3609 2375 3666 Unde
2405 3610 2495 3663 illa
2542 3627 2642 3663 vox
2678 3620 2759 3664 est
2788 3613 2838 3663 in
2866 3624 3060 3665 cruce:
3096 3612 3226 3664 Deus
3265 3631 3397 3667 mens
3417 3655 3431 3676 ,
3487 3615 3617 3669 [reus

2047 3718 2201 3764 meus,
2232 3700 2409 3769 utquid
2429 3701 2733 3769 dereliquisti
2758 3718 2833 3752 nte
2862 3700 3027 3770 (Psal.
3060 3718 3171 3761 xxi,
3201 3703 3298 3767 2)?
3329 3705 3461 3773 lirgo
3480 3705 3617 3758 Deus

2046 3792 2327 3859 dereliquit
2347 3792 2636 3853 Christum.
2667 3809 2785 3845 cum
2818 3793 3110 3847 Deusessct
3142 3797 3189 3846 in
3225 3795 3435 3850 Christo
3462 3814 3616 3850 mun-

2048 3885 2170 3935 dum
2204 3884 2547 3936 reconcilians
2577 3885 2671 3937 sibi
2700 3884 2717 3952 (
2751 3882 2789 3937 ll
2836 3884 2954 3940 Cor.
2980 3902 3029 3949 v,
3060 3888 3122 3939 l9
3152 3884 3169 3955 )
3194 3929 3205 3946 ,
3252 3870 3367 3939 cum
3393 3898 3531 3942 esset
3563 3900 3615 3943 et

2046 3973 2288 4051 Lbristus
2309 3972 2464 4032 Deus,
2489 3988 2554 4026 ex
2575 3972 2772 4026 Jud.eis
2808 3974 3017 4041 quidem
3066 3977 3350 4028 secundum
3380 3994 3611 4041 carnem,

2047 4067 2135 4134 qui
2166 4075 2245 4119 cst
2270 4081 2429 4134 super
2453 4065 2626 4119 omnia
2659 4066 3122 4119 Deusbenediclus
3146 4066 3195 4119 iu
3216 4066 3404 4120 sutcula
3435 4068 3588 4137 (lium

2052 4175 2120 4222 Ix,
2145 4157 2241 4228 5)?
2273 4158 2412 4211 Deus
2442 4156 2652 4226 reliquit
2694 4157 2870 4208 illum?
2894 4157 3062 4209 Absit.
3105 4157 3204 4210 Sed
3237 4159 3287 4210 in
3318 4171 3495 4212 vetere
3526 4179 3615 4213 no-

2049 4261 2160 4303 stro
2189 4265 2290 4303 vox
2318 4259 2493 4302 nostra
2517 4256 2650 4312 erat,
2682 4248 2801 4314 quia
2824 4247 2977 4301 simul
3008 4249 3289 4302 cruciﬁxus
3329 4261 3440 4304 erat
3469 4263 3614 4303 vetus

2051 4342 2208 4395 homo
2235 4350 2412 4395 noster
2431 4356 2551 4394 cum
2577 4339 2697 4404 illo;
2728 4350 2778 4392 et
2805 4339 2870 4393 de
2901 4340 3013 4407 ipso
3032 4352 3208 4394 vetere
3224 4349 3404 4394 nostro
3425 4356 3614 4409 corpus

2047 4444 2354 4501 acceperat,
2385 4433 2503 4500 quia
2535 4431 2691 4484 Maria
2737 4430 2804 4484 de
2832 4431 2996 4483 Adam
3025 4441 3158 4484 erat.
3203 4430 3340 4499 Ergo
3374 4431 3508 4497 quod
3543 4431 3607 4483 illi
3660 4430 3671 4439 ’

2051 4534 2382 4593 putaverunt,
2416 4525 2514 4576 hoc
2543 4522 2610 4575 de
2641 4538 2794 4576 cruce
2824 4522 2953 4575 dixit
2984 4540 2997 4574 :
3031 4522 3199 4587 Quare
3237 4539 3314 4574 me
3347 4523 3608 4586 (Ιε›ὀ;1ἰρ,·ηιη

2048 4618 2109 4671 sti
2134 4615 2338 4687 (Matth.
2370 4629 2532 4676 xxvtt,
2566 4613 2699 4681 Mi)?
2724 4614 2896 4679 Quare
2927 4629 3010 4666 me
3057 4613 3137 4665 isti
3181 4612 3486 4666 derelictum
3518 4629 3611 4679 pu-

2051 4704 2315 4757 lantmalo
2342 4703 2622 4770 suo?Quid
2653 4713 2752 4765 est,
2781 4703 3090 4754 derelictum
3121 4711 3303 4769 putant
3328 4702 3614 4753 ntalosuo?

2049 4796 2101 4849 Si
2154 4797 2294 4847 enim
2350 4796 2762 4864 cognovissent,
2812 4800 3074 4859 nunquam
3124 4794 3394 4846 Dominum
3435 4795 3614 4862 gloria:

2050 4887 2433 4939 crucilixissent
2461 4883 2478 4951 (
2503 4884 2518 4937 l
2550 4882 2666 4938 Cor.
2700 4898 2757 4953 tt,
2786 4879 2874 4953 8).
2910 4880 3290 4949 Persequimini,
3318 4895 3361 4934 et
3385 4900 3610 4969 συνεργεῖ-

2054 4977 2250 5029 ltt’ltlllle
2269 4992 2400 5029 eum.
2442 4973 2774 5027 Familiarius
2800 4983 2972 5024 tamen
3004 4972 3035 5024 il
3073 4987 3129 5036 c,
3163 4974 3363 5036 fratres,
3393 4974 3612 5040 arripit».

2053 5083 2170 5118 lttllS
2215 5081 2278 5120 ex
2324 5064 2575 5118 membris
2608 5062 2825 5125 Christi,
2873 5072 2927 5116 et
2957 5079 3135 5115 wwem
3167 5072 3396 5117 nostram
3440 5065 3488 5116 in
3537 5063 3611 5114 his

2054 5156 2228 5209 verbis
2247 5168 2626 5224 agnoscamus:
2652 5153 2770 5220 quia
2802 5162 2853 5204 et
2878 5152 2963 5204 ille
2983 5154 3110 5203 talos
3128 5168 3284 5205 voces
3308 5168 3370 5206 ex
3392 5168 3611 5220 persona

2057 5258 2230 5301 nostra
2262 5244 2460 5307 habuit,
2493 5260 2594 5298 non
2624 5260 2687 5296 ex
2727 5245 2953 5312 potentia
2982 5254 3034 5296 et
3065 5243 3336 5311 majestate
3373 5242 3611 5305 sna;.setl

2054 5356 2115 5393 ex
2141 5354 2202 5390 eo
2227 5336 2364 5406 quod
2401 5335 2566 5389 tinctus
2604 5344 2683 5389 est
2715 5347 2930 5404 propter
2958 5352 3077 5400 nos,
3113 5353 3214 5390 non
3242 5333 3533 5388 secundum
3565 5333 3610 5385 id

2054 5429 2191 5498 quod
2218 5436 2335 5481 erat
2362 5428 2448 5495 qui
2480 5427 2600 5479 fecit
2630 5441 2749 5478 nos.
3270 5406 3275 5413 '

2081 5615 2087 5621 ,
2128 5559 2213 5611 15.
2241 5555 2387 5629 [vers
2424 5555 2534 5628 12.]
2563 5556 2774 5610 Domine
2805 5556 2936 5609 Deus
2967 5574 3120 5616 nn'us,
3150 5572 3210 5609 ne
3233 5555 3427 5621 elongrs
3457 5569 3487 5604 a
3520 5570 3612 5608 me.

2056 5650 2127 5703 ita
2161 5652 2235 5714 lit,
2267 5658 2320 5701 ιιι
2348 5666 2450 5702 non
2491 5642 2699 5717 elongat
2728 5649 2962 5702 omnino.
3012 5649 3177 5714 Prope
3216 5654 3294 5696 est
3343 5644 3480 5697 enim
3516 5644 3610 5697 Do.

2056 5743 2229 5793 minus
2257 5739 2336 5792 bis
2361 5741 2446 5807 qui
2477 5740 2799 5791 obtrivcrunt
2826 5755 2916 5790 cor
2938 5736 3106 5796 (l’snl.
3134 5749 3313 5805 xxxiii,
3352 5735 3457 5803 l9).
3485 5730 3617 5793 Dea:

2058 5850 2213 5896 meus,
2245 5833 2294 5884 in
2320 5832 2623 5898 adjutorinm
2650 5846 2810 5882 meum
2838 5830 3041 5894 respice.
