4020 6198
307 559 463 612 vitam
505 549 776 610 :eternatn.
806 554 885 609 Sit
910 569 1034 623 ergo
1067 554 1158 606 ista
1195 552 1306 605 laus
1334 553 1534 620 adjecta
1570 556 1658 616 per
1689 565 1866 602 reatr-

303 649 593 703 rectionem
624 646 830 698 Domini
881 645 1043 697 nostri
1075 644 1197 698 Jes‘u
1245 643 1482 703 (Ihristi;
1529 651 1584 694 ιιι
1627 643 1708 694 hie
1761 642 1876 706 ejus

302 757 485 794 vocem
511 731 862 808 intelligamus
888 752 1046 806 Super
1067 723 1276 791 omnem
1301 734 1506 789 laudem
1533 751 1622 802 pra
1643 733 1873 786 tet-itam:

301 834 378 886 sic
410 831 510 886 hec
537 841 589 885 et
619 839 762 884 recte
788 829 1144 896 intelligimus.
1175 825 1338 894 Quid,
1365 837 1418 880 tu
1450 824 1584 879 forte
1609 832 1874 892 peccator,

301 923 388 991 qui
423 921 646 974 timebas
676 917 933 974 committi
963 918 1188 971 animam
1220 926 1382 978 tuam,
1415 915 1501 983 qui
1532 913 1582 970 in
1620 915 1736 983 ipso
1763 912 1878 966 solo

302 1013 576 1081 Sperahas,
608 1021 665 1064 ttt
693 1027 720 1063 a
751 1012 920 1080 prima
955 1011 1037 1063 illa
1084 1009 1386 1079 captivitate
1434 1007 1752 1069 liberareris,
1789 1006 1876 1074 qui

302 1105 366 1157 de
383 1103 581 1173 justitia
598 1112 680 1156 tua
696 1088 798 1156 non
817 1101 1296 1171 prmsuawhas,srd
1315 1101 1380 1155 de
1392 1101 1554 1169 gratia
1573 1099 1877 1158 illiusquam

245 1227 250 1232 ·
303 1194 639 1248 Commendat
680 1193 763 1248 hic
803 1190 1070 1262 psalmus;
1107 1191 1249 1262 quid,
1306 1201 1358 1244 ιιι
1407 1190 1625 1256 θιὶρἱιίιξε
1681 1188 1876 1257 aliquid

301 1303 462 1355 super
485 1300 700 1339 omnem
727 1284 935 1338 laudem
971 1285 1059 1337 Dei
1081 1284 1103 1336 ?
1149 1283 1427 1352 Adjiciam,
1461 1283 1648 1350 inquit.
1686 1280 1876 1332 Videa-

303 1392 419 1430 mus
441 1375 562 1445 quid
591 1375 823 1443 adjiciat.
855 1374 1040 1428 Posset
1067 1389 1186 1428 esse
1207 1373 1380 1427 omnis
1402 1373 1517 1426 laus
1543 1382 1648 1436 tua,
1677 1379 1730 1423 et
1748 1369 1877 1422 nihil

303 1468 518 1521 omnino
541 1467 729 1521 deesse
756 1466 1021 1520 videretur
1039 1466 1104 1518 ad
1135 1465 1344 1520 laudem
1376 1473 1538 1530 tuam,
1574 1465 1692 1530 quia
1724 1474 1775 1516 et
1803 1462 1882 1515 ni-

305 1559 377 1613 hil
407 1559 633 1622 deesset,
684 1559 727 1612 si
764 1559 1045 1611 damnares
1084 1572 1270 1611 omnes
1314 1557 1540 1626 iniquos.
1579 1554 1690 1608 Non
1737 1555 1878 1609 enim

315 1668 418 1705 non
455 1659 596 1705 esset
625 1666 808 1719 magna
843 1651 954 1704 laus
983 1651 1070 1703 Dei
1097 1649 1296 1718 justitia
1328 1649 1438 1718 ipsa
1466 1663 1568 1717 qua
1599 1644 1756 1714 iniqui
1788 1645 1881 1698 da-

313 1749 556 1795 mnantur
581 1760 592 1794 :
617 1755 803 1811 magna
832 1741 944 1795 laus
969 1750 1131 1796 esset.
1157 1740 1344 1794 Fecisti
1374 1739 1661 1800 hominem,
1687 1736 1877 1790 dedisti

313 1834 359 1886 ei
394 1833 612 1886 liberum
656 1832 953 1895 arbitrium,
987 1831 1036 1884 in
1085 1830 1325 1899 paradiso
1354 1827 1646 1892 eollocasti,
1681 1840 1880 1895 praice-

306 1934 450 1993 ptum
496 1924 814 1992 imposuisti,
869 1933 1114 1984 mortem,
1161 1922 1206 1975 si
1255 1930 1570 1990 prtt‘ceplllm
1619 1918 1876 1982 violaret,

307 2015 643 2077 iustissimam
683 2013 1003 2069 denuntiasti
1033 2031 1046 2075 ;
1079 2012 1211 2065 nihil
1243 2028 1344 2064 non
1380 2010 1568 2074 fecisti,
1603 2024 1756 2062 nemo
1799 2016 1879 2062 est

304 2106 447 2174 quia
490 2115 539 2159 te
565 2105 789 2172 amplius
816 2103 1008 2171 exigat.
1057 2101 1336 2162 Peccavit;
1373 2101 1562 2152 factum
1608 2109 1688 2151 est
1714 2112 1880 2173 genus

308 2197 595 2249 humanum
628 2204 872 2262 tanquam
920 2207 1090 2246 massa
1139 2201 1489 2260 peccatorum,
1520 2189 1788 2258 proﬂuens
1813 2187 1880 2241 dc

306 2287 668 2355 peccatoribus
689 2285 841 2355 (Gen.
870 2300 924 2346 ιι,
952 2294 996 2336 et
1022 2281 1098 2353 ιιι)
1125 2299 1138 2346 ;
1169 2281 1292 2350 qttid
1324 2294 1470 2349 ergo,
1501 2289 1552 2332 ιιι
1581 2280 1624 2332 si
1653 2293 1878 2331 massam

305 2378 780 2447 istam-iniquitatis
809 2376 1051 2436 damnes,
1084 2375 1358 2443 quisquam
1406 2371 1495 2425 tibi
1526 2370 1666 2423 dicet
1696 2387 1707 2420 :
1743 2369 1882 2434 lnju-

303 2479 382 2523 ste
424 2468 635 2522 fecisti?
681 2468 837 2520 Esses
886 2467 1037 2534 plane
1081 2465 1240 2518 etiam
1272 2463 1361 2516 sic
1401 2462 1593 2530 justus,
1628 2469 1681 2514 et
1710 2459 1880 2510 omnis

301 2569 448 2615 esset
473 2563 571 2615 ista
593 2556 714 2613 laus
741 2570 824 2613 tua
853 2579 867 2621 ;
896 2567 987 2612 sed
1019 2559 1140 2626 quia
1172 2557 1400 2610 liberasti
1425 2564 1476 2608 et
1501 2554 1671 2624 ipsum
1699 2569 1882 2621 pecca-

303 2661 470 2704 torcm
489 2648 830 2718 justiﬁcaudo
853 2649 1092 2716 impium,
1117 2646 1356 2716 adjiciunt
1377 2659 1530 2713 super
1550 2660 1746 2697 omnem
1769 2644 1882 2696 luu-

301 2741 418 2794 dem
445 2751 626 2804 tuam,

373 2831 460 2884 16.
493 2815 642 2902 [vers
677 2829 790 2902 15.]
811 2818 892 2883 'Os
919 2846 1083 2882 meum
1119 2828 1392 2882 enuntiabit
1423 2827 1678 2897 justitiam
1721 2837 1881 2878 tuam:

303 2937 405 2996 non
437 2936 628 2975 meam.
656 2921 780 2975 Inde
805 2921 1046 2989 adjiciam
1075 2935 1235 2988 super
1250 2934 1460 2973 onmem
1489 2917 1694 2971 laudem
1715 2926 1877 2975 tuam.

302 2995 424 3080 quia
449 3021 502 3066 et
529 3011 664 3081 quod
684 2995 857 3081 justus
878 3026 1014 3074 sum,
1041 3012 1083 3062 si
1108 3001 1280 3079 juStus
1301 3007 1654 3086 sum,justitia
1681 3016 1762 3060 tua
1797 3016 1879 3061 est

304 3101 355 3154 in
382 3117 489 3170 me,
514 3118 617 3155 non
651 3117 764 3155 mea
793 3119 807 3167 ;
839 3111 892 3155 tu
915 3090 1055 3156 enim
1079 3097 1338 3170 justiti‘eas
1362 3099 1578 3167 impium
1604 3097 1782 3164 (Rom.
1805 3113 1876 3163 tv,

300 3193 378 3262 5).
401 3167 473 3245 Οἱ
503 3207 668 3245 meum
703 3192 974 3245 enuntiabit
996 3191 1243 3260 justitiam
1267 3203 1401 3242 tuam
1420 3206 1440 3254 ;
1461 3190 1560 3241 tota
1573 3189 1652 3240 die
1665 3185 1880 3240 salutem

299 3292 460 3336 tuam.
485 3283 617 3348 Quid
642 3293 743 3347 est,
767 3283 978 3336 salutem
1004 3292 1139 3334 tuum
1164 3283 1186 3335 Ρ
1215 3280 1419 3334 Domini
1442 3290 1523 3333 est
1542 3281 1684 3332 salus
1708 3278 1876 3348 (Psal.

299 3391 375 3439 ιιι,
398 3375 479 3443 9).
502 3374 666 3428 Nemo
683 3374 1022 3441 sibi‘usurpet
1041 3374 1159 3443 quia
1183 3389 1241 3426 se
1262 3371 1465 3425 salvum
1490 3368 1613 3424 facit
1637 3389 1648 3421 :
1673 3370 1878 3424 Domini

297 3476 380 3521 est
400 3467 565 3520 salus.
583 3466 698 3520 Non
730 3482 786 3520 se
809 3467 1008 3518 salvum
1035 3482 1127 3532 per
1147 3480 1202 3518 se
1223 3464 1498 3533 quisquam
1524 3462 1644 3516 facit
1667 3480 1681 3515 :
1706 3463 1882 3516 Domi-

300 3560 352 3612 ni
385 3569 467 3612 est
498 3559 659 3619 salus,
684 3573 817 3610 vana
845 3558 985 3611 salus
1013 3557 1240 3610 hominis
1270 3555 1435 3626 (Psul.
1468 3572 1573 3622 nx,
1605 3554 1718 3624 15).
1755 3555 1881 3608 Tota

296 3648 382 3701 die
406 3648 636 3700 suintem’
668 3657 802 3699 luant
831 3664 847 3700 :
875 3656 982 3700 toto
1005 3657 1260 3714 tempore.
1291 3647 1498 3715 Aliquid
1527 3646 1731 3700 adversi
1761 3657 1875 3708 est;

296 3737 524 3806 pra-dica
554 3737 776 3789 salutem
808 3738 1012 3789 Domini
1049 3755 1061 3788 :
1095 3737 1293 3804 aliquid
1326 3736 1560 3804 prosperi
1593 3746 1711 3799 est;
1743 3751 1877 3803 pra:-

295 3826 417 3880 dica
463 3826 682 3878 salutem
715 3826 944 3878 Domini.
981 3825 1066 3880 "Ne
1114 3827 1370 3894 prtediees
1413 3826 1463 3878 in
1497 3827 1780 3892 pt'OSperis,
1827 3833 1881 3878 et

295 3916 637 3968 obmutescas
663 3916 713 3968 in
737 3914 1001 3980 adversis;
1029 3915 1260 3984 alioquin
1287 3931 1388 3967 non
1410 3916 1508 3967 erit
1526 3914 1660 3982 quod
1680 3914 1877 3967 dictum

295 4015 400 4068 est,
433 4015 535 4058 tota
557 4007 655 4060 die.
688 4006 818 4059 Tota
849 4006 986 4058 enim
1013 4006 1128 4060 dies
1151 4021 1270 4058 eum
1293 4018 1386 4058 sua
1414 4015 1566 4058 nocte
1592 4015 1688 4058 est.
1720 4003 1880 4058 Num-

294 4095 424 4166 quid
466 4095 678 4166 quando
719 4096 964 4159 dicitnus,
1017 4095 1250 4165 Triginta
1295 4095 1442 4158 dies,
1494 4094 1635 4146 verbi
1681 4109 1875 4156 causa,

297 4187 640 4248 transierunt,
675 4203 777 4239 non
805 4186 1028 4240 dicimus
1058 4197 1110 4241 et
1139 4187 1362 4241 noctes?
1391 4203 1563 4240 nonne
1593 4198 1645 4239 et
1686 4189 1736 4240 in
1767 4187 1880 4256 ipso

296 4279 513 4333 nomine
543 4279 746 4332 dierum
796 4278 1118 4336 includimus
1155 4280 1381 4332 noctes?
1427 4280 1480 4331 In
1522 4277 1712 4332 Genesi
1757 4279 1879 4346 quid

292 4369 610 4442 dicebatur?
639 4367 853 4420 Factum
879 4381 948 4421 est
977 4384 1195 4435 vespere,
1220 4377 1265 4420 et
1296 4371 1480 4438 factum
1513 4378 1581 4422 est
1610 4385 1756 4420 mane
1777 4369 1881 4422 dies

293 4477 427 4513 unus
450 4459 600 4527 (Gen.
631 4477 677 4523 ι,
712 4460 789 4527 5).
827 4461 960 4529 Ergo
985 4460 1098 4514 dies
1145 4470 1284 4512 totus
1308 4476 1425 4513 cum
1457 4477 1548 4514 sua
1581 4471 1735 4514 nocte
1759 4471 1876 4522 est;

294 4567 399 4604 nox
429 4552 571 4604 enim
596 4551 696 4604 diei
724 4553 907 4614 servit,
940 4567 1043 4604 non
1065 4551 1176 4604 dies
1201 4552 1360 4603 nocti.
1391 4551 1651 4620 Quidquid
1679 4550 1805 4604 facis
1827 4551 1890 4604 itr

291 4657 457 4694 carne
486 4643 714 4707 mortali,
756 4642 971 4710 justitia:
1001 4644 1158 4697 debet
1205 4643 1404 4696 servire
1429 4661 1441 4705 ;
1471 4643 1721 4712 quidquid
1752 4643 1879 4697 facis

291 4747 355 4785 es
390 4743 655 4800 pra'cepto
681 4733 792 4795 Dei,
820 4748 923 4786 non
958 4744 1170 4802 propter
1190 4735 1544 4787 emolumenta
1570 4737 1744 4787 carnis
1769 4736 1874 4795 liat,

294 4839 358 4877 ue
390 4824 506 4876 dies
535 4825 729 4877 serviat
759 4825 919 4877 nocti.
969 4826 1105 4895 Ergo
1139 4835 1240 4879 tota
1273 4826 1359 4879 die
1401 4825 1606 4877 laudem
1640 4826 1724 4878 Dei
1753 4825 1876 4886 die;

293 4915 501 4968 seilieet
531 4916 582 4968 in
611 4917 876 4984 prostteris
898 4928 946 4970 et
973 4917 1022 4970 in
1052 4918 1288 4970 illin'l'SiS
1323 4935 1334 4969 :
1371 4917 1419 4969 in
1452 4917 1736 4985 prosperis,
1768 4927 1880 4969 tan-

292 5023 456 5068 quam
487 5015 721 5075 tempore
740 5010 968 5073 diurno;
1003 5008 1051 5060 in
1082 5008 1337 5072 adversis,
1366 5021 1612 5078 tauquam
1643 5021 1879 5078 tempore

292 5107 559 5150 nocturno
583 5113 595 5150 :
623 5106 728 5151 tota
756 5108 929 5151 tamen
955 5098 1040 5150 die
1065 5099 1270 5152 laudent
1302 5100 1391 5152 Dei
1417 5099 1518 5161 die,
1557 5113 1611 5154 ut
1635 5117 1737 5153 non
1769 5101 1876 5154 fru—

289 5194 399 5242 slra
431 5187 749 5248 cantaveris,
778 5187 1077 5241 Benedicmn
1107 5188 1375 5241 Dominum
1398 5190 1449 5242 in
1471 5192 1606 5244 omni
1629 5200 1876 5259 tmnpore;

287 5294 488 5347 semper
529 5277 640 5330 laus
667 5280 774 5348 ejus
820 5279 872 5330 in
901 5296 988 5333 ore
1030 5283 1134 5332 ineo
1166 5279 1331 5349 (Paul.
1369 5298 1548 5345 sunt,
1598 5284 1674 5351 2).
1708 5284 1877 5364 §altis

289 5371 431 5433 filiis,
491 5373 705 5438 pecore,
754 5368 982 5433 familia,
1031 5371 1170 5423 omni
1220 5388 1273 5424 re
1323 5387 1436 5433 sua,
1485 5373 1585 5426 Job
1636 5375 1876 5428 laudabat

289 5463 458 5515 Deum
485 5479 499 5525 ;
532 5461 632 5514 itoc
658 5462 803 5529 quasi
831 5463 1020 5515 diurno
1049 5473 1286 5527 tempore
1315 5483 1327 5516 :
1357 5465 1547 5522 damna
1574 5478 1832 5520 venerunt
1857 5510 1870 5528 ,

285 5553 492 5606 orbitas
521 5553 687 5617 irruit,
722 5554 876 5621 periit
901 5553 1036 5622 quod
1065 5556 1390 5621 servabatur,
1413 5559 1661 5612 obierunt
1687 5560 1874 5626 quibus

286 5645 640 5708 servabatur;
673 5644 770 5698 hoc
795 5645 942 5713 quasi
971 5654 1228 5699 nocturno
1251 5656 1506 5716 tempore.
1546 5647 1672 5703 Vide
1697 5658 1871 5703 tamen

289 5743 396 5786 tota
420 5735 508 5786 die
535 5735 856 5787 laudantem.
886 5733 1143 5804 Numquid
1169 5744 1286 5805 post
1313 5737 1439 5791 illud
1466 5739 1714 5792 dittrnum
1741 5749 1873 5792 tent~

291 5841 388 5893 pus
432 5825 519 5878 ubi
553 5826 845 5891 Ia-labalur,
877 5825 998 5896 quia
1027 5827 1193 5881 factus
1238 5838 1319 5882 est
1363 5830 1500 5884 illius
1529 5831 1677 5900 quasi
1722 5833 1871 5895 lucis,

295 5918 393 5970 hoc
426 5927 508 5970 est
536 5919 893 5988 prosperitatis
920 5935 1155 5985 occasus,
1192 5922 1378 5978 defecit
1409 5940 1436 5977 a
1465 5923 1706 5978 laudibus
1740 5923 1870 5980 Dei?

1390 435 1780 492 ENAl‘tilATlO
1815 434 1872 487 lN
1917 431 2231 487 ιιδιωιωι
2275 431 2434 485 LXX.

3441 440 3560 494 ’8!th

1991 547 2172 599 Nonne
2203 546 2316 599 dies
2335 557 2448 600 erat
2478 547 2526 600 in
2560 548 2740 608 eerde,
2767 549 2902 601 unde
2933 549 3175 618 fulgebat,
3214 551 3453 605 Dominus
3477 567 3563 606 tt.»

1981 638 2072 697 dit,
2106 635 2350 689 Dominus
2381 638 2618 699 abstulit;
2647 640 2774 692 sicut
2807 640 3019 692 Domino
3047 642 3251 709 plut‘nit,
3279 643 3346 694 ita
3374 644 3563 711 factum

1982 740 2052 780 est
2076 736 2172 780 :st’t
2202 745 2377 780 nomen
2407 727 2610 782 Domini
2637 729 2945 784 benedictum
2977 730 3094 800 (Job
3143 748 3183 797 ι,
3206 730 3295 799 9i)
3318 733 3340 784 ’ἲ
3372 734 3433 786 Et
3460 735 3558 788 hoc

1973 818 2128 886 quasi
2155 818 2326 872 adhuc
2355 821 2711 888 vespertinum
2759 835 2872 874 erat
2899 832 3104 891 tempus
3135 840 3146 874 :
3177 805 3323 878 seuit
3354 835 3406 877 el.
3452 835 3556 880 nox

1981 905 2230 974 crassior,
2278 908 2505 988 tenebrae
2551 909 2936 976 profundiores,
2984 915 3223 981 corporis
3253 914 3425 979 dolor,
3458 931 3556 983 pu-

1984 997 2134 1052 tredo
2158 998 2434 1051 ‘vermium
2457 1000 2601 1061 ;'.nee
2630 1002 2705 1054 sic
2748 1002 2796 1055 in
2829 1005 2936 1070 ipsa
2991 1005 3266 1072 putredine
3306 1005 3498 1060 defecit
3531 1023 3557 1058 a

1984 1087 2355 1142 lattdibus‘Dei
2387 1090 2510 1142 foris
2555 1090 2604 1142 in
2655 1103 2826 1154 nocte,
2859 1094 2944 1162 qui
2995 1095 3133 1147 intus
3163 1096 3462 1151 exsultabat
3507 1099 3556 1151 in

1984 1177 2086 1232 die.
2115 1177 2351 1246 Namque
2384 1182 2528 1232 uxori
2560 1183 2892 1245 persuadenti
2923 1183 3322 1251 blaqtltetttiattt,
3345 1196 3397 1238 el.
3421 1202 3539 1252 com

1986 1272 2206 1325 tttitteati
2223 1272 2449 1324 animum
2471 1273 2651 1339 ipsius,
2672 1275 2806 1327 male
2824 1276 3061 1328 suadenti
3085 1278 3288 1331 misera:
3310 1291 3556 1349 tanquam

1984 1364 2182 1417 umbra:
2213 1375 2502 1430 nocturne,
2537 1366 2724 1418 Locum
2764 1383 2833 1430 es,
2877 1368 3064 1435 inquit,
3096 1380 3332 1437 tanquam
3365 1390 3463 1425 uno
3499 1394 3558 1426 ea:

1983 1454 2684 1529 insipientibusmulieribus.
2739 1457 2874 1513 Vere
2923 1460 3026 1513 lilia
3075 1463 3283 1514 noctis!
3335 1464 3396 1516 Si
3431 1468 3558 1516 bona

1982 1549 2289 1618 suscepimus
2333 1551 2394 1601 de
2432 1566 2582 1603 manu
2629 1549 2847 1615 Domini,
2891 1551 3023 1603 male
3069 1568 3166 1604 non
3211 1553 3558 1609 sustinebimus

1983 1638 2092 1704 (Id.
2123 1655 2176 1701 tt,
2207 1639 2332 1710 l0)?
2365 1637 2712 1694 Laudavimus
2741 1642 2789 1694 in
2813 1643 2917 1706 die,
2947 1642 3254 1698 detieirmus
3283 1646 3330 1697 in
3362 1651 3556 1703 nocte?

1987 1727 2110 1781 Tota
2139 1731 2238 1794 die,
2272 1729 2322 1783 id
2349 1739 2429 1784 est
2453 1747 2570 1784 eum
2617 1747 2707 1785 sua
2743 1742 2914 1795 noete,
2947 1733 3158 1786 salutem
3186 1746 3344 1787 tttnttt.

2055 1819 2137 1872 l7.
2165 1819 2411 1885 Quoniam
2437 1837 2534 1874 non
2559 1823 2763 1891 Cognovi
2791 1823 3164 1892 negotiationes.
3188 1824 3329 1887 ideo,
3361 1828 3552 1895 inquit,

1983 1920 2086 1964 tota
2111 1911 2194 1964 die
2229 1913 2441 1965 salutent
2477 1924 2643 1974 tuam,
2677 1916 2920 1983 quoniam
2959 1932 3058 1968 non
3097 1919 3306 1986 cognovi
3333 1924 3554 1988 κατθείη-

1984 2009 2158 2062 tiones.
2191 2010 2317 2076 Qum
2362 2022 2483 2064 sunt
2529 2012 2642 2066 ista:
2683 2015 3096 2082 negotiationes?
3127 2016 3355 2070 Audiant
3393 2031 3554 2084 nego-

1985 2101 2225 2163 tiatores,
2265 2113 2315 2156 et
2353 2114 2556 2155 mutent
2595 2105 2783 2168 vitam;
2826 2116 2878 2158 et
2915 2108 2956 2159 si
2989 2106 3230 2169 fuerunt,
3274 2123 3375 2158 non
3417 2108 3553 2169 sint;

1985 2205 2087 2243 non
2118 2202 2439 2260 cognoscunt
2466 2193 2605 2261 quod
2646 2195 2855 2246 fuerunt
2876 2236 2887 2255 ,
2920 2197 3331 2248 obliviscantur:
3358 2205 3558 2263 postre-

1986 2297 2090 2344 nm,
2143 2298 2244 2334 non
2287 2283 2608 2348 approbent,
2645 2301 2745 2336 non
2805 2286 3042 2348 laudent;
3092 2286 3422 2355 improbent,
3462 2287 3555 2337 da-

1985 2373 2197 2435 mnent,
2243 2376 2545 2442 uiolentur,
2576 2377 2618 2428 si
2653 2391 2921 2444 peccatum
2955 2389 3035 2432 est
3081 2381 3380 2448 titgzttiittio.
3426 2379 3560 2432 llinc

1983 2460 2121 2513 enim
2163 2463 2413 2518 aviditate
2447 2465 2622 2518 nescio
2649 2481 2748 2534 qua
2794 2467 3100 2536 acquirendi
3123 2509 3136 2533 ,
3182 2483 3214 2521 ο
3243 2470 3559 2538 negotiator,

1984 2551 2190 2616 quando
2219 2552 2467 2607 damnum
2502 2570 2686 2624 passus
2711 2556 2889 2612 fueris.
2917 2559 3343 2627 isizlSpllCilllllllS;
3374 2569 3424 2612 et
3453 2576 3557 2613 non

1983 2641 2083 2692 eiit
2128 2645 2178 2694 in
2222 2651 2271 2696 te
2311 2644 2447 2712 quod
2490 2645 2684 2698 dictum
2725 2656 2805 2700 est
2834 2664 2846 2700 :
2878 2645 3002 2700 Tota
3043 2647 3122 2700 die
3161 2649 3358 2702 laudent
3399 2659 3558 2704 tum».

1984 2731 2205 2796 Quando
2243 2742 2417 2787 autem
2462 2749 2555 2803 pro
2596 2735 2778 2804 pretiis
2818 2753 2994 2791 rerum
3032 2753 3163 2807 quas
3213 2740 3422 2807 vendis,
3456 2757 3558 2795 non

1987 2825 2156 2875 solum
2185 2825 2443 2890 mentiris,
2477 2840 2656 2880 verum
2685 2829 2843 2880 etiam
2877 2827 3062 2882 falsum
3091 2817 3265 2896 jmas;
3295 2831 3560 2898 qnmnoda

1987 2912 2035 2964 in
2078 2927 2171 2967 ore
2209 2923 2296 2966 tuo
2341 2922 2446 2968 tota
2485 2914 2570 2970 die
2610 2916 2723 2970 laus
2753 2917 2884 2972 Dei?
2919 2919 3128 2986 quando
3163 2921 3204 2972 si
3246 2921 3561 2974 Christianas

1984 3021 2062 3071 es,
2093 3007 2250 3061 etiam
2281 3024 2346 3062 ex
2375 3023 2467 3063 ore
2496 3017 2584 3064 tuo
2612 3009 3006 3080 blasphematur
3035 3029 3225 3066 nomen
3263 3015 3350 3066 Dei
3381 3014 3557 3083 (Il-0m.

1935 3101 1946 3119 ·›
1985 3112 2040 3158 ιι,
2067 3094 2184 3167 2³4),
2211 3108 2264 3150 ιιι
2284 3097 2487 3152 dicatur
2511 3116 2525 3152 :
2551 3100 2686 3154 Ecce
2707 3100 2888 3168 quales
2916 3101 3333 3154 suntCln'istiani
3357 3104 3368 3155 ι
3399 3103 3558 3170 Ergo,

1983 3189 2330 3256 si’propterea
2363 3189 2459 3242 iste
2484 3199 2609 3244 ‘to‘ta
2636 3191 2722 3245 die
2757 3192 2962 3246 laudem
3012 3193 3098 3244 “ei
3131 3194 3275 3256 dicit,
3305 3195 3424 3262 quia
3457 3212 3558 3247 non

1982 3281 2224 3350 cognovit
2253 3282 2633 3349 negotiationes
2655 3324 2668 3345 ,
2702 3285 2970 3352 corrigunt
3017 3300 3073 3338 se
3112 3285 3422 3350 Christiani;
3458 3301 3559 3338 non

1919 3369 1946 3384 ”
1985 3374 2333 3442 negoticntur.
2362 3372 2466 3429 Sed
2497 3375 2567 3428 ait
2593 3375 2716 3428 tnihi
2747 3376 3038 3444 negotiator
3068 3394 3078 3427 :
3115 3377 3168 3428 lit
3191 3393 3250 3428 ce
3281 3392 3374 3445 ego
3399 3377 3561 3430 all‘ern

1951 3462 2194 3532 quidem
2238 3480 2300 3518 ex
2346 3465 2631 3534 longinquo
2667 3481 2870 3520 merces
2909 3467 2974 3519 ad
3020 3483 3078 3520 ea
3122 3468 3232 3521 Lea
3277 3469 3324 3519 in
3371 3469 3561 3534 quibus

1984 3570 2087 3606 noti
2113 3564 2233 3606 sunt
2254 3569 2312 3607 ea
2337 3571 2453 3622 qua:
2480 3556 2728 3618 attulere,
2761 3555 2898 3607 unde
2926 3557 3116 3620 vivam,
3144 3567 3388 3624 tanquam
3419 3575 3559 3611 utet-

1983 3641 2164 3695 cedem
2215 3642 2296 3694 lab
2335 3644 2408 3695 ris
2457 3645 2557 3696 mei
2607 3652 2764 3710 pcto,
2814 3655 2868 3696 ut
2911 3647 3085 3697 carius
3131 3647 3350 3698 vet-dam
3403 3635 3559 3712 quam

1983 3733 2224 3785 emerim.
2259 3733 2407 3788 Unde
2435 3734 2573 3786 euitn
2602 3735 2792 3794 vivant,
2822 3752 2937 3788 cum
2967 3737 3217 3803 scriptum
3247 3739 3344 3790 sit:
3373 3737 3561 3808 Dignus

1983 3833 2053 3875 est
2081 3825 2338 3891 operarius
2365 3826 2588 3878 mercede
2627 3842 2717 3892 sua
2747 3825 2910 3893 '(Luc.
2959 3843 3008 3886 Χ,
3039 3827 3129 3894 7)?
3156 3827 3257 3880 Sed
3289 3829 3459 3894 agitur
3494 3827 3562 3882 de

1984 3914 2287 3977 mendacio,
2343 3914 2408 3969 de
2452 3915 2701 3984 terjttrio.
2738 3916 2844 3969 Hoc
2876 3915 3053 3968 vitium
3094 3934 3265 3969 meum
3297 3927 3376 3970 est
3401 3960 3414 3981 ,
3458 3933 3559 3971 non

1990 4004 2395 4072 negotiationis:
2422 4020 2593 4074 neque
2634 4005 2773 4067 enim
2825 4023 2928 4059 non
2952 4049 2966 4070 ,
2999 4007 3049 4060 si
3088 4008 3310 4072 vellent,
3356 4025 3560 4074 possent

1984 4111 2140 4163 agere
2179 4095 2294 4148 sine
2325 4095 2424 4147 isto
2456 4096 2600 4148 vitio.
2635 4095 2746 4149 Non
2779 4112 2905 4164 ergo
2938 4112 3106 4151 nteant
3142 4098 3346 4164 culpant
3379 4101 3557 4152 actm"

1984 4183 2047 4235 ad
2083 4185 2346 4254 negotium
2382 4186 2779 4239 transfero:5ed
2813 4188 2853 4239 si
2887 4188 3138 4249 mentior,
3177 4203 3271 4257 ego
3301 4188 3559 4252 mentior,

1986 4284 2090 4326 non
2123 4277 2408 4343 negetium.
2444 4276 2656 4330 Possem
2689 4278 2828 4330 enim
2871 4278 3047 4332 dicere
3076 4279 3278 4332 :Tanto
3304 4280 3436 4343 emi,
3468 4281 3560 4335 sed

1988 4374 2130 4418 tanto
2160 4367 2412 4428 vendam;
2447 4368 2487 4420 si
2523 4368 2724 4436 placet,
2759 4386 2894 4423 cute.
2929 4370 3040 4423 Non
3069 4371 3208 4425 enim
3242 4372 3390 4424 istam
3421 4374 3560 4424 veri-

1988 4466 2144 4510 tatetu
2189 4458 2409 4509 audiens
2455 4468 2664 4527 emptor
2713 4461 3080 4529 repelleretur,
3137 4471 3188 4515 et
3233 4478 3333 4513 non
3390 4471 3562 4530 potius

1985 4563 2169 4602 omnes
2197 4560 2568 4612 arcurierettt;
2615 4551 2733 4618 quia
2774 4551 2887 4619 plus
2925 4553 3078 4604 tidem
3124 4569 3276 4620 quam
3332 4568 3558 4607 mercem

1985 4639 2281 4706 diligerent.
2317 4639 2425 4693 lloe
2466 4656 2590 4709 ergo
2611 4683 2625 4707 ,
2661 4641 2859 4710 inquit,
2910 4659 2993 4696 me
3023 4660 3177 4696 unum
3208 4661 3270 4695 ne
3300 4646 3556 4712 tltetllliﬂ',

1987 4744 2051 4781 ne
2093 4730 2388 4796 perjuretn;
2440 4746 2540 4782 non
2595 4741 2649 4783 ut
2695 4732 2936 4800 abjieiam
2985 4735 3245 4801 negotium
3296 4735 3430 4786 unde
3476 4751 3559 4790 tne

1987 4821 2232 4886 tt-ansigo.
2259 4821 2372 4886 Quo
2395 4822 2535 4874 enim
2562 4836 2737 4885 ineas,
2762 4822 2970 4890 quando
2994 4822 3112 4874 hinc
3137 4825 3385 4876 remeas?
3402 4824 3558 4879 Forte

1984 4911 2047 4963 ad
2088 4921 2254 4963 artem
2299 4907 2566 4978 aliquam?
2612 4913 2714 4964 lito
2754 4923 2928 4971 sutor:
2977 4913 3327 4968 ealeeaiuenta
3374 4914 3556 4968 ﬁniam

1986 5001 2305 5056 hominibus.
2343 5003 2623 5056 Mendaees
2652 5005 2791 5056 enim
2822 5013 2875 5057 et
2913 5006 3006 5073 ipsi
3041 5023 3140 5058 non
3173 5009 3336 5060 sunt?
3367 5009 3556 5076 εει-λιιιὶ

1985 5105 2036 5148 et
2066 5095 2162 5162 ipsi
2197 5111 2298 5146 non
2333 5095 2485 5148 sunt?
2513 5093 2696 5146 Nonne
2726 5095 2908 5150 foratis
2937 5097 3002 5148 ab
3032 5097 3132 5149 alio
3161 5100 3552 5162 (alreatnentis,

1983 5201 2101 5237 Cum
2142 5201 2285 5252 atce|
2307 5185 2442 5238 crint
2490 5185 2556 5236 ab
2583 5186 2685 5237 alio
2717 5189 2940 5254 pretium
2961 5229 2974 5250 ,
3016 5189 3283 5242 dimittunt
3313 5190 3446 5256 quod
3478 5189 3553 5241 fa-

1985 5275 2229 5336 ciebant,
2276 5285 2329 5327 ct
2370 5274 2659 5342 suscipiunt
2687 5275 2841 5329 alteri
2876 5276 3080 5341 facere,
3125 5290 3176 5332 et
3215 5281 3396 5332 fallunt
3433 5294 3552 5331 enin

1983 5367 2065 5416 eui
2103 5367 2449 5433 promiserant
2474 5366 2578 5420 cito
2600 5381 2657 5420 se
2685 5366 2950 5422 facturos?
2977 5387 3150 5422 nonne
3177 5387 3316 5438 sape
3341 5372 3423 5423 die
3442 5378 3552 5425 tut:

1985 5459 2152 5512 Μαλέα
2198 5458 2350 5517 lanio.
2393 5456 2548 5514 hodie
2601 5459 2833 5528 impleo?
2888 5462 3083 5517 Deinde
3128 5462 3176 5515 in
3226 5463 3334 5530 ipsa
3376 5475 3556 5518 suun-:1

1987 5559 2159 5606 tantas
2201 5551 2412 5605 fraudes
2454 5569 2556 5605 non
2589 5552 2829 5606 faciunt?
2871 5553 3088 5608 Faciunt
3131 5554 3260 5617 ista,
3295 5563 3347 5607 et
3374 5553 3557 5609 dicunt

1983 5643 2111 5707 ista;
2142 5641 2236 5697 sed
2280 5643 2378 5712 ipsi
2423 5644 2544 5697 ntali
2576 5653 2698 5698 sunt
2722 5687 2737 5712 ,
2772 5661 2872 5699 non
2905 5663 2991 5698 ars
3029 5662 3182 5714 quam
3223 5647 3554 5713 profitentur.

1981 5733 2178 5787 Omnes
2219 5749 2344 5803 ergo
2391 5734 2623 5789 artiliees
2648 5734 2771 5788 mali
2819 5737 2979 5788 Demn
3026 5750 3129 5788 non
3162 5735 3441 5798 timentes.
3476 5737 3555 5794 vel

1984 5839 2076 5894 pro
2109 5824 2284 5889 lucro,
2329 5824 2409 5878 Vel
2443 5839 2538 5895 pro
2568 5825 2757 5880 timore
2792 5824 2968 5878 damni
3010 5833 3098 5880 aut
3127 5831 3374 5896 egestatis
3404 5844 3554 5885 men-

1971 5983 1976 5987 .
2049 5937 2064 5968 ί
2093 5936 2163 5986 sic
2188 5943 2289 5986 Mss.
2319 5937 2526 6005 Attali,
2553 5943 2731 5986 unctor.
