  <div class='ocr_page' id='page_1' title='image "/cluster/home/n/w/nwhite01/storage/ocr_20150623/36/hvd.32044096580584/451.png"; bbox 0 0 4020 6198; ppageno 0'>
   <div class='ocr_carea' id='block_1_1' title="bbox 477 288 575 363">
    <p class='ocr_par' dir='ltr' id='par_1_1' title="bbox 477 288 575 363">
     <span class='ocr_line' id='line_1_1' title="bbox 477 288 575 363; baseline -0.051 0"><span class='ocrx_word' id='word_1_1' title='bbox 477 288 575 363; x_wconf 61' lang='grc' dir='ltr'><strong>εὸἥ</strong></span> 
     </span>
    </p>
   </div>
   <div class='ocr_carea' id='block_1_2' title="bbox 475 408 2041 484">
    <p class='ocr_par' dir='ltr' id='par_1_2' title="bbox 475 408 2041 484">
     <span class='ocr_line' id='line_1_2' title="bbox 475 408 2041 484; baseline -0.009 -9"><span class='ocrx_word' id='word_1_2' title='bbox 475 412 697 475; x_wconf 69' lang='lat' dir='ltr'><strong>Iiun&#39;tnl&#39;.</strong></span> <span class='ocrx_word' id='word_1_3' title='bbox 732 413 1032 484; x_wconf 73' lang='lat' dir='ltr'><strong>pet-iurant;</strong></span> <span class='ocrx_word' id='word_1_4' title='bbox 1077 412 1179 466; x_wconf 67' lang='grc' dir='ltr'><strong>ιιοῆ</strong></span> <span class='ocrx_word' id='word_1_5' title='bbox 1208 408 1288 464; x_wconf 74' lang='lat' dir='ltr'><strong>est</strong></span> <span class='ocrx_word' id='word_1_6' title='bbox 1315 409 1563 464; x_wconf 88' lang='lat' dir='ltr'><strong>continua</strong></span> <span class='ocrx_word' id='word_1_7' title='bbox 1592 409 1685 464; x_wconf 82' lang='lat' dir='ltr'><strong>Del</strong></span> <span class='ocrx_word' id='word_1_8' title='bbox 1716 409 1828 464; x_wconf 85' lang='lat' dir='ltr'><strong>laus</strong></span> <span class='ocrx_word' id='word_1_9' title='bbox 1859 410 1910 465; x_wconf 91' lang='lat' dir='ltr'><strong>in</strong></span> <span class='ocrx_word' id='word_1_10' title='bbox 1941 410 2041 465; x_wconf 87' lang='lat' dir='ltr'><strong>eis.</strong></span> 
     </span>
    </p>
   </div>
   <div class='ocr_carea' id='block_1_3' title="bbox 474 502 2044 578">
    <p class='ocr_par' dir='ltr' id='par_1_3' title="bbox 474 502 2044 578">
     <span class='ocr_line' id='line_1_3' title="bbox 474 502 2044 578; baseline -0.004 -14"><span class='ocrx_word' id='word_1_11' title='bbox 474 510 750 578; x_wconf 81' lang='lat' dir='ltr'><strong>Quotttodb</strong></span> <span class='ocrx_word' id='word_1_12' title='bbox 774 521 898 569; x_wconf 71' lang='lat' dir='ltr'><strong>ergo</strong></span> <span class='ocrx_word' id='word_1_13' title='bbox 920 510 1135 558; x_wconf 77' lang='lat' dir='ltr'><strong>revocas</strong></span> <span class='ocrx_word' id='word_1_14' title='bbox 1160 520 1187 555; x_wconf 90' lang='lat' dir='ltr'><strong>a</strong></span> <span class='ocrx_word' id='word_1_15' title='bbox 1217 502 1609 573; x_wconf 82' lang='lat' dir='ltr'><strong>negatiatione&#39;!</strong></span> <span class='ocrx_word' id='word_1_16' title='bbox 1639 503 1718 557; x_wconf 91' lang='lat' dir='ltr'><strong>An</strong></span> <span class='ocrx_word' id='word_1_17' title='bbox 1741 511 1797 556; x_wconf 86' lang='lat' dir='ltr'><strong>ut</strong></span> <span class='ocrx_word' id='word_1_18' title='bbox 1814 503 2044 573; x_wconf 82' lang='lat' dir='ltr'><strong>agricoia</strong></span> 
     </span>
    </p>
   </div>
   <div class='ocr_carea' id='block_1_4' title="bbox 474 596 2046 663">
    <p class='ocr_par' dir='ltr' id='par_1_4' title="bbox 474 596 2046 663">
     <span class='ocr_line' id='line_1_4' title="bbox 474 596 2046 663; baseline -0.005 -9"><span class='ocrx_word' id='word_1_19' title='bbox 474 604 594 663; x_wconf 85' lang='lat' dir='ltr'><strong>sim,</strong></span> <span class='ocrx_word' id='word_1_20' title='bbox 642 608 695 653; x_wconf 88' lang='lat' dir='ltr'><strong>et</strong></span> <span class='ocrx_word' id='word_1_21' title='bbox 740 597 997 651; x_wconf 78' lang='lat' dir='ltr'><strong>adversus</strong></span> <span class='ocrx_word' id='word_1_22' title='bbox 1039 596 1202 649; x_wconf 83' lang='lat' dir='ltr'><strong>Deum</strong></span> <span class='ocrx_word' id='word_1_23' title='bbox 1257 601 1523 649; x_wconf 81' lang='lat' dir='ltr'><strong>tenantetn</strong></span> <span class='ocrx_word' id='word_1_24' title='bbox 1579 598 1939 658; x_wconf 79' lang='lat' dir='ltr'><strong>murmurem,</strong></span> <span class='ocrx_word' id='word_1_25' title='bbox 1990 604 2046 647; x_wconf 90' lang='lat' dir='ltr'><strong>ut</strong></span> 
     </span>
    </p>
   </div>
   <div class='ocr_carea' id='block_1_5' title="bbox 474 685 2042 761">
    <p class='ocr_par' dir='ltr' id='par_1_5' title="bbox 474 685 2042 761">
     <span class='ocr_line' id='line_1_5' title="bbox 474 685 2042 761; baseline -0.006 -14"><span class='ocrx_word' id='word_1_26' title='bbox 474 692 778 761; x_wconf 77' lang='lat' dir='ltr'><strong>grandinem</strong></span> <span class='ocrx_word' id='word_1_27' title='bbox 802 687 992 744; x_wconf 83' lang='lat' dir='ltr'><strong>timens</strong></span> <span class='ocrx_word' id='word_1_28' title='bbox 1018 688 1325 755; x_wconf 79' lang='lat' dir='ltr'><strong>Sortilegttm</strong></span> <span class='ocrx_word' id='word_1_29' title='bbox 1351 688 1368 719; x_wconf 80' lang='grc'>¹</span> <span class='ocrx_word' id='word_1_30' title='bbox 1392 685 1662 741; x_wconf 83' lang='lat' dir='ltr'><strong>consulam</strong></span> <span class='ocrx_word' id='word_1_31' title='bbox 1682 727 1695 749; x_wconf 94' lang='lat'><strong>,</strong></span> <span class='ocrx_word' id='word_1_32' title='bbox 1728 695 1785 739; x_wconf 90' lang='lat' dir='ltr'><strong>ut</strong></span> <span class='ocrx_word' id='word_1_33' title='bbox 1812 700 2042 755; x_wconf 78' lang='lat' dir='ltr'><strong>qnteram</strong></span> 
     </span>
    </p>
   </div>
   <div class='ocr_carea' id='block_1_6' title="bbox 475 776 2043 855">
    <p class='ocr_par' dir='ltr' id='par_1_6' title="bbox 475 776 2043 855">
     <span class='ocr_line' id='line_1_6' title="bbox 475 776 2043 855; baseline -0.006 -16"><span class='ocrx_word' id='word_1_34' title='bbox 475 784 596 855; x_wconf 87' lang='lat' dir='ltr'><strong>quid</strong></span> <span class='ocrx_word' id='word_1_35' title='bbox 624 783 1024 839; x_wconf 73' lang='lat' dir='ltr'><strong>faeiam‘contra</strong></span> <span class='ocrx_word' id='word_1_36' title='bbox 1052 781 1281 841; x_wconf 75' lang='lat' dir='ltr'><strong>emittm;</strong></span> <span class='ocrx_word' id='word_1_37' title='bbox 1314 787 1371 832; x_wconf 85' lang='lat' dir='ltr'><strong>tit</strong></span> <span class='ocrx_word' id='word_1_38' title='bbox 1399 786 1575 849; x_wconf 71' lang='lat' dir='ltr'><strong>optem</strong></span> <span class='ocrx_word' id='word_1_39' title='bbox 1607 777 1926 847; x_wconf 81' lang='lat' dir='ltr'><strong>pauperibus</strong></span> <span class='ocrx_word' id='word_1_40' title='bbox 1964 776 2043 831; x_wconf 80' lang='lat' dir='ltr'><strong>fa-</strong></span> 
     </span>
    </p>
   </div>
   <div class='ocr_carea' id='block_1_7' title="bbox 473 869 2047 945">
    <p class='ocr_par' dir='ltr' id='par_1_7' title="bbox 473 869 2047 945">
     <span class='ocr_line' id='line_1_7' title="bbox 473 869 2047 945; baseline -0.004 -16"><span class='ocrx_word' id='word_1_41' title='bbox 473 891 612 929; x_wconf 90' lang='lat' dir='ltr'><strong>mem</strong></span> <span class='ocrx_word' id='word_1_42' title='bbox 632 917 647 940; x_wconf 93' lang='lat'><strong>,</strong></span> <span class='ocrx_word' id='word_1_43' title='bbox 678 890 781 944; x_wconf 85' lang='lat' dir='ltr'><strong>quc</strong></span> <span class='ocrx_word' id='word_1_44' title='bbox 814 875 1009 945; x_wconf 77' lang='lat' dir='ltr'><strong>possim</strong></span> <span class='ocrx_word' id='word_1_45' title='bbox 1037 873 1265 928; x_wconf 70' lang='lat' dir='ltr'><strong>vendere</strong></span> <span class='ocrx_word' id='word_1_46' title='bbox 1288 871 1428 943; x_wconf 67' lang='lat' dir='ltr'><strong>Quod</strong></span> <span class='ocrx_word' id='word_1_47' title='bbox 1465 871 1707 924; x_wconf 80' lang='lat' dir='ltr'><strong>Servavi?</strong></span> <span class='ocrx_word' id='word_1_48' title='bbox 1737 869 1801 923; x_wconf 90' lang='lat' dir='ltr'><strong>ad</strong></span> <span class='ocrx_word' id='word_1_49' title='bbox 1833 869 1935 924; x_wconf 87' lang='lat' dir='ltr'><strong>hoc</strong></span> <span class='ocrx_word' id='word_1_50' title='bbox 1963 885 2047 923; x_wconf 90' lang='lat' dir='ltr'><strong>me</strong></span> 
     </span>
    </p>
   </div>
   <div class='ocr_carea' id='block_1_8' title="bbox 471 959 2041 1031">
    <p class='ocr_par' dir='ltr' id='par_1_8' title="bbox 471 959 2041 1031">
     <span class='ocr_line' id='line_1_8' title="bbox 471 959 2041 1031; baseline -0.004 -12"><span class='ocrx_word' id='word_1_51' title='bbox 471 959 730 1021; x_wconf 78' lang='lat' dir='ltr'><strong>adducis?</strong></span> <span class='ocrx_word' id='word_1_52' title='bbox 758 964 861 1019; x_wconf 62' lang='lat' dir='ltr'><strong>Sed</strong></span> <span class='ocrx_word' id='word_1_53' title='bbox 894 981 995 1017; x_wconf 89' lang='lat' dir='ltr'><strong>non</strong></span> <span class='ocrx_word' id='word_1_54' title='bbox 1027 970 1089 1018; x_wconf 86' lang='lat' dir='ltr'><strong>ea</strong></span> <span class='ocrx_word' id='word_1_55' title='bbox 1121 962 1338 1028; x_wconf 78' lang='lat' dir='ltr'><strong>faciunt,</strong></span> <span class='ocrx_word' id='word_1_56' title='bbox 1384 961 1577 1031; x_wconf 83' lang='lat' dir='ltr'><strong>inquis,</strong></span> <span class='ocrx_word' id='word_1_57' title='bbox 1616 962 1867 1031; x_wconf 74' lang='lat' dir='ltr'><strong>agricolae</strong></span> <span class='ocrx_word' id='word_1_58' title='bbox 1899 960 2041 1014; x_wconf 90' lang='lat' dir='ltr'><strong>boni.</strong></span> 
     </span>
    </p>
   </div>
   <div class='ocr_carea' id='block_1_9' title="bbox 475 1052 2044 1133">
    <p class='ocr_par' dir='ltr' id='par_1_9' title="bbox 475 1052 2044 1133">
     <span class='ocr_line' id='line_1_9' title="bbox 475 1052 2044 1133; baseline -0.003 -21"><span class='ocrx_word' id='word_1_59' title='bbox 475 1056 585 1133; x_wconf 69' lang='lat' dir='ltr'><strong>Nec</strong></span> <span class='ocrx_word' id='word_1_60' title='bbox 611 1057 699 1111; x_wconf 88' lang='lat' dir='ltr'><strong>illa</strong></span> <span class='ocrx_word' id='word_1_61' title='bbox 728 1057 1082 1126; x_wconf 72' lang='lat' dir='ltr'><strong>negotiatores</strong></span> <span class='ocrx_word' id='word_1_62' title='bbox 1110 1055 1253 1108; x_wconf 89' lang='lat' dir='ltr'><strong>boni.</strong></span> <span class='ocrx_word' id='word_1_63' title='bbox 1285 1052 1418 1121; x_wconf 85' lang='lat' dir='ltr'><strong>Quid</strong></span> <span class='ocrx_word' id='word_1_64' title='bbox 1446 1054 1605 1117; x_wconf 89' lang='lat' dir='ltr'><strong>enim,</strong></span> <span class='ocrx_word' id='word_1_65' title='bbox 1640 1054 1797 1105; x_wconf 88' lang='lat' dir='ltr'><strong>etiam</strong></span> <span class='ocrx_word' id='word_1_66' title='bbox 1824 1061 1879 1106; x_wconf 90' lang='lat' dir='ltr'><strong>et</strong></span> <span class='ocrx_word' id='word_1_67' title='bbox 1908 1052 2044 1107; x_wconf 80' lang='lat' dir='ltr'><strong>tilios</strong></span> 
     </span>
    </p>
   </div>
   <div class='ocr_carea' id='block_1_10' title="bbox 445 1143 2080 1215">
    <p class='ocr_par' dir='ltr' id='par_1_10' title="bbox 445 1143 2080 1215">
     <span class='ocr_line' id='line_1_10' title="bbox 445 1143 2080 1215; baseline -0.001 -15"><span class='ocrx_word' id='word_1_68' title='bbox 445 1145 670 1203; x_wconf 83' lang='lat' dir='ltr'><strong>-babere</strong></span> <span class='ocrx_word' id='word_1_69' title='bbox 699 1148 894 1201; x_wconf 72' lang='lat' dir='ltr'><strong>malum</strong></span> <span class='ocrx_word' id='word_1_70' title='bbox 916 1155 1017 1212; x_wconf 72' lang='grc' dir='ltr'>εει,</span> <span class='ocrx_word' id='word_1_71' title='bbox 1042 1146 1161 1215; x_wconf 87' lang='lat' dir='ltr'><strong>quia</strong></span> <span class='ocrx_word' id='word_1_72' title='bbox 1186 1144 1397 1214; x_wconf 78' lang='lat' dir='ltr'><strong>quando</strong></span> <span class='ocrx_word' id='word_1_73' title='bbox 1420 1144 1498 1198; x_wconf 91' lang='lat' dir='ltr'><strong>eis</strong></span> <span class='ocrx_word' id='word_1_74' title='bbox 1523 1153 1676 1212; x_wconf 87' lang='lat' dir='ltr'><strong>caput</strong></span> <span class='ocrx_word' id='word_1_75' title='bbox 1698 1143 1857 1206; x_wconf 88' lang='lat' dir='ltr'><strong>dolet,</strong></span> <span class='ocrx_word' id='word_1_76' title='bbox 1892 1144 2046 1198; x_wconf 65' lang='lat' dir='ltr'><strong>mala:</strong></span> <span class='ocrx_word' id='word_1_77' title='bbox 2076 1144 2080 1151; x_wconf 75' lang='grc'><em>”</em></span> 
     </span>
    </p>
   </div>
   <div class='ocr_carea' id='block_1_11' title="bbox 470 1236 2045 1307">
    <p class='ocr_par' dir='ltr' id='par_1_11' title="bbox 470 1236 2045 1307">
     <span class='ocr_line' id='line_1_11' title="bbox 470 1236 2045 1307; baseline -0.003 -13"><span class='ocrx_word' id='word_1_78' title='bbox 470 1250 525 1294; x_wconf 89' lang='lat' dir='ltr'><strong>et</strong></span> <span class='ocrx_word' id='word_1_79' title='bbox 569 1236 807 1295; x_wconf 77' lang='lat' dir='ltr'><strong>inﬁdeles</strong></span> <span class='ocrx_word' id='word_1_80' title='bbox 847 1248 1042 1293; x_wconf 79' lang='lat' dir='ltr'><strong>t&#39;nattcs</strong></span> <span class='ocrx_word' id='word_1_81' title='bbox 1086 1238 1335 1307; x_wconf 80' lang='lat' dir='ltr'><strong>ligaturas</strong></span> <span class='ocrx_word' id='word_1_82' title='bbox 1380 1236 1664 1306; x_wconf 85' lang='lat' dir='ltr'><strong>sacrilegas</strong></span> <span class='ocrx_word' id='word_1_83' title='bbox 1706 1244 1758 1290; x_wconf 89' lang='lat' dir='ltr'><strong>et</strong></span> <span class='ocrx_word' id='word_1_84' title='bbox 1809 1236 2045 1289; x_wconf 85' lang='lat' dir='ltr'><strong>incanta-</strong></span> 
     </span>
    </p>
   </div>
   <div class='ocr_carea' id='block_1_12' title="bbox 473 1322 2042 1400">
    <p class='ocr_par' dir='ltr' id='par_1_12' title="bbox 473 1322 2042 1400">
     <span class='ocr_line' id='line_1_12' title="bbox 473 1322 2042 1400; baseline -0.004 -15"><span class='ocrx_word' id='word_1_85' title='bbox 473 1331 648 1386; x_wconf 81' lang='lat' dir='ltr'><strong>tiones</strong></span> <span class='ocrx_word' id='word_1_86' title='bbox 672 1328 953 1400; x_wconf 68' lang='lat' dir='ltr'><strong>qnmi‘untl</strong></span> <span class='ocrx_word' id='word_1_87' title='bbox 1000 1322 1099 1382; x_wconf 82' lang='lat' dir='ltr'><strong>ista</strong></span> <span class='ocrx_word' id='word_1_88' title='bbox 1147 1328 1417 1381; x_wconf 82' lang='lat' dir='ltr'><strong>botttinum</strong></span> <span class='ocrx_word' id='word_1_89' title='bbox 1440 1367 1453 1387; x_wconf 88' lang='lat'><strong>,</strong></span> <span class='ocrx_word' id='word_1_90' title='bbox 1486 1341 1590 1380; x_wconf 90' lang='lat' dir='ltr'><strong>non</strong></span> <span class='ocrx_word' id='word_1_91' title='bbox 1621 1338 1798 1380; x_wconf 89' lang='lat' dir='ltr'><strong>rerum</strong></span> <span class='ocrx_word' id='word_1_92' title='bbox 1831 1335 2042 1393; x_wconf 84' lang='lat' dir='ltr'><strong>peccata</strong></span> 
     </span>
    </p>
   </div>
   <div class='ocr_carea' id='block_1_13' title="bbox 474 1416 2039 1486">
    <p class='ocr_par' dir='ltr' id='par_1_13' title="bbox 474 1416 2039 1486">
     <span class='ocr_line' id='line_1_13' title="bbox 474 1416 2039 1486; baseline -0.004 -11"><span class='ocrx_word' id='word_1_93' title='bbox 474 1428 618 1475; x_wconf 87' lang='lat' dir='ltr'><strong>sunt.</strong></span> <span class='ocrx_word' id='word_1_94' title='bbox 643 1416 822 1475; x_wconf 79' lang='lat' dir='ltr'><strong>Potest</strong></span> <span class='ocrx_word' id='word_1_95' title='bbox 849 1419 974 1474; x_wconf 89' lang='lat' dir='ltr'><strong>mibi</strong></span> <span class='ocrx_word' id='word_1_96' title='bbox 1006 1419 1108 1472; x_wconf 79' lang='lat' dir='ltr'><strong>hoc</strong></span> <span class='ocrx_word' id='word_1_97' title='bbox 1132 1419 1310 1472; x_wconf 73' lang='lat' dir='ltr'><strong>dicere</strong></span> <span class='ocrx_word' id='word_1_98' title='bbox 1338 1418 1652 1486; x_wconf 79' lang='lat' dir='ltr'><strong>negotiator.</strong></span> <span class='ocrx_word' id='word_1_99' title='bbox 1677 1416 1865 1483; x_wconf 75' lang='lat' dir='ltr'><strong>Qntere</strong></span> <span class='ocrx_word' id='word_1_100' title='bbox 1894 1430 2039 1483; x_wconf 82' lang='lat' dir='ltr'><strong>ergo,</strong></span> 
     </span>
    </p>
   </div>
   <div class='ocr_carea' id='block_1_14' title="bbox 472 1506 2043 1581">
    <p class='ocr_par' dir='ltr' id='par_1_14' title="bbox 472 1506 2043 1581">
     <span class='ocr_line' id='line_1_14' title="bbox 472 1506 2043 1581; baseline -0.003 -15"><span class='ocrx_word' id='word_1_101' title='bbox 472 1510 778 1581; x_wconf 74' lang='lat' dir='ltr'><strong>Episcopo,</strong></span> <span class='ocrx_word' id='word_1_102' title='bbox 835 1509 1275 1580; x_wconf 83' lang='lat' dir='ltr'><strong>quemadmodum</strong></span> <span class='ocrx_word' id='word_1_103' title='bbox 1334 1507 1596 1576; x_wconf 88' lang='lat' dir='ltr'><strong>intelligas</strong></span> <span class='ocrx_word' id='word_1_104' title='bbox 1659 1506 2043 1575; x_wconf 71' lang='lat' dir='ltr'><strong>negotiationes</strong></span> 
     </span>
    </p>
   </div>
   <div class='ocr_carea' id='block_1_15' title="bbox 470 1597 2034 1674">
    <p class='ocr_par' dir='ltr' id='par_1_15' title="bbox 470 1597 2034 1674">
     <span class='ocr_line' id='line_1_15' title="bbox 470 1597 2034 1674; baseline -0.003 -17"><span class='ocrx_word' id='word_1_105' title='bbox 470 1619 602 1674; x_wconf 89' lang='lat' dir='ltr'><strong>quas</strong></span> <span class='ocrx_word' id='word_1_106' title='bbox 639 1601 808 1673; x_wconf 91' lang='lat' dir='ltr'><strong>legisti</strong></span> <span class='ocrx_word' id='word_1_107' title='bbox 839 1602 892 1656; x_wconf 88' lang='lat' dir='ltr'><strong>in</strong></span> <span class='ocrx_word' id='word_1_108' title='bbox 924 1601 1210 1664; x_wconf 86' lang='lat' dir='ltr'><strong>Psalterio;</strong></span> <span class='ocrx_word' id='word_1_109' title='bbox 1260 1615 1325 1655; x_wconf 93' lang='lat' dir='ltr'><strong>ne</strong></span> <span class='ocrx_word' id='word_1_110' title='bbox 1351 1598 1486 1652; x_wconf 77' lang='lat' dir='ltr'><strong>forte</strong></span> <span class='ocrx_word' id='word_1_111' title='bbox 1516 1607 1570 1651; x_wconf 87' lang='lat' dir='ltr'><strong>tu</strong></span> <span class='ocrx_word' id='word_1_112' title='bbox 1601 1610 1705 1651; x_wconf 89' lang='lat' dir='ltr'><strong>non</strong></span> <span class='ocrx_word' id='word_1_113' title='bbox 1738 1597 2001 1666; x_wconf 70' lang='lat' dir='ltr'><strong>intelligas</strong></span> <span class='ocrx_word' id='word_1_114' title='bbox 2021 1638 2034 1661; x_wconf 93' lang='lat'><strong>,</strong></span> 
     </span>
    </p>
   </div>
   <div class='ocr_carea' id='block_1_16' title="bbox 467 1689 2039 1764">
    <p class='ocr_par' dir='ltr' id='par_1_16' title="bbox 467 1689 2039 1764">
     <span class='ocr_line' id='line_1_16' title="bbox 467 1689 2039 1764; baseline -0.004 -17"><span class='ocrx_word' id='word_1_115' title='bbox 467 1705 522 1749; x_wconf 82' lang='lat' dir='ltr'><strong>et</strong></span> <span class='ocrx_word' id='word_1_116' title='bbox 552 1709 634 1749; x_wconf 88' lang='lat' dir='ltr'><strong>me</strong></span> <span class='ocrx_word' id='word_1_117' title='bbox 663 1706 692 1747; x_wconf 73' lang='grc' dir='ltr'><strong>ιι</strong></span> <span class='ocrx_word' id='word_1_118' title='bbox 721 1689 1075 1764; x_wconf 78' lang='lat' dir='ltr'><strong>negotiatione</strong></span> <span class='ocrx_word' id='word_1_119' title='bbox 1105 1691 1413 1762; x_wconf 71' lang='lat' dir='ltr'><strong>prohibeas;</strong></span> <span class='ocrx_word' id='word_1_120' title='bbox 1436 1689 1591 1744; x_wconf 85' lang='lat' dir='ltr'><strong>Mone</strong></span> <span class='ocrx_word' id='word_1_121' title='bbox 1629 1703 1758 1759; x_wconf 85' lang='lat' dir='ltr'><strong>ergo</strong></span> <span class='ocrx_word' id='word_1_122' title='bbox 1786 1689 2039 1758; x_wconf 84' lang='lat' dir='ltr'><strong>quemad-</strong></span> 
     </span>
    </p>
   </div>
   <div class='ocr_carea' id='block_1_17' title="bbox 468 1779 2037 1845">
    <p class='ocr_par' dir='ltr' id='par_1_17' title="bbox 468 1779 2037 1845">
     <span class='ocr_line' id='line_1_17' title="bbox 468 1779 2037 1845; baseline -0.004 -7"><span class='ocrx_word' id='word_1_123' title='bbox 468 1782 682 1839; x_wconf 81' lang='lat' dir='ltr'><strong>lno&#39;dntu</strong></span> <span class='ocrx_word' id='word_1_124' title='bbox 706 1785 874 1838; x_wconf 82' lang='lat' dir='ltr'><strong>vivam</strong></span> <span class='ocrx_word' id='word_1_125' title='bbox 900 1791 914 1837; x_wconf 73' lang='grc' dir='ltr'><strong>ἑ</strong></span> <span class='ocrx_word' id='word_1_126' title='bbox 938 1784 981 1837; x_wconf 91' lang='lat' dir='ltr'><strong>si</strong></span> <span class='ocrx_word' id='word_1_127' title='bbox 1012 1782 1147 1837; x_wconf 85' lang='lat' dir='ltr'><strong>bene</strong></span> <span class='ocrx_word' id='word_1_128' title='bbox 1167 1822 1181 1845; x_wconf 93' lang='lat'><strong>,</strong></span> <span class='ocrx_word' id='word_1_129' title='bbox 1210 1781 1345 1835; x_wconf 86' lang='lat' dir='ltr'><strong>bene</strong></span> <span class='ocrx_word' id='word_1_130' title='bbox 1371 1779 1498 1834; x_wconf 90' lang='lat' dir='ltr'><strong>mibi</strong></span> <span class='ocrx_word' id='word_1_131' title='bbox 1524 1779 1654 1843; x_wconf 84' lang='lat' dir='ltr'><strong>erit;</strong></span> <span class='ocrx_word' id='word_1_132' title='bbox 1680 1790 1839 1833; x_wconf 90' lang='lat' dir='ltr'><strong>unum</strong></span> <span class='ocrx_word' id='word_1_133' title='bbox 1865 1784 2037 1833; x_wconf 84' lang='lat' dir='ltr'><strong>tamen</strong></span> 
     </span>
    </p>
   </div>
   <div class='ocr_carea' id='block_1_18' title="bbox 466 1872 2033 1947">
    <p class='ocr_par' dir='ltr' id='par_1_18' title="bbox 466 1872 2033 1947">
     <span class='ocr_line' id='line_1_18' title="bbox 466 1872 2033 1947; baseline -0.004 -16"><span class='ocrx_word' id='word_1_134' title='bbox 466 1879 612 1936; x_wconf 72' lang='lat' dir='ltr'><strong>scio.</strong></span> <span class='ocrx_word' id='word_1_135' title='bbox 652 1877 773 1947; x_wconf 84' lang='lat' dir='ltr'><strong>quia</strong></span> <span class='ocrx_word' id='word_1_136' title='bbox 807 1877 851 1931; x_wconf 90' lang='lat' dir='ltr'><strong>si</strong></span> <span class='ocrx_word' id='word_1_137' title='bbox 890 1876 1061 1931; x_wconf 88' lang='lat' dir='ltr'><strong>malus</strong></span> <span class='ocrx_word' id='word_1_138' title='bbox 1083 1874 1252 1939; x_wconf 79' lang='lat' dir='ltr'><strong>fuero,</strong></span> <span class='ocrx_word' id='word_1_139' title='bbox 1281 1889 1383 1930; x_wconf 89' lang='lat' dir='ltr'><strong>non</strong></span> <span class='ocrx_word' id='word_1_140' title='bbox 1415 1873 1701 1944; x_wconf 81' lang='lat' dir='ltr'><strong>negotiatio</strong></span> <span class='ocrx_word' id='word_1_141' title='bbox 1728 1872 1859 1927; x_wconf 85' lang='lat' dir='ltr'><strong>tnilti</strong></span> <span class='ocrx_word' id='word_1_142' title='bbox 1887 1873 2033 1937; x_wconf 74' lang='lat' dir='ltr'><strong>facit,</strong></span> 
     </span>
    </p>
   </div>
   <div class='ocr_carea' id='block_1_19' title="bbox 466 1963 2041 2039">
    <p class='ocr_par' dir='ltr' id='par_1_19' title="bbox 466 1963 2041 2039">
     <span class='ocr_line' id='line_1_19' title="bbox 466 1963 2041 2039; baseline -0.003 -18"><span class='ocrx_word' id='word_1_143' title='bbox 466 1968 559 2021; x_wconf 85' lang='lat' dir='ltr'><strong>sed</strong></span> <span class='ocrx_word' id='word_1_144' title='bbox 590 1968 838 2039; x_wconf 76' lang='lat' dir='ltr'><strong>iniquitas</strong></span> <span class='ocrx_word' id='word_1_145' title='bbox 866 1976 1004 2021; x_wconf 90' lang='lat' dir='ltr'><strong>mea.</strong></span> <span class='ocrx_word' id='word_1_146' title='bbox 1049 1965 1269 2034; x_wconf 86' lang='lat' dir='ltr'><strong>Quando</strong></span> <span class='ocrx_word' id='word_1_147' title='bbox 1316 1976 1498 2019; x_wconf 84' lang='lat' dir='ltr'><strong>verum</strong></span> <span class='ocrx_word' id='word_1_148' title='bbox 1538 1963 1783 2028; x_wconf 39' lang='lat' dir='ltr'><strong>dicitur,‘</strong></span> <span class='ocrx_word' id='word_1_149' title='bbox 1807 1979 1911 2017; x_wconf 87' lang='lat' dir='ltr'><strong>non</strong></span> <span class='ocrx_word' id='word_1_150' title='bbox 1958 1972 2041 2016; x_wconf 87' lang='lat' dir='ltr'><strong>est</strong></span> 
     </span>
    </p>
   </div>
   <div class='ocr_carea' id='block_1_20' title="bbox 465 2059 1040 2131">
    <p class='ocr_par' dir='ltr' id='par_1_20' title="bbox 465 2059 1040 2131">
     <span class='ocr_line' id='line_1_20' title="bbox 465 2059 1040 2131; baseline -0.003 -18"><span class='ocrx_word' id='word_1_151' title='bbox 465 2060 603 2131; x_wconf 87' lang='lat' dir='ltr'><strong>quod</strong></span> <span class='ocrx_word' id='word_1_152' title='bbox 629 2059 1040 2114; x_wconf 69' lang='lat' dir='ltr'><strong>clttttradicdtut‘.</strong></span> 
     </span>
    </p>
   </div>
   <div class='ocr_carea' id='block_1_21' title="bbox 537 2144 2034 2218">
    <p class='ocr_par' dir='ltr' id='par_1_21' title="bbox 537 2144 2034 2218">
     <span class='ocr_line' id='line_1_21' title="bbox 537 2144 2034 2218; baseline -0.005 -13"><span class='ocrx_word' id='word_1_153' title='bbox 537 2152 622 2205; x_wconf 70' lang='grc'><strong>18.</strong></span> <span class='ocrx_word' id='word_1_154' title='bbox 655 2149 965 2217; x_wconf 71' lang='lat' dir='ltr'><strong>Qumramus</strong></span> <span class='ocrx_word' id='word_1_155' title='bbox 1015 2155 1143 2218; x_wconf 81' lang='lat' dir='ltr'><strong>ergo</strong></span> <span class='ocrx_word' id='word_1_156' title='bbox 1194 2158 1327 2217; x_wconf 85' lang='lat' dir='ltr'><strong>quas</strong></span> <span class='ocrx_word' id='word_1_157' title='bbox 1376 2145 1567 2201; x_wconf 74' lang='lat' dir='ltr'><strong>dixerit</strong></span> <span class='ocrx_word' id='word_1_158' title='bbox 1618 2144 2034 2215; x_wconf 68' lang='lat' dir='ltr'><strong>negotiationes.</strong></span> 
     </span>
    </p>
   </div>
   <div class='ocr_carea' id='block_1_22' title="bbox 463 2234 2034 2311">
    <p class='ocr_par' dir='ltr' id='par_1_22' title="bbox 463 2234 2034 2311">
     <span class='ocr_line' id='line_1_22' title="bbox 463 2234 2034 2311; baseline -0.003 -16"><span class='ocrx_word' id='word_1_159' title='bbox 463 2244 597 2311; x_wconf 81' lang='lat' dir='ltr'><strong>quas</strong></span> <span class='ocrx_word' id='word_1_160' title='bbox 621 2247 745 2295; x_wconf 72' lang='lat' dir='ltr'><strong>rere</strong></span> <span class='ocrx_word' id='word_1_161' title='bbox 769 2239 857 2310; x_wconf 91' lang='lat' dir='ltr'><strong>qui</strong></span> <span class='ocrx_word' id='word_1_162' title='bbox 882 2253 986 2293; x_wconf 90' lang='lat' dir='ltr'><strong>non</strong></span> <span class='ocrx_word' id='word_1_163' title='bbox 1031 2239 1316 2309; x_wconf 78' lang='lat' dir='ltr'><strong>cognovit,</strong></span> <span class='ocrx_word' id='word_1_164' title='bbox 1365 2246 1473 2290; x_wconf 88' lang='lat' dir='ltr'><strong>tota</strong></span> <span class='ocrx_word' id='word_1_165' title='bbox 1517 2236 1603 2291; x_wconf 89' lang='lat' dir='ltr'><strong>die</strong></span> <span class='ocrx_word' id='word_1_166' title='bbox 1644 2234 1823 2289; x_wconf 84' lang='lat' dir='ltr'><strong>laudat</strong></span> <span class='ocrx_word' id='word_1_167' title='bbox 1849 2236 2034 2291; x_wconf 89' lang='lat' dir='ltr'><strong>Demn.</strong></span> 
     </span>
    </p>
   </div>
   <div class='ocr_carea' id='block_1_23' title="bbox 464 2326 2035 2401">
    <p class='ocr_par' dir='ltr' id='par_1_23' title="bbox 464 2326 2035 2401">
     <span class='ocr_line' id='line_1_23' title="bbox 464 2326 2035 2401; baseline -0.003 -15"><span class='ocrx_word' id='word_1_168' title='bbox 464 2327 759 2401; x_wconf 74' lang='lat' dir='ltr'><strong>Negbtiatlo</strong></span> <span class='ocrx_word' id='word_1_169' title='bbox 785 2337 840 2386; x_wconf 81' lang='lat' dir='ltr'><strong>et</strong></span> <span class='ocrx_word' id='word_1_170' title='bbox 880 2329 932 2383; x_wconf 90' lang='lat' dir='ltr'><strong>in</strong></span> <span class='ocrx_word' id='word_1_171' title='bbox 961 2337 1132 2400; x_wconf 66' lang='lat' dir='ltr'><strong>grates</strong></span> <span class='ocrx_word' id='word_1_172' title='bbox 1166 2328 1340 2397; x_wconf 70' lang='lat' dir='ltr'><strong>lingua</strong></span> <span class='ocrx_word' id='word_1_173' title='bbox 1383 2327 1452 2383; x_wconf 90' lang='lat' dir='ltr'><strong>ab</strong></span> <span class='ocrx_word' id='word_1_174' title='bbox 1480 2335 1601 2382; x_wconf 89' lang='lat' dir='ltr'><strong>actu</strong></span> <span class='ocrx_word' id='word_1_175' title='bbox 1626 2326 1850 2394; x_wconf 76' lang='lat' dir='ltr'><strong>dicitur,</strong></span> <span class='ocrx_word' id='word_1_176' title='bbox 1891 2337 1945 2381; x_wconf 89' lang='lat' dir='ltr'><strong>et</strong></span> <span class='ocrx_word' id='word_1_177' title='bbox 1985 2328 2035 2381; x_wconf 91' lang='lat' dir='ltr'><strong>in</strong></span> 
     </span>
    </p>
   </div>
   <div class='ocr_carea' id='block_1_24' title="bbox 465 2410 2038 2493">
    <p class='ocr_par' dir='ltr' id='par_1_24' title="bbox 465 2410 2038 2493">
     <span class='ocr_line' id='line_1_24' title="bbox 465 2410 2038 2493; baseline -0.004 -14"><span class='ocrx_word' id='word_1_178' title='bbox 465 2410 681 2479; x_wconf 60' lang='lat' dir='ltr'><strong>latina&#39;a</strong></span> <span class='ocrx_word' id='word_1_179' title='bbox 711 2430 902 2493; x_wconf 89' lang='lat' dir='ltr'><strong>negato</strong></span> <span class='ocrx_word' id='word_1_180' title='bbox 926 2423 1035 2477; x_wconf 78' lang='lat' dir='ltr'><strong>alio</strong></span> <span class='ocrx_word' id='word_1_181' title='bbox 1059 2438 1071 2474; x_wconf 90' lang='lat'><strong>:</strong></span> <span class='ocrx_word' id='word_1_182' title='bbox 1096 2421 1188 2476; x_wconf 88' lang='lat' dir='ltr'><strong>sed</strong></span> <span class='ocrx_word' id='word_1_183' title='bbox 1216 2421 1327 2475; x_wconf 80' lang='lat' dir='ltr'><strong>sive</strong></span> <span class='ocrx_word' id='word_1_184' title='bbox 1354 2419 1421 2474; x_wconf 88' lang='lat' dir='ltr'><strong>ab</strong></span> <span class='ocrx_word' id='word_1_185' title='bbox 1444 2430 1563 2475; x_wconf 90' lang='lat' dir='ltr'><strong>actu</strong></span> <span class='ocrx_word' id='word_1_186' title='bbox 1589 2461 1604 2484; x_wconf 92' lang='lat'><strong>,</strong></span> <span class='ocrx_word' id='word_1_187' title='bbox 1651 2419 1764 2474; x_wconf 82' lang='lat' dir='ltr'><strong>sive</strong></span> <span class='ocrx_word' id='word_1_188' title='bbox 1791 2434 1821 2474; x_wconf 88' lang='lat' dir='ltr'><strong>a</strong></span> <span class='ocrx_word' id='word_1_189' title='bbox 1849 2430 2038 2489; x_wconf 74' lang='lat' dir='ltr'><strong>negato</strong></span> 
     </span>
    </p>
   </div>
   <div class='ocr_carea' id='block_1_25' title="bbox 465 2511 2037 2585">
    <p class='ocr_par' dir='ltr' id='par_1_25' title="bbox 465 2511 2037 2585">
     <span class='ocr_line' id='line_1_25' title="bbox 465 2511 2037 2585; baseline 0.001 -19"><span class='ocrx_word' id='word_1_190' title='bbox 465 2516 596 2582; x_wconf 70' lang='lat' dir='ltr'><strong>tttib,</strong></span> <span class='ocrx_word' id='word_1_191' title='bbox 634 2514 947 2569; x_wconf 87' lang='lat' dir='ltr'><strong>discutiatur</strong></span> <span class='ocrx_word' id='word_1_192' title='bbox 992 2513 1116 2585; x_wconf 90' lang='lat' dir='ltr'><strong>quid</strong></span> <span class='ocrx_word' id='word_1_193' title='bbox 1160 2514 1229 2569; x_wconf 90' lang='lat' dir='ltr'><strong>sit</strong></span> <span class='ocrx_word' id='word_1_194' title='bbox 1250 2514 1292 2565; x_wconf 78' lang='lat'><strong>&#39;.</strong></span> <span class='ocrx_word' id='word_1_195' title='bbox 1338 2511 1439 2581; x_wconf 92' lang='lat' dir='ltr'><strong>Qui</strong></span> <span class='ocrx_word' id='word_1_196' title='bbox 1487 2513 1630 2569; x_wconf 87' lang='lat' dir='ltr'><strong>enim</strong></span> <span class='ocrx_word' id='word_1_197' title='bbox 1683 2513 2037 2583; x_wconf 80' lang='lat' dir='ltr'><strong>negotiatores</strong></span> 
     </span>
    </p>
   </div>
   <div class='ocr_carea' id='block_1_26' title="bbox 464 2594 2031 2676">
    <p class='ocr_par' dir='ltr' id='par_1_26' title="bbox 464 2594 2031 2676">
     <span class='ocr_line' id='line_1_26' title="bbox 464 2594 2031 2676; baseline -0.001 -17"><span class='ocrx_word' id='word_1_198' title='bbox 464 2600 688 2671; x_wconf 73' lang='lat' dir='ltr'><strong>actuosi,</strong></span> <span class='ocrx_word' id='word_1_199' title='bbox 736 2606 887 2676; x_wconf 88' lang='lat' dir='ltr'><strong>quasi</strong></span> <span class='ocrx_word' id='word_1_200' title='bbox 932 2611 996 2661; x_wconf 66' lang='lat' dir='ltr'><strong>ex</strong></span> <span class='ocrx_word' id='word_1_201' title='bbox 1028 2616 1095 2659; x_wconf 86' lang='lat' dir='ltr'><strong>eo</strong></span> <span class='ocrx_word' id='word_1_202' title='bbox 1139 2604 1281 2674; x_wconf 89' lang='lat' dir='ltr'><strong>quod</strong></span> <span class='ocrx_word' id='word_1_203' title='bbox 1308 2611 1469 2673; x_wconf 84' lang='lat' dir='ltr'><strong>agunt</strong></span> <span class='ocrx_word' id='word_1_204' title='bbox 1496 2594 1841 2675; x_wconf 81' lang='lat' dir='ltr'><strong>praesumunt.</strong></span> <span class='ocrx_word' id='word_1_205' title='bbox 1874 2617 2031 2673; x_wconf 79' lang='lat' dir='ltr'><strong>Opera</strong></span> 
     </span>
    </p>
   </div>
   <div class='ocr_carea' id='block_1_27' title="bbox 463 2694 2036 2765">
    <p class='ocr_par' dir='ltr' id='par_1_27' title="bbox 463 2694 2036 2765">
     <span class='ocr_line' id='line_1_27' title="bbox 463 2694 2036 2765; baseline -0.001 -16"><span class='ocrx_word' id='word_1_206' title='bbox 463 2700 557 2750; x_wconf 82' lang='lat' dir='ltr'><strong>sua</strong></span> <span class='ocrx_word' id='word_1_207' title='bbox 589 2695 835 2758; x_wconf 86' lang='lat' dir='ltr'><strong>laudant,</strong></span> <span class='ocrx_word' id='word_1_208' title='bbox 868 2704 972 2750; x_wconf 85' lang='lat' dir='ltr'><strong>non</strong></span> <span class='ocrx_word' id='word_1_209' title='bbox 1005 2696 1317 2765; x_wconf 85' lang='lat' dir='ltr'><strong>perveniunt</strong></span> <span class='ocrx_word' id='word_1_210' title='bbox 1360 2694 1424 2748; x_wconf 84' lang='lat' dir='ltr'><strong>ad</strong></span> <span class='ocrx_word' id='word_1_211' title='bbox 1465 2694 1687 2764; x_wconf 83' lang='lat' dir='ltr'><strong>gratiam</strong></span> <span class='ocrx_word' id='word_1_212' title='bbox 1736 2694 1846 2748; x_wconf 88' lang='lat' dir='ltr'><strong>Dei.</strong></span> <span class='ocrx_word' id='word_1_213' title='bbox 1897 2694 2036 2764; x_wconf 83' lang='lat' dir='ltr'><strong>Ergo</strong></span> 
     </span>
    </p>
   </div>
   <div class='ocr_carea' id='block_1_28' title="bbox 463 2770 2034 2857">
    <p class='ocr_par' dir='ltr' id='par_1_28' title="bbox 463 2770 2034 2857">
     <span class='ocr_line' id='line_1_28' title="bbox 463 2770 2034 2857; baseline -0.001 -17"><span class='ocrx_word' id='word_1_214' title='bbox 463 2794 647 2841; x_wconf 67' lang='lat' dir='ltr'><strong>unum</strong></span> <span class='ocrx_word' id='word_1_215' title='bbox 688 2787 831 2841; x_wconf 89' lang='lat' dir='ltr'><strong>illam</strong></span> <span class='ocrx_word' id='word_1_216' title='bbox 860 2770 1081 2857; x_wconf 85' lang='lat' dir='ltr'><strong>gratiam</strong></span> <span class='ocrx_word' id='word_1_217' title='bbox 1113 2792 1237 2841; x_wconf 88' lang='lat' dir='ltr'><strong>sunt</strong></span> <span class='ocrx_word' id='word_1_218' title='bbox 1264 2785 1619 2855; x_wconf 83' lang='lat' dir='ltr'><strong>negotiatores</strong></span> <span class='ocrx_word' id='word_1_219' title='bbox 1639 2825 1653 2849; x_wconf 93' lang='lat'><strong>,</strong></span> <span class='ocrx_word' id='word_1_220' title='bbox 1699 2798 1856 2855; x_wconf 86' lang='lat' dir='ltr'><strong>quam</strong></span> <span class='ocrx_word' id='word_1_221' title='bbox 1883 2796 2034 2839; x_wconf 83' lang='lat' dir='ltr'><strong>com-</strong></span> 
     </span>
    </p>
   </div>
   <div class='ocr_carea' id='block_1_29' title="bbox 369 2873 2031 2947">
    <p class='ocr_par' dir='ltr' id='par_1_29' title="bbox 369 2873 2031 2947">
     <span class='ocr_line' id='line_1_29' title="bbox 369 2873 2031 2947; baseline -0.003 -15"><span class='ocrx_word' id='word_1_222' title='bbox 369 2938 373 2942; x_wconf 42' lang='grc'>,</span> <span class='ocrx_word' id='word_1_223' title='bbox 463 2875 682 2932; x_wconf 85' lang='lat' dir='ltr'><strong>lnendat</strong></span> <span class='ocrx_word' id='word_1_224' title='bbox 712 2877 795 2932; x_wconf 86' lang='lat' dir='ltr'><strong>hie</strong></span> <span class='ocrx_word' id='word_1_225' title='bbox 823 2877 1075 2947; x_wconf 81' lang='lat' dir='ltr'><strong>psalmus.</strong></span> <span class='ocrx_word' id='word_1_226' title='bbox 1101 2876 1246 2930; x_wconf 85' lang='lat' dir='ltr'><strong>Illam</strong></span> <span class='ocrx_word' id='word_1_227' title='bbox 1269 2876 1408 2931; x_wconf 90' lang='lat' dir='ltr'><strong>enim</strong></span> <span class='ocrx_word' id='word_1_228' title='bbox 1430 2876 1652 2946; x_wconf 82' lang='lat' dir='ltr'><strong>gratiam</strong></span> <span class='ocrx_word' id='word_1_229' title='bbox 1675 2873 2031 2944; x_wconf 81' lang='lat' dir='ltr'><strong>commendat,</strong></span> 
     </span>
    </p>
   </div>
   <div class='ocr_carea' id='block_1_30' title="bbox 465 2966 2037 3039">
    <p class='ocr_par' dir='ltr' id='par_1_30' title="bbox 465 2966 2037 3039">
     <span class='ocr_line' id='line_1_30' title="bbox 465 2966 2037 3039; baseline -0.002 -18"><span class='ocrx_word' id='word_1_230' title='bbox 465 2972 522 3022; x_wconf 80' lang='lat' dir='ltr'><strong>lit</strong></span> <span class='ocrx_word' id='word_1_231' title='bbox 552 2977 708 3023; x_wconf 84' lang='lat' dir='ltr'><strong>nemo</strong></span> <span class='ocrx_word' id='word_1_232' title='bbox 741 2969 808 3024; x_wconf 88' lang='lat' dir='ltr'><strong>de</strong></span> <span class='ocrx_word' id='word_1_233' title='bbox 835 2969 945 3024; x_wconf 89' lang='lat' dir='ltr'><strong>suis</strong></span> <span class='ocrx_word' id='word_1_234' title='bbox 985 2967 1237 3039; x_wconf 81' lang='lat' dir='ltr'><strong>operibus</strong></span> <span class='ocrx_word' id='word_1_235' title='bbox 1274 2966 1548 3037; x_wconf 83' lang='lat' dir='ltr'><strong>glorietur.</strong></span> <span class='ocrx_word' id='word_1_236' title='bbox 1585 2966 1862 3033; x_wconf 84' lang='lat' dir='ltr'><strong>Quomodo</strong></span> <span class='ocrx_word' id='word_1_237' title='bbox 1896 2979 2037 3035; x_wconf 79' lang='lat' dir='ltr'><strong>quo-</strong></span> 
     </span>
    </p>
   </div>
   <div class='ocr_carea' id='block_1_31' title="bbox 461 3056 2028 3124">
    <p class='ocr_par' dir='ltr' id='par_1_31' title="bbox 461 3056 2028 3124">
     <span class='ocr_line' id='line_1_31' title="bbox 461 3056 2028 3124; baseline -0.002 -12"><span class='ocrx_word' id='word_1_238' title='bbox 461 3059 583 3114; x_wconf 86' lang='lat' dir='ltr'><strong>dam</strong></span> <span class='ocrx_word' id='word_1_239' title='bbox 629 3060 747 3115; x_wconf 83' lang='lat' dir='ltr'><strong>loeo</strong></span> <span class='ocrx_word' id='word_1_240' title='bbox 787 3061 1015 3123; x_wconf 82' lang='lat' dir='ltr'><strong>dicitur,</strong></span> <span class='ocrx_word' id='word_1_241' title='bbox 1063 3058 1248 3113; x_wconf 78' lang='lat' dir='ltr'><strong>Medici</strong></span> <span class='ocrx_word' id='word_1_242' title='bbox 1299 3074 1400 3111; x_wconf 85' lang='lat' dir='ltr'><strong>non</strong></span> <span class='ocrx_word' id='word_1_243' title='bbox 1451 3058 1813 3112; x_wconf 85' lang='lat' dir='ltr'><strong>resascitabunt</strong></span> <span class='ocrx_word' id='word_1_244' title='bbox 1862 3056 2028 3124; x_wconf 70' lang='lat' dir='ltr'><strong>(Paul.</strong></span> 
     </span>
    </p>
   </div>
   <div class='ocr_carea' id='block_1_32' title="bbox 464 3148 2034 3219">
    <p class='ocr_par' dir='ltr' id='par_1_32' title="bbox 464 3148 2034 3219">
     <span class='ocr_line' id='line_1_32' title="bbox 464 3148 2034 3219; baseline -0.002 -14"><span class='ocrx_word' id='word_1_245' title='bbox 464 3156 709 3216; x_wconf 63' lang='lat' dir='ltr'><strong>tuatim,</strong></span> <span class='ocrx_word' id='word_1_246' title='bbox 739 3151 865 3219; x_wconf 80' lang='lat' dir='ltr'><strong>ll);</strong></span> <span class='ocrx_word' id='word_1_247' title='bbox 906 3150 1155 3205; x_wconf 80' lang='lat' dir='ltr'><strong>deSerere</strong></span> <span class='ocrx_word' id='word_1_248' title='bbox 1181 3149 1375 3203; x_wconf 86' lang='lat' dir='ltr'><strong>debent</strong></span> <span class='ocrx_word' id='word_1_249' title='bbox 1399 3148 1644 3204; x_wconf 78' lang='lat' dir='ltr'><strong>homines</strong></span> <span class='ocrx_word' id='word_1_250' title='bbox 1674 3148 2034 3203; x_wconf 79' lang='lat' dir='ltr'><strong>medicinam?</strong></span> 
     </span>
    </p>
   </div>
   <div class='ocr_carea' id='block_1_33' title="bbox 461 3239 2027 3312">
    <p class='ocr_par' dir='ltr' id='par_1_33' title="bbox 461 3239 2027 3312">
     <span class='ocr_line' id='line_1_33' title="bbox 461 3239 2027 3312; baseline -0.001 -16"><span class='ocrx_word' id='word_1_251' title='bbox 461 3241 563 3296; x_wconf 78' lang='lat' dir='ltr'><strong>Sed</strong></span> <span class='ocrx_word' id='word_1_252' title='bbox 595 3241 718 3312; x_wconf 80' lang='lat' dir='ltr'><strong>qttld</strong></span> <span class='ocrx_word' id='word_1_253' title='bbox 758 3249 841 3295; x_wconf 88' lang='lat' dir='ltr'><strong>est</strong></span> <span class='ocrx_word' id='word_1_254' title='bbox 883 3240 1021 3295; x_wconf 81' lang='lat' dir='ltr'><strong>hoc?</strong></span> <span class='ocrx_word' id='word_1_255' title='bbox 1044 3239 1153 3296; x_wconf 88' lang='lat' dir='ltr'><strong>Sub</strong></span> <span class='ocrx_word' id='word_1_256' title='bbox 1181 3239 1283 3311; x_wconf 83' lang='lat' dir='ltr'><strong>isto</strong></span> <span class='ocrx_word' id='word_1_257' title='bbox 1310 3239 1524 3294; x_wconf 89' lang='lat' dir='ltr'><strong>nomine</strong></span> <span class='ocrx_word' id='word_1_258' title='bbox 1554 3239 1915 3308; x_wconf 87' lang='lat' dir='ltr'><strong>intelliguntur</strong></span> <span class='ocrx_word' id='word_1_259' title='bbox 1941 3255 2027 3294; x_wconf 85' lang='lat' dir='ltr'><strong>sn-</strong></span> 
     </span>
    </p>
   </div>
   <div class='ocr_carea' id='block_1_34' title="bbox 461 3330 2030 3406">
    <p class='ocr_par' dir='ltr' id='par_1_34' title="bbox 461 3330 2030 3406">
     <span class='ocr_line' id='line_1_34' title="bbox 461 3330 2030 3406; baseline -0.003 -17"><span class='ocrx_word' id='word_1_260' title='bbox 461 3333 640 3406; x_wconf 80' lang='lat' dir='ltr'><strong>perbi,</strong></span> <span class='ocrx_word' id='word_1_261' title='bbox 688 3333 999 3404; x_wconf 85' lang='lat' dir='ltr'><strong>pollicentes</strong></span> <span class='ocrx_word' id='word_1_262' title='bbox 1029 3332 1254 3387; x_wconf 86' lang='lat' dir='ltr'><strong>salutem</strong></span> <span class='ocrx_word' id='word_1_263' title='bbox 1286 3330 1616 3393; x_wconf 84' lang='lat' dir='ltr'><strong>hominibus,</strong></span> <span class='ocrx_word' id='word_1_264' title='bbox 1661 3345 1783 3385; x_wconf 88' lang='lat' dir='ltr'><strong>cum</strong></span> <span class='ocrx_word' id='word_1_265' title='bbox 1827 3331 2030 3384; x_wconf 87' lang='lat' dir='ltr'><strong>Domini</strong></span> 
     </span>
    </p>
   </div>
   <div class='ocr_carea' id='block_1_35' title="bbox 459 3422 2029 3495">
    <p class='ocr_par' dir='ltr' id='par_1_35' title="bbox 459 3422 2029 3495">
     <span class='ocr_line' id='line_1_35' title="bbox 459 3422 2029 3495; baseline -0.004 -14"><span class='ocrx_word' id='word_1_266' title='bbox 459 3428 528 3482; x_wconf 78' lang='lat' dir='ltr'><strong>sit</strong></span> <span class='ocrx_word' id='word_1_267' title='bbox 556 3426 719 3483; x_wconf 84' lang='lat' dir='ltr'><strong>salus.</strong></span> <span class='ocrx_word' id='word_1_268' title='bbox 761 3424 1037 3495; x_wconf 83' lang='lat' dir='ltr'><strong>Quomodo</strong></span> <span class='ocrx_word' id='word_1_269' title='bbox 1064 3438 1191 3491; x_wconf 72' lang='lat' dir='ltr'><strong>ergo</strong></span> <span class='ocrx_word' id='word_1_270' title='bbox 1215 3433 1400 3481; x_wconf 87' lang='lat' dir='ltr'><strong>contra</strong></span> <span class='ocrx_word' id='word_1_271' title='bbox 1437 3423 1671 3478; x_wconf 88' lang='lat' dir='ltr'><strong>medicos</strong></span> <span class='ocrx_word' id='word_1_272' title='bbox 1693 3464 1707 3487; x_wconf 93' lang='lat'><strong>,</strong></span> <span class='ocrx_word' id='word_1_273' title='bbox 1751 3422 1800 3476; x_wconf 88' lang='lat' dir='ltr'><strong>id</strong></span> <span class='ocrx_word' id='word_1_274' title='bbox 1830 3432 1911 3478; x_wconf 89' lang='lat' dir='ltr'><strong>est</strong></span> <span class='ocrx_word' id='word_1_275' title='bbox 1939 3437 2029 3476; x_wconf 91' lang='lat' dir='ltr'><strong>sn-</strong></span> 
     </span>
    </p>
   </div>
   <div class='ocr_carea' id='block_1_36' title="bbox 461 3515 2028 3590">
    <p class='ocr_par' dir='ltr' id='par_1_36' title="bbox 461 3515 2028 3590">
     <span class='ocr_line' id='line_1_36' title="bbox 461 3515 2028 3590; baseline -0.003 -18"><span class='ocrx_word' id='word_1_276' title='bbox 461 3520 652 3590; x_wconf 78' lang='lat' dir='ltr'><strong>perbns</strong></span> <span class='ocrx_word' id='word_1_277' title='bbox 676 3520 862 3575; x_wconf 79' lang='lat' dir='ltr'><strong>salutis</strong></span> <span class='ocrx_word' id='word_1_278' title='bbox 889 3517 1298 3590; x_wconf 86' lang='lat' dir='ltr'><strong>pollicitatores,</strong></span> <span class='ocrx_word' id='word_1_279' title='bbox 1328 3516 1508 3586; x_wconf 75' lang='lat' dir='ltr'><strong>vigilat</strong></span> <span class='ocrx_word' id='word_1_280' title='bbox 1535 3515 1638 3570; x_wconf 90' lang='lat' dir='ltr'><strong>hoc</strong></span> <span class='ocrx_word' id='word_1_281' title='bbox 1664 3515 1804 3586; x_wconf 92' lang='lat' dir='ltr'><strong>quod</strong></span> <span class='ocrx_word' id='word_1_282' title='bbox 1829 3515 2028 3570; x_wconf 86' lang='lat' dir='ltr'><strong>dictum</strong></span> 
     </span>
    </p>
   </div>
   <div class='ocr_carea' id='block_1_37' title="bbox 457 3606 2026 3677">
    <p class='ocr_par' dir='ltr' id='par_1_37' title="bbox 457 3606 2026 3677">
     <span class='ocr_line' id='line_1_37' title="bbox 457 3606 2026 3677; baseline -0.003 -12"><span class='ocrx_word' id='word_1_283' title='bbox 457 3619 540 3665; x_wconf 76' lang='lat' dir='ltr'><strong>est</strong></span> <span class='ocrx_word' id='word_1_284' title='bbox 558 3644 574 3676; x_wconf 86' lang='lat'><strong>,</strong></span> <span class='ocrx_word' id='word_1_285' title='bbox 625 3610 751 3665; x_wconf 81' lang='lat' dir='ltr'><strong>Tota</strong></span> <span class='ocrx_word' id='word_1_286' title='bbox 790 3611 872 3664; x_wconf 86' lang='lat' dir='ltr'><strong>die</strong></span> <span class='ocrx_word' id='word_1_287' title='bbox 894 3606 1106 3664; x_wconf 77' lang='lat' dir='ltr'><strong>salutem</strong></span> <span class='ocrx_word' id='word_1_288' title='bbox 1131 3619 1272 3663; x_wconf 85' lang='lat' dir='ltr'><strong>tuam</strong></span> <span class='ocrx_word' id='word_1_289' title='bbox 1301 3623 1319 3662; x_wconf 93' lang='lat'><strong><em>:</em></strong></span> <span class='ocrx_word' id='word_1_290' title='bbox 1343 3609 1419 3663; x_wconf 84' lang='lat' dir='ltr'><strong>sic</strong></span> <span class='ocrx_word' id='word_1_291' title='bbox 1444 3618 1623 3662; x_wconf 81' lang='lat' dir='ltr'><strong>contra</strong></span> <span class='ocrx_word' id='word_1_292' title='bbox 1653 3607 2026 3677; x_wconf 86' lang='lat' dir='ltr'><strong>negotiatores,</strong></span> 
     </span>
    </p>
   </div>
   <div class='ocr_carea' id='block_1_38' title="bbox 457 3690 2031 3775">
    <p class='ocr_par' dir='ltr' id='par_1_38' title="bbox 457 3690 2031 3775">
     <span class='ocr_line' id='line_1_38' title="bbox 457 3690 2031 3775; baseline -0.004 -16"><span class='ocrx_word' id='word_1_293' title='bbox 457 3705 509 3759; x_wconf 85' lang='lat' dir='ltr'><strong>id</strong></span> <span class='ocrx_word' id='word_1_294' title='bbox 537 3714 620 3760; x_wconf 68' lang='grc' dir='ltr'><strong>εει</strong></span> <span class='ocrx_word' id='word_1_295' title='bbox 638 3744 655 3772; x_wconf 93' lang='lat'><strong>,</strong></span> <span class='ocrx_word' id='word_1_296' title='bbox 694 3690 789 3775; x_wconf 79' lang='lat' dir='ltr'><strong>qui</strong></span> <span class='ocrx_word' id='word_1_297' title='bbox 836 3703 903 3758; x_wconf 86' lang='lat' dir='ltr'><strong>de</strong></span> <span class='ocrx_word' id='word_1_298' title='bbox 930 3703 1047 3757; x_wconf 85' lang='lat' dir='ltr'><strong>actu</strong></span> <span class='ocrx_word' id='word_1_299' title='bbox 1078 3714 1176 3757; x_wconf 89' lang='lat' dir='ltr'><strong>suo</strong></span> <span class='ocrx_word' id='word_1_300' title='bbox 1203 3711 1257 3755; x_wconf 90' lang='lat' dir='ltr'><strong>et</strong></span> <span class='ocrx_word' id='word_1_301' title='bbox 1283 3700 1534 3773; x_wconf 78' lang='lat' dir='ltr'><strong>operibus</strong></span> <span class='ocrx_word' id='word_1_302' title='bbox 1560 3698 1787 3770; x_wconf 86' lang='lat' dir='ltr'><strong>gaudent</strong></span> <span class='ocrx_word' id='word_1_303' title='bbox 1808 3740 1822 3762; x_wconf 93' lang='lat'><strong>,</strong></span> <span class='ocrx_word' id='word_1_304' title='bbox 1851 3698 2031 3765; x_wconf 71' lang='lat' dir='ltr'><strong>vigilat</strong></span> 
     </span>
    </p>
   </div>
   <div class='ocr_carea' id='block_1_39' title="bbox 458 3786 2029 3866">
    <p class='ocr_par' dir='ltr' id='par_1_39' title="bbox 458 3786 2029 3866">
     <span class='ocr_line' id='line_1_39' title="bbox 458 3786 2029 3866; baseline -0.004 -17"><span class='ocrx_word' id='word_1_305' title='bbox 458 3786 558 3850; x_wconf 87' lang='lat' dir='ltr'><strong>b&#39;oc</strong></span> <span class='ocrx_word' id='word_1_306' title='bbox 586 3794 726 3866; x_wconf 80' lang='lat' dir='ltr'><strong>quod</strong></span> <span class='ocrx_word' id='word_1_307' title='bbox 765 3794 959 3850; x_wconf 79' lang='lat' dir='ltr'><strong>dictum</strong></span> <span class='ocrx_word' id='word_1_308' title='bbox 991 3796 1109 3860; x_wconf 77' lang='lat' dir='ltr'><strong>est,</strong></span> <span class='ocrx_word' id='word_1_309' title='bbox 1160 3792 1230 3847; x_wconf 77' lang='lat' dir='ltr'><strong>Os</strong></span> <span class='ocrx_word' id='word_1_310' title='bbox 1265 3809 1428 3847; x_wconf 86' lang='lat' dir='ltr'><strong>meum</strong></span> <span class='ocrx_word' id='word_1_311' title='bbox 1474 3791 1747 3845; x_wconf 76' lang='lat' dir='ltr'><strong>enuntiubit</strong></span> <span class='ocrx_word' id='word_1_312' title='bbox 1778 3791 2029 3860; x_wconf 82' lang='lat' dir='ltr'><strong>justitiam</strong></span> 
     </span>
    </p>
   </div>
   <div class='ocr_carea' id='block_1_40' title="bbox 455 3883 2026 3952">
    <p class='ocr_par' dir='ltr' id='par_1_40' title="bbox 455 3883 2026 3952">
     <span class='ocr_line' id='line_1_40' title="bbox 455 3883 2026 3952; baseline -0.003 -14"><span class='ocrx_word' id='word_1_313' title='bbox 455 3890 613 3952; x_wconf 80' lang='lat' dir='ltr'><strong>tuam,</strong></span> <span class='ocrx_word' id='word_1_314' title='bbox 657 3884 707 3941; x_wconf 88' lang='lat' dir='ltr'><strong>itl</strong></span> <span class='ocrx_word' id='word_1_315' title='bbox 753 3895 836 3942; x_wconf 77' lang='lat' dir='ltr'><strong>est</strong></span> <span class='ocrx_word' id='word_1_316' title='bbox 874 3901 977 3940; x_wconf 88' lang='lat' dir='ltr'><strong>non</strong></span> <span class='ocrx_word' id='word_1_317' title='bbox 1009 3899 1198 3941; x_wconf 86' lang='lat' dir='ltr'><strong>meam.</strong></span> <span class='ocrx_word' id='word_1_318' title='bbox 1238 3884 1336 3952; x_wconf 86' lang='lat' dir='ltr'><strong>Qui</strong></span> <span class='ocrx_word' id='word_1_319' title='bbox 1381 3894 1503 3938; x_wconf 88' lang='lat' dir='ltr'><strong>sunt</strong></span> <span class='ocrx_word' id='word_1_320' title='bbox 1541 3883 1927 3950; x_wconf 73' lang='lat' dir='ltr'><strong>negotiatores,</strong></span> <span class='ocrx_word' id='word_1_321' title='bbox 1979 3884 2026 3934; x_wconf 88' lang='lat' dir='ltr'><strong>id</strong></span> 
     </span>
    </p>
   </div>
   <div class='ocr_carea' id='block_1_41' title="bbox 455 3975 2029 4048">
    <p class='ocr_par' dir='ltr' id='par_1_41' title="bbox 455 3975 2029 4048">
     <span class='ocr_line' id='line_1_41' title="bbox 455 3975 2029 4048; baseline -0.001 -18"><span class='ocrx_word' id='word_1_322' title='bbox 455 3988 538 4033; x_wconf 70' lang='lat' dir='ltr'><strong>est</strong></span> <span class='ocrx_word' id='word_1_323' title='bbox 566 3979 713 4048; x_wconf 80' lang='lat' dir='ltr'><strong>quasi</strong></span> <span class='ocrx_word' id='word_1_324' title='bbox 744 3978 810 4034; x_wconf 86' lang='lat' dir='ltr'><strong>de</strong></span> <span class='ocrx_word' id='word_1_325' title='bbox 838 3979 957 4033; x_wconf 89' lang='lat' dir='ltr'><strong>actu</strong></span> <span class='ocrx_word' id='word_1_326' title='bbox 988 3991 1086 4033; x_wconf 89' lang='lat' dir='ltr'><strong>suo</strong></span> <span class='ocrx_word' id='word_1_327' title='bbox 1113 3977 1211 4032; x_wconf 84' lang='lat' dir='ltr'><strong>sibi</strong></span> <span class='ocrx_word' id='word_1_328' title='bbox 1250 3975 1555 4047; x_wconf 75' lang='lat' dir='ltr'><strong>placentes?</strong></span> <span class='ocrx_word' id='word_1_329' title='bbox 1583 3975 1680 4043; x_wconf 90' lang='lat' dir='ltr'><strong>Qui</strong></span> <span class='ocrx_word' id='word_1_330' title='bbox 1725 3975 2029 4045; x_wconf 80' lang='lat' dir='ltr'><strong>ignorantes</strong></span> 
     </span>
    </p>
   </div>
   <div class='ocr_carea' id='block_1_42' title="bbox 457 4056 2026 4139">
    <p class='ocr_par' dir='ltr' id='par_1_42' title="bbox 457 4056 2026 4139">
     <span class='ocr_line' id='line_1_42' title="bbox 457 4056 2026 4139; baseline -0.007 -14"><span class='ocrx_word' id='word_1_331' title='bbox 457 4056 548 4125; x_wconf 77' lang='lat' dir='ltr'><strong>Dei</strong></span> <span class='ocrx_word' id='word_1_332' title='bbox 571 4060 847 4139; x_wconf 78' lang='lat' dir='ltr'><strong>justitiam,</strong></span> <span class='ocrx_word' id='word_1_333' title='bbox 879 4077 929 4123; x_wconf 90' lang='lat' dir='ltr'><strong>et</strong></span> <span class='ocrx_word' id='word_1_334' title='bbox 972 4083 1119 4124; x_wconf 87' lang='lat' dir='ltr'><strong>suam</strong></span> <span class='ocrx_word' id='word_1_335' title='bbox 1150 4068 1386 4122; x_wconf 72' lang='lat' dir='ltr'><strong>Volentes</strong></span> <span class='ocrx_word' id='word_1_336' title='bbox 1416 4066 1769 4129; x_wconf 81' lang='lat' dir='ltr'><strong>constituere,</strong></span> <span class='ocrx_word' id='word_1_337' title='bbox 1809 4064 2026 4133; x_wconf 68' lang='lat' dir='ltr'><strong>iustitiae</strong></span> 
     </span>
    </p>
   </div>
   <div class='ocr_carea' id='block_1_43' title="bbox 457 4148 2023 4231">
    <p class='ocr_par' dir='ltr' id='par_1_43' title="bbox 457 4148 2023 4231">
     <span class='ocr_line' id='line_1_43' title="bbox 457 4148 2023 4231; baseline -0.006 -16"><span class='ocrx_word' id='word_1_338' title='bbox 457 4160 548 4215; x_wconf 73' lang='lat' dir='ltr'><strong>lini</strong></span> <span class='ocrx_word' id='word_1_339' title='bbox 596 4173 700 4214; x_wconf 84' lang='lat' dir='ltr'><strong>non</strong></span> <span class='ocrx_word' id='word_1_340' title='bbox 738 4165 863 4213; x_wconf 85' lang='lat' dir='ltr'><strong>stlnt</strong></span> <span class='ocrx_word' id='word_1_341' title='bbox 904 4158 1124 4228; x_wconf 79' lang='lat' dir='ltr'><strong>subjecti</strong></span> <span class='ocrx_word' id='word_1_342' title='bbox 1171 4157 1346 4231; x_wconf 87' lang='lat' dir='ltr'><strong>(Rom.</strong></span> <span class='ocrx_word' id='word_1_343' title='bbox 1380 4171 1434 4223; x_wconf 71' lang='grc' dir='ltr'><strong>κ,</strong></span> <span class='ocrx_word' id='word_1_344' title='bbox 1466 4148 1544 4225; x_wconf 78' lang='grc'><strong>5).</strong></span> <span class='ocrx_word' id='word_1_345' title='bbox 1574 4156 1758 4210; x_wconf 86' lang='lat' dir='ltr'><strong>Merito</strong></span> <span class='ocrx_word' id='word_1_346' title='bbox 1785 4165 1839 4210; x_wconf 83' lang='lat' dir='ltr'><strong>et</strong></span> <span class='ocrx_word' id='word_1_347' title='bbox 1866 4170 2023 4224; x_wconf 83' lang='lat' dir='ltr'><strong>nego-</strong></span> 
     </span>
    </p>
   </div>
   <div class='ocr_carea' id='block_1_44' title="bbox 453 4245 2022 4318">
    <p class='ocr_par' dir='ltr' id='par_1_44' title="bbox 453 4245 2022 4318">
     <span class='ocr_line' id='line_1_44' title="bbox 453 4245 2022 4318; baseline -0.005 -12"><span class='ocrx_word' id='word_1_348' title='bbox 453 4255 584 4309; x_wconf 89' lang='lat' dir='ltr'><strong>tium</strong></span> <span class='ocrx_word' id='word_1_349' title='bbox 606 4249 803 4305; x_wconf 82' lang='lat' dir='ltr'><strong>dictnm</strong></span> <span class='ocrx_word' id='word_1_350' title='bbox 826 4256 929 4315; x_wconf 79' lang='lat' dir='ltr'><strong>est,</strong></span> <span class='ocrx_word' id='word_1_351' title='bbox 949 4249 1067 4318; x_wconf 87' lang='lat' dir='ltr'><strong>qtlla</strong></span> <span class='ocrx_word' id='word_1_352' title='bbox 1089 4258 1245 4318; x_wconf 89' lang='lat' dir='ltr'><strong>negat</strong></span> <span class='ocrx_word' id='word_1_353' title='bbox 1267 4247 1454 4303; x_wconf 79' lang='lat' dir='ltr'><strong>Otium.</strong></span> <span class='ocrx_word' id='word_1_354' title='bbox 1480 4249 1744 4313; x_wconf 84' lang='lat' dir='ltr'><strong>Quantum</strong></span> <span class='ocrx_word' id='word_1_355' title='bbox 1774 4245 1893 4299; x_wconf 87' lang='lat' dir='ltr'><strong>ntali</strong></span> <span class='ocrx_word' id='word_1_356' title='bbox 1920 4254 2022 4308; x_wconf 84' lang='lat' dir='ltr'><strong>est,</strong></span> 
     </span>
    </p>
   </div>
   <div class='ocr_carea' id='block_1_45' title="bbox 455 4336 2026 4412">
    <p class='ocr_par' dir='ltr' id='par_1_45' title="bbox 455 4336 2026 4412">
     <span class='ocr_line' id='line_1_45' title="bbox 455 4336 2026 4412; baseline -0.004 -17"><span class='ocrx_word' id='word_1_357' title='bbox 455 4342 596 4412; x_wconf 82' lang='lat' dir='ltr'><strong>quod</strong></span> <span class='ocrx_word' id='word_1_358' title='bbox 624 4348 783 4412; x_wconf 78' lang='lat' dir='ltr'><strong>negat</strong></span> <span class='ocrx_word' id='word_1_359' title='bbox 804 4340 968 4394; x_wconf 91' lang='lat' dir='ltr'><strong>otimn</strong></span> <span class='ocrx_word' id='word_1_360' title='bbox 989 4338 1012 4392; x_wconf 74' lang='grc' dir='ltr'><em>ἳ</em></span> <span class='ocrx_word' id='word_1_361' title='bbox 1035 4339 1220 4394; x_wconf 87' lang='lat' dir='ltr'><strong>Merito</strong></span> <span class='ocrx_word' id='word_1_362' title='bbox 1242 4338 1495 4392; x_wconf 86' lang='lat' dir='ltr'><strong>Dominus</strong></span> <span class='ocrx_word' id='word_1_363' title='bbox 1515 4338 1713 4407; x_wconf 81' lang='lat' dir='ltr'><strong>expulit</strong></span> <span class='ocrx_word' id='word_1_364' title='bbox 1736 4336 1803 4391; x_wconf 91' lang='lat' dir='ltr'><strong>de</strong></span> <span class='ocrx_word' id='word_1_365' title='bbox 1829 4337 2026 4405; x_wconf 84' lang='lat' dir='ltr'><strong>templo</strong></span> 
     </span>
    </p>
   </div>
   <div class='ocr_carea' id='block_1_46' title="bbox 470 4426 2025 4506">
    <p class='ocr_par' dir='ltr' id='par_1_46' title="bbox 470 4426 2025 4506">
     <span class='ocr_line' id='line_1_46' title="bbox 470 4426 2025 4506; baseline -0.005 -18"><span class='ocrx_word' id='word_1_366' title='bbox 470 4436 570 4490; x_wconf 90' lang='lat' dir='ltr'><strong>llos</strong></span> <span class='ocrx_word' id='word_1_367' title='bbox 602 4432 793 4506; x_wconf 83' lang='lat' dir='ltr'><strong>quibus</strong></span> <span class='ocrx_word' id='word_1_368' title='bbox 832 4432 992 4496; x_wconf 85' lang='lat' dir='ltr'><strong>dixit,</strong></span> <span class='ocrx_word' id='word_1_369' title='bbox 1042 4431 1301 4500; x_wconf 79' lang='lat' dir='ltr'><strong>Scriptum</strong></span> <span class='ocrx_word' id='word_1_370' title='bbox 1334 4439 1435 4493; x_wconf 87' lang='lat' dir='ltr'><strong>est,</strong></span> <span class='ocrx_word' id='word_1_371' title='bbox 1479 4428 1675 4483; x_wconf 86' lang='lat' dir='ltr'><strong>Domus</strong></span> <span class='ocrx_word' id='word_1_372' title='bbox 1708 4444 1817 4481; x_wconf 87' lang='lat' dir='ltr'><strong>mea</strong></span> <span class='ocrx_word' id='word_1_373' title='bbox 1845 4426 2025 4481; x_wconf 82' lang='lat' dir='ltr'><strong>domus</strong></span> 
     </span>
    </p>
   </div>
   <div class='ocr_carea' id='block_1_47' title="bbox 454 4520 2022 4592">
    <p class='ocr_par' dir='ltr' id='par_1_47' title="bbox 454 4520 2022 4592">
     <span class='ocr_line' id='line_1_47' title="bbox 454 4520 2022 4592; baseline -0.003 -14"><span class='ocrx_word' id='word_1_374' title='bbox 454 4528 696 4581; x_wconf 79' lang='lat' dir='ltr'><strong>ora&#39;ionis</strong></span> <span class='ocrx_word' id='word_1_375' title='bbox 727 4525 978 4581; x_wconf 81' lang='lat' dir='ltr'><strong>vocabitur</strong></span> <span class='ocrx_word' id='word_1_376' title='bbox 994 4541 1012 4589; x_wconf 91' lang='lat'><strong><em>;</em></strong></span> <span class='ocrx_word' id='word_1_377' title='bbox 1042 4539 1127 4576; x_wconf 81' lang='lat' dir='ltr'><strong>vos</strong></span> <span class='ocrx_word' id='word_1_378' title='bbox 1155 4531 1322 4576; x_wconf 83' lang='lat' dir='ltr'><strong>autem</strong></span> <span class='ocrx_word' id='word_1_379' title='bbox 1358 4521 1544 4592; x_wconf 68' lang='lat' dir='ltr'><strong>fecistis</strong></span> <span class='ocrx_word' id='word_1_380' title='bbox 1568 4537 1677 4575; x_wconf 88' lang='lat' dir='ltr'><strong>eam</strong></span> <span class='ocrx_word' id='word_1_381' title='bbox 1704 4520 1907 4574; x_wconf 75' lang='lat' dir='ltr'><strong>domum</strong></span> <span class='ocrx_word' id='word_1_382' title='bbox 1931 4537 2022 4573; x_wconf 87' lang='lat' dir='ltr'><strong>ue-</strong></span> 
     </span>
    </p>
   </div>
   <div class='ocr_carea' id='block_1_48' title="bbox 453 4612 2023 4689">
    <p class='ocr_par' dir='ltr' id='par_1_48' title="bbox 453 4612 2023 4689">
     <span class='ocr_line' id='line_1_48' title="bbox 453 4612 2023 4689; baseline -0.001 -20"><span class='ocrx_word' id='word_1_383' title='bbox 453 4619 737 4689; x_wconf 71' lang='lat' dir='ltr'><strong>yotiationis</strong></span> <span class='ocrx_word' id='word_1_384' title='bbox 785 4618 992 4687; x_wconf 79' lang='lat' dir='ltr'><strong>(Matth.</strong></span> <span class='ocrx_word' id='word_1_385' title='bbox 1044 4628 1160 4681; x_wconf 70' lang='lat' dir='ltr'><strong>ut,</strong></span> <span class='ocrx_word' id='word_1_386' title='bbox 1210 4612 1329 4685; x_wconf 68' lang='lat'><strong>1&#39;5);</strong></span> <span class='ocrx_word' id='word_1_387' title='bbox 1379 4613 1429 4669; x_wconf 91' lang='lat' dir='ltr'><strong>id</strong></span> <span class='ocrx_word' id='word_1_388' title='bbox 1478 4617 1579 4679; x_wconf 83' lang='lat' dir='ltr'><strong>est,</strong></span> <span class='ocrx_word' id='word_1_389' title='bbox 1631 4615 1917 4685; x_wconf 81' lang='lat' dir='ltr'><strong>gloriantes</strong></span> <span class='ocrx_word' id='word_1_390' title='bbox 1954 4614 2023 4668; x_wconf 89' lang='lat' dir='ltr'><strong>de</strong></span> 
     </span>
    </p>
   </div>
   <div class='ocr_carea' id='block_1_49' title="bbox 452 4707 2022 4780">
    <p class='ocr_par' dir='ltr' id='par_1_49' title="bbox 452 4707 2022 4780">
     <span class='ocr_line' id='line_1_49' title="bbox 452 4707 2022 4780; baseline -0.002 -17"><span class='ocrx_word' id='word_1_391' title='bbox 452 4708 703 4780; x_wconf 76' lang='lat' dir='ltr'><strong>operibus</strong></span> <span class='ocrx_word' id='word_1_392' title='bbox 726 4712 938 4779; x_wconf 78' lang='lat' dir='ltr'><strong>vestris,</strong></span> <span class='ocrx_word' id='word_1_393' title='bbox 968 4710 1132 4765; x_wconf 88' lang='lat' dir='ltr'><strong>otium</strong></span> <span class='ocrx_word' id='word_1_394' title='bbox 1157 4723 1263 4763; x_wconf 90' lang='lat' dir='ltr'><strong>non</strong></span> <span class='ocrx_word' id='word_1_395' title='bbox 1283 4708 1600 4779; x_wconf 69' lang='lat' dir='ltr'><strong>quaerentes,</strong></span> <span class='ocrx_word' id='word_1_396' title='bbox 1630 4723 1728 4762; x_wconf 87' lang='lat' dir='ltr'><strong>nec</strong></span> <span class='ocrx_word' id='word_1_397' title='bbox 1751 4707 2022 4762; x_wconf 82' lang='lat' dir='ltr'><strong>audientes</strong></span> 
     </span>
    </p>
   </div>
   <div class='ocr_carea' id='block_1_50' title="bbox 456 4784 2021 4875">
    <p class='ocr_par' dir='ltr' id='par_1_50' title="bbox 456 4784 2021 4875">
     <span class='ocr_line' id='line_1_50' title="bbox 456 4784 2021 4875; baseline -0.001 -19"><span class='ocrx_word' id='word_1_398' title='bbox 456 4813 640 4857; x_wconf 86' lang='lat' dir='ltr'><strong>contra</strong></span> <span class='ocrx_word' id='word_1_399' title='bbox 668 4784 1090 4875; x_wconf 77' lang='lat' dir='ltr'><strong>inquietudinem</strong></span> <span class='ocrx_word' id='word_1_400' title='bbox 1141 4812 1196 4860; x_wconf 84' lang='lat' dir='ltr'><strong>et</strong></span> <span class='ocrx_word' id='word_1_401' title='bbox 1239 4803 1645 4875; x_wconf 75' lang='lat' dir='ltr'><strong>negotiationem</strong></span> <span class='ocrx_word' id='word_1_402' title='bbox 1677 4807 1904 4856; x_wconf 74' lang='lat' dir='ltr'><strong>vesti-am</strong></span> <span class='ocrx_word' id='word_1_403' title='bbox 1944 4801 2021 4855; x_wconf 82' lang='lat' dir='ltr'><strong>di-</strong></span> 
     </span>
    </p>
   </div>
   <div class='ocr_carea' id='block_1_51' title="bbox 453 4890 2020 4965">
    <p class='ocr_par' dir='ltr' id='par_1_51' title="bbox 453 4890 2020 4965">
     <span class='ocr_line' id='line_1_51' title="bbox 453 4890 2020 4965; baseline -0.002 -16"><span class='ocrx_word' id='word_1_404' title='bbox 453 4899 659 4949; x_wconf 76' lang='lat' dir='ltr'><strong>t&#39;etttem</strong></span> <span class='ocrx_word' id='word_1_405' title='bbox 702 4896 1068 4965; x_wconf 86' lang='lat' dir='ltr'><strong>Scripturam:</strong></span> <span class='ocrx_word' id='word_1_406' title='bbox 1105 4890 1323 4960; x_wconf 79' lang='lat' dir='ltr'><strong>Vucate,</strong></span> <span class='ocrx_word' id='word_1_407' title='bbox 1367 4903 1413 4948; x_wconf 90' lang='lat' dir='ltr'><strong>et</strong></span> <span class='ocrx_word' id='word_1_408' title='bbox 1455 4893 1614 4947; x_wconf 78' lang='lat' dir='ltr'><strong>videte</strong></span> <span class='ocrx_word' id='word_1_409' title='bbox 1654 4894 1887 4962; x_wconf 77' lang='lat' dir='ltr'><strong>quoniam</strong></span> <span class='ocrx_word' id='word_1_410' title='bbox 1930 4909 2020 4963; x_wconf 83' lang='lat' dir='ltr'><strong>ego</strong></span> 
     </span>
    </p>
   </div>
   <div class='ocr_carea' id='block_1_52' title="bbox 451 4982 2019 5058">
    <p class='ocr_par' dir='ltr' id='par_1_52' title="bbox 451 4982 2019 5058">
     <span class='ocr_line' id='line_1_52' title="bbox 451 4982 2019 5058; baseline -0.003 -17"><span class='ocrx_word' id='word_1_411' title='bbox 451 4995 559 5041; x_wconf 72' lang='lat' dir='ltr'><strong>tum</strong></span> <span class='ocrx_word' id='word_1_412' title='bbox 602 4982 848 5040; x_wconf 86' lang='lat' dir='ltr'><strong>Dominus</strong></span> <span class='ocrx_word' id='word_1_413' title='bbox 893 4983 1062 5058; x_wconf 81' lang='lat' dir='ltr'><strong>(Psal.</strong></span> <span class='ocrx_word' id='word_1_414' title='bbox 1094 5002 1235 5055; x_wconf 71' lang='lat' dir='ltr'><strong>XLV,</strong></span> <span class='ocrx_word' id='word_1_415' title='bbox 1284 4983 1394 5055; x_wconf 71' lang='lat' dir='ltr'><strong>il).</strong></span> <span class='ocrx_word' id='word_1_416' title='bbox 1423 4984 1559 5054; x_wconf 80' lang='lat' dir='ltr'><strong>Quid</strong></span> <span class='ocrx_word' id='word_1_417' title='bbox 1588 4995 1690 5048; x_wconf 84' lang='lat' dir='ltr'><strong>est,</strong></span> <span class='ocrx_word' id='word_1_418' title='bbox 1742 4982 2019 5046; x_wconf 54' lang='lat' dir='ltr'><strong>Vocatium</strong></span> 
     </span>
    </p>
   </div>
   <div class='ocr_carea' id='block_1_53' title="bbox 450 5058 2018 5147">
    <p class='ocr_par' dir='ltr' id='par_1_53' title="bbox 450 5058 2018 5147">
     <span class='ocr_line' id='line_1_53' title="bbox 450 5058 2018 5147; baseline 0 -18"><span class='ocrx_word' id='word_1_419' title='bbox 450 5058 864 5146; x_wconf 22' lang='lat' dir='ltr'><strong>hdete’qn&#39;mtiam</strong></span> <span class='ocrx_word' id='word_1_420' title='bbox 893 5088 982 5147; x_wconf 83' lang='lat' dir='ltr'><strong>ego</strong></span> <span class='ocrx_word' id='word_1_421' title='bbox 1007 5094 1116 5132; x_wconf 88' lang='lat' dir='ltr'><strong>sunt</strong></span> <span class='ocrx_word' id='word_1_422' title='bbox 1146 5074 1426 5143; x_wconf 79' lang='lat' dir='ltr'><strong>Dominus;</strong></span> <span class='ocrx_word' id='word_1_423' title='bbox 1455 5076 1575 5138; x_wconf 81' lang='lat' dir='ltr'><strong>nisi,</strong></span> <span class='ocrx_word' id='word_1_424' title='bbox 1607 5084 1664 5130; x_wconf 92' lang='lat' dir='ltr'><strong>ut</strong></span> <span class='ocrx_word' id='word_1_425' title='bbox 1692 5075 1872 5130; x_wconf 83' lang='lat' dir='ltr'><strong>sciatis</strong></span> <span class='ocrx_word' id='word_1_426' title='bbox 1897 5076 2018 5146; x_wconf 82' lang='lat' dir='ltr'><strong>quia</strong></span> 
     </span>
    </p>
   </div>
   <div class='ocr_carea' id='block_1_54' title="bbox 451 5168 2020 5238">
    <p class='ocr_par' dir='ltr' id='par_1_54' title="bbox 451 5168 2020 5238">
     <span class='ocr_line' id='line_1_54' title="bbox 451 5168 2020 5238; baseline -0.001 -15"><span class='ocrx_word' id='word_1_427' title='bbox 451 5169 587 5223; x_wconf 89' lang='lat' dir='ltr'><strong>Dens</strong></span> <span class='ocrx_word' id='word_1_428' title='bbox 625 5177 706 5223; x_wconf 83' lang='lat' dir='ltr'><strong>est</strong></span> <span class='ocrx_word' id='word_1_429' title='bbox 747 5169 834 5238; x_wconf 90' lang='lat' dir='ltr'><strong>qui</strong></span> <span class='ocrx_word' id='word_1_430' title='bbox 882 5178 1130 5237; x_wconf 84' lang='lat' dir='ltr'><strong>operatur</strong></span> <span class='ocrx_word' id='word_1_431' title='bbox 1176 5170 1227 5224; x_wconf 88' lang='lat' dir='ltr'><strong>in</strong></span> <span class='ocrx_word' id='word_1_432' title='bbox 1267 5170 1436 5233; x_wconf 87' lang='lat' dir='ltr'><strong>vobis.</strong></span> <span class='ocrx_word' id='word_1_433' title='bbox 1477 5180 1530 5226; x_wconf 89' lang='lat' dir='ltr'><strong>et</strong></span> <span class='ocrx_word' id='word_1_434' title='bbox 1579 5186 1682 5223; x_wconf 92' lang='lat' dir='ltr'><strong>non</strong></span> <span class='ocrx_word' id='word_1_435' title='bbox 1723 5168 1789 5223; x_wconf 89' lang='lat' dir='ltr'><strong>de</strong></span> <span class='ocrx_word' id='word_1_436' title='bbox 1830 5169 2020 5222; x_wconf 67' lang='lat' dir='ltr'><strong>Vestris</strong></span> 
     </span>
    </p>
   </div>
   <div class='ocr_carea' id='block_1_55' title="bbox 362 5248 2017 5327">
    <p class='ocr_par' dir='ltr' id='par_1_55' title="bbox 362 5248 2017 5327">
     <span class='ocr_line' id='line_1_55' title="bbox 362 5248 2017 5327; baseline 0.002 -18"><span class='ocrx_word' id='word_1_437' title='bbox 362 5248 369 5253; x_wconf 77' lang='grc'><strong>’</strong></span> <span class='ocrx_word' id='word_1_438' title='bbox 447 5258 699 5327; x_wconf 82' lang='lat' dir='ltr'><strong>operibus</strong></span> <span class='ocrx_word' id='word_1_439' title='bbox 742 5257 1107 5312; x_wconf 78' lang='lat' dir='ltr'><strong>e&#39;xt&#39;ollamini?</strong></span> <span class='ocrx_word' id='word_1_440' title='bbox 1154 5258 1267 5313; x_wconf 80' lang='lat' dir='ltr'><strong>Non</strong></span> <span class='ocrx_word' id='word_1_441' title='bbox 1316 5258 1467 5313; x_wconf 90' lang='lat' dir='ltr'><strong>audis</strong></span> <span class='ocrx_word' id='word_1_442' title='bbox 1512 5273 1699 5315; x_wconf 84' lang='lat' dir='ltr'><strong>vocem</strong></span> <span class='ocrx_word' id='word_1_443' title='bbox 1747 5250 2017 5313; x_wconf 84' lang='lat' dir='ltr'><strong>dicentis:</strong></span> 
     </span>
    </p>
   </div>
   <div class='ocr_carea' id='block_1_56' title="bbox 458 5348 2019 5418">
    <p class='ocr_par' dir='ltr' id='par_1_56' title="bbox 458 5348 2019 5418">
     <span class='ocr_line' id='line_1_56' title="bbox 458 5348 2019 5418; baseline -0.001 -14"><span class='ocrx_word' id='word_1_444' title='bbox 458 5350 631 5405; x_wconf 74' lang='lat' dir='ltr'><strong>Venite</strong></span> <span class='ocrx_word' id='word_1_445' title='bbox 658 5351 726 5404; x_wconf 81' lang='lat' dir='ltr'><strong>ad</strong></span> <span class='ocrx_word' id='word_1_446' title='bbox 765 5366 861 5414; x_wconf 86' lang='lat' dir='ltr'><strong>me,</strong></span> <span class='ocrx_word' id='word_1_447' title='bbox 895 5359 1067 5404; x_wconf 70' lang='lat' dir='ltr'><strong>omnes</strong></span> <span class='ocrx_word' id='word_1_448' title='bbox 1102 5350 1187 5418; x_wconf 88' lang='lat' dir='ltr'><strong>qui</strong></span> <span class='ocrx_word' id='word_1_449' title='bbox 1212 5348 1449 5405; x_wconf 74' lang='lat' dir='ltr'><strong>laboratis</strong></span> <span class='ocrx_word' id='word_1_450' title='bbox 1478 5360 1523 5405; x_wconf 85' lang='lat' dir='ltr'><strong>et</strong></span> <span class='ocrx_word' id='word_1_451' title='bbox 1550 5352 1741 5405; x_wconf 82' lang='lat' dir='ltr'><strong>onerati</strong></span> <span class='ocrx_word' id='word_1_452' title='bbox 1781 5351 1928 5414; x_wconf 86' lang='lat' dir='ltr'><strong>estis,</strong></span> <span class='ocrx_word' id='word_1_453' title='bbox 1974 5360 2019 5402; x_wconf 84' lang='lat' dir='ltr'><strong>ct</strong></span> 
     </span>
    </p>
   </div>
   <div class='ocr_carea' id='block_1_57' title="bbox 443 5433 2017 5513">
    <p class='ocr_par' dir='ltr' id='par_1_57' title="bbox 443 5433 2017 5513">
     <span class='ocr_line' id='line_1_57' title="bbox 443 5433 2017 5513; baseline -0.003 -15"><span class='ocrx_word' id='word_1_454' title='bbox 443 5456 537 5513; x_wconf 72' lang='lat' dir='ltr'><strong>ego</strong></span> <span class='ocrx_word' id='word_1_455' title='bbox 575 5458 662 5497; x_wconf 78' lang='lat' dir='ltr'><strong>vos</strong></span> <span class='ocrx_word' id='word_1_456' title='bbox 709 5439 951 5512; x_wconf 77' lang='lat' dir='ltr'><strong>reficiant.</strong></span> <span class='ocrx_word' id='word_1_457' title='bbox 997 5433 1178 5493; x_wconf 81' lang='lat' dir='ltr'><strong>Tollite</strong></span> <span class='ocrx_word' id='word_1_458' title='bbox 1210 5439 1392 5509; x_wconf 84' lang='lat' dir='ltr'><strong>jugum</strong></span> <span class='ocrx_word' id='word_1_459' title='bbox 1436 5448 1601 5492; x_wconf 82' lang='lat' dir='ltr'><strong>meum</strong></span> <span class='ocrx_word' id='word_1_460' title='bbox 1630 5454 1779 5509; x_wconf 81' lang='lat' dir='ltr'><strong>super</strong></span> <span class='ocrx_word' id='word_1_461' title='bbox 1804 5458 1890 5493; x_wconf 79' lang='lat' dir='ltr'><strong>ros</strong></span> <span class='ocrx_word' id='word_1_462' title='bbox 1914 5481 1929 5500; x_wconf 84' lang='lat'><strong>.</strong></span> <span class='ocrx_word' id='word_1_463' title='bbox 1974 5451 2017 5493; x_wconf 91' lang='lat' dir='ltr'><strong>et</strong></span> 
     </span>
    </p>
   </div>
   <div class='ocr_carea' id='block_1_58' title="bbox 439 5530 2017 5606">
    <p class='ocr_par' dir='ltr' id='par_1_58' title="bbox 439 5530 2017 5606">
     <span class='ocr_line' id='line_1_58' title="bbox 439 5530 2017 5606; baseline -0.001 -20"><span class='ocrx_word' id='word_1_464' title='bbox 439 5534 619 5589; x_wconf 77' lang='lat' dir='ltr'><strong>&#39;discite</strong></span> <span class='ocrx_word' id='word_1_465' title='bbox 639 5548 671 5589; x_wconf 83' lang='grc' dir='ltr'><em>α</em></span> <span class='ocrx_word' id='word_1_466' title='bbox 695 5550 774 5589; x_wconf 85' lang='lat' dir='ltr'><strong>me</strong></span> <span class='ocrx_word' id='word_1_467' title='bbox 795 5576 810 5601; x_wconf 95' lang='lat'><strong>,</strong></span> <span class='ocrx_word' id='word_1_468' title='bbox 841 5533 960 5606; x_wconf 67' lang='lat' dir='ltr'><strong>qn’a</strong></span> <span class='ocrx_word' id='word_1_469' title='bbox 984 5530 1118 5586; x_wconf 70' lang='lat' dir='ltr'><strong>initis</strong></span> <span class='ocrx_word' id='word_1_470' title='bbox 1144 5548 1255 5586; x_wconf 86' lang='lat' dir='ltr'><strong>sum</strong></span> <span class='ocrx_word' id='word_1_471' title='bbox 1279 5541 1324 5585; x_wconf 88' lang='lat' dir='ltr'><strong>et</strong></span> <span class='ocrx_word' id='word_1_472' title='bbox 1356 5532 1560 5585; x_wconf 85' lang='lat' dir='ltr'><strong>humilis</strong></span> <span class='ocrx_word' id='word_1_473' title='bbox 1587 5534 1765 5596; x_wconf 85' lang='lat' dir='ltr'><strong>corde;</strong></span> <span class='ocrx_word' id='word_1_474' title='bbox 1810 5545 1855 5585; x_wconf 74' lang='lat' dir='ltr'><strong>et</strong></span> <span class='ocrx_word' id='word_1_475' title='bbox 1886 5534 2017 5586; x_wconf 79' lang='lat' dir='ltr'><strong>inve-</strong></span> 
     </span>
    </p>
   </div>
   <div class='ocr_carea' id='block_1_59' title="bbox 505 5641 1962 5714">
    <p class='ocr_par' dir='ltr' id='par_1_59' title="bbox 505 5641 1962 5714">
     <span class='ocr_line' id='line_1_59' title="bbox 505 5641 1962 5714; baseline 0 0"><span class='ocrx_word' id='word_1_476' title='bbox 505 5641 993 5714; x_wconf 57' lang='lat' dir='ltr'><strong>Ehtss-.-,sortiloamn-</strong></span> <span class='ocrx_word' id='word_1_477' title='bbox 1137 5708 1179 5714; x_wconf 88' lang='lat'>__</span> <span class='ocrx_word' id='word_1_478' title='bbox 1342 5707 1353 5714; x_wconf 92' lang='lat'><strong>_</strong></span> <span class='ocrx_word' id='word_1_479' title='bbox 1761 5704 1789 5714; x_wconf 90' lang='lat'><strong>_.</strong></span> <span class='ocrx_word' id='word_1_480' title='bbox 1830 5705 1857 5714; x_wconf 59' lang='lat'><strong>,.</strong></span> <span class='ocrx_word' id='word_1_481' title='bbox 1953 5705 1962 5714; x_wconf 95' lang='lat'><strong>.</strong></span> 
     </span>
    </p>
   </div>
   <div class='ocr_carea' id='block_1_60' title="bbox 502 5705 2016 5774">
    <p class='ocr_par' dir='ltr' id='par_1_60' title="bbox 502 5705 2016 5774">
     <span class='ocr_line' id='line_1_60' title="bbox 502 5705 2016 5774; baseline -0.002 -16"><span class='ocrx_word' id='word_1_482' title='bbox 502 5705 524 5740; x_wconf 72' lang='grc'><strong>³⁸</strong></span> <span class='ocrx_word' id='word_1_483' title='bbox 545 5712 616 5759; x_wconf 77' lang='lat' dir='ltr'><strong>sic</strong></span> <span class='ocrx_word' id='word_1_484' title='bbox 650 5705 829 5774; x_wconf 71' lang='lat' dir='ltr'><strong>aliquot</strong></span> <span class='ocrx_word' id='word_1_485' title='bbox 862 5705 970 5760; x_wconf 66' lang='lat' dir='ltr'><strong>Mss.</strong></span> <span class='ocrx_word' id='word_1_486' title='bbox 1010 5716 1063 5774; x_wconf 67' lang='lat' dir='ltr'><strong>{tt</strong></span> <span class='ocrx_word' id='word_1_487' title='bbox 1089 5708 1219 5774; x_wconf 62' lang='lat' dir='ltr'><strong>1&#39;2?!th</strong></span> <span class='ocrx_word' id='word_1_488' title='bbox 1253 5714 1298 5759; x_wconf 84' lang='lat' dir='ltr'><strong>et</strong></span> <span class='ocrx_word' id='word_1_489' title='bbox 1335 5705 1590 5774; x_wconf 59' lang='grc' dir='ltr'><strong>ἱηωιῑηαι</strong></span> <span class='ocrx_word' id='word_1_490' title='bbox 1630 5705 1886 5770; x_wconf 67' lang='lat' dir='ltr'><strong>Negotiatio</strong></span> <span class='ocrx_word' id='word_1_491' title='bbox 1921 5705 2016 5755; x_wconf 67' lang='lat' dir='ltr'><strong>sive</strong></span> 
     </span>
    </p>
   </div>
   <div class='ocr_carea' id='block_1_61' title="bbox 437 5769 1510 5835">
    <p class='ocr_par' dir='ltr' id='par_1_61' title="bbox 437 5769 1510 5835">
     <span class='ocr_line' id='line_1_61' title="bbox 437 5769 1510 5835; baseline -0.003 -15"><span class='ocrx_word' id='word_1_492' title='bbox 437 5776 589 5832; x_wconf 65' lang='lat' dir='ltr'><strong>tum,</strong></span> <span class='ocrx_word' id='word_1_493' title='bbox 616 5770 711 5822; x_wconf 76' lang='lat' dir='ltr'><strong>sive</strong></span> <span class='ocrx_word' id='word_1_494' title='bbox 731 5769 969 5835; x_wconf 74' lang='lat' dir='ltr'><strong>negotium</strong></span> <span class='ocrx_word' id='word_1_495' title='bbox 988 5771 1269 5823; x_wconf 66' lang='lat' dir='ltr'><strong>discutiatur</strong></span> <span class='ocrx_word' id='word_1_496' title='bbox 1292 5769 1410 5834; x_wconf 81' lang='lat' dir='ltr'><strong>quid</strong></span> <span class='ocrx_word' id='word_1_497' title='bbox 1434 5770 1510 5819; x_wconf 68' lang='lat' dir='ltr'><strong>ait;</strong></span> 
     </span>
    </p>
   </div>
   <div class='ocr_carea' id='block_1_62' title="bbox 1683 262 2484 359">
    <p class='ocr_par' dir='ltr' id='par_1_62' title="bbox 1683 262 2484 359">
     <span class='ocr_line' id='line_1_62' title="bbox 1683 262 2484 359; baseline 0.005 -4"><span class='ocrx_word' id='word_1_498' title='bbox 1683 298 1722 355; x_wconf 90' lang='lat' dir='ltr'><strong>s</strong></span> <span class='ocrx_word' id='word_1_499' title='bbox 1789 291 2148 357; x_wconf 71' lang='lat' dir='ltr'><strong>AUGUSTINI</strong></span> <span class='ocrx_word' id='word_1_500' title='bbox 2194 262 2484 359; x_wconf 66' lang='lat' dir='ltr'><strong>erisnam</strong></span> 
     </span>
    </p>
   </div>
   <div class='ocr_carea' id='block_1_63' title="bbox 2806 313 3724 399">
    <p class='ocr_par' dir='ltr' id='par_1_63' title="bbox 2806 313 3724 399">
     <span class='ocr_line' id='line_1_63' title="bbox 2806 313 3724 399; baseline -0.001 -31"><span class='ocrx_word' id='word_1_501' title='bbox 2806 374 2814 399; x_wconf 42' lang='grc' dir='ltr'>ι</span> <span class='ocrx_word' id='word_1_502' title='bbox 3548 330 3551 333; x_wconf 55' lang='grc' dir='ltr'><strong><em>λ</em></strong></span> <span class='ocrx_word' id='word_1_503' title='bbox 3624 313 3724 368; x_wconf 73' lang='lat' dir='ltr'><strong>sas</strong></span> 
     </span>
    </p>
   </div>
   <div class='ocr_carea' id='block_1_64' title="bbox 2163 417 3728 493">
    <p class='ocr_par' dir='ltr' id='par_1_64' title="bbox 2163 417 3728 493">
     <span class='ocr_line' id='line_1_64' title="bbox 2163 417 3728 493; baseline 0.008 -26"><span class='ocrx_word' id='word_1_504' title='bbox 2163 417 2307 471; x_wconf 82' lang='lat' dir='ltr'><strong>uictis</strong></span> <span class='ocrx_word' id='word_1_505' title='bbox 2332 419 2546 487; x_wconf 74' lang='lat' dir='ltr'><strong>requiem</strong></span> <span class='ocrx_word' id='word_1_506' title='bbox 2572 419 2832 475; x_wconf 82' lang='lat' dir='ltr'><strong>animabus</strong></span> <span class='ocrx_word' id='word_1_507' title='bbox 2875 422 3048 476; x_wconf 80' lang='lat' dir='ltr'><strong>uestris</strong></span> <span class='ocrx_word' id='word_1_508' title='bbox 3081 422 3290 488; x_wconf 77' lang='lat' dir='ltr'><strong>(Matth.</strong></span> <span class='ocrx_word' id='word_1_509' title='bbox 3320 439 3404 487; x_wconf 73' lang='lat' dir='ltr'><strong>st,</strong></span> <span class='ocrx_word' id='word_1_510' title='bbox 3448 423 3553 491; x_wconf 70' lang='lat'><strong>28,</strong></span> <span class='ocrx_word' id='word_1_511' title='bbox 3591 423 3728 493; x_wconf 74' lang='lat'><strong>29)?</strong></span> 
     </span>
    </p>
   </div>
   <div class='ocr_carea' id='block_1_65' title="bbox 2157 507 3731 583">
    <p class='ocr_par' dir='ltr' id='par_1_65' title="bbox 2157 507 3731 583">
     <span class='ocr_line' id='line_1_65' title="bbox 2157 507 3731 583; baseline 0.004 -23"><span class='ocrx_word' id='word_1_512' title='bbox 2157 507 2279 561; x_wconf 73' lang='lat' dir='ltr'><strong>“:PC</strong></span> <span class='ocrx_word' id='word_1_513' title='bbox 2323 511 2531 577; x_wconf 84' lang='lat' dir='ltr'><strong>requies</strong></span> <span class='ocrx_word' id='word_1_514' title='bbox 2578 521 2759 564; x_wconf 88' lang='lat' dir='ltr'><strong>contra</strong></span> <span class='ocrx_word' id='word_1_515' title='bbox 2808 512 3162 580; x_wconf 74' lang='lat' dir='ltr'><strong>negotiatores</strong></span> <span class='ocrx_word' id='word_1_516' title='bbox 3196 515 3561 583; x_wconf 67' lang='lat' dir='ltr'><strong>&#39;prazdicatnr,</strong></span> <span class='ocrx_word' id='word_1_517' title='bbox 3613 516 3731 568; x_wconf 70' lang='lat' dir='ltr'><strong>ba-c</strong></span> 
     </span>
    </p>
   </div>
   <div class='ocr_carea' id='block_1_66' title="bbox 2157 599 3727 679">
    <p class='ocr_par' dir='ltr' id='par_1_66' title="bbox 2157 599 3727 679">
     <span class='ocr_line' id='line_1_66' title="bbox 2157 599 3727 679; baseline 0.006 -27"><span class='ocrx_word' id='word_1_518' title='bbox 2157 599 2364 670; x_wconf 82' lang='lat' dir='ltr'><strong>requies</strong></span> <span class='ocrx_word' id='word_1_519' title='bbox 2404 611 2587 657; x_wconf 88' lang='lat' dir='ltr'><strong>contra</strong></span> <span class='ocrx_word' id='word_1_520' title='bbox 2624 618 2733 673; x_wconf 63' lang='lat' dir='ltr'><strong>eos~</strong></span> <span class='ocrx_word' id='word_1_521' title='bbox 2756 606 2842 674; x_wconf 89' lang='lat' dir='ltr'><strong>qui</strong></span> <span class='ocrx_word' id='word_1_522' title='bbox 2890 606 3117 660; x_wconf 84' lang='lat' dir='ltr'><strong>oderunt</strong></span> <span class='ocrx_word' id='word_1_523' title='bbox 3155 610 3321 661; x_wconf 91' lang='lat' dir='ltr'><strong>otium</strong></span> <span class='ocrx_word' id='word_1_524' title='bbox 3370 609 3727 679; x_wconf 67' lang='lat' dir='ltr'><strong>przcdicatur,</strong></span> 
     </span>
    </p>
   </div>
   <div class='ocr_carea' id='block_1_67' title="bbox 2153 690 3723 765">
    <p class='ocr_par' dir='ltr' id='par_1_67' title="bbox 2153 690 3723 765">
     <span class='ocr_line' id='line_1_67' title="bbox 2153 690 3723 765; baseline 0.008 -25"><span class='ocrx_word' id='word_1_525' title='bbox 2153 690 2356 758; x_wconf 75' lang='lat' dir='ltr'><strong>agundo</strong></span> <span class='ocrx_word' id='word_1_526' title='bbox 2393 703 2448 745; x_wconf 91' lang='lat' dir='ltr'><strong>et</strong></span> <span class='ocrx_word' id='word_1_527' title='bbox 2482 692 2729 759; x_wconf 75' lang='lat' dir='ltr'><strong>iactando</strong></span> <span class='ocrx_word' id='word_1_528' title='bbox 2752 711 2809 750; x_wconf 90' lang='lat' dir='ltr'><strong>sc</strong></span> <span class='ocrx_word' id='word_1_529' title='bbox 2837 695 2903 750; x_wconf 88' lang='lat' dir='ltr'><strong>de</strong></span> <span class='ocrx_word' id='word_1_530' title='bbox 2933 699 3182 765; x_wconf 83' lang='lat' dir='ltr'><strong>operibus</strong></span> <span class='ocrx_word' id='word_1_531' title='bbox 3206 701 3350 762; x_wconf 86' lang='lat' dir='ltr'><strong>suis,</strong></span> <span class='ocrx_word' id='word_1_532' title='bbox 3399 711 3454 753; x_wconf 90' lang='lat' dir='ltr'><strong>ut</strong></span> <span class='ocrx_word' id='word_1_533' title='bbox 3500 718 3604 754; x_wconf 90' lang='lat' dir='ltr'><strong>non</strong></span> <span class='ocrx_word' id='word_1_534' title='bbox 3639 705 3723 755; x_wconf 82' lang='lat' dir='ltr'><strong>l&#39;e-</strong></span> 
     </span>
    </p>
   </div>
   <div class='ocr_carea' id='block_1_68' title="bbox 2155 781 3731 857">
    <p class='ocr_par' dir='ltr' id='par_1_68' title="bbox 2155 781 3731 857">
     <span class='ocr_line' id='line_1_68' title="bbox 2155 781 3731 857; baseline 0.008 -25"><span class='ocrx_word' id='word_1_535' title='bbox 2155 781 2426 847; x_wconf 83' lang='lat' dir='ltr'><strong>qniescant</strong></span> <span class='ocrx_word' id='word_1_536' title='bbox 2455 783 2504 836; x_wconf 92' lang='lat' dir='ltr'><strong>in</strong></span> <span class='ocrx_word' id='word_1_537' title='bbox 2536 784 2674 847; x_wconf 85' lang='lat' dir='ltr'><strong>Deo;</strong></span> <span class='ocrx_word' id='word_1_538' title='bbox 2701 796 2755 838; x_wconf 91' lang='lat' dir='ltr'><strong>et</strong></span> <span class='ocrx_word' id='word_1_539' title='bbox 2780 795 2927 841; x_wconf 87' lang='lat' dir='ltr'><strong>tanto</strong></span> <span class='ocrx_word' id='word_1_540' title='bbox 2957 788 3162 857; x_wconf 81' lang='lat' dir='ltr'><strong>longius</strong></span> <span class='ocrx_word' id='word_1_541' title='bbox 3190 806 3217 842; x_wconf 85' lang='lat' dir='ltr'><strong>a</strong></span> <span class='ocrx_word' id='word_1_542' title='bbox 3250 791 3412 857; x_wconf 81' lang='lat' dir='ltr'><strong>gratia</strong></span> <span class='ocrx_word' id='word_1_543' title='bbox 3445 792 3687 847; x_wconf 76' lang='lat' dir='ltr'><strong>resiliunt</strong></span> <span class='ocrx_word' id='word_1_544' title='bbox 3711 833 3731 857; x_wconf 90' lang='lat'><strong>,</strong></span> 
     </span>
    </p>
   </div>
   <div class='ocr_carea' id='block_1_69' title="bbox 2151 873 3415 945">
    <p class='ocr_par' dir='ltr' id='par_1_69' title="bbox 2151 873 3415 945">
     <span class='ocr_line' id='line_1_69' title="bbox 2151 873 3415 945; baseline 0.01 -24"><span class='ocrx_word' id='word_1_545' title='bbox 2151 882 2348 938; x_wconf 88' lang='lat' dir='ltr'><strong>quanto</strong></span> <span class='ocrx_word' id='word_1_546' title='bbox 2373 873 2537 941; x_wconf 84' lang='lat' dir='ltr'><strong>magis</strong></span> <span class='ocrx_word' id='word_1_547' title='bbox 2563 874 2628 927; x_wconf 81' lang='lat' dir='ltr'><strong>de</strong></span> <span class='ocrx_word' id='word_1_548' title='bbox 2658 876 2768 928; x_wconf 88' lang='lat' dir='ltr'><strong>suis</strong></span> <span class='ocrx_word' id='word_1_549' title='bbox 2796 879 3043 945; x_wconf 79' lang='lat' dir='ltr'><strong>operibus</strong></span> <span class='ocrx_word' id='word_1_550' title='bbox 3069 880 3415 934; x_wconf 66' lang='lat' dir='ltr'><strong>extolluntur.</strong></span> 
     </span>
    </p>
   </div>
   <div class='ocr_carea' id='block_1_70' title="bbox 2223 960 3731 1040">
    <p class='ocr_par' dir='ltr' id='par_1_70' title="bbox 2223 960 3731 1040">
     <span class='ocr_line' id='line_1_70' title="bbox 2223 960 3731 1040; baseline 0.007 -26"><span class='ocrx_word' id='word_1_551' title='bbox 2223 960 2309 1014; x_wconf 75' lang='grc'><strong>19.</strong></span> <span class='ocrx_word' id='word_1_552' title='bbox 2334 960 2437 1016; x_wconf 86' lang='lat' dir='ltr'><strong>Sed</strong></span> <span class='ocrx_word' id='word_1_553' title='bbox 2463 975 2546 1017; x_wconf 89' lang='lat' dir='ltr'><strong>est</strong></span> <span class='ocrx_word' id='word_1_554' title='bbox 2585 964 2635 1017; x_wconf 89' lang='lat' dir='ltr'><strong>in</strong></span> <span class='ocrx_word' id='word_1_555' title='bbox 2676 966 2984 1033; x_wconf 70' lang='lat' dir='ltr'><strong>quibmdam</strong></span> <span class='ocrx_word' id='word_1_556' title='bbox 3014 971 3434 1039; x_wconf 66' lang='lat' dir='ltr'><strong>esetttplaribns,</strong></span> <span class='ocrx_word' id='word_1_557' title='bbox 3469 973 3731 1040; x_wconf 79' lang='lat' dir='ltr'><strong>Quoniam</strong></span> 
     </span>
    </p>
   </div>
   <div class='ocr_carea' id='block_1_71' title="bbox 2150 1055 3728 1127">
    <p class='ocr_par' dir='ltr' id='par_1_71' title="bbox 2150 1055 3728 1127">
     <span class='ocr_line' id='line_1_71' title="bbox 2150 1055 3728 1127; baseline 0.01 -26"><span class='ocrx_word' id='word_1_558' title='bbox 2150 1067 2250 1103; x_wconf 81' lang='lat' dir='ltr'><strong>nou</strong></span> <span class='ocrx_word' id='word_1_559' title='bbox 2296 1056 2502 1121; x_wconf 80' lang='lat' dir='ltr'><strong>cognovi</strong></span> <span class='ocrx_word' id='word_1_560' title='bbox 2539 1055 2892 1110; x_wconf 73' lang='lat' dir='ltr'><strong>litteratorum.</strong></span> <span class='ocrx_word' id='word_1_561' title='bbox 2944 1058 3041 1115; x_wconf 86' lang='lat' dir='ltr'><strong>Ubi</strong></span> <span class='ocrx_word' id='word_1_562' title='bbox 3089 1061 3176 1115; x_wconf 82' lang='lat' dir='ltr'><strong>alii</strong></span> <span class='ocrx_word' id='word_1_563' title='bbox 3228 1063 3439 1118; x_wconf 79' lang='lat' dir='ltr'><strong>Codices</strong></span> <span class='ocrx_word' id='word_1_564' title='bbox 3485 1063 3728 1127; x_wconf 79' lang='lat' dir='ltr'><strong>habent,</strong></span> 
     </span>
    </p>
   </div>
   <div class='ocr_carea' id='block_1_72' title="bbox 2148 1144 3728 1222">
    <p class='ocr_par' dir='ltr' id='par_1_72' title="bbox 2148 1144 3728 1222">
     <span class='ocr_line' id='line_1_72' title="bbox 2148 1144 3728 1222; baseline 0.009 -29"><span class='ocrx_word' id='word_1_565' title='bbox 2148 1144 2558 1211; x_wconf 80' lang='lat' dir='ltr'><strong>negotiationem;</strong></span> <span class='ocrx_word' id='word_1_566' title='bbox 2586 1146 2655 1200; x_wconf 88' lang='lat' dir='ltr'><strong>ibi</strong></span> <span class='ocrx_word' id='word_1_567' title='bbox 2676 1147 2784 1211; x_wconf 85' lang='lat' dir='ltr'><strong>alii,</strong></span> <span class='ocrx_word' id='word_1_568' title='bbox 2811 1149 3141 1204; x_wconf 83' lang='lat' dir='ltr'><strong>litteraturam</strong></span> <span class='ocrx_word' id='word_1_569' title='bbox 3166 1168 3182 1205; x_wconf 89' lang='lat'><strong><em>:</em></strong></span> <span class='ocrx_word' id='word_1_570' title='bbox 3203 1154 3468 1222; x_wconf 88' lang='lat' dir='ltr'><strong>quomodo</strong></span> <span class='ocrx_word' id='word_1_571' title='bbox 3494 1170 3728 1209; x_wconf 87' lang='lat' dir='ltr'><strong>concor-</strong></span> 
     </span>
    </p>
   </div>
   <div class='ocr_carea' id='block_1_73' title="bbox 2148 1231 3732 1313">
    <p class='ocr_par' dir='ltr' id='par_1_73' title="bbox 2148 1231 3732 1313">
     <span class='ocr_line' id='line_1_73' title="bbox 2148 1231 3732 1313; baseline 0.009 -27"><span class='ocrx_word' id='word_1_572' title='bbox 2148 1231 2294 1297; x_wconf 88' lang='lat' dir='ltr'><strong>dent,</strong></span> <span class='ocrx_word' id='word_1_573' title='bbox 2324 1234 2561 1290; x_wconf 85' lang='lat' dir='ltr'><strong>invenire</strong></span> <span class='ocrx_word' id='word_1_574' title='bbox 2587 1236 2799 1293; x_wconf 77' lang='lat' dir='ltr'><strong>difﬁcile</strong></span> <span class='ocrx_word' id='word_1_575' title='bbox 2825 1250 2934 1304; x_wconf 91' lang='lat' dir='ltr'><strong>est;</strong></span> <span class='ocrx_word' id='word_1_576' title='bbox 2962 1249 3016 1296; x_wconf 89' lang='lat' dir='ltr'><strong>et</strong></span> <span class='ocrx_word' id='word_1_577' title='bbox 3049 1251 3226 1298; x_wconf 78' lang='lat' dir='ltr'><strong>mineo</strong></span> <span class='ocrx_word' id='word_1_578' title='bbox 3266 1242 3616 1313; x_wconf 86' lang='lat' dir='ltr'><strong>interpretum</strong></span> <span class='ocrx_word' id='word_1_579' title='bbox 3644 1247 3732 1300; x_wconf 86' lang='lat' dir='ltr'><strong>di-</strong></span> 
     </span>
    </p>
   </div>
   <div class='ocr_carea' id='block_1_74' title="bbox 2147 1324 3727 1392">
    <p class='ocr_par' dir='ltr' id='par_1_74' title="bbox 2147 1324 3727 1392">
     <span class='ocr_line' id='line_1_74' title="bbox 2147 1324 3727 1392; baseline 0.011 -17"><span class='ocrx_word' id='word_1_580' title='bbox 2147 1325 2371 1379; x_wconf 72' lang='lat' dir='ltr'><strong>versitas</strong></span> <span class='ocrx_word' id='word_1_581' title='bbox 2398 1324 2530 1380; x_wconf 77' lang='lat' dir='ltr'><strong>forte</strong></span> <span class='ocrx_word' id='word_1_582' title='bbox 2557 1340 2771 1383; x_wconf 85' lang='lat' dir='ltr'><strong>sensum</strong></span> <span class='ocrx_word' id='word_1_583' title='bbox 2802 1331 3058 1391; x_wconf 88' lang='lat' dir='ltr'><strong>ostendit.</strong></span> <span class='ocrx_word' id='word_1_584' title='bbox 3089 1344 3193 1387; x_wconf 87' lang='lat' dir='ltr'><strong>non</strong></span> <span class='ocrx_word' id='word_1_585' title='bbox 3219 1348 3455 1389; x_wconf 84' lang='lat' dir='ltr'><strong>errorem</strong></span> <span class='ocrx_word' id='word_1_586' title='bbox 3497 1336 3727 1392; x_wconf 86' lang='lat' dir='ltr'><strong>inducit.</strong></span> 
     </span>
    </p>
   </div>
   <div class='ocr_carea' id='block_1_75' title="bbox 2146 1414 3724 1496">
    <p class='ocr_par' dir='ltr' id='par_1_75' title="bbox 2146 1414 3724 1496">
     <span class='ocr_line' id='line_1_75' title="bbox 2146 1414 3724 1496; baseline 0.008 -29"><span class='ocrx_word' id='word_1_587' title='bbox 2146 1414 2457 1481; x_wconf 80' lang='lat' dir='ltr'><strong>Quaeramus</strong></span> <span class='ocrx_word' id='word_1_588' title='bbox 2477 1432 2603 1487; x_wconf 81' lang='lat' dir='ltr'><strong>ergo</strong></span> <span class='ocrx_word' id='word_1_589' title='bbox 2625 1428 2680 1474; x_wconf 90' lang='lat' dir='ltr'><strong>et</strong></span> <span class='ocrx_word' id='word_1_590' title='bbox 2699 1420 3030 1475; x_wconf 76' lang='lat' dir='ltr'><strong>litteraturam</strong></span> <span class='ocrx_word' id='word_1_591' title='bbox 3048 1423 3318 1493; x_wconf 87' lang='lat' dir='ltr'><strong>quomodo</strong></span> <span class='ocrx_word' id='word_1_592' title='bbox 3339 1425 3724 1496; x_wconf 82' lang='lat' dir='ltr'><strong>intelligamus.</strong></span> 
     </span>
    </p>
   </div>
   <div class='ocr_carea' id='block_1_76' title="bbox 2146 1506 3729 1586">
    <p class='ocr_par' dir='ltr' id='par_1_76' title="bbox 2146 1506 3729 1586">
     <span class='ocr_line' id='line_1_76' title="bbox 2146 1506 3729 1586; baseline 0.009 -28"><span class='ocrx_word' id='word_1_593' title='bbox 2146 1521 2213 1560; x_wconf 91' lang='lat' dir='ltr'><strong>ne</strong></span> <span class='ocrx_word' id='word_1_594' title='bbox 2241 1506 2319 1560; x_wconf 88' lang='lat' dir='ltr'><strong>sic</strong></span> <span class='ocrx_word' id='word_1_595' title='bbox 2347 1507 2673 1563; x_wconf 86' lang='lat' dir='ltr'><strong>oll‘endamus</strong></span> <span class='ocrx_word' id='word_1_596' title='bbox 2698 1513 3092 1581; x_wconf 87' lang='lat' dir='ltr'><strong>grammaticos,</strong></span> <span class='ocrx_word' id='word_1_597' title='bbox 3119 1515 3386 1584; x_wconf 87' lang='lat' dir='ltr'><strong>quomodo</strong></span> <span class='ocrx_word' id='word_1_598' title='bbox 3412 1517 3574 1586; x_wconf 83' lang='lat' dir='ltr'><strong>paulo</strong></span> <span class='ocrx_word' id='word_1_599' title='bbox 3599 1530 3729 1572; x_wconf 75' lang='lat' dir='ltr'><strong>mite</strong></span> 
     </span>
    </p>
   </div>
   <div class='ocr_carea' id='block_1_77' title="bbox 2145 1597 3728 1673">
    <p class='ocr_par' dir='ltr' id='par_1_77' title="bbox 2145 1597 3728 1673">
     <span class='ocr_line' id='line_1_77' title="bbox 2145 1597 3728 1673; baseline 0.009 -25"><span class='ocrx_word' id='word_1_600' title='bbox 2145 1597 2498 1664; x_wconf 80' lang='lat' dir='ltr'><strong>negotiatores</strong></span> <span class='ocrx_word' id='word_1_601' title='bbox 2520 1616 2532 1651; x_wconf 91' lang='lat'>:</span> <span class='ocrx_word' id='word_1_602' title='bbox 2552 1599 2675 1668; x_wconf 91' lang='lat' dir='ltr'><strong>quia</strong></span> <span class='ocrx_word' id='word_1_603' title='bbox 2703 1610 2757 1655; x_wconf 89' lang='lat' dir='ltr'><strong>et</strong></span> <span class='ocrx_word' id='word_1_604' title='bbox 2792 1604 3166 1673; x_wconf 85' lang='lat' dir='ltr'><strong>grammaticus</strong></span> <span class='ocrx_word' id='word_1_605' title='bbox 3196 1614 3373 1673; x_wconf 86' lang='lat' dir='ltr'><strong>potest</strong></span> <span class='ocrx_word' id='word_1_606' title='bbox 3398 1606 3449 1658; x_wconf 93' lang='lat' dir='ltr'><strong>in</strong></span> <span class='ocrx_word' id='word_1_607' title='bbox 3479 1615 3597 1660; x_wconf 88' lang='lat' dir='ltr'><strong>arte</strong></span> <span class='ocrx_word' id='word_1_608' title='bbox 3628 1623 3728 1662; x_wconf 82' lang='lat' dir='ltr'><strong>sua</strong></span> 
     </span>
    </p>
   </div>
   <div class='ocr_carea' id='block_1_78' title="bbox 2147 1685 3728 1765">
    <p class='ocr_par' dir='ltr' id='par_1_78' title="bbox 2147 1685 3728 1765">
     <span class='ocr_line' id='line_1_78' title="bbox 2147 1685 3728 1765; baseline 0.009 -26"><span class='ocrx_word' id='word_1_609' title='bbox 2147 1685 2366 1742; x_wconf 80' lang='lat' dir='ltr'><strong>honeste</strong></span> <span class='ocrx_word' id='word_1_610' title='bbox 2395 1689 2604 1755; x_wconf 73' lang='lat' dir='ltr'><strong>vivere;</strong></span> <span class='ocrx_word' id='word_1_611' title='bbox 2632 1707 2739 1746; x_wconf 90' lang='lat' dir='ltr'><strong>non</strong></span> <span class='ocrx_word' id='word_1_612' title='bbox 2767 1688 3007 1762; x_wconf 74' lang='lat' dir='ltr'><strong>peierare</strong></span> <span class='ocrx_word' id='word_1_613' title='bbox 3031 1737 3045 1760; x_wconf 93' lang='lat'><strong>,</strong></span> <span class='ocrx_word' id='word_1_614' title='bbox 3092 1711 3196 1750; x_wconf 90' lang='lat' dir='ltr'><strong>non</strong></span> <span class='ocrx_word' id='word_1_615' title='bbox 3241 1699 3473 1752; x_wconf 87' lang='lat' dir='ltr'><strong>mentiri.</strong></span> <span class='ocrx_word' id='word_1_616' title='bbox 3501 1699 3728 1765; x_wconf 71' lang='lat' dir='ltr'><strong>Qumra-</strong></span> 
     </span>
    </p>
   </div>
   <div class='ocr_carea' id='block_1_79' title="bbox 2144 1782 3727 1858">
    <p class='ocr_par' dir='ltr' id='par_1_79' title="bbox 2144 1782 3727 1858">
     <span class='ocr_line' id='line_1_79' title="bbox 2144 1782 3727 1858; baseline 0.009 -27"><span class='ocrx_word' id='word_1_617' title='bbox 2144 1794 2261 1832; x_wconf 91' lang='lat' dir='ltr'><strong>mus</strong></span> <span class='ocrx_word' id='word_1_618' title='bbox 2304 1790 2429 1848; x_wconf 77' lang='lat' dir='ltr'><strong>ergo</strong></span> <span class='ocrx_word' id='word_1_619' title='bbox 2477 1782 2822 1838; x_wconf 87' lang='lat' dir='ltr'><strong>litteraturam</strong></span> <span class='ocrx_word' id='word_1_620' title='bbox 2866 1802 3024 1856; x_wconf 91' lang='lat' dir='ltr'><strong>quam</strong></span> <span class='ocrx_word' id='word_1_621' title='bbox 3072 1804 3174 1841; x_wconf 92' lang='lat' dir='ltr'><strong>non</strong></span> <span class='ocrx_word' id='word_1_622' title='bbox 3224 1790 3470 1858; x_wconf 78' lang='lat' dir='ltr'><strong>cognovit</strong></span> <span class='ocrx_word' id='word_1_623' title='bbox 3500 1791 3637 1856; x_wconf 85' lang='lat' dir='ltr'><strong>iste,-</strong></span> <span class='ocrx_word' id='word_1_624' title='bbox 3669 1791 3727 1845; x_wconf 85' lang='lat' dir='ltr'><strong>in</strong></span> 
     </span>
    </p>
   </div>
   <div class='ocr_carea' id='block_1_80' title="bbox 2141 1870 3721 1947">
    <p class='ocr_par' dir='ltr' id='par_1_80' title="bbox 2141 1870 3721 1947">
     <span class='ocr_line' id='line_1_80' title="bbox 2141 1870 3721 1947; baseline 0.006 -24"><span class='ocrx_word' id='word_1_625' title='bbox 2141 1870 2291 1939; x_wconf 89' lang='lat' dir='ltr'><strong>cujus</strong></span> <span class='ocrx_word' id='word_1_626' title='bbox 2319 1887 2412 1926; x_wconf 90' lang='lat' dir='ltr'><strong>ore</strong></span> <span class='ocrx_word' id='word_1_627' title='bbox 2452 1882 2556 1926; x_wconf 86' lang='lat' dir='ltr'><strong>tota</strong></span> <span class='ocrx_word' id='word_1_628' title='bbox 2587 1874 2675 1929; x_wconf 90' lang='lat' dir='ltr'><strong>die</strong></span> <span class='ocrx_word' id='word_1_629' title='bbox 2714 1875 2829 1929; x_wconf 88' lang='lat' dir='ltr'><strong>laus</strong></span> <span class='ocrx_word' id='word_1_630' title='bbox 2858 1877 2947 1931; x_wconf 90' lang='lat' dir='ltr'><strong>Dei</strong></span> <span class='ocrx_word' id='word_1_631' title='bbox 2978 1889 3079 1932; x_wconf 85' lang='lat' dir='ltr'><strong>est.</strong></span> <span class='ocrx_word' id='word_1_632' title='bbox 3115 1877 3209 1931; x_wconf 87' lang='lat' dir='ltr'><strong>Est</strong></span> <span class='ocrx_word' id='word_1_633' title='bbox 3235 1879 3476 1947; x_wconf 65' lang='lat' dir='ltr'><strong>qna&#39;dam</strong></span> <span class='ocrx_word' id='word_1_634' title='bbox 3511 1880 3721 1935; x_wconf 82' lang='lat' dir='ltr'><strong>littera-</strong></span> 
     </span>
    </p>
   </div>
   <div class='ocr_carea' id='block_1_81' title="bbox 2144 1961 3723 2035">
    <p class='ocr_par' dir='ltr' id='par_1_81' title="bbox 2144 1961 3723 2035">
     <span class='ocr_line' id='line_1_81' title="bbox 2144 1961 3723 2035; baseline 0.008 -21"><span class='ocrx_word' id='word_1_635' title='bbox 2144 1969 2256 2015; x_wconf 89' lang='lat' dir='ltr'><strong>tura</strong></span> <span class='ocrx_word' id='word_1_636' title='bbox 2285 1961 2589 2018; x_wconf 72' lang='lat' dir='ltr'><strong>ludteorum</strong></span> <span class='ocrx_word' id='word_1_637' title='bbox 2619 1983 2631 2018; x_wconf 91' lang='lat'>:</span> <span class='ocrx_word' id='word_1_638' title='bbox 2660 1965 2725 2019; x_wconf 90' lang='lat' dir='ltr'><strong>ad</strong></span> <span class='ocrx_word' id='word_1_639' title='bbox 2757 1967 2873 2023; x_wconf 88' lang='lat' dir='ltr'><strong>illos</strong></span> <span class='ocrx_word' id='word_1_640' title='bbox 2899 1968 3040 2021; x_wconf 90' lang='lat' dir='ltr'><strong>enim</strong></span> <span class='ocrx_word' id='word_1_641' title='bbox 3079 1978 3133 2023; x_wconf 91' lang='lat' dir='ltr'><strong>et</strong></span> <span class='ocrx_word' id='word_1_642' title='bbox 3167 1970 3267 2022; x_wconf 84' lang='lat' dir='ltr'><strong>huc</strong></span> <span class='ocrx_word' id='word_1_643' title='bbox 3294 1969 3619 2035; x_wconf 81' lang='lat' dir='ltr'><strong>referamus;</strong></span> <span class='ocrx_word' id='word_1_644' title='bbox 3652 1972 3723 2026; x_wconf 88' lang='lat' dir='ltr'><strong>ibi</strong></span> 
     </span>
    </p>
   </div>
   <div class='ocr_carea' id='block_1_82' title="bbox 2142 2052 3727 2126">
    <p class='ocr_par' dir='ltr' id='par_1_82' title="bbox 2142 2052 3727 2126">
     <span class='ocr_line' id='line_1_82' title="bbox 2142 2052 3727 2126; baseline 0.007 -20"><span class='ocrx_word' id='word_1_645' title='bbox 2142 2052 2476 2109; x_wconf 78' lang='lat' dir='ltr'><strong>inveniemus</strong></span> <span class='ocrx_word' id='word_1_646' title='bbox 2515 2055 2657 2126; x_wconf 91' lang='lat' dir='ltr'><strong>quod</strong></span> <span class='ocrx_word' id='word_1_647' title='bbox 2695 2056 2894 2112; x_wconf 89' lang='lat' dir='ltr'><strong>dictum</strong></span> <span class='ocrx_word' id='word_1_648' title='bbox 2936 2068 3037 2114; x_wconf 88' lang='lat' dir='ltr'><strong>est.</strong></span> <span class='ocrx_word' id='word_1_649' title='bbox 3067 2060 3344 2125; x_wconf 88' lang='lat' dir='ltr'><strong>Quomodo</strong></span> <span class='ocrx_word' id='word_1_650' title='bbox 3369 2075 3489 2116; x_wconf 89' lang='lat' dir='ltr'><strong>cum</strong></span> <span class='ocrx_word' id='word_1_651' title='bbox 3529 2062 3600 2116; x_wconf 88' lang='lat' dir='ltr'><strong>de</strong></span> <span class='ocrx_word' id='word_1_652' title='bbox 3630 2080 3727 2117; x_wconf 82' lang='lat' dir='ltr'><strong>ne-</strong></span> 
     </span>
    </p>
   </div>
   <div class='ocr_carea' id='block_1_83' title="bbox 2139 2142 3720 2220">
    <p class='ocr_par' dir='ltr' id='par_1_83' title="bbox 2139 2142 3720 2220">
     <span class='ocr_line' id='line_1_83' title="bbox 2139 2142 3720 2220; baseline 0.008 -26"><span class='ocrx_word' id='word_1_653' title='bbox 2139 2142 2487 2211; x_wconf 81' lang='lat' dir='ltr'><strong>gotiatoribus</strong></span> <span class='ocrx_word' id='word_1_654' title='bbox 2529 2160 2924 2214; x_wconf 68' lang='lat' dir='ltr'><strong>quaereremus,</strong></span> <span class='ocrx_word' id='word_1_655' title='bbox 2972 2158 3185 2218; x_wconf 87' lang='lat' dir='ltr'><strong>propter</strong></span> <span class='ocrx_word' id='word_1_656' title='bbox 3227 2158 3376 2204; x_wconf 88' lang='lat' dir='ltr'><strong>actus</strong></span> <span class='ocrx_word' id='word_1_657' title='bbox 3418 2161 3470 2204; x_wconf 87' lang='lat' dir='ltr'><strong>et</strong></span> <span class='ocrx_word' id='word_1_658' title='bbox 3514 2166 3679 2220; x_wconf 82' lang='lat' dir='ltr'><strong>Opera</strong></span> <span class='ocrx_word' id='word_1_659' title='bbox 3704 2195 3720 2217; x_wconf 93' lang='lat'><strong>,</strong></span> 
     </span>
    </p>
   </div>
   <div class='ocr_carea' id='block_1_84' title="bbox 2142 2235 3719 2310">
    <p class='ocr_par' dir='ltr' id='par_1_84' title="bbox 2142 2235 3719 2310">
     <span class='ocr_line' id='line_1_84' title="bbox 2142 2235 3719 2310; baseline 0.007 -23"><span class='ocrx_word' id='word_1_660' title='bbox 2142 2235 2437 2290; x_wconf 71' lang='lat' dir='ltr'><strong>invenimus</strong></span> <span class='ocrx_word' id='word_1_661' title='bbox 2490 2235 2633 2291; x_wconf 88' lang='lat' dir='ltr'><strong>illam</strong></span> <span class='ocrx_word' id='word_1_662' title='bbox 2681 2236 2783 2291; x_wconf 90' lang='lat' dir='ltr'><strong>dici</strong></span> <span class='ocrx_word' id='word_1_663' title='bbox 2841 2241 3251 2310; x_wconf 83' lang='lat' dir='ltr'><strong>negotiationem</strong></span> <span class='ocrx_word' id='word_1_664' title='bbox 3304 2241 3719 2307; x_wconf 84' lang='lat' dir='ltr'><strong>detestandam,</strong></span> 
     </span>
    </p>
   </div>
   <div class='ocr_carea' id='block_1_85' title="bbox 2140 2328 3722 2405">
    <p class='ocr_par' dir='ltr' id='par_1_85' title="bbox 2140 2328 3722 2405">
     <span class='ocr_line' id='line_1_85' title="bbox 2140 2328 3722 2405; baseline 0.008 -26"><span class='ocrx_word' id='word_1_665' title='bbox 2140 2341 2295 2394; x_wconf 89' lang='lat' dir='ltr'><strong>quam</strong></span> <span class='ocrx_word' id='word_1_666' title='bbox 2329 2328 2527 2382; x_wconf 85' lang='lat' dir='ltr'><strong>notavit</strong></span> <span class='ocrx_word' id='word_1_667' title='bbox 2564 2329 2852 2398; x_wconf 78' lang='lat' dir='ltr'><strong>Apostolus</strong></span> <span class='ocrx_word' id='word_1_668' title='bbox 2879 2332 3064 2388; x_wconf 88' lang='lat' dir='ltr'><strong>dicens</strong></span> <span class='ocrx_word' id='word_1_669' title='bbox 3089 2349 3102 2386; x_wconf 94' lang='lat'>:</span> <span class='ocrx_word' id='word_1_670' title='bbox 3126 2331 3430 2405; x_wconf 82' lang='lat' dir='ltr'><strong>Iguorantes</strong></span> <span class='ocrx_word' id='word_1_671' title='bbox 3455 2337 3589 2390; x_wconf 78' lang='lat' dir='ltr'><strong>enim</strong></span> <span class='ocrx_word' id='word_1_672' title='bbox 3626 2338 3722 2392; x_wconf 81' lang='lat' dir='ltr'><strong>Dei</strong></span> 
     </span>
    </p>
   </div>
   <div class='ocr_carea' id='block_1_86' title="bbox 2130 2418 3716 2499">
    <p class='ocr_par' dir='ltr' id='par_1_86' title="bbox 2130 2418 3716 2499">
     <span class='ocr_line' id='line_1_86' title="bbox 2130 2418 3716 2499; baseline 0.008 -29"><span class='ocrx_word' id='word_1_673' title='bbox 2130 2418 2400 2486; x_wconf 66' lang='lat' dir='ltr'><strong>justitiam,</strong></span> <span class='ocrx_word' id='word_1_674' title='bbox 2426 2430 2473 2473; x_wconf 78' lang='lat' dir='ltr'><strong>et</strong></span> <span class='ocrx_word' id='word_1_675' title='bbox 2492 2437 2634 2474; x_wconf 85' lang='lat' dir='ltr'><strong>suam</strong></span> <span class='ocrx_word' id='word_1_676' title='bbox 2661 2422 2875 2478; x_wconf 84' lang='lat' dir='ltr'><strong>volentes</strong></span> <span class='ocrx_word' id='word_1_677' title='bbox 2911 2425 3229 2494; x_wconf 78' lang='lat' dir='ltr'><strong>constituere,</strong></span> <span class='ocrx_word' id='word_1_678' title='bbox 3247 2428 3464 2497; x_wconf 79' lang='lat' dir='ltr'><strong>justititc</strong></span> <span class='ocrx_word' id='word_1_679' title='bbox 3494 2429 3589 2484; x_wconf 87' lang='lat' dir='ltr'><strong>Dei</strong></span> <span class='ocrx_word' id='word_1_680' title='bbox 3618 2421 3716 2499; x_wconf 63' lang='lat' dir='ltr'><strong>non</strong></span> 
     </span>
    </p>
   </div>
   <div class='ocr_carea' id='block_1_87' title="bbox 2138 2511 3716 2587">
    <p class='ocr_par' dir='ltr' id='par_1_87' title="bbox 2138 2511 3716 2587">
     <span class='ocr_line' id='line_1_87' title="bbox 2138 2511 3716 2587; baseline 0.008 -25"><span class='ocrx_word' id='word_1_681' title='bbox 2138 2518 2252 2562; x_wconf 88' lang='lat' dir='ltr'><strong>sunt</strong></span> <span class='ocrx_word' id='word_1_682' title='bbox 2286 2512 2495 2580; x_wconf 82' lang='lat' dir='ltr'><strong>subjecti</strong></span> <span class='ocrx_word' id='word_1_683' title='bbox 2542 2511 2721 2582; x_wconf 83' lang='lat' dir='ltr'><strong>(Rom.</strong></span> <span class='ocrx_word' id='word_1_684' title='bbox 2754 2530 2783 2567; x_wconf 72' lang='grc' dir='ltr'><strong><em>κ</em></strong></span> <span class='ocrx_word' id='word_1_685' title='bbox 2806 2555 2820 2579; x_wconf 88' lang='grc'><em>,</em></span> <span class='ocrx_word' id='word_1_686' title='bbox 2871 2516 2947 2585; x_wconf 76' lang='grc' dir='ltr'><strong>ὃ).</strong></span> <span class='ocrx_word' id='word_1_687' title='bbox 2978 2515 3172 2571; x_wconf 87' lang='lat' dir='ltr'><strong>Contra</strong></span> <span class='ocrx_word' id='word_1_688' title='bbox 3200 2533 3361 2587; x_wconf 90' lang='lat' dir='ltr'><strong>quam</strong></span> <span class='ocrx_word' id='word_1_689' title='bbox 3406 2519 3536 2573; x_wconf 89' lang='lat' dir='ltr'><strong>dicit</strong></span> <span class='ocrx_word' id='word_1_690' title='bbox 3575 2521 3716 2575; x_wconf 69' lang='lat' dir='ltr'><strong>idem</strong></span> 
     </span>
    </p>
   </div>
   <div class='ocr_carea' id='block_1_88' title="bbox 2139 2601 3714 2678">
    <p class='ocr_par' dir='ltr' id='par_1_88' title="bbox 2139 2601 3714 2678">
     <span class='ocr_line' id='line_1_88' title="bbox 2139 2601 3714 2678; baseline 0.008 -24"><span class='ocrx_word' id='word_1_691' title='bbox 2139 2601 2424 2671; x_wconf 86' lang='lat' dir='ltr'><strong>Apostolus</strong></span> <span class='ocrx_word' id='word_1_692' title='bbox 2447 2620 2460 2656; x_wconf 90' lang='lat'><strong>:</strong></span> <span class='ocrx_word' id='word_1_693' title='bbox 2487 2603 2610 2658; x_wconf 82' lang='lat' dir='ltr'><strong>Non</strong></span> <span class='ocrx_word' id='word_1_694' title='bbox 2641 2623 2703 2659; x_wconf 82' lang='lat' dir='ltr'><strong>ea:</strong></span> <span class='ocrx_word' id='word_1_695' title='bbox 2727 2607 2959 2674; x_wconf 85' lang='lat' dir='ltr'><strong>operibus</strong></span> <span class='ocrx_word' id='word_1_696' title='bbox 2977 2650 2991 2674; x_wconf 91' lang='lat'><strong>,</strong></span> <span class='ocrx_word' id='word_1_697' title='bbox 3038 2625 3102 2662; x_wconf 88' lang='lat' dir='ltr'><strong>ne</strong></span> <span class='ocrx_word' id='word_1_698' title='bbox 3132 2614 3264 2678; x_wconf 77' lang='lat' dir='ltr'><strong>forte</strong></span> <span class='ocrx_word' id='word_1_699' title='bbox 3285 2613 3398 2676; x_wconf 84' lang='lat' dir='ltr'><strong>quis</strong></span> <span class='ocrx_word' id='word_1_700' title='bbox 3421 2613 3714 2667; x_wconf 74' lang='lat' dir='ltr'><strong>extollatur.</strong></span> 
     </span>
    </p>
   </div>
   <div class='ocr_carea' id='block_1_89' title="bbox 2139 2691 3714 2768">
    <p class='ocr_par' dir='ltr' id='par_1_89' title="bbox 2139 2691 3714 2768">
     <span class='ocr_line' id='line_1_89' title="bbox 2139 2691 3714 2768; baseline 0.01 -25"><span class='ocrx_word' id='word_1_701' title='bbox 2139 2691 2415 2758; x_wconf 90' lang='lat' dir='ltr'><strong>Quomodo</strong></span> <span class='ocrx_word' id='word_1_702' title='bbox 2444 2696 2623 2762; x_wconf 59' lang='lat' dir='ltr'><strong>ergo?</strong></span> <span class='ocrx_word' id='word_1_703' title='bbox 2648 2696 2909 2766; x_wconf 73' lang='lat' dir='ltr'><strong>Numquid</strong></span> <span class='ocrx_word' id='word_1_704' title='bbox 2956 2714 3060 2752; x_wconf 90' lang='lat' dir='ltr'><strong>non</strong></span> <span class='ocrx_word' id='word_1_705' title='bbox 3101 2701 3442 2768; x_wconf 83' lang='lat' dir='ltr'><strong>operabitnur</strong></span> <span class='ocrx_word' id='word_1_706' title='bbox 3481 2705 3714 2758; x_wconf 61' lang='lat' dir='ltr'><strong>bonum?</strong></span> 
     </span>
    </p>
   </div>
   <div class='ocr_carea' id='block_1_90' title="bbox 2137 2785 3713 2861">
    <p class='ocr_par' dir='ltr' id='par_1_90' title="bbox 2137 2785 3713 2861">
     <span class='ocr_line' id='line_1_90' title="bbox 2137 2785 3713 2861; baseline 0.006 -25"><span class='ocrx_word' id='word_1_707' title='bbox 2137 2785 2518 2853; x_wconf 86' lang='lat' dir='ltr'><strong>Uperabimnr;</strong></span> <span class='ocrx_word' id='word_1_708' title='bbox 2550 2787 2642 2840; x_wconf 87' lang='lat' dir='ltr'><strong>sed</strong></span> <span class='ocrx_word' id='word_1_709' title='bbox 2667 2803 2779 2856; x_wconf 81' lang='lat' dir='ltr'><strong>Ipso</strong></span> <span class='ocrx_word' id='word_1_710' title='bbox 2808 2789 2857 2841; x_wconf 92' lang='lat' dir='ltr'><strong>in</strong></span> <span class='ocrx_word' id='word_1_711' title='bbox 2889 2790 3039 2843; x_wconf 90' lang='lat' dir='ltr'><strong>nobis</strong></span> <span class='ocrx_word' id='word_1_712' title='bbox 3067 2804 3321 2860; x_wconf 87' lang='lat' dir='ltr'><strong>operante</strong></span> <span class='ocrx_word' id='word_1_713' title='bbox 3346 2811 3359 2844; x_wconf 87' lang='lat'><strong>:</strong></span> <span class='ocrx_word' id='word_1_714' title='bbox 3386 2791 3557 2861; x_wconf 73' lang='lat' dir='ltr'><strong>Ipsius</strong></span> <span class='ocrx_word' id='word_1_715' title='bbox 3580 2798 3713 2847; x_wconf 81' lang='lat' dir='ltr'><strong>enin:</strong></span> 
     </span>
    </p>
   </div>
   <div class='ocr_carea' id='block_1_91' title="bbox 2135 2866 3719 2956">
    <p class='ocr_par' dir='ltr' id='par_1_91' title="bbox 2135 2866 3719 2956">
     <span class='ocr_line' id='line_1_91' title="bbox 2135 2866 3719 2956; baseline 0.007 -27"><span class='ocrx_word' id='word_1_716' title='bbox 2135 2892 2308 2931; x_wconf 84' lang='lat' dir='ltr'><strong>sumus</strong></span> <span class='ocrx_word' id='word_1_717' title='bbox 2350 2866 2863 2953; x_wconf 31' lang='lat' dir='ltr'><strong>ﬁgmentumtcreati</strong></span> <span class='ocrx_word' id='word_1_718' title='bbox 2902 2881 2956 2933; x_wconf 85' lang='lat' dir='ltr'><strong>in</strong></span> <span class='ocrx_word' id='word_1_719' title='bbox 3002 2881 3200 2937; x_wconf 80' lang='lat' dir='ltr'><strong>Christo</strong></span> <span class='ocrx_word' id='word_1_720' title='bbox 3234 2882 3357 2938; x_wconf 76' lang='lat' dir='ltr'><strong>Iesu</strong></span> <span class='ocrx_word' id='word_1_721' title='bbox 3397 2887 3449 2939; x_wconf 87' lang='lat' dir='ltr'><strong>in</strong></span> <span class='ocrx_word' id='word_1_722' title='bbox 3482 2887 3719 2956; x_wconf 75' lang='lat' dir='ltr'><strong>aper-ibus</strong></span> 
     </span>
    </p>
   </div>
   <div class='ocr_carea' id='block_1_92' title="bbox 2140 2966 3726 3046">
    <p class='ocr_par' dir='ltr' id='par_1_92' title="bbox 2140 2966 3726 3046">
     <span class='ocr_line' id='line_1_92' title="bbox 2140 2966 3726 3046; baseline 0.006 -23"><span class='ocrx_word' id='word_1_723' title='bbox 2140 2967 2281 3023; x_wconf 76' lang='lat' dir='ltr'><strong>bouis</strong></span> <span class='ocrx_word' id='word_1_724' title='bbox 2311 2966 2522 3039; x_wconf 81' lang='lat' dir='ltr'><strong>(Ephes.</strong></span> <span class='ocrx_word' id='word_1_725' title='bbox 2556 2985 2612 3035; x_wconf 83' lang='lat' dir='ltr'><strong>tt,</strong></span> <span class='ocrx_word' id='word_1_726' title='bbox 2644 2968 2707 3033; x_wconf 92' lang='lat'><strong>9,</strong></span> <span class='ocrx_word' id='word_1_727' title='bbox 2760 2970 2863 3041; x_wconf 75' lang='lat' dir='ltr'><strong>l0).</strong></span> <span class='ocrx_word' id='word_1_728' title='bbox 2908 2971 3187 3039; x_wconf 85' lang='lat' dir='ltr'><strong>Quomodo</strong></span> <span class='ocrx_word' id='word_1_729' title='bbox 3217 2974 3318 3029; x_wconf 87' lang='lat' dir='ltr'><strong>ltoc</strong></span> <span class='ocrx_word' id='word_1_730' title='bbox 3356 2991 3482 3046; x_wconf 87' lang='lat' dir='ltr'><strong>ergo</strong></span> <span class='ocrx_word' id='word_1_731' title='bbox 3512 2977 3726 3033; x_wconf 76' lang='lat' dir='ltr'><strong>inveni-</strong></span> 
     </span>
    </p>
   </div>
   <div class='ocr_carea' id='block_1_93' title="bbox 2138 3063 3709 3142">
    <p class='ocr_par' dir='ltr' id='par_1_93' title="bbox 2138 3063 3709 3142">
     <span class='ocr_line' id='line_1_93' title="bbox 2138 3063 3709 3142; baseline 0.007 -27"><span class='ocrx_word' id='word_1_732' title='bbox 2138 3074 2255 3115; x_wconf 85' lang='lat' dir='ltr'><strong>mus</strong></span> <span class='ocrx_word' id='word_1_733' title='bbox 2279 3071 2462 3115; x_wconf 86' lang='lat' dir='ltr'><strong>contra</strong></span> <span class='ocrx_word' id='word_1_734' title='bbox 2509 3063 2863 3142; x_wconf 72' lang='lat' dir='ltr'><strong>negatiatores</strong></span> <span class='ocrx_word' id='word_1_735' title='bbox 2889 3106 2904 3129; x_wconf 92' lang='lat'><strong>,</strong></span> <span class='ocrx_word' id='word_1_736' title='bbox 2953 3065 3003 3118; x_wconf 90' lang='lat' dir='ltr'><strong>id</strong></span> <span class='ocrx_word' id='word_1_737' title='bbox 3035 3074 3116 3121; x_wconf 88' lang='lat' dir='ltr'><strong>cst</strong></span> <span class='ocrx_word' id='word_1_738' title='bbox 3143 3066 3211 3121; x_wconf 92' lang='lat' dir='ltr'><strong>de</strong></span> <span class='ocrx_word' id='word_1_739' title='bbox 3235 3077 3354 3122; x_wconf 89' lang='lat' dir='ltr'><strong>actu</strong></span> <span class='ocrx_word' id='word_1_740' title='bbox 3382 3069 3709 3136; x_wconf 74' lang='lat' dir='ltr'><strong>gloriantes;</strong></span> 
     </span>
    </p>
   </div>
   <div class='ocr_carea' id='block_1_94' title="bbox 2137 3151 3716 3231">
    <p class='ocr_par' dir='ltr' id='par_1_94' title="bbox 2137 3151 3716 3231">
     <span class='ocr_line' id='line_1_94' title="bbox 2137 3151 3716 3231; baseline 0.007 -26"><span class='ocrx_word' id='word_1_741' title='bbox 2137 3151 2203 3207; x_wconf 81' lang='lat' dir='ltr'><strong>tle</strong></span> <span class='ocrx_word' id='word_1_742' title='bbox 2223 3154 2435 3222; x_wconf 84' lang='lat' dir='ltr'><strong>negotio</strong></span> <span class='ocrx_word' id='word_1_743' title='bbox 2456 3154 2592 3223; x_wconf 88' lang='lat' dir='ltr'><strong>quod</strong></span> <span class='ocrx_word' id='word_1_744' title='bbox 2617 3167 2773 3224; x_wconf 76' lang='lat' dir='ltr'><strong>negot</strong></span> <span class='ocrx_word' id='word_1_745' title='bbox 2793 3155 2960 3210; x_wconf 88' lang='lat' dir='ltr'><strong>otium</strong></span> <span class='ocrx_word' id='word_1_746' title='bbox 2982 3159 2993 3187; x_wconf 92' lang='grc'>¹</span> <span class='ocrx_word' id='word_1_747' title='bbox 3019 3160 3078 3212; x_wconf 87' lang='lat' dir='ltr'><strong>se</strong></span> <span class='ocrx_word' id='word_1_748' title='bbox 3095 3159 3429 3225; x_wconf 78' lang='lat' dir='ltr'><strong>extollentes,</strong></span> <span class='ocrx_word' id='word_1_749' title='bbox 3450 3160 3716 3231; x_wconf 80' lang='lat' dir='ltr'><strong>inquietos</strong></span> 
     </span>
    </p>
   </div>
   <div class='ocr_carea' id='block_1_95' title="bbox 2141 3244 3718 3321">
    <p class='ocr_par' dir='ltr' id='par_1_95' title="bbox 2141 3244 3718 3321">
     <span class='ocr_line' id='line_1_95' title="bbox 2141 3244 3718 3321; baseline 0.009 -30"><span class='ocrx_word' id='word_1_750' title='bbox 2141 3244 2313 3312; x_wconf 85' lang='lat' dir='ltr'><strong>potius</strong></span> <span class='ocrx_word' id='word_1_751' title='bbox 2337 3260 2493 3313; x_wconf 89' lang='lat' dir='ltr'><strong>quam</strong></span> <span class='ocrx_word' id='word_1_752' title='bbox 2526 3245 2696 3299; x_wconf 90' lang='lat' dir='ltr'><strong>bonos</strong></span> <span class='ocrx_word' id='word_1_753' title='bbox 2724 3256 3065 3315; x_wconf 86' lang='lat' dir='ltr'><strong>operatores;</strong></span> <span class='ocrx_word' id='word_1_754' title='bbox 3097 3251 3218 3319; x_wconf 89' lang='lat' dir='ltr'><strong>quia</strong></span> <span class='ocrx_word' id='word_1_755' title='bbox 3250 3250 3375 3305; x_wconf 89' lang='lat' dir='ltr'><strong>boni</strong></span> <span class='ocrx_word' id='word_1_756' title='bbox 3405 3263 3718 3321; x_wconf 81' lang='lat' dir='ltr'><strong>operatorcs</strong></span> 
     </span>
    </p>
   </div>
   <div class='ocr_carea' id='block_1_96' title="bbox 2137 3335 3714 3409">
    <p class='ocr_par' dir='ltr' id='par_1_96' title="bbox 2137 3335 3714 3409">
     <span class='ocr_line' id='line_1_96' title="bbox 2137 3335 3714 3409; baseline 0.006 -21"><span class='ocrx_word' id='word_1_757' title='bbox 2137 3336 2209 3389; x_wconf 88' lang='lat' dir='ltr'><strong>illi</strong></span> <span class='ocrx_word' id='word_1_758' title='bbox 2236 3335 2430 3389; x_wconf 88' lang='lat' dir='ltr'><strong>suntin</strong></span> <span class='ocrx_word' id='word_1_759' title='bbox 2461 3337 2651 3404; x_wconf 88' lang='lat' dir='ltr'><strong>quibus</strong></span> <span class='ocrx_word' id='word_1_760' title='bbox 2684 3336 2824 3391; x_wconf 86' lang='lat' dir='ltr'><strong>Dens</strong></span> <span class='ocrx_word' id='word_1_761' title='bbox 2850 3347 3136 3407; x_wconf 87' lang='lat' dir='ltr'><strong>operatur:</strong></span> <span class='ocrx_word' id='word_1_762' title='bbox 3162 3340 3239 3395; x_wconf 85' lang='lat' dir='ltr'><strong>sic</strong></span> <span class='ocrx_word' id='word_1_763' title='bbox 3263 3348 3317 3394; x_wconf 90' lang='lat' dir='ltr'><strong>et</strong></span> <span class='ocrx_word' id='word_1_764' title='bbox 3345 3343 3528 3396; x_wconf 83' lang='lat' dir='ltr'><strong>nescio</strong></span> <span class='ocrx_word' id='word_1_765' title='bbox 3552 3358 3714 3409; x_wconf 82' lang='lat' dir='ltr'><strong>quam</strong></span> 
     </span>
    </p>
   </div>
   <div class='ocr_carea' id='block_1_97' title="bbox 2135 3420 3710 3493">
    <p class='ocr_par' dir='ltr' id='par_1_97' title="bbox 2135 3420 3710 3493">
     <span class='ocr_line' id='line_1_97' title="bbox 2135 3420 3710 3493; baseline 0.006 -21"><span class='ocrx_word' id='word_1_766' title='bbox 2135 3420 2479 3473; x_wconf 88' lang='lat' dir='ltr'><strong>litteraturam</strong></span> <span class='ocrx_word' id='word_1_767' title='bbox 2507 3420 2802 3474; x_wconf 81' lang='lat' dir='ltr'><strong>invenimus</strong></span> <span class='ocrx_word' id='word_1_768' title='bbox 2820 3422 2956 3491; x_wconf 87' lang='lat' dir='ltr'><strong>apud</strong></span> <span class='ocrx_word' id='word_1_769' title='bbox 2975 3422 3208 3480; x_wconf 64' lang='lat' dir='ltr'><strong>.ludteos.</strong></span> <span class='ocrx_word' id='word_1_770' title='bbox 3226 3424 3484 3493; x_wconf 83' lang='lat' dir='ltr'><strong>Dominus</strong></span> <span class='ocrx_word' id='word_1_771' title='bbox 3499 3426 3642 3481; x_wconf 87' lang='lat' dir='ltr'><strong>adsit</strong></span> <span class='ocrx_word' id='word_1_772' title='bbox 3657 3438 3710 3481; x_wconf 91' lang='lat' dir='ltr'><strong>nt</strong></span> 
     </span>
    </p>
   </div>
   <div class='ocr_carea' id='block_1_98' title="bbox 2133 3508 3714 3581">
    <p class='ocr_par' dir='ltr' id='par_1_98' title="bbox 2133 3508 3714 3581">
     <span class='ocr_line' id='line_1_98' title="bbox 2133 3508 3714 3581; baseline 0.007 -18"><span class='ocrx_word' id='word_1_773' title='bbox 2133 3510 2390 3578; x_wconf 66' lang='lat' dir='ltr'><strong>egplicem</strong></span> <span class='ocrx_word' id='word_1_774' title='bbox 2419 3509 2616 3573; x_wconf 86' lang='lat' dir='ltr'><strong>verbis,</strong></span> <span class='ocrx_word' id='word_1_775' title='bbox 2647 3508 2787 3580; x_wconf 62' lang='lat' dir='ltr'><strong>Quod</strong></span> <span class='ocrx_word' id='word_1_776' title='bbox 2831 3513 3076 3581; x_wconf 77' lang='lat' dir='ltr'><strong>dignatus</strong></span> <span class='ocrx_word' id='word_1_777' title='bbox 3105 3523 3185 3568; x_wconf 87' lang='lat' dir='ltr'><strong>est</strong></span> <span class='ocrx_word' id='word_1_778' title='bbox 3228 3514 3430 3570; x_wconf 90' lang='lat' dir='ltr'><strong>donare</strong></span> <span class='ocrx_word' id='word_1_779' title='bbox 3465 3524 3519 3569; x_wconf 91' lang='lat' dir='ltr'><strong>ut</strong></span> <span class='ocrx_word' id='word_1_780' title='bbox 3544 3518 3714 3574; x_wconf 84' lang='lat' dir='ltr'><strong>corde</strong></span> 
     </span>
    </p>
   </div>
   <div class='ocr_carea' id='block_1_99' title="bbox 2132 3601 3703 3674">
    <p class='ocr_par' dir='ltr' id='par_1_99' title="bbox 2132 3601 3703 3674">
     <span class='ocr_line' id='line_1_99' title="bbox 2132 3601 3703 3674; baseline 0.003 -18"><span class='ocrx_word' id='word_1_781' title='bbox 2132 3601 2512 3671; x_wconf 88' lang='lat' dir='ltr'><strong>conspicerem.</strong></span> <span class='ocrx_word' id='word_1_782' title='bbox 2531 3601 2786 3671; x_wconf 86' lang='lat' dir='ltr'><strong>Superbia</strong></span> <span class='ocrx_word' id='word_1_783' title='bbox 2810 3603 3112 3658; x_wconf 71' lang='lat' dir='ltr'><strong>Judaeorum</strong></span> <span class='ocrx_word' id='word_1_784' title='bbox 3134 3606 3562 3674; x_wconf 66' lang='lat' dir='ltr'><strong>praesnmentimn</strong></span> <span class='ocrx_word' id='word_1_785' title='bbox 3586 3617 3703 3661; x_wconf 82' lang='lat' dir='ltr'><strong>tan-</strong></span> 
     </span>
    </p>
   </div>
   <div class='ocr_carea' id='block_1_100' title="bbox 2132 3692 3709 3765">
    <p class='ocr_par' dir='ltr' id='par_1_100' title="bbox 2132 3692 3709 3765">
     <span class='ocr_line' id='line_1_100' title="bbox 2132 3692 3709 3765; baseline 0.004 -22"><span class='ocrx_word' id='word_1_786' title='bbox 2132 3707 2287 3761; x_wconf 87' lang='lat' dir='ltr'><strong>quam</strong></span> <span class='ocrx_word' id='word_1_787' title='bbox 2317 3692 2384 3746; x_wconf 91' lang='lat' dir='ltr'><strong>de</strong></span> <span class='ocrx_word' id='word_1_788' title='bbox 2410 3692 2608 3747; x_wconf 84' lang='lat' dir='ltr'><strong>viribus</strong></span> <span class='ocrx_word' id='word_1_789' title='bbox 2640 3693 2752 3748; x_wconf 89' lang='lat' dir='ltr'><strong>suis</strong></span> <span class='ocrx_word' id='word_1_790' title='bbox 2783 3703 2837 3747; x_wconf 91' lang='lat' dir='ltr'><strong>et</strong></span> <span class='ocrx_word' id='word_1_791' title='bbox 2863 3694 2928 3748; x_wconf 91' lang='lat' dir='ltr'><strong>de</strong></span> <span class='ocrx_word' id='word_1_792' title='bbox 2954 3695 3157 3761; x_wconf 73' lang='lat' dir='ltr'><strong>justitia</strong></span> <span class='ocrx_word' id='word_1_793' title='bbox 3185 3710 3407 3765; x_wconf 85' lang='lat' dir='ltr'><strong>operum</strong></span> <span class='ocrx_word' id='word_1_794' title='bbox 3445 3711 3668 3752; x_wconf 85' lang='lat' dir='ltr'><strong>suorum</strong></span> <span class='ocrx_word' id='word_1_795' title='bbox 3691 3739 3709 3763; x_wconf 86' lang='lat'><strong>,</strong></span> 
     </span>
    </p>
   </div>
   <div class='ocr_carea' id='block_1_101' title="bbox 2130 3781 3710 3855">
    <p class='ocr_par' dir='ltr' id='par_1_101' title="bbox 2130 3781 3710 3855">
     <span class='ocr_line' id='line_1_101' title="bbox 2130 3781 3710 3855; baseline 0.006 -20"><span class='ocrx_word' id='word_1_796' title='bbox 2130 3782 2454 3849; x_wconf 75' lang='lat' dir='ltr'><strong>gloriabatur</strong></span> <span class='ocrx_word' id='word_1_797' title='bbox 2477 3781 2544 3836; x_wconf 89' lang='lat' dir='ltr'><strong>de</strong></span> <span class='ocrx_word' id='word_1_798' title='bbox 2565 3781 2721 3851; x_wconf 82' lang='lat' dir='ltr'><strong>Lege,</strong></span> <span class='ocrx_word' id='word_1_799' title='bbox 2747 3783 2885 3852; x_wconf 90' lang='lat' dir='ltr'><strong>quod</strong></span> <span class='ocrx_word' id='word_1_800' title='bbox 2912 3785 3007 3854; x_wconf 86' lang='lat' dir='ltr'><strong>ipsi</strong></span> <span class='ocrx_word' id='word_1_801' title='bbox 3030 3784 3223 3853; x_wconf 76' lang='lat' dir='ltr'><strong>Legem</strong></span> <span class='ocrx_word' id='word_1_802' title='bbox 3244 3787 3563 3855; x_wconf 74' lang='lat' dir='ltr'><strong>acceperint,</strong></span> <span class='ocrx_word' id='word_1_803' title='bbox 3592 3790 3710 3844; x_wconf 57' lang='lat' dir='ltr'><strong>aria:</strong></span> 
     </span>
    </p>
   </div>
   <div class='ocr_carea' id='block_1_102' title="bbox 2132 3873 3709 3947">
    <p class='ocr_par' dir='ltr' id='par_1_102' title="bbox 2132 3873 3709 3947">
     <span class='ocr_line' id='line_1_102' title="bbox 2132 3873 3709 3947; baseline 0.005 -22"><span class='ocrx_word' id='word_1_804' title='bbox 2132 3883 2313 3938; x_wconf 69' lang='lat' dir='ltr'><strong>gentes</strong></span> <span class='ocrx_word' id='word_1_805' title='bbox 2342 3888 2446 3926; x_wconf 92' lang='lat' dir='ltr'><strong>non</strong></span> <span class='ocrx_word' id='word_1_806' title='bbox 2489 3873 2817 3942; x_wconf 88' lang='lat' dir='ltr'><strong>acceperint;</strong></span> <span class='ocrx_word' id='word_1_807' title='bbox 2863 3874 2912 3927; x_wconf 91' lang='lat' dir='ltr'><strong>in</strong></span> <span class='ocrx_word' id='word_1_808' title='bbox 2957 3890 3059 3943; x_wconf 87' lang='lat' dir='ltr'><strong>qua</strong></span> <span class='ocrx_word' id='word_1_809' title='bbox 3101 3875 3268 3945; x_wconf 74' lang='lat' dir='ltr'><strong>Lege,</strong></span> <span class='ocrx_word' id='word_1_810' title='bbox 3314 3877 3516 3932; x_wconf 88' lang='lat' dir='ltr'><strong>nonde</strong></span> <span class='ocrx_word' id='word_1_811' title='bbox 3541 3881 3709 3947; x_wconf 73' lang='lat' dir='ltr'><strong>gratia</strong></span> 
     </span>
    </p>
   </div>
   <div class='ocr_carea' id='block_1_103' title="bbox 2129 3964 3707 4041">
    <p class='ocr_par' dir='ltr' id='par_1_103' title="bbox 2129 3964 3707 4041">
     <span class='ocr_line' id='line_1_103' title="bbox 2129 3964 3707 4041; baseline 0.007 -25"><span class='ocrx_word' id='word_1_812' title='bbox 2129 3964 2519 4032; x_wconf 76' lang='lat' dir='ltr'><strong>gloriabantur,</strong></span> <span class='ocrx_word' id='word_1_813' title='bbox 2550 3964 2642 4019; x_wconf 88' lang='lat' dir='ltr'><strong>sed</strong></span> <span class='ocrx_word' id='word_1_814' title='bbox 2676 3964 2742 4020; x_wconf 89' lang='lat' dir='ltr'><strong>de</strong></span> <span class='ocrx_word' id='word_1_815' title='bbox 2800 3965 2994 4021; x_wconf 89' lang='lat' dir='ltr'><strong>littera.</strong></span> <span class='ocrx_word' id='word_1_816' title='bbox 3028 3966 3137 4022; x_wconf 80' lang='lat' dir='ltr'><strong>Lex</strong></span> <span class='ocrx_word' id='word_1_817' title='bbox 3176 3968 3318 4022; x_wconf 90' lang='lat' dir='ltr'><strong>enim</strong></span> <span class='ocrx_word' id='word_1_818' title='bbox 3354 3970 3471 4025; x_wconf 88' lang='lat' dir='ltr'><strong>sine</strong></span> <span class='ocrx_word' id='word_1_819' title='bbox 3517 3974 3707 4041; x_wconf 81' lang='lat' dir='ltr'><strong>gratia,</strong></span> 
     </span>
    </p>
   </div>
   <div class='ocr_carea' id='block_1_104' title="bbox 2133 4055 3709 4129">
    <p class='ocr_par' dir='ltr' id='par_1_104' title="bbox 2133 4055 3709 4129">
     <span class='ocr_line' id='line_1_104' title="bbox 2133 4055 3709 4129; baseline 0.005 -22"><span class='ocrx_word' id='word_1_820' title='bbox 2133 4056 2301 4109; x_wconf 87' lang='lat' dir='ltr'><strong>littera</strong></span> <span class='ocrx_word' id='word_1_821' title='bbox 2324 4055 2436 4110; x_wconf 88' lang='lat' dir='ltr'><strong>sola</strong></span> <span class='ocrx_word' id='word_1_822' title='bbox 2462 4063 2545 4111; x_wconf 89' lang='lat' dir='ltr'><strong>est</strong></span> <span class='ocrx_word' id='word_1_823' title='bbox 2573 4072 2586 4107; x_wconf 88' lang='lat'><strong>:</strong></span> <span class='ocrx_word' id='word_1_824' title='bbox 2613 4064 2789 4111; x_wconf 87' lang='lat' dir='ltr'><strong>manet</strong></span> <span class='ocrx_word' id='word_1_825' title='bbox 2811 4056 2876 4111; x_wconf 90' lang='lat' dir='ltr'><strong>ad</strong></span> <span class='ocrx_word' id='word_1_826' title='bbox 2907 4058 3321 4113; x_wconf 71' lang='lat' dir='ltr'><strong>com-incendam</strong></span> <span class='ocrx_word' id='word_1_827' title='bbox 3353 4061 3709 4129; x_wconf 81' lang='lat' dir='ltr'><strong>iniquitatem,</strong></span> 
     </span>
    </p>
   </div>
   <div class='ocr_carea' id='block_1_105' title="bbox 2131 4144 3712 4218">
    <p class='ocr_par' dir='ltr' id='par_1_105' title="bbox 2131 4144 3712 4218">
     <span class='ocr_line' id='line_1_105' title="bbox 2131 4144 3712 4218; baseline 0.004 -18"><span class='ocrx_word' id='word_1_828' title='bbox 2131 4160 2234 4200; x_wconf 92' lang='lat' dir='ltr'><strong>non</strong></span> <span class='ocrx_word' id='word_1_829' title='bbox 2258 4144 2324 4199; x_wconf 88' lang='lat' dir='ltr'><strong>ad</strong></span> <span class='ocrx_word' id='word_1_830' title='bbox 2349 4145 2574 4200; x_wconf 87' lang='lat' dir='ltr'><strong>dandam</strong></span> <span class='ocrx_word' id='word_1_831' title='bbox 2602 4147 2848 4201; x_wconf 87' lang='lat' dir='ltr'><strong>salutem.</strong></span> <span class='ocrx_word' id='word_1_832' title='bbox 2876 4145 3010 4214; x_wconf 90' lang='lat' dir='ltr'><strong>Quid</strong></span> <span class='ocrx_word' id='word_1_833' title='bbox 3039 4148 3180 4201; x_wconf 91' lang='lat' dir='ltr'><strong>enim</strong></span> <span class='ocrx_word' id='word_1_834' title='bbox 3202 4148 3276 4202; x_wconf 86' lang='lat' dir='ltr'><strong>ait</strong></span> <span class='ocrx_word' id='word_1_835' title='bbox 3302 4151 3627 4218; x_wconf 79' lang='lat' dir='ltr'><strong>Apostolus?</strong></span> <span class='ocrx_word' id='word_1_836' title='bbox 3650 4153 3712 4208; x_wconf 80' lang='lat' dir='ltr'><strong>Si</strong></span> 
     </span>
    </p>
   </div>
   <div class='ocr_carea' id='block_1_106' title="bbox 2128 4238 3714 4315">
    <p class='ocr_par' dir='ltr' id='par_1_106' title="bbox 2128 4238 3714 4315">
     <span class='ocr_line' id='line_1_106' title="bbox 2128 4238 3714 4315; baseline 0.003 -23"><span class='ocrx_word' id='word_1_837' title='bbox 2128 4238 2261 4292; x_wconf 84' lang='lat' dir='ltr'><strong>enim</strong></span> <span class='ocrx_word' id='word_1_838' title='bbox 2289 4238 2408 4291; x_wconf 86' lang='lat' dir='ltr'><strong>data</strong></span> <span class='ocrx_word' id='word_1_839' title='bbox 2431 4249 2555 4292; x_wconf 80' lang='lat' dir='ltr'><strong>esset</strong></span> <span class='ocrx_word' id='word_1_840' title='bbox 2577 4238 2658 4292; x_wconf 84' lang='lat' dir='ltr'><strong>lea:</strong></span> <span class='ocrx_word' id='word_1_841' title='bbox 2678 4254 2793 4310; x_wconf 68' lang='lat' dir='ltr'><strong>qua:</strong></span> <span class='ocrx_word' id='word_1_842' title='bbox 2819 4250 2983 4306; x_wconf 80' lang='lat' dir='ltr'><strong>posset</strong></span> <span class='ocrx_word' id='word_1_843' title='bbox 3001 4241 3270 4308; x_wconf 81' lang='lat' dir='ltr'><strong>viviﬁcare,</strong></span> <span class='ocrx_word' id='word_1_844' title='bbox 3294 4242 3500 4297; x_wconf 87' lang='lat' dir='ltr'><strong>omnino</strong></span> <span class='ocrx_word' id='word_1_845' title='bbox 3523 4260 3588 4297; x_wconf 75' lang='lat' dir='ltr'><strong>et:</strong></span> <span class='ocrx_word' id='word_1_846' title='bbox 3603 4246 3714 4315; x_wconf 79' lang='lat' dir='ltr'><strong>lege</strong></span> 
     </span>
    </p>
   </div>
   <div class='ocr_carea' id='block_1_107' title="bbox 2128 4329 3716 4402">
    <p class='ocr_par' dir='ltr' id='par_1_107' title="bbox 2128 4329 3716 4402">
     <span class='ocr_line' id='line_1_107' title="bbox 2128 4329 3716 4402; baseline 0.004 -20"><span class='ocrx_word' id='word_1_847' title='bbox 2128 4339 2251 4382; x_wconf 83' lang='lat' dir='ltr'><strong>esset</strong></span> <span class='ocrx_word' id='word_1_848' title='bbox 2276 4329 2476 4398; x_wconf 82' lang='lat' dir='ltr'><strong>justitia</strong></span> <span class='ocrx_word' id='word_1_849' title='bbox 2499 4344 2519 4382; x_wconf 89' lang='lat'><strong><em>:</em></strong></span> <span class='ocrx_word' id='word_1_850' title='bbox 2547 4330 2635 4382; x_wconf 84' lang='lat' dir='ltr'><strong>sed</strong></span> <span class='ocrx_word' id='word_1_851' title='bbox 2676 4329 2920 4384; x_wconf 85' lang='lat' dir='ltr'><strong>conclusit</strong></span> <span class='ocrx_word' id='word_1_852' title='bbox 2967 4329 3232 4399; x_wconf 81' lang='lat' dir='ltr'><strong>Scriptura</strong></span> <span class='ocrx_word' id='word_1_853' title='bbox 3269 4332 3436 4384; x_wconf 79' lang='lat' dir='ltr'><strong>omnia</strong></span> <span class='ocrx_word' id='word_1_854' title='bbox 3460 4335 3552 4386; x_wconf 76' lang='lat' dir='ltr'><strong>sub</strong></span> <span class='ocrx_word' id='word_1_855' title='bbox 3598 4353 3716 4402; x_wconf 71' lang='lat' dir='ltr'><strong>per-</strong></span> 
     </span>
    </p>
   </div>
   <div class='ocr_carea' id='block_1_108' title="bbox 2127 4419 3713 4488">
    <p class='ocr_par' dir='ltr' id='par_1_108' title="bbox 2127 4419 3713 4488">
     <span class='ocr_line' id='line_1_108' title="bbox 2127 4419 3713 4488; baseline 0.005 -17"><span class='ocrx_word' id='word_1_856' title='bbox 2127 4428 2257 4477; x_wconf 85' lang='lat' dir='ltr'><strong>cato.</strong></span> <span class='ocrx_word' id='word_1_857' title='bbox 2282 4430 2336 4471; x_wconf 88' lang='lat' dir='ltr'><strong>ut</strong></span> <span class='ocrx_word' id='word_1_858' title='bbox 2360 4420 2620 4488; x_wconf 77' lang='lat' dir='ltr'><strong>promissio</strong></span> <span class='ocrx_word' id='word_1_859' title='bbox 2652 4436 2716 4474; x_wconf 75' lang='lat' dir='ltr'><strong>ex</strong></span> <span class='ocrx_word' id='word_1_860' title='bbox 2739 4420 2838 4487; x_wconf 82' lang='lat' dir='ltr'><strong>ﬁde</strong></span> <span class='ocrx_word' id='word_1_861' title='bbox 2866 4419 2990 4473; x_wconf 79' lang='lat' dir='ltr'><strong>Jcsu</strong></span> <span class='ocrx_word' id='word_1_862' title='bbox 3021 4420 3206 4475; x_wconf 83' lang='lat' dir='ltr'><strong>Christi</strong></span> <span class='ocrx_word' id='word_1_863' title='bbox 3228 4422 3434 4475; x_wconf 77' lang='lat' dir='ltr'><strong>duretur</strong></span> <span class='ocrx_word' id='word_1_864' title='bbox 3456 4426 3713 4479; x_wconf 73' lang='lat' dir='ltr'><strong>credenti-</strong></span> 
     </span>
    </p>
   </div>
   <div class='ocr_carea' id='block_1_109' title="bbox 2127 4510 3708 4582">
    <p class='ocr_par' dir='ltr' id='par_1_109' title="bbox 2127 4510 3708 4582">
     <span class='ocr_line' id='line_1_109' title="bbox 2127 4510 3708 4582; baseline 0.007 -20"><span class='ocrx_word' id='word_1_865' title='bbox 2127 4511 2218 4565; x_wconf 83' lang='lat' dir='ltr'><strong>bus</strong></span> <span class='ocrx_word' id='word_1_866' title='bbox 2245 4510 2385 4580; x_wconf 73' lang='lat' dir='ltr'><strong>(Gul.</strong></span> <span class='ocrx_word' id='word_1_867' title='bbox 2422 4527 2494 4571; x_wconf 87' lang='lat' dir='ltr'><strong>Ill,</strong></span> <span class='ocrx_word' id='word_1_868' title='bbox 2533 4512 2625 4575; x_wconf 70' lang='lat'><strong>2!,</strong></span> <span class='ocrx_word' id='word_1_869' title='bbox 2659 4511 2773 4582; x_wconf 66' lang='lat'><strong>9&#39;2).</strong></span> <span class='ocrx_word' id='word_1_870' title='bbox 2815 4512 2886 4566; x_wconf 81' lang='lat' dir='ltr'><strong>De</strong></span> <span class='ocrx_word' id='word_1_871' title='bbox 2913 4512 3014 4567; x_wconf 86' lang='lat' dir='ltr'><strong>bac</strong></span> <span class='ocrx_word' id='word_1_872' title='bbox 3052 4514 3225 4568; x_wconf 84' lang='lat' dir='ltr'><strong>littera</strong></span> <span class='ocrx_word' id='word_1_873' title='bbox 3253 4514 3381 4569; x_wconf 87' lang='lat' dir='ltr'><strong>dicit</strong></span> <span class='ocrx_word' id='word_1_874' title='bbox 3418 4517 3523 4570; x_wconf 83' lang='lat' dir='ltr'><strong>alio</strong></span> <span class='ocrx_word' id='word_1_875' title='bbox 3546 4518 3708 4573; x_wconf 86' lang='lat' dir='ltr'><strong>loco:</strong></span> 
     </span>
    </p>
   </div>
   <div class='ocr_carea' id='block_1_110' title="bbox 2126 4606 3707 4678">
    <p class='ocr_par' dir='ltr' id='par_1_110' title="bbox 2126 4606 3707 4678">
     <span class='ocr_line' id='line_1_110' title="bbox 2126 4606 3707 4678; baseline 0.005 -19"><span class='ocrx_word' id='word_1_876' title='bbox 2126 4606 2316 4660; x_wconf 76' lang='lat' dir='ltr'><strong>Littera</strong></span> <span class='ocrx_word' id='word_1_877' title='bbox 2341 4609 2560 4669; x_wconf 78' lang='lat' dir='ltr'><strong>occidit;</strong></span> <span class='ocrx_word' id='word_1_878' title='bbox 2588 4607 2796 4674; x_wconf 78' lang='lat' dir='ltr'><strong>spiritus</strong></span> <span class='ocrx_word' id='word_1_879' title='bbox 2835 4618 2999 4659; x_wconf 84' lang='lat' dir='ltr'><strong>autem</strong></span> <span class='ocrx_word' id='word_1_880' title='bbox 3038 4607 3255 4675; x_wconf 79' lang='lat' dir='ltr'><strong>vivi/icat</strong></span> <span class='ocrx_word' id='word_1_881' title='bbox 3281 4606 3347 4677; x_wconf 94' lang='lat' dir='ltr'><strong>(Il</strong></span> <span class='ocrx_word' id='word_1_882' title='bbox 3370 4608 3489 4662; x_wconf 86' lang='lat' dir='ltr'><strong>Cor.</strong></span> <span class='ocrx_word' id='word_1_883' title='bbox 3519 4625 3598 4673; x_wconf 74' lang='lat' dir='ltr'><strong>ut,</strong></span> <span class='ocrx_word' id='word_1_884' title='bbox 3628 4612 3707 4678; x_wconf 79' lang='grc'><strong>6).</strong></span> 
     </span>
    </p>
   </div>
   <div class='ocr_carea' id='block_1_111' title="bbox 2126 4697 3707 4768">
    <p class='ocr_par' dir='ltr' id='par_1_111' title="bbox 2126 4697 3707 4768">
     <span class='ocr_line' id='line_1_111' title="bbox 2126 4697 3707 4768; baseline 0.001 -15"><span class='ocrx_word' id='word_1_885' title='bbox 2126 4698 2300 4754; x_wconf 79' lang='lat' dir='ltr'><strong>Habes</strong></span> <span class='ocrx_word' id='word_1_886' title='bbox 2323 4699 2571 4761; x_wconf 71' lang='lat' dir='ltr'><strong>litteram,</strong></span> <span class='ocrx_word' id='word_1_887' title='bbox 2601 4699 2647 4751; x_wconf 91' lang='lat' dir='ltr'><strong>si</strong></span> <span class='ocrx_word' id='word_1_888' title='bbox 2664 4697 3033 4768; x_wconf 71' lang='lat' dir='ltr'><strong>pneVaricator</strong></span> <span class='ocrx_word' id='word_1_889' title='bbox 3051 4698 3180 4767; x_wconf 87' lang='lat' dir='ltr'><strong>legis</strong></span> <span class='ocrx_word' id='word_1_890' title='bbox 3204 4712 3299 4752; x_wconf 86' lang='lat' dir='ltr'><strong>es:</strong></span> <span class='ocrx_word' id='word_1_891' title='bbox 3327 4698 3425 4764; x_wconf 76' lang='lat' dir='ltr'><strong>Qui</strong></span> <span class='ocrx_word' id='word_1_892' title='bbox 3452 4717 3542 4767; x_wconf 62' lang='lat' dir='ltr'><strong>per</strong></span> <span class='ocrx_word' id='word_1_893' title='bbox 3569 4701 3707 4755; x_wconf 73' lang='lat' dir='ltr'><strong>litte-</strong></span> 
     </span>
    </p>
   </div>
   <div class='ocr_carea' id='block_1_112' title="bbox 2126 4789 3706 4863">
    <p class='ocr_par' dir='ltr' id='par_1_112' title="bbox 2126 4789 3706 4863">
     <span class='ocr_line' id='line_1_112' title="bbox 2126 4789 3706 4863; baseline 0.003 -20"><span class='ocrx_word' id='word_1_894' title='bbox 2126 4808 2256 4854; x_wconf 88' lang='lat' dir='ltr'><strong>ram,</strong></span> <span class='ocrx_word' id='word_1_895' title='bbox 2299 4791 2486 4860; x_wconf 83' lang='lat' dir='ltr'><strong>inquit,</strong></span> <span class='ocrx_word' id='word_1_896' title='bbox 2534 4800 2577 4843; x_wconf 82' lang='lat' dir='ltr'><strong>et</strong></span> <span class='ocrx_word' id='word_1_897' title='bbox 2616 4789 3041 4843; x_wconf 82' lang='lat' dir='ltr'><strong>circumcisionem</strong></span> <span class='ocrx_word' id='word_1_898' title='bbox 3074 4791 3431 4857; x_wconf 73' lang='lat' dir='ltr'><strong>prmraricator</strong></span> <span class='ocrx_word' id='word_1_899' title='bbox 3474 4793 3603 4863; x_wconf 75' lang='lat' dir='ltr'><strong>legis</strong></span> <span class='ocrx_word' id='word_1_900' title='bbox 3632 4812 3706 4849; x_wconf 81' lang='lat' dir='ltr'><strong>es.</strong></span> 
     </span>
    </p>
   </div>
   <div class='ocr_carea' id='block_1_113' title="bbox 2125 4880 3706 4938">
    <p class='ocr_par' dir='ltr' id='par_1_113' title="bbox 2125 4880 3706 4938">
     <span class='ocr_line' id='line_1_113' title="bbox 2125 4880 3706 4938; baseline 0 -1"><span class='ocrx_word' id='word_1_901' title='bbox 2125 4881 2312 4937; x_wconf 78' lang='lat' dir='ltr'><strong>Nonne</strong></span> <span class='ocrx_word' id='word_1_902' title='bbox 2338 4882 2475 4938; x_wconf 83' lang='lat' dir='ltr'><strong>bene</strong></span> <span class='ocrx_word' id='word_1_903' title='bbox 2495 4892 2738 4936; x_wconf 86' lang='lat' dir='ltr'><strong>cantatur</strong></span> <span class='ocrx_word' id='word_1_904' title='bbox 2752 4891 2806 4935; x_wconf 90' lang='lat' dir='ltr'><strong>et</strong></span> <span class='ocrx_word' id='word_1_905' title='bbox 2832 4881 3025 4935; x_wconf 84' lang='lat' dir='ltr'><strong>dicitur</strong></span> <span class='ocrx_word' id='word_1_906' title='bbox 3048 4899 3061 4935; x_wconf 90' lang='lat'><strong>:</strong></span> <span class='ocrx_word' id='word_1_907' title='bbox 3095 4880 3229 4935; x_wconf 81' lang='lat' dir='ltr'><strong>Erue</strong></span> <span class='ocrx_word' id='word_1_908' title='bbox 3252 4898 3329 4934; x_wconf 81' lang='lat' dir='ltr'><strong>me</strong></span> <span class='ocrx_word' id='word_1_909' title='bbox 3358 4883 3421 4934; x_wconf 82' lang='lat' dir='ltr'><strong>de</strong></span> <span class='ocrx_word' id='word_1_910' title='bbox 3448 4900 3604 4936; x_wconf 81' lang='lat' dir='ltr'><strong>manu</strong></span> <span class='ocrx_word' id='word_1_911' title='bbox 3632 4886 3706 4938; x_wconf 77' lang='lat' dir='ltr'><strong>le-</strong></span> 
     </span>
    </p>
   </div>
   <div class='ocr_carea' id='block_1_114' title="bbox 2124 4973 3705 5044">
    <p class='ocr_par' dir='ltr' id='par_1_114' title="bbox 2124 4973 3705 5044">
     <span class='ocr_line' id='line_1_114' title="bbox 2124 4973 3705 5044; baseline 0 -18"><span class='ocrx_word' id='word_1_912' title='bbox 2124 4989 2237 5044; x_wconf 81' lang='lat' dir='ltr'><strong>gem</strong></span> <span class='ocrx_word' id='word_1_913' title='bbox 2265 4973 2609 5043; x_wconf 63' lang='lat' dir='ltr'><strong>praetereuntis</strong></span> <span class='ocrx_word' id='word_1_914' title='bbox 2652 4982 2697 5028; x_wconf 86' lang='lat' dir='ltr'><strong>et</strong></span> <span class='ocrx_word' id='word_1_915' title='bbox 2736 4973 2934 5043; x_wconf 82' lang='lat' dir='ltr'><strong>iniqui?</strong></span> <span class='ocrx_word' id='word_1_916' title='bbox 2963 4973 3137 5028; x_wconf 82' lang='lat' dir='ltr'><strong>Habes</strong></span> <span class='ocrx_word' id='word_1_917' title='bbox 3167 4973 3428 5039; x_wconf 64' lang='lat' dir='ltr'><strong>littta‘am;</strong></span> <span class='ocrx_word' id='word_1_918' title='bbox 3470 4977 3564 5032; x_wconf 86' lang='lat' dir='ltr'><strong>sed</strong></span> <span class='ocrx_word' id='word_1_919' title='bbox 3600 4996 3705 5031; x_wconf 78' lang='grc' dir='ltr'>ιιιιη</span> 
     </span>
    </p>
   </div>
   <div class='ocr_carea' id='block_1_115' title="bbox 2127 5062 3705 5134">
    <p class='ocr_par' dir='ltr' id='par_1_115' title="bbox 2127 5062 3705 5134">
     <span class='ocr_line' id='line_1_115' title="bbox 2127 5062 3705 5134; baseline 0.003 -17"><span class='ocrx_word' id='word_1_920' title='bbox 2127 5065 2314 5134; x_wconf 89' lang='lat' dir='ltr'><strong>imples</strong></span> <span class='ocrx_word' id='word_1_921' title='bbox 2342 5064 2590 5117; x_wconf 84' lang='lat' dir='ltr'><strong>litteram.</strong></span> <span class='ocrx_word' id='word_1_922' title='bbox 2624 5062 2775 5119; x_wconf 87' lang='lat' dir='ltr'><strong>Unde</strong></span> <span class='ocrx_word' id='word_1_923' title='bbox 2801 5079 2904 5117; x_wconf 88' lang='lat' dir='ltr'><strong>non</strong></span> <span class='ocrx_word' id='word_1_924' title='bbox 2937 5064 3124 5132; x_wconf 87' lang='lat' dir='ltr'><strong>imples</strong></span> <span class='ocrx_word' id='word_1_925' title='bbox 3157 5064 3420 5118; x_wconf 83' lang='lat' dir='ltr'><strong>litteram?</strong></span> <span class='ocrx_word' id='word_1_926' title='bbox 3441 5069 3705 5131; x_wconf 82' lang='lat' dir='ltr'><strong>Quoniam</strong></span> 
     </span>
    </p>
   </div>
   <div class='ocr_carea' id='block_1_116' title="bbox 2124 5154 3709 5226">
    <p class='ocr_par' dir='ltr' id='par_1_116' title="bbox 2124 5154 3709 5226">
     <span class='ocr_line' id='line_1_116' title="bbox 2124 5154 3709 5226; baseline 0.004 -19"><span class='ocrx_word' id='word_1_927' title='bbox 2124 5156 2210 5224; x_wconf 87' lang='lat' dir='ltr'><strong>qui</strong></span> <span class='ocrx_word' id='word_1_928' title='bbox 2241 5154 2484 5223; x_wconf 72' lang='lat' dir='ltr'><strong>prwdicas</strong></span> <span class='ocrx_word' id='word_1_929' title='bbox 2505 5171 2603 5208; x_wconf 88' lang='lat' dir='ltr'><strong>non</strong></span> <span class='ocrx_word' id='word_1_930' title='bbox 2626 5158 2916 5225; x_wconf 79' lang='lat' dir='ltr'><strong>furandum,</strong></span> <span class='ocrx_word' id='word_1_931' title='bbox 2942 5157 3161 5226; x_wconf 77' lang='lat' dir='ltr'><strong>furoris;</strong></span> <span class='ocrx_word' id='word_1_932' title='bbox 3185 5160 3271 5226; x_wconf 85' lang='lat' dir='ltr'><strong>qui</strong></span> <span class='ocrx_word' id='word_1_933' title='bbox 3289 5157 3416 5210; x_wconf 84' lang='lat' dir='ltr'><strong>dicis</strong></span> <span class='ocrx_word' id='word_1_934' title='bbox 3436 5175 3538 5211; x_wconf 86' lang='lat' dir='ltr'><strong>non</strong></span> <span class='ocrx_word' id='word_1_935' title='bbox 3559 5162 3709 5214; x_wconf 78' lang='lat' dir='ltr'><strong>adul-</strong></span> 
     </span>
    </p>
   </div>
   <div class='ocr_carea' id='block_1_117' title="bbox 2126 5240 3707 5321">
    <p class='ocr_par' dir='ltr' id='par_1_117' title="bbox 2126 5240 3707 5321">
     <span class='ocr_line' id='line_1_117' title="bbox 2126 5240 3707 5321; baseline 0.006 -23"><span class='ocrx_word' id='word_1_936' title='bbox 2126 5248 2410 5311; x_wconf 74' lang='lat' dir='ltr'><strong>terandum,</strong></span> <span class='ocrx_word' id='word_1_937' title='bbox 2441 5247 2734 5311; x_wconf 85' lang='lat' dir='ltr'><strong>adulteras;</strong></span> <span class='ocrx_word' id='word_1_938' title='bbox 2758 5248 2844 5317; x_wconf 85' lang='lat' dir='ltr'><strong>qui</strong></span> <span class='ocrx_word' id='word_1_939' title='bbox 2868 5240 3170 5302; x_wconf 82' lang='lat' dir='ltr'><strong>abominaris</strong></span> <span class='ocrx_word' id='word_1_940' title='bbox 3199 5250 3355 5315; x_wconf 83' lang='lat' dir='ltr'><strong>idola,</strong></span> <span class='ocrx_word' id='word_1_941' title='bbox 3382 5253 3707 5321; x_wconf 77' lang='lat' dir='ltr'><strong>sacrilegium</strong></span> 
     </span>
    </p>
   </div>
   <div class='ocr_carea' id='block_1_118' title="bbox 2126 5337 3705 5410">
    <p class='ocr_par' dir='ltr' id='par_1_118' title="bbox 2126 5337 3705 5410">
     <span class='ocr_line' id='line_1_118' title="bbox 2126 5337 3705 5410; baseline 0.005 -20"><span class='ocrx_word' id='word_1_942' title='bbox 2126 5339 2273 5410; x_wconf 75' lang='lat' dir='ltr'><strong>facis.</strong></span> <span class='ocrx_word' id='word_1_943' title='bbox 2301 5337 2499 5392; x_wconf 74' lang='lat' dir='ltr'><strong>Nomen</strong></span> <span class='ocrx_word' id='word_1_944' title='bbox 2530 5338 2659 5391; x_wconf 89' lang='lat' dir='ltr'><strong>enim</strong></span> <span class='ocrx_word' id='word_1_945' title='bbox 2694 5337 2783 5393; x_wconf 87' lang='lat' dir='ltr'><strong>Dei</strong></span> <span class='ocrx_word' id='word_1_946' title='bbox 2820 5357 2908 5407; x_wconf 80' lang='lat' dir='ltr'><strong>per</strong></span> <span class='ocrx_word' id='word_1_947' title='bbox 2932 5355 3015 5392; x_wconf 81' lang='lat' dir='ltr'><strong>vos</strong></span> <span class='ocrx_word' id='word_1_948' title='bbox 3046 5340 3418 5409; x_wconf 78' lang='lat' dir='ltr'><strong>blasphematur</strong></span> <span class='ocrx_word' id='word_1_949' title='bbox 3442 5344 3496 5395; x_wconf 80' lang='lat' dir='ltr'><strong>in</strong></span> <span class='ocrx_word' id='word_1_950' title='bbox 3528 5342 3705 5398; x_wconf 74' lang='lat' dir='ltr'><strong>Genti-</strong></span> 
     </span>
    </p>
   </div>
   <div class='ocr_carea' id='block_1_119' title="bbox 2126 5429 3705 5503">
    <p class='ocr_par' dir='ltr' id='par_1_119' title="bbox 2126 5429 3705 5503">
     <span class='ocr_line' id='line_1_119' title="bbox 2126 5429 3705 5503; baseline 0.003 -21"><span class='ocrx_word' id='word_1_951' title='bbox 2126 5431 2235 5492; x_wconf 84' lang='lat' dir='ltr'><strong>bus,</strong></span> <span class='ocrx_word' id='word_1_952' title='bbox 2288 5429 2413 5482; x_wconf 82' lang='lat' dir='ltr'><strong>sicut</strong></span> <span class='ocrx_word' id='word_1_953' title='bbox 2454 5430 2699 5503; x_wconf 81' lang='lat' dir='ltr'><strong>scriptum</strong></span> <span class='ocrx_word' id='word_1_954' title='bbox 2753 5441 2825 5482; x_wconf 85' lang='lat' dir='ltr'><strong>est</strong></span> <span class='ocrx_word' id='word_1_955' title='bbox 2872 5429 3044 5499; x_wconf 81' lang='lat' dir='ltr'><strong>(Rom.</strong></span> <span class='ocrx_word' id='word_1_956' title='bbox 3074 5446 3130 5491; x_wconf 87' lang='lat' dir='ltr'><strong>tt,</strong></span> <span class='ocrx_word' id='word_1_957' title='bbox 3157 5430 3371 5500; x_wconf 71' lang='lat'><strong>21-27).</strong></span> <span class='ocrx_word' id='word_1_958' title='bbox 3422 5434 3559 5494; x_wconf 84' lang='lat' dir='ltr'><strong>Uuid</strong></span> <span class='ocrx_word' id='word_1_959' title='bbox 3614 5436 3705 5503; x_wconf 77' lang='lat' dir='ltr'><strong>tibi</strong></span> 
     </span>
    </p>
   </div>
   <div class='ocr_carea' id='block_1_120' title="bbox 2123 5521 3705 5593">
    <p class='ocr_par' dir='ltr' id='par_1_120' title="bbox 2123 5521 3705 5593">
     <span class='ocr_line' id='line_1_120' title="bbox 2123 5521 3705 5593; baseline 0.003 -17"><span class='ocrx_word' id='word_1_960' title='bbox 2123 5537 2251 5592; x_wconf 89' lang='lat' dir='ltr'><strong>ergo</strong></span> <span class='ocrx_word' id='word_1_961' title='bbox 2285 5521 2477 5592; x_wconf 83' lang='lat' dir='ltr'><strong>profuit</strong></span> <span class='ocrx_word' id='word_1_962' title='bbox 2503 5522 2672 5575; x_wconf 88' lang='lat' dir='ltr'><strong>littera</strong></span> <span class='ocrx_word' id='word_1_963' title='bbox 2714 5538 2869 5591; x_wconf 86' lang='lat' dir='ltr'><strong>quam</strong></span> <span class='ocrx_word' id='word_1_964' title='bbox 2912 5539 3014 5577; x_wconf 90' lang='lat' dir='ltr'><strong>non</strong></span> <span class='ocrx_word' id='word_1_965' title='bbox 3053 5523 3277 5593; x_wconf 79' lang='lat' dir='ltr'><strong>imples?</strong></span> <span class='ocrx_word' id='word_1_966' title='bbox 3306 5524 3483 5591; x_wconf 85' lang='lat' dir='ltr'><strong>Quare</strong></span> <span class='ocrx_word' id='word_1_967' title='bbox 3527 5540 3705 5580; x_wconf 79' lang='lat' dir='ltr'><strong>autem</strong></span> 
     </span>
    </p>
   </div>
   <div class='ocr_carea' id='block_1_121' title="bbox 2125 5612 3704 5689">
    <p class='ocr_par' dir='ltr' id='par_1_121' title="bbox 2125 5612 3704 5689">
     <span class='ocr_line' id='line_1_121' title="bbox 2125 5612 3704 5689; baseline 0.004 -21"><span class='ocrx_word' id='word_1_968' title='bbox 2125 5630 2230 5668; x_wconf 88' lang='lat' dir='ltr'><strong>non</strong></span> <span class='ocrx_word' id='word_1_969' title='bbox 2249 5612 2473 5682; x_wconf 85' lang='lat' dir='ltr'><strong>imples?</strong></span> <span class='ocrx_word' id='word_1_970' title='bbox 2498 5612 2627 5679; x_wconf 84' lang='lat' dir='ltr'><strong>Quia</strong></span> <span class='ocrx_word' id='word_1_971' title='bbox 2657 5613 2723 5667; x_wconf 88' lang='lat' dir='ltr'><strong>de</strong></span> <span class='ocrx_word' id='word_1_972' title='bbox 2752 5622 2803 5667; x_wconf 84' lang='lat' dir='ltr'><strong>te</strong></span> <span class='ocrx_word' id='word_1_973' title='bbox 2831 5615 3317 5682; x_wconf 78' lang='lat' dir='ltr'><strong>pra-sumis.Quare</strong></span> <span class='ocrx_word' id='word_1_974' title='bbox 3340 5633 3444 5671; x_wconf 88' lang='lat' dir='ltr'><strong>non</strong></span> <span class='ocrx_word' id='word_1_975' title='bbox 3474 5620 3704 5689; x_wconf 80' lang='lat' dir='ltr'><strong>imples!</strong></span> 
     </span>
    </p>
   </div>
   <div class='ocr_carea' id='block_1_122' title="bbox 2190 5703 3697 5814">
    <p class='ocr_par' dir='ltr' id='par_1_122' title="bbox 2190 5703 3697 5814">
     <span class='ocr_line' id='line_1_122' title="bbox 2190 5703 3697 5814; baseline 0.009 -62"><span class='ocrx_word' id='word_1_976' title='bbox 2190 5711 2206 5736; x_wconf 72' lang='grc' dir='ltr'><strong>ι</strong></span> <span class='ocrx_word' id='word_1_977' title='bbox 2378 5703 2567 5814; x_wconf 58' lang='lat' dir='ltr'><strong>quidam</strong></span> <span class='ocrx_word' id='word_1_978' title='bbox 2613 5706 2830 5774; x_wconf 76' lang='lat' dir='ltr'><strong>omittunt</strong></span> <span class='ocrx_word' id='word_1_979' title='bbox 2873 5704 2975 5754; x_wconf 68' lang='lat' dir='ltr'><strong>haec</strong></span> <span class='ocrx_word' id='word_1_980' title='bbox 2998 5707 3162 5759; x_wconf 82' lang='lat' dir='ltr'><strong>verba.</strong></span> <span class='ocrx_word' id='word_1_981' title='bbox 3196 5708 3326 5770; x_wconf 82' lang='lat' dir='ltr'><strong>quod</strong></span> <span class='ocrx_word' id='word_1_982' title='bbox 3348 5717 3487 5773; x_wconf 75' lang='lat' dir='ltr'><strong>neget</strong></span> <span class='ocrx_word' id='word_1_983' title='bbox 3509 5713 3659 5761; x_wconf 48' lang='lat' dir='ltr'><strong>otium</strong></span> <span class='ocrx_word' id='word_1_984' title='bbox 3682 5754 3697 5765; x_wconf 94' lang='lat'><strong>.</strong></span> 
     </span>
     <span class='ocr_line' id='line_1_123' title="bbox 2208 5765 3435 5814; baseline 0 0"><span class='ocrx_word' id='word_1_985' title='bbox 2208 5780 2375 5814; x_wconf 78' lang='lat' dir='ltr'><strong>eoru&#39;u</strong></span> <span class='ocrx_word' id='word_1_986' title='bbox 2416 5779 2501 5814; x_wconf 77' lang='lat' dir='ltr'><strong>aco</strong></span> <span class='ocrx_word' id='word_1_987' title='bbox 2521 5765 2734 5814; x_wconf 83' lang='lat' dir='ltr'><strong>nonunlb</strong></span> <span class='ocrx_word' id='word_1_988' title='bbox 2754 5767 2949 5814; x_wconf 72' lang='lat' dir='ltr'><strong>habent.</strong></span> <span class='ocrx_word' id='word_1_989' title='bbox 2974 5769 3097 5814; x_wconf 82' lang='lat' dir='ltr'><strong>auod</strong></span> <span class='ocrx_word' id='word_1_990' title='bbox 3119 5768 3435 5814; x_wconf 70' lang='lat' dir='ltr'><strong>nmots&#39;rnmtr.</strong></span> 
     </span>
    </p>
   </div>
   <div class='ocr_carea' id='block_1_123' title="bbox 2131 5765 3761 5832">
    <p class='ocr_par' dir='ltr' id='par_1_123' title="bbox 2131 5765 3761 5832">
     <span class='ocr_line' id='line_1_124' title="bbox 2131 5765 3761 5832; baseline 0.001 -15"><span class='ocrx_word' id='word_1_991' title='bbox 2131 5775 2183 5817; x_wconf 76' lang='lat' dir='ltr'><strong>et</strong></span> <span class='ocrx_word' id='word_1_992' title='bbox 2208 5780 2375 5817; x_wconf 77' lang='lat' dir='ltr'><strong>eorn&#39;u</strong></span> <span class='ocrx_word' id='word_1_993' title='bbox 2398 5765 2501 5815; x_wconf 75' lang='lat' dir='ltr'><strong>loco</strong></span> <span class='ocrx_word' id='word_1_994' title='bbox 2521 5765 2734 5814; x_wconf 79' lang='lat' dir='ltr'><strong>nomtnlli</strong></span> <span class='ocrx_word' id='word_1_995' title='bbox 2754 5767 2949 5827; x_wconf 72' lang='lat' dir='ltr'><strong>habent,</strong></span> <span class='ocrx_word' id='word_1_996' title='bbox 2974 5769 3097 5830; x_wconf 82' lang='lat' dir='ltr'><strong>quod</strong></span> <span class='ocrx_word' id='word_1_997' title='bbox 3119 5765 3437 5832; x_wconf 72' lang='lat' dir='ltr'><strong>rtegots&#39;tmtur&quot;,</strong></span> <span class='ocrx_word' id='word_1_998' title='bbox 3751 5774 3761 5783; x_wconf 82' lang='lat'><strong><em>‘</em></strong></span> 
     </span>
    </p>
   </div>
  </div>
