4020 6198
224 423 325 480 895

217 541 364 608 Quod
387 524 561 594 autem
581 533 715 597 viam
737 535 1003 606 ingressus
1029 547 1108 595 es,
1143 531 1388 602 juventus
1429 537 1526 591 est,
1552 525 1664 596 ipsa
1694 540 1780 580 re-

220 629 738 695 'Iovati'o,elinitium
789 626 927 680 ﬁdei.
981 627 1144 682 Antea
1183 623 1322 677 enim
1361 619 1664 674 ambulabas
1690 631 1783 685 per

219 727 332 778 vias
360 735 473 777 tuas
496 720 831 791 vagabundus
855 737 870 780 ;
897 732 1078 773 errans
1106 731 1194 784 per
1217 715 1429 776 silvosa,
1450 727 1543 778 per
1565 725 1776 778 aspera,

219 818 476 870 laceratus
503 812 747 873 omnihil
767 810 1016 864 membris
1045 825 1059 861 :
1113 806 1329 876 patriam
1357 802 1649 874 quzerebas.
1674 800 1776 856 hoc

215 918 294 963 ρει
326 905 662 962 stabilitatem
703 899 979 971 quamdam
1027 897 1241 966 Spiritus
1282 894 1375 956 tui.
1423 892 1508 947 ubi
1553 892 1779 958 diceres,
1840 915 1848 918 ν

217 999 359 1054 Bene
385 1007 501 1058 est;
532 1006 584 1050 et
613 1008 831 1048 securus
877 992 1105 1053 diceres,
1146 977 1350 1056 quietus
1394 985 1460 1038 ab
1489 983 1775 1060 omnimo-

218 1090 388 1152 lestia,
420 1088 485 1140 ab
512 1086 654 1139 omni
682 1083 987 1143 tentatione,
1016 1079 1082 1135 ab
1129 1077 1269 1132 omni
1305 1083 1569 1144 postremo
1609 1071 1780 1141 capti-

215 1181 489 1235 vitate:et
517 1172 966 1228 mminveuiebas.
1008 1167 1141 1234 Quid
1195 1165 1401 1219 dicam?
1444 1164 1594 1218 Venit
1618 1161 1685 1215 ad
1730 1171 1781 1215 te

215 1269 302 1338 qui
347 1268 436 1320 tibi
490 1264 790 1318 ostenderet
849 1260 1025 1314 viam?
1060 1258 1210 1312 Venit.
1246 1255 1310 1309 ad
1357 1266 1405 1310 te
1445 1256 1554 1322 ipsa
1597 1253 1697 1312 via,
1729 1262 1782 1304 et

216 1359 530 1411 constitutus
558 1369 615 1408 es
641 1355 691 1406 in
717 1369 776 1406 ea
809 1346 964 1404 nullis
987 1349 1086 1401 tuis
1108 1341 1313 1400 mciitis
1338 1342 1773 1414 praecedentibus,

217 1449 460 1518 quoniam
487 1447 661 1511 utique
687 1443 923 1498 errahas.
960 1438 1117 1504 Quid,
1151 1453 1212 1490 ex
1264 1451 1368 1502 quo
1398 1434 1665 1504 ingressus
1691 1445 1773 1494 es,

211 1557 317 1610 1am
347 1541 484 1608 regis
515 1536 604 1590 te?
623 1536 729 1606 jam
752 1534 838 1587 ille
858 1532 945 1600 qui
975 1531 1108 1582 viam
1149 1527 1328 1581 docuit
1355 1535 1424 1602 te,
1453 1523 1667 1610 dimittit
1685 1520 1778 1576 te?

215 1633 348 1690 Non.
385 1629 549 1699 inquit
582 1646 594 1680 :
647 1624 866 1678 Docuisti
896 1638 971 1675 me
996 1637 1057 1674 ea:
1085 1622 1335 1686 iuventute
1383 1628 1532 1678 mea;
1560 1621 1604 1666 et
1631 1627 1781 1681 usque

215 1739 347 1774 num:
371 1716 673 1772 annuntiubo
695 1713 942 1768 mirabilia
987 1723 1090 1766 tua.
1121 1707 1353 1763 Mirabile
1381 1715 1463 1761 est
1484 1707 1622 1759 enim
1641 1701 1779 1774 quod

214 1811 385 1863 adhuc
405 1809 553 1871 facis,
584 1817 636 1859 ut
669 1820 818 1874 regas
847 1818 950 1864 me,
981 1800 1069 1869 qui
1101 1801 1150 1852 in
1189 1798 1268 1850 via
1297 1794 1516 1866 posuisti
1543 1810 1629 1848 me
1657 1810 1686 1856 ;.
1727 1802 1780 1847 et

215 1901 326 1956 iure
359 1908 476 1954 sunt
519 1896 774 1952 mirabilia
805 1904 910 1948 tua.
954 1893 1081 1962 Qua:
1121 1898 1262 1954 sunt,
1303 1895 1474 1956 putas,
1519 1883 1779 1938 mirabilia

215 1993 308 2046 Dei
334 1992 356 2043 ?
382 1990 516 2058 Quid
558 1987 848 2042 mirabilius
874 1986 1010 2039 inter
1039 1981 1133 2038 Dei
1155 1979 1433 2043 mirabilia,
1455 1991 1610 2046 quam
1637 1990 1780 2030 tuor-

201 2093 331 2136 tuos
351 2079 647 2135 suscitare?
688 2075 1075 2146 Numquidnam
1121 2084 1219 2141 ego
1243 2079 1479 2124 mortuus
1509 2080 1654 2132 sum,
1690 2063 1777 2146 in-

213 2173 330 2242 quis
357 2173 472 2240 ?_Si
501 2180 738 2225 mortuus
791 2183 897 2223 non
947 2179 1112 2230 esses,
1186 2178 1288 2216 non
1328 2159 1591 2214 diceretur
1638 2156 1774 2211 tibi:

215 2264 380 2332 Surge
401 2263 484 2332 qni
510 2260 715 2323 dormis,
746 2267 792 2312 et
821 2271 1028 2326 exsurge
1069 2266 1103 2306 α·
1131 2251 1374 2314 mortuis;
1401 2259 1446 2302 et
1475 2243 1778 2301 illuminabit

212 2364 257 2408 te
285 2354 510 2407 Christus
539 2349 768 2423 (Ep/res.
791 2364 826 2403 v
847 2389 861 2411 ,
893 2347 960 2402 M
992 2345 1030 2416 ).
1069 2342 1258 2398 Μοτῑυί
1301 2349 1420 2395 sunt
1446 2351 1632 2393 omnes
1662 2336 1782 2390 iuli-

210 2445 358 2498 delvs
386 2486 401 2506 ,
451 2457 637 2497 omnes
692 2438 896 2510 iniqui;
937 2451 1162 2506 corpore
1217 2435 1434 2497 vivunt,
1477 2429 1570 2484 sed
1619 2427 1780 2482 corde

211 2536 456 2591 exstincti
477 2544 616 2588 sunt.
653 2532 751 2600 Qui
795 2539 970 2585 autem
1021 2527 1240 2582 suscitat
1291 2532 1553 2579 mortuum
1587 2536 1779 2580 secun-

211 2627 336 2680 dum
353 2639 566 2694 corpus,
599 2623 771 2696 reddit
794 2628 913 2674 eum
942 2619 1043 2673 luci
1091 2616 1214 2670 huic
1263 2612 1524 2678 videndze,
1554 2619 1610 2665 et
1656 2609 1780 2664 huic

211 2718 321 2772 aeri
374 2713 660 2769 ducendo:
703 2725 805 2765 non
841 2712 1018 2762 autem
1060 2707 1340 2760 suscitatur
1387 2703 1502 2775 ejus
1550 2701 1663 2772 ipse
1709 2700 1779 2754 illi

213 2808 296 2860 lux
321 2817 372 2860 et
397 2821 488 2858 aer
508 2814 587 2857 est
611 2820 626 2867 ;
666 2783 846 2869 incipit
873 2799 1075 2864 videre,
1104 2794 1544 2866 quemadmodum
1572 2791 1782 2847 videbat

211 2907 385 2951 antea.
415 2898 601 2950 Anima
619 2910 721 2947 non
746 2893 822 2946 sic
846 2877 1213 2964 exsuscitatur.
1235 2887 1420 2940 Anima
1432 2885 1571 2939 enim
1595 2898 1779 2937 emus-

213 2992 405 3042 citatur
443 3005 471 3042 a
511 2991 654 3048 Deo;
703 2998 1002 3054 quanquam
1032 2989 1080 3036 el
1117 2995 1309 3048 corpus
1359 2977 1707 3038 exsuscitetur
1753 2993 1779 3028 a

216 3081 326 3134 Deo
350 3098 362 3133 :
391 3079 481 3134 Sed
513 3080 648 3132 Deus
668 3075 876 3145 quando
895 3073 1180 3129 exsuscitat
1201 3085 1414 3138 corpus,
1443 3066 1637 3122 mundo
1664 3070 1782 3120 rmi-

214 3171 332 3237 dit;
382 3169 589 3240 quando
614 3167 897 3222 exsuscitat
926 3165 1176 3226 animam,
1209 3161 1306 3215 sibi
1361 3160 1514 3214 redit.
1549 3158 1606 3214 Si
1635 3175 1782 3214 rece-

215 3264 308 3316 dat
365 3277 456 3316 aer
498 3259 676 3314 mumii
727 3259 894 3323 istius,
941 3256 1162 3309 moritur
1206 3266 1437 3322 corpus;
1477 3250 1523 3305 si
1574 3249 1784 3304 recedat

220 3357 358 3407 Deus
385 3395 400 3417 ,
455 3352 673 3404 moritur
723 3349 915 3402 anima.
959 3345 1088 3402 Cum
1129 3359 1256 3414 ergo
1298 3343 1524 3396 animam
1569 3340 1784 3394 suscitat

220 3446 380 3504 Deus,
412 3444 508 3496 nisi
541 3441 676 3495 adsit
726 3441 810 3510 qui
856 3438 1142 3498 suscitavit,
1177 3434 1427 3494 suscitata
1484 3448 1586 3485 non
1633 3429 1778 3484 vivit.
1811 3441 1818 3448 '

147 3535 150 3538 ’
217 3535 332 3590 Non
351 3534 488 3587 enim
509 3532 820 3588 suscitat.et
843 3528 1050 3582 dimittit
1103 3536 1158 3580 ut
1203 3525 1342 3578 vivat
1366 3523 1462 3578 sibi
1494 3520 1786 3577 :sieutLa-

217 3640 373 3678 zarus
399 3622 605 3692 quando
632 3621 972 3676 resuscitatus
991 3627 1072 3672 est
1097 3615 1475 3691 quatriduanus
1523 3621 1781 3676 mortuus,

217 3719 502 3773 suscitatus
539 3725 620 3770 est
665 3727 888 3783 corpore
928 3727 1019 3779 per
1048 3697 1254 3763 Domini
1288 3703 1615 3775 corporalem
1649 3718 1783 3770 pra:-

217 3809 466 3863 Sentiam.
518 3786 752 3859 AcreSsit
788 3803 926 3856 enim
952 3797 1296 3865 corporaliter
1333 3795 1399 3847 ad
1443 3794 1738 3862 sepulcrum
1770 3806 1784 3854 ;

217 3898 485 3960 clamavit,
515 3896 705 3954 Lagare
729 3933 745 3959 ,
799 3892 908 3944 veni
934 3942 936 3945 ,
961 3894 1095 3958 foras
1121 3873 1213 3939 :e't
1260 3885 1488 3939 surrexit
1541 3883 1784 3944 Lazarus,

221 3989 482 4062 processit
509 3988 575 4064 de
601 3986 841 4052 sepulcro
868 3982 1058 4052 ligatus
1081 3995 1095 4042 ;
1123 3976 1313 4031 deinde
1352 3975 1556 4028 solutus
1587 3973 1786 4026 disces-

220 4086 290 4139 sit
327 4079 516 4151 (Joan.
546 4062 620 4140 si,
645 4074 808 4130 41-44
840 4073 878 4142 ).
915 4068 1272 4124 liesuscilalus
1301 4074 1383 4119 est
1404 4062 1625 4117 Domin
1651 4076 1786 4130 pne-

223 4181 398 4233 sente,
431 4169 520 4223 sed
554 4167 681 4219 vixit
708 4176 760 4218 et
800 4163 1020 4217 Domino
1049 4160 1288 4213 absente.
1319 4157 1625 4224 Quanquam
1670 4169 1788 4207 eum

226 4264 480 4317 ltoiuitms
523 4258 864 4328 corporaliter
896 4255 1279 4315 resuscitassct,
1310 4256 1559 4320 quantum
1588 4245 1652 4300 ad
1678 4245 1793 4298 visi-

225 4359 346 4410 hiha
376 4354 599 4423 pertinet
627 4370 640 4406 :
672 4333 921 4406 cancrum
974 4345 1250 4417 prmsentia
1289 4341 1575 4412 majestatis
1601 4355 1708 4394 suae
1733 4339 1792 4392 il-

227 4448 335 4500 lum
358 4444 662 4506 suscitavit;
695 4458 794 4512 qua
849 4437 1125 4508 prtem-uitia
1167 4448 1422 4502 nusquam
1459 4431 1673 4486 recedit.
1705 4430 1792 4482 lu-

227 4543 379 4595 terim
413 4550 582 4593 tamen
613 4536 676 4589 ad
707 4535 1038 4603 prtescntiam
1062 4529 1315 4582 visibilem
1349 4525 1600 4578 Dominus
1630 4521 1796 4575 susci-

227 4633 356 4686 tavit
385 4630 683 4692 Lazarum;
724 4623 965 4680 discessit
1013 4621 1078 4675 de
1108 4620 1217 4687 ipsa
1271 4617 1478 4670 civitate
1519 4613 1790 4675 Dominus,

227 4725 313 4775 vel
341 4721 410 4775 de
455 4719 546 4773 illo
590 4720 705 4770 loco
738 4735 750 4768 :
789 4711 1039 4783 numquid
1083 4709 1308 4763 Lazarus
1345 4722 1447 4759 non
1481 4702 1654 4757 vixit?
1681 4702 1792 4755 Non

230 4817 310 4871 sic
359 4815 532 4866 anima
575 4799 900 4863 suscitatur:
932 4803 1150 4857 suscitat
1195 4800 1334 4853 illam
1379 4798 1546 4855 Deus;
1577 4795 1797 4848 moritur

228 4911 270 4961 si
322 4902 623 4958 discesserit
653 4902 806 4964 Deus.
865 4895 1041 4948 Dicam
1079 4892 1220 4945 enim
1267 4889 1536 4949 audacter,
1584 4884 1792 4947 fratres,

228 4999 326 5052 sed
366 5006 537 5047 tamen
567 5006 768 5044 verum.
804 4989 926 5040 Dua:
957 4987 1072 5038 vita:
1102 4993 1238 5043 sunt,
1267 4997 1365 5034 una
1391 4978 1796 5048 corporis,ahc-

231 5108 285 5142 ra
319 5085 536 5139 animai:
568 5083 701 5134 sicut
721 5081 820 5131 vita
846 5075 1081 5134 corporis
1108 5072 1300 5134 anima,
1345 5069 1420 5123 sic
1462 5070 1565 5119 vita
1610 5067 1798 5118 auium:

237 5184 412 5237 Ltcns;
445 5166 705 5240 quomodo
752 5167 795 5219 δτι
845 5165 1019 5217 anima
1049 5162 1274 5220 deserat,
1318 5158 1546 5218 moritur
1565 5170 1795 5223 corpus;

234 5274 312 5322 sic
340 5267 512 5318 anima
548 5259 799 5318 moritur,
853 5256 894 5308 si
934 5253 1142 5307 deserat
1189 5249 1344 5301 Dcus.
1401 5247 1514 5314 Ipsa
1553 5258 1631 5299 est
1675 5260 1828 5311 ergo

234 5361 403 5428 gratia
432 5355 566 5423 ejus,
601 5361 657 5404 ut
684 5349 918 5409 suscitet,
961 5353 1013 5398 et
1050 5343 1118 5396 sit
1165 5339 1453 5393 uobiscum.
1483 5337 1629 5403 Quod
1676 5353 1801 5404 ergo

239 5470 337 5504 nos
371 5447 590 5499 suscitat
621 5460 648 5495 a
696 5451 861 5494 morte
915 5446 1092 5490 nostra
1147 5431 1429 5501 praeterita,
1477 5435 1530 5481 et
1585 5428 1802 5480 innovat

241 5535 627 5611 quodammodo
653 5533 808 5584 vitam
857 5536 1105 5582 nostram.
1146 5523 1366 5578 dicimus
1407 5522 1452 5573 ei
1484 5537 1496 5571 :
1533 5514 1685 5581 Deus,
1714 5519 1804 5569 do-

244 5610 388 5684 cuisti
410 5646 484 5683 me
512 5627 847 5696 exjuvcntute
877 5635 1003 5672 utea.
1042 5617 1172 5684 Quia
1227 5630 1350 5667 vero
1388 5628 1490 5665 non
1518 5610 1716 5663 recedit
1740 5610 1806 5663 ab

203 5777 206 5780 .
245 5729 321 5781 eis
351 5739 479 5792 quos
505 5721 740 5780 suscitat,
775 5731 840 5768 ne
865 5728 983 5768 cum
1015 5709 1288 5764 recesserit
1315 5705 1607 5760 moriantur
1630 5739 1645 5766 ,
1674 5700 1805 5754 dici-

255 5815 375 5869 uius
398 5815 445 5868 ei
471 5833 482 5866 :
512 5810 577 5866 Et
603 5827 757 5881 usque
785 5824 912 5863 nunc
936 5800 1235 5858 annuntiubo
1261 5794 1504 5852 mirabilia
1527 5803 1658 5859 tua;
1685 5792 1806 5863 quia

1310 407 1702 468 ENARRATIO
1742 406 1806 462 IN
1847 406 2164 463 PSALMUM
2204 404 2365 462 LXX.

3352 409 3452 462 895

1888 537 2007 575 cum
2057 536 2260 576 mecum
2305 534 2362 574 es
2412 520 2565 583 vivo,
2613 530 2666 574 et
2716 520 2905 574 animae
2955 535 3086 576 mea:
3128 521 3229 575 vita
3280 533 3332 576 tu
3373 541 3452 583 rs,

1884 628 2002 682 qua;
2040 616 2292 667 morietur
2341 612 2385 666 si
2432 612 2719 666 dimittatur
2762 614 2879 666 sibi.
2930 613 3070 682 Ergo
3126 614 3248 667 dum
3306 618 3452 668 adest

1887 705 1988 757 vita
2030 720 2167 770 mea,
2215 703 2316 758 hoc
2359 712 2440 758 est
2481 704 2615 759 Deus
2668 719 2834 768 meus,
2890 721 3042 772 usque
3084 723 3214 759 nunc
3263 724 3279 758 :
3329 707 3449 776 quid

1884 804 2065 863 postea
2087 794 2109 847 ?

1957 886 2008 939 4.
2042 884 2202 956 [vers
2228 884 2313 938 18.
2346 883 2364 956 ]
2393 883 2458 938 Et
2483 902 2634 954 usque
2660 886 2710 938 in
2751 895 2995 938 senectam
3025 896 3070 938 et
3094 888 3303 938 senium.
3337 889 3445 940 [luo

1885 971 2214 1030 ista‘nomina
2240 975 2528 1036 senectutis
2547 986 2685 1036 sunt,
2711 987 2762 1030 et
2779 975 3148 1030 discernuntur
3171 994 3199 1028 a
3227 977 3446 1031 (im-cis.

1885 1064 2123 1119 Gravitas
2147 1065 2291 1120 enim
2346 1073 2464 1134 post
2495 1065 2826 1131 juventutem
2881 1065 3021 1119 aliud
3071 1080 3260 1119 nomen
3293 1067 3450 1123 habet

1884 1155 2022 1222 apud
2057 1153 2290 1218 Graecos,
2323 1164 2375 1207 et
2405 1165 2520 1222 post
2566 1155 2730 1223 ipsam
2773 1155 3082 1224 gravitatem
3121 1157 3338 1210 veniens
3368 1157 3450 1208 ul-

1886 1246 2008 1299 lima
2035 1255 2162 1298 (etas
2208 1244 2348 1298 aliud
2380 1259 2570 1298 nomen
2599 1245 2754 1297 habet
2781 1261 2794 1298 :
2829 1261 2946 1296 nam
2975 1254 3232 1315 πρεσϐύτης
3264 1246 3449 1299 dicitur

1883 1337 2079 1406 gravis,
2108 1344 2315 1406 ρῑγέρωυ
2333 1351 2514 1389 senex.
2543 1319 2675 1402 Quia
2706 1351 2832 1388 vero
2861 1334 2912 1388 in
2941 1335 3098 1388 latina
3118 1336 3287 1403 lingua
3317 1336 3450 1389 duo-

1851 1450 1853 1452 ·
1885 1445 1998 1482 rum
2019 1431 2234 1482 istorum
2279 1429 2547 1482 neminum
2579 1427 2845 1480 distinctio
2873 1427 3066 1488 deﬁcit,
3097 1426 3163 1480 de
3179 1439 3450 1481 senet-tute

1882 1518 2040 1570 ambo
2065 1526 2186 1570 sunt
2232 1519 2420 1584 posita,
2477 1529 2686 1570 senecta
2732 1527 2785 1570 ct
2815 1517 3229 1570 settium:scilis
3273 1526 3447 1571 autem

1882 1625 2002 1676 esse
2027 1609 2158 1663 duas
2183 1619 2382 1664 anates.
2417 1608 2637 1662 Dat-nisti
2692 1626 2769 1661 me
2796 1609 3014 1677 gratiam
3051 1619 3189 1661 tuam
3217 1626 3246 1659 a
3267 1612 3454 1675 ⁸ίιιυεοις.

1884 1708 1985 1752 tute
2012 1717 2116 1752 mea
2140 1717 2157 1764 ;
2184 1711 2228 1752 et
2259 1716 2410 1760 usque
2433 1715 2585 1763 nunc,
2609 1710 2720 1766 post
2749 1699 3082 1765 jnveututcm
3133 1715 3327 1765 meatu,
3355 1717 3447 1750 an—

1861 1791 2121 1853 ‘nuntiabo
2150 1777 2396 1842 mirabilia
2426 1796 2531 1852 tua,
2561 1788 2679 1859 quia
2715 1804 2992 1842 mecumes
3017 1799 3071 1842 ut
3099 1806 3200 1842 non
3233 1792 3445 1853 moriar,

1881 1880 1968 1948 qui
2000 1880 2184 1939 venisti
2204 1889 2259 1933 ut
2281 1895 2492 1949 surgam
2521 1896 2536 1943 ;
2564 1892 2608 1935 et
2639 1897 2790 1948 usque
2828 1881 2879 1933 in
2901 1890 3144 1933 senectam
3170 1891 3210 1933 et
3236 1883 3455 1943 senimn,‘

1882 1969 1934 2024 id
1965 1979 2236 2039 estusque
2263 1970 2328 2023 ad
2365 1961 2821 2046 ultimum'meum,
2869 1971 2968 2025 nisi
3015 1987 3219 2025 mecum
3270 1973 3448 2035 lucris,

1883 2061 2111 2116 nouerit
2138 2062 2334 2132 aliquid
2364 2064 2538 2117 meriti
2567 2063 2670 2118 mei
2705 2064 2912 2132 agratia
2941 2073 3027 2117 tua
3074 2079 3284 2133 semper
3335 2080 3453 2133 per-

1882 2165 2087 2209 severet
2119 2153 2346 2210 mecum.
2399 2155 2508 2210 lloc
2549 2156 2754 2210 diceret
2798 2156 2957 2213 etiam
2986 2171 3122 2208 unus
3168 2156 3344 2221 homo,
3377 2168 3448 2215 tu.

1883 2244 1990 2307 ille,
2013 2260 2110 2314 ego
2140 2265 2153 2301 :
2180 2247 2299 2318 quia
2336 2262 2461 2300 vero
2487 2261 2587 2300 vox
2631 2247 2726 2300 ista
2758 2249 2912 2300 unius
2953 2246 3223 2316 cujusdam
3279 2247 3452 2316 magni

1830 2337 1853 2397 ἠ
1885 2336 2113 2395 hominis
2142 2348 2245 2402 est,
2269 2337 2368 2392 hoc
2426 2347 2506 2392 est
2542 2338 2704 2409 ipsius
2750 2340 2964 2392 unitatis
2994 2356 3008 2402 ;
3039 2355 3136 2393 vox
3185 2349 3267 2394 est
3312 2339 3450 2393 enim

1887 2427 2173 2493 Ecclesize;
2205 2444 2502 2498 quaeramus
2543 2429 2874 2498 juventutem
2904 2413 3192 2492 Ecclesia.
3235 2430 3454 2495 Quando

1886 2519 2027 2572 venit
2054 2518 2316 2585 Christus,
2340 2519 2623 2578 cruciﬁxus
2648 2504 2752 2580 est,
2795 2530 3032 2574 mortuus
3058 2530 3160 2583 est,
3204 2521 3450 2586 surrexit,

1887 2610 2086 2662 vocavit
2128 2619 2311 2678 gentes
2338 2624 2353 2672 ;
2381 2612 2652 2677 coeperunt
2683 2611 2938 2673 converti,
2975 2611 3091 2663 lacti
3120 2619 3455 2686 suutmarly-

1886 2715 1969 2754 res
2009 2701 2172 2752 fortes
2193 2699 2242 2751 in
2272 2697 2501 2761 Christo,
2532 2699 2676 2752 lusus
2703 2708 2783 2750 est
2812 2700 3022 2768 Sanguis
3057 2701 3245 2764 lidelis,
3275 2716 3452 2754 surtc-

1886 2794 1961 2844 xit
1989 2806 2140 2859 seges
2186 2791 2472 2846 Ecclesiae:
2522 2789 2634 2844 hmc
2681 2791 2946 2858 juventus.
3001 2791 3457 2860 Progr-edieutihus

1886 2893 2058 2934 autem
2089 2881 2412 2948 temporibus
2439 2879 2753 2943 conﬁteatur
2781 2879 3016 2934 Ecclesia
3045 2897 3058 2945 ;
3084 2881 3216 2934 dicat
3245 2898 3258 2933 :
3293 2879 3458 2950 Usque
3537 2863 3542 2866 ’

1847 3019 1850 3022 λ
1885 2989 2016 3026 nunc
2043 2971 2346 3027 annuntiabo
2372 2969 2619 3025 mirabilia
2647 2981 2753 3024 tua.
2799 2970 2912 3024 Non
2953 2979 3152 3024 tantum
3198 2971 3246 3024 in
3269 2971 3459 3039 juven-

1847 3072 2016 3136 -.tute,
2043 3063 2252 3132 quando
2283 3062 2496 3126 Paulus,
2552 3061 2763 3130 quando
2803 3061 3010 3125 Petrus,
3064 3061 3272 3130 quando
3300 3061 3452 3130 primi

1885 3153 2120 3224 Apostoli
2166 3153 2568 3218 nuntiaverunt;
2601 3153 2933 3222 procedente,
2965 3154 3120 3206 etiam
3152 3163 3324 3217 aetate,
3354 3167 3452 3219 ego

1888 3244 2017 3314 ipse,
2043 3243 2092 3296 id
2144 3253 2223 3297 est
2253 3243 2425 3296 unitas
2475 3251 2580 3305 tua,
2629 3243 2863 3296 membra
2903 3253 3023 3305 tua,
3054 3257 3245 3310 corpus
3290 3253 3454 3304 tuum,

1885 3332 2189 3387 ummnliabo
2238 3331 2486 3385 mirabilia
2515 3342 2618 3384 tua.
2669 3331 2803 3400 Quid
2851 3333 3074 3400 postea?
3125 3331 3187 3384 Et
3212 3348 3364 3401 usque
3393 3332 3460 3383 ad

1885 3435 2130 3481 senectam
2151 3435 2195 3478 et
2215 3426 2408 3478 senium
2454 3425 2776 3478 annuutiabo
2824 3424 3200 3497 mirabiliastua
3235 3440 3450 3492 susque

1889 3519 1936 3572 in
1967 3518 2120 3571 finem
2155 3515 2331 3569 Stccnli
2360 3515 2462 3569 erit
2485 3516 2570 3568 hic
2591 3515 2850 3569 Ecclesia.
2880 3514 2932 3570 Si
2957 3504 3103 3570 enim
3129 3532 3232 3568 non
3263 3515 3351 3570 hic.
3373 3515 3458 3568 fu-

1891 3617 2003 3662 tura
2030 3618 2107 3661 est
2138 3621 2304 3673 usque
2331 3605 2380 3657 iu
2412 3605 2567 3658 linem
2596 3605 2776 3659 saeculi
2804 3621 2818 3668 ;
2867 3606 3056 3674 quibus
3089 3607 3338 3661 Dominus
3369 3607 3454 3661 di-

1890 3697 1983 3756 xit,
2019 3694 2144 3747 Ecce
2167 3710 2256 3763 ego
2282 3693 2527 3747 vobiscum
2579 3710 2689 3745 sum
2726 3693 2950 3746 omnibus
3002 3694 3194 3761 diebus,
3232 3712 3386 3766 usque
3410 3698 3463 3750 in.

1889 3787 2361 3846 consummationem
2401 3785 2570 3838 siccati
2601 3783 2618 3853 (
2654 3784 2835 3838 Matt/1.
2865 3801 3053 3850 xxvm,
3085 3785 3153 3840 9.0
3185 3790 3247 3855 )?
3289 3790 3462 3853 Quare

1891 3863 1992 3932 ista
2014 3876 2288 3944 Oportebat
2320 3886 2376 3929 ut
2398 3877 2703 3929 dicerentur
2733 3878 2781 3930 in
2807 3877 3090 3946 Scripturis
3113 3880 3136 3932 ?
3163 3882 3290 3944 Quia
3323 3882 3463 3932 futu—

1893 3967 1934 4021 ri
1975 3975 2126 4021 erant
2175 3965 2370 4020 inimici
2414 3967 2713 4021 christiana:
2769 3968 3018 4037 lideiqui
3070 3950 3307 4023 dicereut
3337 3954 3463 4023 :nAd

1894 4067 2337 4134 parvum.tempus
2367 4069 2486 4110 sunt
2535 4057 2854 4134 Christiani,
2890 4068 3071 4126 postea
3115 4061 3385 4127 peribunt,
3409 4072 3463 4114 et

1894 4132 2314 4215 redibuotidola,
2359 4149 2529 4201 rcdict
2557 4148 2692 4217 quod
2741 4132 2856 4202 erat
2897 4159 3050 4205 antea
3080 4150 3176 4220 (ιι).
3206 4151 3464 4217 Quamdiu

1893 4249 2050 4294 erunt
2092 4240 2374 4294 Christiani
2401 4239 2423 4292 7
2473 4238 2640 4308 Usque
2689 4240 2755 4290 ad
2795 4248 3049 4293 senectam
3077 4250 3121 4293 et
3150 4243 3382 4307 scnimn;
3415 4243 3464 4294 id

1894 4342 2152 4406 estusque
2174 4331 2222 4384 in
2252 4330 2406 4384 linem
2453 4330 2653 4385 smculi.
2682 4330 2760 4384 Tu
2801 4346 2920 4385 cum
2971 4345 3262 4401 exspectas,
3308 4335 3465 4389 miser

1896 4422 2220 4486 iulidelis,'ut
2241 4421 2829 4484 transeantChristiani,
2858 4425 3049 4477 transis
3086 4437 3138 4477 tu
3166 4425 3280 4479 sine
3310 4425 3466 4478 Chri-

1898 4514 2081 4567 stianis
2107 4521 2190 4566 :et
2209 4512 2488 4566 Christiani
2515 4530 2678 4582 usque
2705 4515 2754 4568 in
2805 4515 2962 4567 liuent
2991 4515 3165 4569 smcnli
3196 4531 3469 4582 permane-

1901 4605 2067 4662 bunt;
2109 4613 2160 4654 ct
2179 4613 2230 4655 tu
2266 4619 2356 4669 per
2388 4603 2744 4657 inﬁdelitatem
2774 4614 2935 4667 tuam,
2963 4591 3094 4657 enni
3133 4605 3467 4658 liuiurislire-

1898 4709 2014 4748 rem
2039 4696 2194 4748 vitam
2230 4705 2392 4757 tuam,
2424 4711 2526 4763 qua
2563 4695 2732 4749 fronte
2781 4699 2926 4752 esies
2957 4697 3018 4748 ad
3043 4697 3272 4765 judicent
3315 4713 3467 4766 quem

1899 4805 2015 4842 cum
2046 4791 2246 4840 viveres
2281 4787 2695 4855 blasphemasti?
2742 4791 2878 4858 Ergo
2901 4808 2931 4840 ιι
2965 4791 3222 4857 jumtntc
3265 4809 3388 4854 ιιιιεςι,
3417 4803 3461 4844 et

1899 4896 2051 4947 usque
2080 4895 2227 4942 nunc,
2255 4891 2299 4930 ct
2330 4897 2484 4947 usque
2513 4883 2576 4930 ad
2602 4888 2849 4931 senectam
2892 4890 2934 4932 et
2974 4882 3184 4943 senium,
3238 4882 3467 4945 Domine,

1901 4986 1964 5023 ne
1991 4970 2301 5038 derelinquas
2323 4987 2412 5020 mc.
2447 4970 2578 5027 Non.
2603 4969 2868 5037 quomodo
2907 4969 3084 5023 dicunt
3113 4971 3303 5028 inimici
3347 4974 3468 5034 mei,

1904 5076 2067 5130 usque
2114 5061 2177 5113 ad
2229 5070 2434 5127 tempus
2482 5061 2600 5115 erit.
2663 5059 2744 5113 Ne
2784 5062 3095 5130 derelinquas
3145 5081 3257 5127 me,
3313 5065 3469 5118 donec
3518 5089 3520 5093 ·

1902 5151 2188 5202 annuntiem
2208 5149 2460 5201 brachium
2494 5161 2632 5200 tuum
2653 5152 2954 5219 generationi
2979 5153 3114 5219 omni
3139 5166 3463 5218 superventu-

1905 5257 1994 5293 rw.
2053 5240 2116 5292 Et
2154 5239 2422 5291 brachium
2483 5240 2686 5292 Dotnini
2739 5241 2819 5293 cui
2862 5241 3152 5310 revelatum
3191 5255 3267 5296 est
3299 5246 3314 5308 (
3345 5244 3468 5294 Isai.

1907 5347 2014 5392 Lm,
2039 5332 2058 5384 l
2081 5331 2098 5400 )
2124 5330 2146 5383 ?
2175 5329 2451 5382 Brachium
2484 5330 2705 5387 Domini.
2729 5331 2988 5386 Christus.
3026 5333 3136 5386 Noli
3169 5351 3294 5400 ergo
3315 5336 3464 5384 dere-

1911 5423 2148 5487 linquere
2203 5435 2320 5480 me;
2355 5435 2457 5471 non
2513 5419 2770 5486 gaudeant
2816 5423 2902 5489 qui
2941 5424 3119 5475 dicunt
3153 5440 3166 5476 :
3203 5422 3370 5487 l'sque
3409 5421 3472 5472 ad

1909 5519 2104 5564 certum
2129 5520 2332 5577 teu'ipus
2353 5519 2505 5562 erunt
2554 5510 2854 5564 Christiani.
2883 5511 2997 5565 Sint
3024 5512 3108 5580 qui
3163 5510 3472 5562 aunuutient

1911 5601 2179 5655 brachium
2209 5609 2374 5652 tuum.
2412 5599 2506 5653 Cui
2532 5601 2554 5651 ?
2583 5599 2899 5656 Generationi
2927 5601 3062 5652 onmi
3088 5611 3474 5667 superuentura.

1911 5692 1964 5748 Si
2013 5705 2138 5760 ergo
2185 5689 2332 5743 omni
2378 5693 2700 5761 generationi
2737 5707 3166 5761 superventuram
3214 5709 3376 5762 usque
3409 5699 3471 5750 ad

1981 5807 2050 5868 (a)
2073 5816 2235 5869 supra,
2261 5820 2369 5870 rag.
2400 5805 2502 5862 liii,
2531 5818 2624 5856 not.
2657 5807 2673 5865 (
