4020 6198
546 360 646 419 895

547 481 701 532 linem
723 475 934 529 satculi‘.
969 474 1115 528 linito
1141 473 1281 527 enim
1315 469 1651 540 sa'CItlo,jant
1679 469 1820 522 nulla
1849 483 2099 537 superve-

548 569 652 621 niet
671 565 964 633 generatio.

615 655 666 710 5.
699 645 858 724 [vim
893 651 1014 724 19.]
1045 651 1324 706 Potentiam
1353 662 1506 707 tuam.
1555 661 1600 703 et
1630 649 1881 719 justitiam
1923 655 2104 702 tuam:

547 745 644 798 hoc
690 755 790 809 est,
835 746 1136 798 annuntiem
1179 743 1500 813 generationi
1533 741 1670 795 omni
1710 749 2119 815 superventurze.

547 835 816 888 brachium
861 846 1023 888 tuum.
1075 835 1139 888 Et
1181 834 1303 903 quid
1338 833 1577 902 przestitit
1608 834 1873 884 brachium
1917 828 2107 883 tuum?

550 925 932 979 Liberationcm
981 938 1211 980 nostram
1257 927 1556 996 gratuitam.
1610 925 1716 976 Iloc
1755 937 1879 992 ergo
1907 937 2108 974 annun-

553 1017 700 1079 tient,
724 1017 888 1087 ipsum
917 1019 1134 1086 gratiam
1163 1018 1303 1070 Omni
1330 1012 1652 1086 generationi
1682 1022 2106 1083 superventurte;

553 1108 724 1161 dicam
748 1110 887 1163 omni
919 1109 1115 1162 homini
1145 1110 1407 1162 nascituro
1435 1127 1448 1161 :
1479 1106 1614 1160 Nihil
1644 1121 1700 1160 es
1731 1122 1820 1173 per
1847 1112 1918 1170 te,
1945 1104 2107 1159 Deum

553 1199 768 1260 invoca;
817 1211 904 1252 tua
948 1209 1155 1268 peccata
1195 1209 1349 1261 sunt,
1373 1197 1553 1250 merita
1590 1197 1675 1248 Dei
1717 1205 1872 1259 sunt;
1913 1195 2110 1262 suppli-

549 1291 686 1344 cium
737 1292 827 1345 tibi
875 1291 1116 1354 debetur,
1163 1302 1217 1344 ct
1257 1305 1376 1344 cum
1423 1289 1690 1358 przrmium
1741 1285 1962 1352 venerit,
2013 1301 2107 1338 sua

550 1381 686 1434 dona
715 1383 1006 1438 eorouahit.
1039 1396 1140 1434 non
1169 1373 1350 1434 merita
1381 1391 1486 1437 tua,
1525 1380 1696 1431 Dicam
1727 1378 1867 1430 onnti
1891 1391 2109 1444 genera-

553 1471 679 1523 tioui
709 1479 1101 1538 superventurm
1131 1489 1144 1522 :
1179 1471 1250 1522 De
1277 1469 1574 1536 captivitate
1602 1467 1784 1518 venisti
1809 1482 1823 1527 ;
1852 1465 1914 1518 ad
1943 1463 2109 1518 Adam

551 1561 876 1628 pertinebas.
923 1561 1095 1612 Dicam
1129 1560 1227 1612 hoc
1269 1557 1410 1610 Omni
1451 1556 1774 1626 gent-rationi
1815 1569 2108 1623 superven-

555 1659 704 1710 tttrzu,
755 1650 922 1704 trullas
966 1651 1101 1703 vires
1149 1663 1313 1708 meas.
1362 1647 1554 1701 rutilam
1605 1646 1854 1711 justitiam
1903 1659 2104 1702 meant:

551 1739 644 1791 st-d
675 1742 941 1808 potentiam
971 1751 1104 1792 tuam
1134 1749 1178 1791 et
1211 1740 1457 1808 justitiam
1487 1744 1622 1790 luant
1643 1778 1656 1798 ,
1691 1737 1820 1789 [)eus
1841 1778 1853 1798 ,
1881 1752 2035 1805 usque
2057 1736 2108 1787 in

551 1830 792 1883 altissimo
829 1846 939 1900 qua:
977 1831 1138 1898 fecisti
1173 1829 1445 1898 magnaiia.
1479 1825 1761 1880 Potentiam
1790 1836 1926 1878 tuam
1953 1837 2002 1880 et
2019 1827 2111 1895 ju-

552 1921 741 1972 stitiam
770 1932 926 1984 tuam,
958 1920 1270 1989 usquequo?
1301 1934 1465 1988 usque
1492 1917 1555 1972 ad
1583 1933 1795 1973 carnem
1820 1926 1873 1971 et
1899 1915 2110 1989 sangui-

553 2011 717 2064 nem?
755 2011 863 2064 lmo
883 2054 896 2074 ,
929 2027 1090 2079 usque
1127 2013 1195 2064 ad
1234 2010 1476 2064 altissima
1514 2025 1626 2078 qua:
1652 2009 1808 2078 fecisti
1836 2006 2108 2077 magnalia.

556 2101 611 2154 lu
643 2103 762 2154 altis
785 2103 904 2156 coeli
931 2113 1087 2164 sunt;
1117 2103 1168 2156 in
1191 2102 1310 2155 altis
1335 2100 1514 2169 Angeli
1547 2110 1687 2161 sunt,
1718 2098 1902 2162 Sedes,
1930 2097 2109 2180 Domi.-

556 2191 825 2253 natioucs,
873 2191 1198 2260 l‘rincipatus
1217 2233 1230 2248 .
1263 2191 1556 2244 Potestates
1582 2207 1596 2244 :
1625 2190 1714 2243 tibi
1753 2189 1946 2243 debent
1971 2189 2111 2258 quod

553 2287 700 2342 sunt,
733 2280 821 2332 tibi
853 2280 1046 2335 debent
1071 2282 1208 2350 quod
1242 2283 1439 2341 vivunt,
1470 2280 1557 2334 tibi
1589 2281 1780 2335 debent
1807 2279 1949 2350 quod
1969 2280 2112 2348 juste

553 2372 764 2430 vivunt.
812 2373 904 2426 tibi
949 2373 1143 2427 debent
1185 2373 1324 2442 quod
1371 2375 1518 2427 beate
1567 2374 1778 2438 vivuht,
1829 2371 2110 2425 Potentiam

554 2471 694 2513 tuam
717 2473 761 2514 et
791 2463 1040 2530 justitiam
1065 2473 1222 2524 tuam,
1251 2463 1560 2532 usquequo?
1589 2461 1758 2533 Usque
1793 2464 1846 2516 in
1870 2461 2110 2516 altissima

551 2566 664 2617 qua:
689 2553 844 2620 ﬁrcisti
869 2554 1138 2624 magnalia.
1182 2553 1257 2608 Ne
1293 2563 1442 2621 putes
1486 2554 1749 2608 hominem
1789 2555 1957 2608 solum
1983 2567 2108 2624 per-

551 2640 721 2694 liuere
747 2642 810 2695 ad
849 2645 1068 2711 gratiam
1097 2645 1210 2697 Dei.
1253 2643 1384 2710 Quid
1424 2644 1537 2698 erat
1574 2645 1804 2714 Angelus
1831 2656 2108 2714 antequam

553 2730 736 2785 ﬁeret?
763 2732 885 2801 quid
913 2743 991 2787 est
1019 2734 1264 2804 Angelus,
1287 2735 1330 2790 si
1357 2735 1564 2791 deserat
1585 2736 1671 2816 qui
1693 2736 1927 2790 creavit?
1949 2737 2106 2806 Ergo,

551 2813 984 2898 poténtiaurtuam
1025 2836 1070 2878 et
1103 2825 1356 2894 justitiam
1392 2837 1549 2892 tuam,
1591 2813 1746 2898 usque
1783 2827 1834 2882 in
1863 2829 2110 2884 altissima

548 2926 660 2980 (μίαν
683 2893 840 2979 fecisti
870 2916 1140 2984 magnaliu.

620 3004 670 3056 6.
708 3004 768 3058 Et
797 3003 956 3060 homo
983 3021 1040 3060 se
1065 3007 1266 3062 extollit
1290 3011 1304 3061 !
1343 3017 1396 3063 et
1423 3019 1480 3064 ut
1505 3010 1764 3078 pertineat
1787 3011 1850 3066 ad
1886 3013 2107 3081 primam

549 3094 934 3160 captivitatem,
961 3097 1104 3151 audit
1127 3109 1422 3167 serpentem
1451 3111 1814 3170 suggerentum
1840 3119 1852 3155 :
1883 3102 2105 3171 Gustata,

549 3190 596 3232 et
639 3182 775 3236 eritis
818 3184 944 3237 sicut
990 3187 1061 3238 dii
1101 3185 1248 3258 (Gen.
1280 3205 1352 3244 In.
1381 3191 1476 3257 5)!
1524 3191 1774 3246 Homines
1816 3193 1953 3248 sicut
1995 3195 2105 3251 dii!

555 3267 706 3334 Deus,
732 3274 840 3340 quis
868 3275 1042 3329 similis
1067 3277 1187 3331 tibi?
1214 3279 1326 3332 Non
1361 3281 1410 3332 in
1438 3280 1647 3352 abysso,
1673 3296 1774 3336 non
1805 3284 1854 3336 in
1883 3285 2106 3354 inferno,

551 3373 655 3412 non
689 3361 738 3414 iu
771 3371 906 3416 terra
928 3403 942 3426 ,
972 3379 1076 3420 non
1114 3367 1164 3420 in
1191 3369 1326 3422 caelo
1350 3386 1391 3432 ;-
1414 3371 1586 3440 omnia
1629 3372 1768 3424 enim
1811 3382 1865 3426 tu
1913 3373 2104 3431 fecisti.

553 3449 687 3515 Quid
713 3447 982 3510 contendit
1006 3472 1138 3527 opus
1165 3476 1285 3515 cmn
1309 3461 1509 3517 artiﬁce
1527 3465 1552 3516 ‘t
1591 3464 1756 3530 Deus,
1785 3468 1896 3536 quis
1931 3468 2109 3524 similis

551 3543 682 3596 tibi?
721 3543 833 3615 Ego
861 3557 1036 3606 autem
1055 3591 1070 3614 ,
1098 3550 1173 3604 ait
1192 3548 1358 3604 Adam
1389 3553 1564 3617 miser,
1596 3564 1648 3608 et
1674 3555 1723 3608 in
1753 3556 1768 3587 ¹
1792 3557 1955 3611 Adam
1993 3572 2106 3612 om-

551 3633 632 3686 nis
659 3634 816 3690 ltotno
835 3678 849 3700 ,
877 3653 995 3692 eum
1026 3641 1145 3693 volo
1183 3657 1300 3696 esse
1331 3659 1573 3712 perverse
1599 3645 1783 3699 similis
1824 3646 1937 3711 tibi,
1983 3662 2107 3704 ecce

549 3727 673 3792 quid
700 3727 866 3783 factus
889 3745 1007 3784 sum
1028 3772 1042 3794 ,
1069 3741 1127 3786 ut
1155 3733 1221 3788 de
1245 3735 1546 3804 captivitate
1571 3735 1636 3790 ad
1663 3748 1712 3791 te
1737 3737 1953 3793 clamem
1979 3758 1993 3794 :
2022 3741 2105 3796 cui

554 3816 685 3870 bene
727 3829 840 3874 erat
879 3822 978 3876 sub
1016 3809 1138 3894 rege
1180 3825 1338 3892 bono,
1377 3829 1612 3896 captivus
1655 3827 1820 3884 factus
1849 3846 1962 3886 sum
2009 3833 2106 3889 sub

549 3921 668 3960 meo
697 3910 971 3964 seductum
996 3930 1009 3976 ;
1050 3925 1102 3967 et
1127 3917 1296 3980 clamo
1331 3917 1394 3969 ad
1437 3927 1486 3972 te
1512 3959 1525 3978 .
1565 3921 1685 3988 quia
1713 3921 1876 3976 cecidi
1906 3923 2002 3978 abs
2033 3933 2102 3978 te.

553 3998 615 4050 lit
653 4001 789 4054 unde
827 4002 920 4056 abs
965 4015 1014 4058 te
1053 4006 1260 4060 cecidi?
1299 4007 1431 4062 Cum
1479 4025 1657 4079 qua:ro
1698 4027 1815 4067 esse
1859 4008 2105 4082 perverse

455 4095 470 4113 ‘
550 4088 736 4142 similis
763 4091 875 4144 tibi.
901 4094 1034 4158 Quid
1059 4097 1200 4149 enim
1221 4098 1407 4151 ?\Deus
1433 4115 1606 4176 nonne
1643 4101 1708 4154 ad
1743 4097 2101 4158 suam'simili-

553 4178 784 4234 tudinem
822 4199 918 4238 nos
948 4185 1138 4240 vocat?
1168 4187 1350 4243 Nonne
1395 4191 1504 4258 ipse
1538 4191 1730 4260 estqui
1769 4191 1938 4246 dicit:
1972 4191 2105 4248 Bilis

547 4269 648 4338 gite
666 4273 890 4326 inimicos
910 4286 1132 4340 vestros;
1160 4287 1296 4330 orate
1321 4295 1409 4346 pro
1429 4279 1498 4332 eis
1516 4281 1601 4348 qui
1621 4293 1703 4334 vos
1726 4295 2101 4349 permittuntur,-

549 4361 819 4430 iteitefacite
847 4363 915 4416 eis
941 4366 1027 4428 qui
1053 4381 1136 4419 vos
1159 4363 1366 4420 odetiuut
1387 4371 1412 4422 ?
1455 4369 1574 4423 lla~c
1595 4370 1791 4436 dicens,
1823 4373 1887 4426 ad
1917 4370 2101 4428 simili-

547 4453 778 4507 tudinem
813 4455 903 4508 Dei
948 4472 1042 4510 nos
1089 4459 1342 4512 hortatur.
1395 4461 1623 4528 Denique
1664 4463 1786 4530 quid
1826 4464 2102 4532 adiungit?

550 4548 616 4596 Ut
643 4548 769 4610 sitis,
802 4549 985 4616 irquil,
1023 4551 1116 4613 ﬁlii
1140 4549 1307 4604 Patris
1333 4553 1478 4605 vestri
1505 4553 1588 4622 qui
1613 4555 1661 4606 in
1687 4557 1821 4608 caelis
1850 4566 1937 4609 est.
1966 4557 2097 4625 Quid

545 4638 682 4690 enim
733 4639 843 4704 ipse
893 4640 1054 4692 lauit?
1102 4639 1209 4693 Iloc
1249 4640 1377 4692 facit
1413 4653 1554 4694 certe
1588 4642 1727 4708 :Qui
1761 4647 1914 4698 solem
1953 4664 2100 4700 suum

545 4726 665 4778 oriri
691 4731 812 4797 facit
847 4747 994 4798 super
1018 4731 1170 4784 bonos
1197 4741 1240 4783 et
1272 4732 1445 4794 mulos,
1473 4741 1515 4784 et
1545 4734 1668 4802 pluit
1693 4751 1843 4804 super
1862 4737 2028 4806 justas
2052 4747 2097 4790 ct

544 4815 754 4883 injustas
795 4820 1002 4890 (Matth.
1033 4838 1084 4886 v,
1109 4824 1196 4886 41.,
1223 4823 1346 4890 45).
1393 4823 1489 4888 Qui
1521 4839 1646 4892 ergo
1683 4825 1814 4880 bene
1849 4827 1956 4881 vult
1999 4831 2096 4882 itii-

545 4908 681 4959 ttlico
711 4925 836 4969 Sno.
883 4913 988 4965 Deo
1035 4915 1221 4967 sinniis
1261 4926 1341 4968 est
1371 4933 1382 4966 :
1417 4931 1511 4968 nec
1557 4915 1652 4968 ista
1697 4918 1974 4983 Superbia,
2003 4919 2094 4973 sed

543 4999 832 5074 nnetlicntia
875 5014 966 5058 est.
1015 5008 1228 5070 Quare?
1271 5005 1399 5072 Quia
1446 5005 1509 5058 ad
1553 5006 1826 5071 intagiuem
1859 5009 1946 5061 Dei
1980 5008 2095 5063 l'acti

538 5105 723 5144 sttntus
750 5109 762 5144 :
793 5087 1061 5148 Faciamus
1082 5137 1096 5156 ,
1126 5097 1323 5164 inquit,
1356 5097 1600 5149 hominem
1638 5097 1704 5148 ad
1747 5098 2011 5168 imaginem
2051 5110 2096 5152 et

537 5181 914 5236 stmilitudinem
942 5195 1158 5243 nostram
1188 5184 1335 5256 (Gen.
1367 5204 1410 5249 t,
1438 5175 1559 5253 26).
1595 5187 1707 5240 Non
1735 5205 1862 5256 ergo
1899 5189 2093 5258 aliquid

537 5273 764 5328 alienum
791 5283 890 5337 est,
918 5273 961 5326 si
991 5275 1266 5342 imaginem
1295 5278 1382 5330 Dei
1414 5287 1651 5331 tenemus
1681 5279 1728 5331 in
1763 5277 1912 5332 nobis
1943 5297 1963 5340 :_
1991 5281 2090 5334 uti-

539 5381 657 5418 nam
685 5378 800 5418 eam
832 5379 925 5432 per
961 5365 1256 5431 superbiant
1300 5380 1400 5418 non
1441 5367 1772 5422 amittamus!
1825 5367 1925 5421 Sed
1967 5368 2090 5436 quid

538 5464 648 5512 cst.
697 5469 792 5524 per
831 5453 1130 5523 superbiam
1172 5454 1302 5506 velle
1346 5470 1461 5508 esse
1501 5457 1722 5509 similem
1773 5458 1922 5511 Deo?
1967 5459 2090 5525 quid

538 5557 798 5614 putamus,
827 5557 883 5599 ut
910 5545 1226 5598 exclamaret
1251 5544 1483 5612 captivus
1513 5563 1522 5596 :
1551 5545 1782 5609 Domine,
1811 5550 1921 5614 quis
1949 5549 2090 5602 sinti-

535 5637 598 5688 lis
641 5636 770 5688 tibi?
808 5650 924 5706 qua:
963 5645 1044 5688 est
1084 5633 1177 5685 ista
1219 5647 1459 5700 perversa
1503 5635 1828 5689 similitudo?
1871 5637 2084 5704 Audite,

594 5768 612 5799 ι
639 5769 880 5829 l’at‘ticula,
907 5767 973 5830 in,
998 5768 1133 5818 abest
1156 5781 1182 5816 a
1211 5773 1311 5816 Mss.

1755 355 1809 410 S.
1853 349 2214 410 AUGllSTlN-l
2247 351 2558 444 EI’lSCOPl

3665 360 3764 413 896

2211 478 2264 523 et
2299 469 2603 539 intelligite,
2634 469 2674 522 si
2714 469 2934 538 potestis
2967 487 2979 523 :
3011 470 3275 526 credimus
3301 481 3473 525 autem
3511 473 3631 537 quia
3662 475 3773 540 ipse

2207 560 2419 630 quinos
2457 561 2630 630 posuit
2669 559 2782 612 hare
2806 561 2953 615 vobis
2990 561 3202 624 dicere,
3251 562 3397 616 dabit
3423 563 3568 616 vobis
3612 567 3772 616 etiam

2209 661 2364 717 posse
2388 658 2439 700 et
2472 648 2781 716 intelligere.
2827 649 2964 703 Dens
2995 651 3136 703 nullo
3167 651 3359 720 indiget
3388 653 3542 712 bono,
3573 663 3627 705 ιιι
3664 655 3776 718 ινδ-ε

2207 747 2290 791 est
2317 753 2578 793 summum
2607 742 2820 804 bonum,
2853 753 2904 794 (ι
2934 742 3000 795 ab
3027 743 3138 809 ipso
3163 753 3242 796 t-st
3270 757 3424 796 omne
3445 745 3667 796 bonum.
3709 743 3772 798 lit

2209 841 2338 898 ergo
2365 829 2485 882 boui
2512 831 2696 897 simus,
2730 833 2836 884 Deo
2865 831 3155 901 indigemus
3185 848 3198 884 :
3233 842 3287 884 ut
3317 832 3484 886 bonus
3514 835 3582 884 sit
3618 835 3774 894 Deus,

2209 921 2360 973 nobis
2397 937 2498 974 non
2531 923 2720 990 indiget
2745 962 2758 984 ,
2802 937 2899 976 nec
2941 923 3091 976 nobis
3125 932 3322 975 tantum
3345 962 3358 987 ,
3391 923 3482 978 sed
3528 941 3686 989 usque
3713 929 3778 976 ad

2208 1008 2452 1062 altissima
2475 1026 2585 1080 quia
2609 1011 2723 1078 fecit
2753 1012 3026 1080 magnalia,
3057 1026 3155 1065 nec
3181 1011 3656 1080 ipsiscmlestibus,
3682 1031 3779 1068 nec

2207 1098 2668 1168 sitperctelcstibus
2691 1143 2704 1164 ,
2737 1117 2834 1156 nec
2859 1102 2994 1176 coelo
3021 1103 3141 1156 eoili
3170 1102 3310 1171 quod
3339 1104 3550 1168 dicitur,
3581 1105 3781 1174 indiget

2213 1191 2386 1251 Deus,
2423 1200 2476 1242 ut
2502 1201 2592 1242 aut
2620 1191 2808 1244 melior
2850 1191 2936 1254 sit,
2983 1201 3073 1244 aut
3102 1178 3396 1259 potentior,
3430 1205 3520 1245 aut
3552 1194 3778 1246 beatior.

2209 1279 2342 1346 Quid
2364 1283 2504 1334 enim
2532 1292 2672 1336 esset
2696 1283 2945 1352 quidquid
2973 1284 3112 1337 aliud
3139 1296 3240 1347 est,
3267 1285 3362 1338 nisi
3393 1287 3504 1354 ipse
3530 1285 3778 1340 iecisset?

2208 1372 2323 1440 Quo
2351 1355 2476 1442 ergo
2502 1385 2619 1442 eget
2649 1375 2742 1428 abs
2773 1387 2822 1429 te
2851 1377 2937 1444 qui
2968 1387 3081 1430 erat
3107 1389 3231 1431 ante
3261 1388 3340 1440 te,
3372 1389 3420 1431 et
3456 1391 3559 1432 tam
3591 1391 3780 1447 ροιιιιις

2209 1471 2342 1520 erat.
2375 1474 2430 1516 ut
2455 1479 2573 1518 cum
2609 1473 2661 1518 tu
2691 1481 2791 1518 non
2819 1481 2983 1531 esses,
3018 1467 3211 1521 faceret
3241 1469 3328 1522 te?
3355 1468 3619 1540 Numquid
3649 1487 3777 1540 qui»

2212 1555 2369 1606 modo
2397 1565 2639 1622 parentes
2684 1555 2878 1608 iaciunt
2923 1555 3101 1609 filios?
3149 1557 3248 1610 Per
3275 1558 3553 1626 quamdam
3583 1563 3780 1612 coimu-

2212 1645 2517 1718 piscentiam
2553 1647 2814 1718 carnalem
2844 1656 3125 1714 generant,
3161 1647 3330 1714 potius
3367 1663 3524 1716 quam
3553 1661 3778 1710 creant:

2211 1733 2323 1785 istis
2354 1717 2491 1786 enim
2536 1717 2907 1802 gemmantibus
2931 1777 2944 1798 ,
2979 1735 3115 1790 Deus
3144 1748 3308 1790 creat.
3357 1737 3485 1790 Nam
3531 1741 3574 1792 si
3625 1751 3678 1792 tu
3712 1743 3778 1793 ita

2209 1837 2394 1882 creas.
2422 1823 2507 1878 dic
2536 1825 2658 1891 quid
2692 1835 2774 1878 tua
2806 1827 2996 1880 mulier
3025 1829 3251 1896 paritura
3281 1840 3383 1884 est.
3415 1829 3549 1895 Quid
3582 1833 3778 1898 dicam,

2209 1913 2290 1969 Tu
2315 1903 2442 1969 dicitl
2474 1919 2580 1984 ipsa
2617 1916 2785 1980 dicat,
2815 1933 2932 1986 qua:
2957 1921 3096 1988 quod
3133 1930 3301 1988 portat
3332 1922 3556 1990 ignorat.
3602 1923 3780 1977 Cene-

2210 2015 2329 2060 rant
2375 2017 2547 2061 tamen
2579 2007 2820 2062 homines
2859 2008 3027 2070 ﬁlios,
3068 2019 3121 2064 et
3153 2011 3218 2064 ad
3247 2012 3490 2065 solatium
3518 2028 3697 2078 srnun,
3730 2025 3778 2067 et

2210 2098 2274 2149 ad
2303 2099 2589 2151 Subsidium
2635 2101 2940 2156 senectutis.
2972 2101 3230 2172 Numquid
3279 2103 3401 2158 ideo
3427 2107 3630 2158 creavit
3670 2107 3779 2160 hac

2211 2191 2386 2242 omnia
2418 2191 2572 2254 Deus,
2601 2207 2628 2244 τι
2660 2195 2847 2260 quibus
2876 2208 3036 2248 senex
3065 2195 3442 2263 adjuvaretur?
3469 2196 3628 2250 Novit
3655 2217 3776 2268 ergo

2211 2281 2347 2334 Deus
2375 2282 2513 2350 quod
2541 2291 2685 2334 creat
2704 2324 2717 2342 ,
2751 2295 2804 2335 et
2829 2284 2982 2351 quale
3011 2287 3075 2338 sit
3107 2302 3198 2354 per
3225 2287 3340 2352 ejus
3371 2289 3660 2341 itOtttlult'tll
3685 2331 3700 2352 ,
3726 2302 3774 2343 et

2209 2372 2364 2440 quale
2410 2373 2636 2426 futurum
2685 2376 2754 2427 sit
2801 2392 2892 2443 per
2932 2379 3190 2444 propriam
3224 2380 3585 2436 voluntatmn;
3637 2386 3774 2433 rtmit

2211 2462 2348 2516 Deus
2373 2472 2426 2516 et
2453 2463 2711 2517 ordinavit
2739 2469 2930 2519 otnnia.
2967 2466 3031 2521 Ut
3071 2479 3243 2520 autem
3275 2470 3432 2521 hoino
3460 2473 3529 2524 sit
3554 2474 3769 2541 ahquid,

2207 2554 2466 2608 Convertit
2493 2570 2551 2609 se
2579 2552 2642 2608 ad
2688 2556 2832 2610 illum
2877 2574 2902 2608 ει
2947 2577 3048 2626 quo
3092 2568 3296 2612 creatus
3327 2569 3424 2613 est.
3460 2562 3776 2616 lieccdendo

2209 2649 2350 2700 enim
2383 2646 2646 2716 frigescit:
2677 2650 2978 2703 aceedendn
3003 2653 3246 2706 fervescit
3271 2671 3282 2705 :
3309 2656 3606 2708 revertendo
3634 2665 3772 2711 tene-

2208 2735 2440 2799 brescil;
2489 2737 2786 2791 accedendo
2830 2741 3090 2793 clarescit.
3141 2743 3176 2794 Α
3209 2759 3312 2810 quo
3350 2746 3489 2796 enim
3535 2745 3691 2800 habet
3723 2759 3773 2801 ul

2207 2830 2308 2892 sit,
2339 2827 2476 2897 apud
2521 2828 2664 2882 illum
2711 2829 2868 2884 habet
2913 2841 2967 2883 ut
2997 2832 3042 2884 ei
3077 2831 3210 2886 bene
3240 2834 3324 2886 sit.
3379 2835 3607 2904 Denique
3641 2837 3774 2890 {ilics

2213 2922 2404 2984 tninor,
2427 2922 2512 2990 qui
2536 2921 2700 2974 voluit
2727 2922 2776 2974 in
2805 2937 2896 2976 sua
2927 2933 3182 2992 potestate
3209 2923 3400 2980 habere
3428 2927 3774 2982 substantiam

2207 3025 2376 3074 suam,
2400 3027 2514 3080 qua:
2544 3011 2612 3064 iili
2641 3013 2775 3078 apud
2807 3023 3006 3082 patrem
3032 3015 3228 3082 optime
3253 3019 3577 3083 servabatur,
3607 3022 3774 3074 itlt'ltts

2206 3116 2315 3156 suo:
2342 3103 2636 3171 potestatis,
2660 3101 2924 3172 profectus
2946 3114 3028 3158 est
3054 3106 3106 3159 in
3129 3107 3391 3175 regionem
3413 3110 3772 3179 longinquam,

2209 3191 2618 3262 lnnsit'principi
2665 3193 2834 3258 malo,
2867 3209 3056 3263 porcos
3100 3199 3271 3265 pavit;
3320 3198 3454 3252 fante
3501 3213 3774 3256 correctus

2207 3285 2420 3352 estqui
2467 3285 2740 3339 saturitate
2786 3287 3043 3368 superbus
3093 3287 3416 3344 abscesserat
3464 3292 3482 3357 (ξ
3512 3291 3636 3345 Luc.
3680 3312 3771 3357 xv,

2208 3373 2432 3444 42-16).
2465 3376 2600 3446 Ergo
2641 3377 2875 3446 quisquis
2919 3378 2988 3431 ita
3015 3379 3123 3433 vult
3165 3395 3284 3434 esse
3327 3378 3516 3436 similis
3547 3386 3688 3440 Deo.
3719 3398 3772 3436 nt

2205 3465 2270 3518 ad
2303 3465 2443 3519 illum
2470 3475 2605 3533 stet,
2639 3467 3097 3538 l‘ortitudinemqne
3127 3486 3272 3524 suam
3299 3511 3312 3530 ,
3355 3471 3490 3524 sicut
3514 3475 3774 3543 seripunu

2205 3569 2313 3619 εει.
2345 3557 2409 3612 ad
2440 3559 2582 3614 illum
2612 3561 2868 3616 custodiat
2899 3560 3066 3632 (Psal.
3099 3579 3220 3616 Lvm
3240 3605 3254 3627 ,
3287 3563 3386 3634 l0)
3409 3605 3422 3629 ,
3451 3581 3549 3617 non
3580 3567 3649 3620 ab
3683 3569 3774 3621 iilo

2205 3651 2417 3706 recedat
2449 3670 2462 3703 :
2495 3653 2542 3707 ei
2583 3651 2898 3708 coluerendo
2935 3655 3169 3722 signetur
3197 3665 3443 3724 tanquam
3471 3673 3538 3710 ex
3569 3662 3772 3710 anitnto

2204 3755 2344 3802 cera,
2378 3741 2449 3795 illi
2475 3741 2663 3796 afﬁxus
2697 3743 2885 3796 habeat
2915 3745 3203 3812 imaginem
3225 3746 3370 3814 ejus,
3404 3746 3600 3800 faciens
3629 3749 3770 3818 ιιιιυιι

2203 3830 2400 3886 dictum
2421 3841 2520 3895 est,
2549 3827 2677 3884 Mihi
2695 3834 2952 3888 adltwrere
2972 3833 3077 3889 Deo
3105 3837 3284 3888 bonum
3306 3847 3378 3890 est
3401 3835 3572 3907 (Psal.
3599 3855 3768 3902 Lxxu,

2203 3923 2352 3991 9.8);
2399 3941 2521 3978 vere
2563 3927 2790 3979 custodit
2833 3927 3226 3982 similitudinem
3273 3937 3327 3982 ct
3373 3928 3654 3999 imaginem
3702 3932 3770 3984 ad

2203 4030 2356 4083 quam
2391 4015 2554 4069 factus
2595 4025 2696 4070 est.
2749 4016 2911 4071 Porro
2956 4030 3130 4072 autem
3179 4019 3222 4072 si
3267 4035 3516 4088 perverse
3543 4023 3768 4074 \‘Oillt't‘tl

2204 4105 2394 4158 imitari
2445 4107 2627 4170 Deum,
2680 4115 2734 4161 ut
2775 4109 3038 4178 quomodo
3085 4109 3223 4164 Deus
3264 4127 3366 4162 non
3419 4111 3575 4166 habet
3603 4132 3630 4163 a
3663 4131 3770 4182 quo

2202 4193 2475 4260 formetur,
2510 4213 2611 4248 non
2643 4194 2801 4252 habet
2825 4213 2853 4248 a
2881 4213 2988 4267 quo
3016 4209 3246 4269 regatur,
3276 4199 3352 4253 sic
3381 4201 3493 4267 ipse
3521 4202 3642 4253 velit
3675 4221 3771 4266 sua

2201 4295 2460 4355 potestate
2487 4287 2580 4351 uti,
2606 4297 2660 4341 ut
2684 4290 2950 4356 quomodo
2968 4289 3124 4355 Deus,
3149 4291 3290 4344 nullo
3319 4290 3596 4350 i'ormante.
3622 4295 3770 4346 nullo

2202 4388 2412 4450 regente
2442 4377 2613 4444 vivat;
2655 4379 2778 4448 quid
2809 4389 3000 4444 restat,
3030 4380 3254 4442 fratres,
3281 4382 3377 4435 lliSI
3421 4395 3476 4434 ut
3508 4386 3769 4460 recedrns

2199 4467 2266 4522 ab
2293 4468 2408 4538 ejus
2447 4468 2623 4523 calore
2664 4479 2958 4539 torpescat,
2991 4470 3242 4525 recedens
3283 4487 3310 4524 a
3353 4473 3571 4526 veritate
3600 4490 3760 4527 vane-

2199 4567 2329 4622 scat,
2363 4559 2614 4614 recedens
2637 4562 2702 4616 ab
2731 4577 2795 4615 eo
2823 4563 2961 4632 quod
3001 4577 3206 4617 summe
3230 4572 3387 4630 atque
3413 4577 3760 4618 mcounnnta-

2198 4649 2374 4704 bilitcr
2401 4652 2416 4681 ¹
2442 4661 2540 4713 est,
2571 4653 2620 4705 in
2645 4651 2876 4706 deterius
2907 4663 3136 4706 mutatus
3162 4653 3387 4706 deficiat.

2269 4740 2320 4794 7.
2365 4741 2475 4796 Hoc
2517 4741 2756 4796 diabolus
2802 4742 2924 4796 fecit
2955 4761 2967 4795 :
2999 4743 3186 4796 imitari
3236 4743 3397 4796 Deum
3439 4741 3626 4807 voluit,
3673 4744 3762 4796 snt

2201 4846 2474 4898 perverse;
2523 4848 2624 4884 non
2657 4848 2772 4886 esse
2813 4832 2911 4886 sub
2949 4832 3088 4886 illius
3120 4843 3401 4900 potestate,
3440 4831 3532 4884 sed
3565 4833 3764 4885 babae
3804 4851 3816 4862 θ

2197 4931 2378 4974 contra
2426 4919 2568 4975 illum
2614 4931 2945 4992 potestatem.
2994 4922 3164 4976 llotno
3209 4933 3381 4976 autem
3431 4924 3636 4990 positus
3665 4925 3761 4971 sub

2199 5023 2478 5082 pt'arceplo,
2507 5015 2702 5067 audivit
2726 5031 2754 5065 a
2781 5014 3000 5068 Domino
3026 5015 3154 5080 Deo,
3185 5015 3304 5068 Noli
3331 5025 3552 5082 tangere.
3584 5014 3760 5080 Quid?

2197 5107 2342 5162 Hanc
2366 5107 2604 5162 arborem
2628 5107 2774 5179 (Gen.
2801 5125 2858 5173 ιι,
2889 5106 2996 5179 i7).
3018 5106 3150 5172 Quid
3180 5118 3260 5160 est
3285 5109 3424 5161 enim
3457 5107 3542 5160 illa
3565 5107 3758 5159 arlmr?

2197 5200 2250 5252 Si
2285 5201 2414 5252 bona
2443 5210 2543 5264 est,
2567 5217 2727 5268 quare
2755 5217 2855 5252 non
2886 5198 3084 5268 tango?
3113 5199 3155 5250 si
3187 5198 3322 5250 mala
3351 5207 3453 5262 est,
3481 5197 3608 5266 quid
3637 5197 3756 5248 {:n-it

2198 5289 2248 5342 in
2283 5289 2564 5357 paradiso?
2595 5289 2816 5342 Prorsus
2843 5289 2961 5342 ideo
2990 5298 3073 5344 est
3101 5287 3149 5340 iu
3180 5287 3443 5358 paradiso,
3474 5287 3592 5354 quia
3623 5287 3755 5338 bona

2195 5392 2309 5442 est;
2353 5379 2444 5433 sed
2485 5379 2604 5433 nolo
2649 5388 2848 5448 tangas.
2879 5379 3053 5446 Quare
3081 5394 3182 5431 non
3215 5377 3410 5445 tango?
3455 5376 3587 5442 Quia
3631 5375 3754 5428 obo~

2193 5471 2421 5526 dieotem
2452 5482 2500 5525 te
2527 5473 2680 5534 volo,
2714 5491 2815 5525 tttnt
2854 5471 3316 5524 contradicentem.
3358 5469 3506 5523 Servi
3537 5468 3601 5520 ad
3635 5467 3756 5532 hoc,

2191 5581 2342 5622 serve
2367 5569 2424 5630 ²;
2455 5565 2545 5621 sed
2578 5567 2679 5619 noli
2709 5565 2872 5630 male,
2901 5580 3072 5619 serve.
3101 5564 3262 5618 Serve
3281 5604 3295 5628 ,
3327 5561 3446 5615 audi
3475 5563 3623 5630 prius
3651 5560 3758 5613 Da-

2254 5704 2270 5734 ί
2297 5704 2368 5752 sic
2384 5711 2455 5752 κν.
2479 5710 2529 5751 et
2555 5709 2658 5750 Mss.
2683 5710 2734 5751 Λι
2756 5710 2884 5762 t.ov.,
2902 5697 3349 5762 incomparabiliter.

2260 5768 2282 5797 ³
2303 5770 2373 5815 sic
2395 5764 2570 5826 aliquot
2593 5771 2694 5813 Mss.
2729 5761 2808 5812 alii
2849 5765 3028 5826 plures,
3051 5760 3182 5812 serve
3203 5760 3360 5811 adhuc
3377 5770 3530 5809 serve.
3559 5763 3609 5804 At
3628 5765 3744 5816 pau-
