4020 6198
235 350 334 401 897

235 481 358 516 tnun
400 464 624 530 iussum,
659 475 708 513 et
738 474 857 514 tunc
897 460 1126 529 jubentis
1155 459 1295 512 disce
1324 459 1620 524 consilium.
1654 457 1792 509 Bona

235 570 314 607 est
339 556 495 606 arbor
520 571 534 606 :
585 553 706 605 nolo
733 561 932 617 tangas.
971 551 1180 616 Quare?
1219 549 1348 613 Quia
1377 549 1626 600 Dominus
1653 563 1789 610 sum,

233 659 283 696 et
310 659 494 697 servus
524 658 600 696 es.
632 642 753 694 “213C
783 651 884 693 tota
916 655 1069 694 causa
1100 649 1199 693 est.
1230 639 1284 693 Si
1317 654 1470 706 parva
1503 647 1611 697 est,
1644 637 1792 689 dedi-

234 733 411 804 gnaris
453 747 569 786 esse
616 733 842 786 servus?
890 730 1023 798 Quid
1063 739 1235 782 autem
1282 729 1371 782 tibi
1420 728 1661 796 expedit,
1696 726 1793 780 nisi

234 839 353 878 esse
395 823 492 876 sub
522 821 786 876 Domino?
832 820 1101 887 Quomodo
1139 819 1244 872 eris
1288 819 1384 870 sub
1415 817 1667 879 Domino,
1697 816 1794 868 nisi

237 915 398 969 literis
439 913 536 965 sub
577 913 878 981 prarcepto?
925 911 1086 964 Porro
1116 909 1155 961 si
1187 908 1396 976 expedit
1432 907 1521 960 tibi
1551 922 1668 959 esse
1697 905 1794 958 sub

238 1007 477 1065 Domino,
523 1014 576 1058 et
619 1005 716 1057 sub
767 999 1216 1072 przecepto,-quid
1263 999 1352 1052 tibi
1395 999 1634 1064 iussurus
1681 1003 1795 1050 erat

240 1098 416 1153 licus?
448 1095 655 1165 Aliquid
683 1096 822 1149 enim
858 1094 1044 1160 qumrit
1069 1093 1160 1145 abs
1187 1091 1278 1144 te?
1307 1089 1448 1143 Oll'er
1473 1087 1598 1141 mihi
1628 1087 1793 1139 sacri-

239 1196 431 1253 lirinnt,
462 1191 803 1249 dicturuscst
828 1187 962 1239 tibi?
1002 1186 1184 1238 Nonne
1211 1185 1322 1252 ipse
1367 1182 1484 1235 fecit
1511 1180 1706 1243 omnia,
1741 1180 1791 1232 in

233 1285 423 1352 quibus
450 1294 500 1335 et
530 1292 579 1335 te
611 1280 768 1334 fecit?
795 1279 1096 1345 Obsequere
1122 1275 1267 1336 tuihi,
1298 1275 1529 1327 dicturus
1556 1283 1634 1325 est
1666 1271 1790 1333 tibi;

234 1375 343 1427 sive
367 1374 430 1427 ad
459 1375 666 1434 lectum,
693 1387 808 1424 cum
835 1370 1138 1437 requiesco;
1168 1367 1276 1420 sive
1303 1365 1362 1418 ad
1391 1379 1648 1425 mensam,
1673 1378 1788 1416 eum

237 1482 318 1517 me
359 1465 573 1525 relicio;
621 1464 729 1517 sive
765 1461 828 1512 ad
861 1460 1104 1518 balneas,
1135 1473 1251 1510 cum
1295 1456 1452 1509 lavo?
1493 1455 1620 1522 Quia
1665 1467 1791 1522 ergo

236 1555 376 1625 nuilo
403 1555 495 1607 abs
526 1565 573 1606 te
605 1553 796 1619 indiget
828 1551 966 1603 Deus
987 1591 1002 1611 ,
1043 1547 1167 1601 nihil
1212 1544 1302 1600 tibi
1346 1545 1524 1599 debuit
1565 1544 1790 1609 jubere?

237 1645 291 1698 Si
318 1654 490 1698 autem
519 1643 694 1696 debuit
721 1641 912 1710 aliquid
935 1640 1142 1710 jubere,
1173 1647 1227 1690 ut
1255 1649 1324 1700 te,
1354 1635 1503 1705 quod.
1521 1635 1607 1687 tibi
1634 1649 1791 1702 expe-

236 1733 332 1794 dit,
359 1732 578 1785 sentires
603 1745 721 1785 esse
747 1729 844 1782 sub
872 1729 1111 1793 Domino,
1141 1729 1206 1780 ab
1226 1727 1397 1795 aliqua
1425 1741 1481 1778 re
1509 1723 1790 1792 prohiben-

231 1823 330 1876 dus
373 1837 526 1884 eras;
578 1836 679 1874 non
730 1829 942 1890 propter
979 1820 1118 1873 illius
1146 1816 1348 1871 arboris
1379 1816 1648 1880 malitiam,
1695 1812 1787 1868 sed

229 1925 444 1982 propter
493 1921 632 1964 tuam
676 1911 1047 1965 obedientiam.
1093 1909 1208 1962 Non
1250 1906 1415 1976 potuit
1441 1907 1579 1959 Deus
1613 1905 1787 1974 perfe-

229 2008 362 2058 ctius
409 2006 770 2059 demenstrare
812 2012 1061 2072 quantum
1106 2001 1175 2056 sit
1215 2000 1408 2056 bonum
1451 1995 1783 2059 obedientize,

230 2100 326 2152 nisi
352 2115 468 2152 cum
503 2096 762 2166 proltibait
791 2096 858 2149 ab
883 2110 942 2148 ea
971 2109 1029 2148 re
1056 2108 1172 2162 qute
1202 2106 1306 2144 non
1334 2097 1444 2142 erat
1469 2088 1624 2140 mala.
1663 2086 1784 2139 Sola

229 2192 295 2244 ibi
343 2191 637 2244 obedientia
687 2197 828 2244 tenet
873 2188 1135 2257 palmam;
1169 2186 1278 2240 sola
1318 2185 1388 2238 ibi
1433 2183 1787 2238 inobedientia

227 2283 424 2335 invenit
452 2297 679 2348 pmnam.
721 2280 918 2334 Bonum
945 2289 1065 2341 est;
1117 2277 1238 2330 nolo
1266 2286 1464 2346 tangas.
1503 2275 1614 2350 Non
1645 2275 1785 2328 enim

227 2388 331 2424 non
367 2372 625 2441 tangendo
664 2371 950 2424 moriturus
974 2383 1050 2423 es.
1093 2367 1352 2435 Numquid
1395 2367 1481 2436 qui
1515 2366 1634 2418 hinc
1663 2381 1786 2434 pro-

227 2463 415 2524 liibuit,
439 2463 535 2515 alia
565 2461 862 2516 subtraxit?
899 2459 1082 2513 Nonne
1107 2467 1188 2511 est
1211 2456 1484 2526 paradisus
1509 2454 1787 2508 fructuosis

225 2555 413 2622 plenus
443 2553 756 2606 arboribus?
786 2548 919 2616 Quid
949 2550 1038 2604 tibi
1066 2548 1255 2603 deest?
1283 2547 1393 2601 Hoc
1421 2546 1541 2600 nolo
1569 2554 1783 2615 tangas;

221 2647 347 2700 hinc
378 2646 500 2699 nolo
536 2654 734 2714 gustes.
768 2644 968 2697 Bonum
1011 2650 1122 2706 est,
1151 2640 1243 2696 sed
1269 2639 1566 2694 obedientia
1598 2639 1787 2693 melior

220 2751 324 2793 est.
371 2737 596 2792 Proinde
622 2752 741 2791 cum
788 2734 1020 2802 tetigeris
1041 2774 1054 2796 ,
1087 2731 1340 2802 numquid
1367 2731 1524 2784 arbor
1556 2730 1644 2784 illa
1673 2745 1786 2783 ma-

222 2832 328 2881 lum
373 2830 492 2892 erit,
522 2838 578 2880 ut
612 2826 896 2880 moriaris?
939 2823 1043 2877 Sed
1088 2821 1441 2876 inobedientia
1471 2830 1521 2874 te
1559 2820 1805 2889 subjecit‘

219 2920 398 2982 morti,
415 2919 530 2986 quia
552 2916 812 2986 prohibita
831 2913 1062 2982 tetigisti.
1085 2911 1204 2966 Ideo
1219 2911 1374 2964 arbor
1403 2910 1492 2964 illa
1518 2910 1778 2978 appellata

222 3021 303 3063 est
322 3011 550 3063 scientia:
571 3006 910 3078 dignoscendi
931 3005 1050 3060 boni
1068 3014 1120 3059 et
1144 3005 1263 3058 mali
1291 3003 1437 3075 (Gen.
1453 3019 1511 3064 tt,
1536 3005 1643 3070 l7),
1669 3018 1774 3057 non

221 3101 344 3169 quia
377 3101 494 3153 inde
526 3100 644 3152 talia
670 3098 816 3167 quasi
860 3112 1010 3166 poma
1043 3096 1378 3167 pendebant;
1410 3095 1500 3149 sed
1528 3095 1777 3165 quidquid

221 3199 366 3242 esset
404 3189 556 3242 arbor
601 3189 682 3242 illa
704 3230 718 3254 ,
750 3188 1026 3266 cujuslibet
1067 3187 1242 3257 ponti,
1275 3185 1552 3254 cujuslibet
1582 3187 1778 3240 fruetus

219 3288 397 3340 esset,
428 3280 542 3334 ideo
578 3281 653 3333 sic
681 3288 859 3332 vocata
887 3287 967 3332 est
987 3319 1000 3342 ,
1034 3278 1154 3347 quia
1184 3277 1342 3331 homo
1365 3277 1452 3346 qui
1493 3277 1654 3330 nollet
1683 3278 1779 3330 bo-

221 3387 347 3422 num
374 3386 402 3422 a
436 3371 570 3423 malo
611 3371 908 3440 discernere
947 3385 1038 3439 per
1067 3378 1380 3438 prteeeptum
1401 3410 1416 3434 ,
1457 3367 1778 3423 discreturos

217 3472 334 3515 erat
377 3477 468 3529 per
492 3461 904 3529 experimentum
930 3477 944 3525 ;
978 3468 1034 3514 ut
1063 3461 1321 3528 tangendo
1346 3460 1562 3514 vetitum
1583 3503 1596 3521 ,
1627 3461 1776 3514 inve-

217 3553 357 3604 niret
382 3551 714 3620 Supplicium.
761 3551 931 3616 Quare
959 3559 1131 3604 autem
1178 3551 1372 3619 tetigit,
1402 3552 1590 3604 fratres
1631 3551 1777 3604 mei?

213 3643 353 3710 Quid
403 3643 474 3696 illi
520 3642 740 3696 deerat?
780 3643 988 3695 Dicatur
1037 3641 1160 3693 mibi
1201 3641 1325 3709 quid
1373 3642 1442 3694 illi
1495 3641 1676 3694 deerat
1725 3643 1774 3693 in

213 3733 462 3805 paradiso
502 3734 807 3797 Constituto,
858 3732 908 3786 in
958 3731 1127 3784 media
1172 3732 1456 3798 opulentia,
1491 3731 1778 3798 mediisque

210 3827 462 3886 deliciis;
513 3827 593 3877 cui
645 3839 844 3893 magna:
887 3822 1088 3876 delicia:
1136 3830 1284 3874 erant
1327 3823 1438 3891 ipsa
1483 3823 1615 3875 visio
1661 3822 1774 3883 Dei,

211 3918 365 3984 cujus
415 3914 598 3968 faciem
649 3912 800 3981 quasi
845 3912 1036 3964 inimici
1086 3911 1255 3964 timuit
1302 3922 1416 3979 post
1465 3914 1778 3980 peccatum?

209 4005 352 4074 Quid
387 4005 456 4060 illi
485 4006 666 4058 deerat
688 4045 702 4066 ,
731 4012 786 4056 ut
816 4011 1080 4072 tangeret,
1114 4002 1214 4055 nisi
1253 4003 1371 4071 quia
1399 4019 1491 4056 sua
1525 4013 1778 4072 potestate

212 4099 288 4151 uti
328 4097 508 4159 voluit,
543 4103 862 4164 prmeeptum
897 4106 1140 4161 rumpere
1183 4092 1492 4157 delectavit;
1537 4103 1593 4146 ιιι
1637 4095 1778 4147 nullo

211 4192 313 4243 sibi
360 4190 663 4242 dominante
710 4187 861 4241 fleret
907 4178 1041 4240 sicut
1095 4185 1249 4248 Deus,
1297 4187 1414 4254 quia
1455 4186 1560 4238 Deo
1606 4186 1778 4241 nullus

211 4284 397 4350 utique
453 4277 796 4332 dominatur?
846 4275 978 4332 Male
1016 4291 1172 4344 vagus
1197 4316 1211 4340 ,
1255 4275 1389 4329 male
1429 4290 1772 4343 prmsumens,

210 4373 421 4426 futurus
465 4380 738 4439 mortuus,
785 4365 1082 4422 reeedendo
1129 4380 1156 4418 a
1201 4365 1281 4419 via
1324 4366 1614 4435 justitiie‘!
1656 4381 1778 4420 ecce

210 4464 372 4517 solvit
415 4473 730 4531 prmi-cptum
755 4501 768 4523 ,
810 4444 1040 4514 excussit
1081 4474 1110 4512 a
1147 4459 1349 4512 cervice
1391 4457 1570 4526 jugum
1617 4457 1775 4511 disci-

213 4559 395 4624 plinu',
422 4555 652 4607 habmus
677 4552 946 4621 regiminis
967 4550 1230 4604 exaltante
1252 4550 1585 4602 animositate
1608 4549 1779 4602 disru-

212 4650 289 4716 pit
316 4664 329 4707 ;
381 4646 465 4698 ubi
497 4655 574 4697 est
606 4643 786 4696 nime?
831 4641 983 4696 Certe
1027 4642 1262 4711 captivus
1289 4641 1478 4694 clamat
1504 4657 1516 4692 :
1545 4639 1774 4702 Domum

209 4740 325 4806 quis
353 4737 530 4788 similis
568 4735 698 4788 tibi?
743 4733 888 4786 Volui
931 4749 1048 4787 esse
1080 4746 1320 4800 perverse
1348 4732 1532 4784 similis
1568 4731 1656 4783 tibi
1679 4773 1692 4795 ,
1724 4739 1778 4785 et

212 4829 385 4880 laetus
409 4841 522 4877 sum
552 4825 738 4877 similis
771 4822 962 4890 pecori.
1006 4822 1111 4876 Sub
1154 4832 1236 4875 tua
1263 4822 1618 4874 dominatione
1638 4862 1651 4883 ,
1680 4823 1776 4875 sub

211 4926 308 4970 tuo
339 4926 601 4982 prtecepto
623 4929 743 4965 vere
769 4912 955 4964 similis
979 4928 1121 4964 eram
1152 4930 1163 4962 :
1197 4912 1288 4964 sed
1315 4913 1474 4964 homo
1500 4911 1548 4963 itt
1579 4911 1776 4965 honore

212 5009 423 5078 positus
451 5021 552 5057 non
592 5005 888 5066 intellesit;
932 5015 1264 5071 comparatus
1291 5014 1372 5058 est
1411 5004 1660 5072 jumentis
1700 5005 1775 5056 in-

211 5097 474 5160 sensatis,
503 5105 555 5148 et
588 5097 774 5149 similis
801 5095 964 5147 factus
993 5105 1071 5147 est
1101 5095 1201 5147 illis
1227 5095 1394 5163 (l’sal.
1425 5110 1619 5157 XLVIII,
1649 5095 1772 5163 l5).

211 5193 333 5246 Jam
371 5189 436 5242 de
464 5186 800 5241 similitudine
823 5187 1176 5254 jumentorum
1209 5187 1374 5238 clama
1402 5199 1536 5248 sero,
1569 5195 1620 5239 et
1647 5187 1732 5238 die
1760 5204 1773 5238 :

214 5283 377 5342 Deus,
405 5281 511 5347 quis
535 5277 712 5329 similis
748 5277 830 5328 tibi
851 5276 877 5328 ?
1495 5275 1504 5285 '

287 5373 344 5427 8.
390 5371 537 5441 lvrrs.
562 5367 785 5438 20,221.]
828 5367 1052 5433 Quantas
1099 5365 1353 5420 ostendisti
1399 5366 1521 5418 nti/ti
1565 5366 1774 5419 tribula-

215 5465 381 5517 tianes
424 5462 606 5512 multas
634 5471 676 5512 et
709 5459 905 5511 multis!
944 5457 1145 5522 Merito,
1190 5456 1415 5524 superbe
1457 5471 1604 5510 serve
1639 5475 1650 5508 :
1685 5473 1777 5507 vn-

217 5649 380 5684 cmres
401 5648 507 5682 cum
524 5635 664 5682 ctlitis
689 5647 700 5680 :
727 5645 818 5682 non
841 5632 1236 5682 contradicentem
1257 5644 1461 5695 servum,
1482 5634 1548 5683 ad
1569 5633 1654 5684 hoc
1675 5649 1779 5684 sero

219 5709 303 5787 ἐἳ
575 5763 700 5814 uss,
723 5769 753 5804 a
776 5753 868 5804 rita
875 5753 1090 5816 justitiw.

1278 340 1667 399 ENARRATIO
1706 341 1769 395 ΙΝ
1812 341 2128 395 ιιελωιυ-δι
2170 339 2326 394 LXX.

3367 351 3469 403 898

1905 454 2042 506 luisti
2089 456 2227 506 enim
2277 469 2521 520 perverse
2565 471 2682 508 esse
2724 455 2913 509 similis
2960 457 3178 510 Domino
3225 470 3331 524 tuo,
3377 462 3467 528 qui

1904 545 2070 598 factus
2095 561 2210 598 cras
2235 544 2298 596 ad
2329 545 2604 614 imaginem
2641 547 2839 599 Domini
2873 548 2966 598 tui.
3011 547 3148 602 Bene
3186 550 3272 602 tibi
3302 553 3466 606 velles

1904 649 1958 690 ut
1997 647 2136 690 esset
2179 637 2444 692 recedenti
2487 638 2552 691 ab
2597 639 2684 690 illo
2714 637 2902 691 bono?"
2938 641 3156 693 Prorsus
3206 641 3332 693 dicit
3373 643 3467 699 tibi

1905 731 2040 781 Deus
2071 748 2083 782 :
2111 729 2162 782 Si
2194 729 2393 782 recedis
2417 744 2444 781 a
2473 745 2578 792 me,
2607 713 2660 783 et
2688 731 2819 784 bene
2847 740 2926 783 est
2955 732 3064 793 tibi,
3091 748 3186 799 ego
3219 750 3319 784 non
3347 750 3464 788 stitit

1902 822 2092 872 bonum
2125 828 2288 872 tuum.
2321 820 2546 874 Proinde
2571 822 2612 873 si
2643 821 2726 875 ille
2753 822 2940 884 bonus,
2965 833 3015 875 et
3039 838 3244 876 summe
3273 823 3462 890 bonus,

1899 923 1949 964 et
1977 911 2042 964 de
2071 925 2126 964 se
2153 911 2251 964 sibi
2284 911 2470 973 bonus,
2517 921 2570 966 et
2614 913 2753 966 nullo
2793 913 2965 966 alieno
2995 913 3132 966 bono
3178 914 3347 968 bonus
3371 957 3384 978 ,
3413 926 3464 969 et

1901 1001 2011 1068 ipse
2037 1010 2274 1054 nostrum
2300 1016 2562 1054 summum
2592 1001 2781 1055 bonum
2811 1019 2823 1066 ;
2854 1003 3146 1057 recedendo
3175 1005 3313 1069 inde,
3339 1005 3463 1074 quid

1897 1090 2028 1152 eris,
2067 1089 2164 1142 nisi
2207 1091 2420 1144 malus?
2461 1091 2610 1153 Item,
2656 1093 2698 1144 si
2729 1092 2840 1159 ipse
2866 1103 2948 1146 est
2975 1093 3238 1147 beatitudo
3263 1105 3464 1159 nostra,

1896 1178 2021 1247 quid
2063 1183 2161 1233 erit
2204 1181 2469 1234 recedenti
2496 1223 2510 1246 ,
2561 1182 2658 1234 nisi
2706 1184 2960 1236 miseria?
3005 1185 3136 1238 Redi
3179 1200 3305 1255 ergo
3349 1195 3464 1254 post

1899 1273 2183 1336 miseriam,
2218 1282 2270 1326 et
2295 1272 2378 1326 dic
2406 1291 2417 1324 :
2450 1273 2690 1338 Domine,
2728 1276 2837 1343 quis
2866 1274 3042 1328 similis
3071 1271 3156 1327 liti
3181 1274 3204 1325 ἶ)
3239 1277 3465 1342 Quantas

1895 1363 2155 1416 ostendisti
2181 1364 2301 1415 milii
2330 1365 2671 1418 tribu/titiones
2698 1367 2880 1418 multas
2910 1377 2954 1419 et
2986 1367 3171 1419 malus.

1965 1455 2016 1510 9.
2057 1457 2158 1509 Sed
2197 1457 2464 1524 disciplina
2505 1459 2626 1523 fuit;
2669 1458 2956 1511 admeiiitio
2984 1499 2998 1523 ,
3047 1474 3149 1512 non
3201 1459 3459 1514 desertio.

1899 1546 2131 1616 Denique
2158 1549 2348 1616 gratias
2375 1565 2536 1618 agens
2564 1549 2684 1618 qttid
2715 1550 2874 1603 dicit?
2912 1549 2977 1602 Et
3013 1567 3275 1605 conversus
3303 1553 3464 1614 viri/t-

1894 1639 2019 1690 casti
2068 1655 2178 1704 me,
2226 1650 2272 1691 et
2321 1639 2381 1691 de
2427 1639 2618 1709 ubyssis
2666 1649 2809 1692 terra:
2855 1640 3033 1694 iterum
3087 1641 3326 1694 reduxisti
3361 1658 3459 1696 me.

1893 1729 2112 1794 Quando
2140 1729 2279 1783 enim
2309 1732 2500 1784 antea?
2529 1730 2651 1800 q'uid
2677 1741 2755 1784 est
2782 1731 2910 1796 hoc,
2951 1733 3175 1785 iterum?
3212 1732 3460 1787 Cecidisti

1890 1819 1957 1871 ab
1983 1819 2259 1873 altitudine
2281 1861 2296 1882 ,
2326 1835 2358 1873 ο
2385 1820 2541 1872 homo
2565 1862 2580 1885 ,
2626 1821 2944 1888 mancipium
2992 1822 3300 1876 inobediens
3325 1866 3338 1887 ,
3369 1840 3460 1878 su-

1891 1907 2052 1976 perbe
2088 1908 2338 1964 adversus
2383 1910 2658 1963 Dominum
2686 1908 2721 1976 ,'
2746 1910 2979 1964 cecidisti
3009 1914 3021 1966 !
3056 1912 3271 1965 Factum
3299 1923 3378 1966 est
3410 1914 3459 1968 in

1895 2007 1977 2060 te,
2011 1996 2185 2051 Omnis
2209 2000 2290 2068 qui
2332 2015 2384 2051 se
2429 2000 2652 2064 exultat,
2705 2000 3084 2054 ltumiliubitur:
3132 2001 3217 2054 liat
3270 2003 3320 2056 in
3370 2013 3458 2068 te,

1898 2085 2072 2141 Omnis
2110 2088 2199 2156 qui,
2233 2104 2284 2141 se
2329 2088 2558 2141 humiliat
2582 2130 2596 2154 ,
2639 2091 2938 2143 exaltabitur
2983 2089 3148 2160 (Luc.
3194 2109 3296 2155 XIV,
3332 2095 3384 2146 ll
3418 2095 3458 2164 ).

1894 2177 2022 2232 Redi
2054 2179 2119 2232 de
2151 2179 2430 2246 profundo.
2465 2179 2644 2234 Redeo
2667 2223 2682 2245 ,
2712 2180 2915 2249 inquit;
2958 2184 3116 2236 redeo
3139 2223 3153 2247 ,
3188 2201 3414 2252 agnoseo
3444 2203 3460 2241 :

1891 2269 2029 2324 Deus
2052 2312 2066 2334 ,
2096 2272 2207 2341 quis
2233 2272 2408 2326 similis
2437 2272 2522 2324 tibi
2545 2272 2570 2324 ?
2601 2271 2825 2336 Quantas
2859 2276 3113 2327 ostendisti
3153 2277 3273 2327 mihi
3305 2275 3462 2330 tribu-

1891 2361 2098 2414 lationes
2126 2362 2306 2415 multas
2333 2374 2377 2414 et
2408 2363 2564 2416 malas
2586 2363 2606 2416 ,θ
2650 2361 2713 2414 Et
2751 2379 3010 2419 conversus
3048 2369 3307 2434 riviﬁcnsti
3343 2386 3420 2421 me
3443 2410 3457 2434 ,

1891 2462 1936 2506 et
1965 2452 2026 2504 de
2049 2453 2240 2522 abyssis
2271 2463 2424 2506 terra:
2443 2455 2620 2506 iterum
2643 2454 2890 2513 reduxisti
2932 2472 3024 2507 me.
3078 2455 3417 2521 lntelligimus
3441 2501 3456 2524 ,

1890 2544 2063 2598 audio.
2092 2544 2364 2599 Reduxisti
2395 2545 2533 2598 enint
2562 2544 2627 2599 de
2667 2544 2870 2616 abyssis
2916 2555 3106 2613 terrm;
3151 2548 3397 2602 reduxisti
3429 2567 3457 2604 a

1891 2638 2243 2705 profunditate
2277 2647 2330 2692 et
2355 2637 2718 2692 submersione
2749 2639 2965 2706 peccati.
3002 2639 3104 2694 Sed
3137 2656 3298 2709 quare
3324 2684 3336 2704 ,
3368 2643 3460 2695 ite.

1889 2744 1999 2780 rum
2021 2729 2046 2781 ?
2070 2729 2288 2796 Quando
2309 2729 2418 2798 jam
2450 2729 2640 2783 factum
2671 2731 2824 2784 erat?
2861 2731 3192 2800 Sequuntur,
3229 2750 3294 2789 ne
3327 2735 3459 2790 forte

1891 2819 2181 2886 posteriora
2227 2820 2408 2888 psalmi
2438 2819 2601 2888 ipsius
2639 2831 2912 2889 exponant
2953 2822 3142 2890 nobis,
3193 2825 3330 2892 quod
3374 2826 3458 2882 hic

1889 2910 2120 2963 nondum
2152 2910 2489 2979 intelligimus
2515 2953 2527 2973 ,
2567 2911 2688 2980 quid
2733 2912 2925 2966 dixerit
2964 2915 3160 2965 iterant.
3196 2916 3329 2982 Ergo
3361 2932 3456 2968 au-

1887 3001 2132 3054 diamus:
2179 3000 2402 3067 Quantas
2441 3002 2696 3054 ostendisti
2735 3004 2857 3054 milii
2899 3004 3239 3058 tribulatione;
3279 3008 3456 3061 multus

1887 3103 1933 3146 et
1976 3093 2176 3146 malas!
2215 3101 2261 3145 et
2313 3110 2577 3146 conversus
2619 3095 2877 3161 viviﬁcain
2921 3112 3032 3158 me,
3078 3107 3123 3149 et
3164 3099 3225 3150 de
3265 3101 3456 3167 abyssi:

1885 3195 2029 3237 terra:
2056 3186 2234 3238 iterum
2263 3186 2507 3238 reduxisti
2534 3203 2629 3238 me.
2670 3187 2802 3251 Quid
2843 3187 3074 3242 deinde?
3108 3188 3158 3240 Μ
3167 3191 3455 3260 ultiplimsti

1878 3279 2124 3348 justitiam
2165 3289 2300 3330 tuam
2322 3295 2340 3343 ;
2381 3287 2425 3330 et
2455 3295 2715 3331 conversus
2749 3280 3032 3332 consolatus
3073 3298 3122 3333 es
3167 3300 3242 3334 me
3267 3326 3280 3345 ,
3310 3294 3353 3335 rt
3394 3285 3456 3337 de

1882 3370 2073 3439 abyssis
2101 3377 2245 3424 terra:
2263 3370 2439 3423 iterum
2467 3369 2708 3422 reduxisti
2734 3387 2826 3422 me.
2858 3372 2988 3424 Ecce
3010 3373 3227 3426 alterum
3252 3375 3450 3428 iterum.

1881 3459 1934 3516 Si
1963 3460 2063 3514 hoc
2090 3461 2264 3512 iterum
2293 3461 2497 3513 solvere
2525 3460 2823 3513 laboramus
2850 3461 3011 3514 semel
3038 3454 3260 3528 positum
3292 3505 3303 3523 ,
3335 3465 3452 3532 quis

1883 3553 2072 3622 poterit
2099 3552 2303 3605 solvere
2327 3551 2693 3618 geminatum?
2721 3550 2834 3603 Jam
2867 3552 3032 3616 ipsum
3072 3553 3248 3603 iterum
3285 3554 3444 3621 gemi-

1883 3645 2024 3696 natio
2052 3652 2131 3696 est
2155 3685 2169 3705 ,
2197 3651 2250 3696 et
2278 3657 2483 3694 rursum
2517 3642 2740 3709 positum
2767 3652 2847 3693 est
2877 3643 3073 3694 iterum.
3107 3645 3253 3697 Adsit
3295 3645 3381 3698 ille
3420 3662 3449 3699 ει

1881 3749 1986 3803 quo
2006 3733 2167 3802 gratia
2192 3751 2204 3784 ε
2231 3709 2366 3785 adsit
2391 3741 2441 3784 ct
2461 3730 2730 3785 brachium
2753 3731 2888 3798 quod
2913 3733 3286 3787 annuntiatnns
3309 3736 3448 3787 omni

1881 3825 2203 3894 generationi
2245 3832 2640 3892 superventure
2685 3841 2697 3875 :
2740 3825 2876 3875 adsit
2913 3825 3062 3892 ipse,
3109 3836 3160 3878 et
3206 3836 3448 3895 tanquam

1881 3916 2028 3969 clave
2058 3917 2072 3945 ί
2103 3916 2274 3968 crucis
2303 3931 2410 3968 sua:
2432 3916 2664 3968 clausum
2687 3925 3070 3968 sacramentum
3101 3917 3320 3985 aperiat.
3349 3919 3450 3976 Ne-

1882 4021 1982 4076 que
2008 4006 2147 4061 enim
2175 4005 2363 4060 fruszra
2386 4047 2400 4070 ,
2437 4007 2523 4061 illo
2565 4006 2813 4059 rrucilixo
2836 4052 2848 4069 ,
2894 4010 3063 4061 velum
3116 4010 3292 4078 templi
3342 4027 3451 4064 me-

1881 4096 2024 4150 dium
2053 4097 2274 4151 scissmn
2304 4105 2385 4149 est
2415 4097 2431 4162 (
2456 4095 2640 4148 .llatt/i.
2676 4112 2812 4150 xxvii
2841 4140 2854 4160 ,
2889 4098 2945 4151 5|
2976 4099 3014 4167 ),
3051 4099 3147 4153 nisi
3197 4101 3314 4167 quia
3356 4116 3450 4170 per

1880 4190 2044 4258 ipsius
2064 4189 2360 4258 passionem
2382 4190 2615 4248 omnium
2639 4193 3008 4260 mysteriorum
3035 4206 3232 4248 secreta
3266 4205 3448 4264 patue-

1883 4290 2022 4334 runt.
2055 4280 2204 4334 Adsit
2230 4296 2355 4349 ergo
2383 4281 2492 4348 ipse
2524 4282 2913 4334 transmmtibns
2943 4284 3004 4334 ad
3037 4300 3155 4337 eum
3184 4302 3198 4349 ;
3239 4285 3415 4339 aul'era
3434 4317 3447 4326 -

1881 4380 1966 4426 tur
1990 4373 2224 4427 velamen
2257 4371 2338 4441 (ll
2367 4371 2481 4426 Cor.
2517 4389 2570 4425 nt
2595 4413 2608 4429 .
2642 4375 2705 4425 16
2734 4372 2749 4441 )
2777 4389 2793 4427 :
2835 4373 2974 4427 dicat
3007 4376 3158 4429 nobis
3198 4377 3450 4431 Dominus

1882 4477 2061 4520 noster
2089 4476 2141 4519 et
2183 4465 2422 4521 Salvator
2463 4465 2615 4519 Jesus
2660 4464 2938 4533 Christus,
2984 4484 3144 4535 quare
3191 4469 3306 4523 talis
3349 4485 3447 4525 vos

1881 4557 2155 4624 Propheta:
2187 4557 2452 4624 pnemissa
2483 4566 2561 4610 est
2595 4573 2606 4608 :
2644 4557 2912 4608 Ostendiin
2951 4559 3072 4608 milii
3113 4545 3450 4614 tribulationes

1881 4650 2062 4702 multos
2093 4659 2137 4702 et
2159 4649 2317 4701 malas
2341 4665 2358 4711 ;
2379 4659 2424 4700 et
2445 4666 2703 4702 conversus
2727 4650 2983 4717 viri/icasti
3005 4669 3080 4702 me
3104 4693 3116 4707 .
3146 4662 3189 4701 rt
3220 4652 3281 4702 de
3305 4675 3316 4700 t
3336 4652 3446 4721 ὁμο

1879 4741 1948 4794 sis
1973 4750 2115 4792 terra:
2140 4741 2318 4792 iterum
2345 4739 2585 4792 reduxisti
2616 4757 2708 4790 me.
2747 4741 2818 4792 lin
2853 4739 2951 4792 hoe
2976 4742 3196 4808 primutn
3225 4743 3444 4810 νιιμίιιιηι

1881 4839 1960 4884 est
1984 4830 2160 4882 iterum
2192 4844 2210 4881 :
2241 4829 2508 4881 videamus
2550 4829 2673 4897 quid
2725 4829 2822 4883 hoc
2869 4830 2972 4895 sit,
3024 4839 3076 4884 et
3125 4832 3446 4886 inveniemus

1879 4935 2041 4989 quare
2066 4921 2290 4973 alterum
2320 4919 2515 4972 iterum.

1955 5011 2036 5065 10.
2079 5010 2210 5078 Quid
2238 5021 2318 5064 est
2344 5010 2621 5064 Christus?
2664 5009 2728 5062 In
2768 5013 3012 5080 principio
3051 5025 3154 5066 erat
3195 5014 3404 5068 Verbum
3429 5057 3444 5082 ,

1881 5113 1926 5155 et
1956 5101 2167 5155 Verbum
2213 5111 2318 5154 m‘at
2353 5101 2489 5171 apud
2529 5099 2690 5154 Deum
2716 5144 2730 5165 ,
2781 5112 2824 5154 et
2864 5101 2995 5155 Deus
3036 5115 3137 5157 (rat
3192 5105 3448 5162 Verbum:

1882 5193 1973 5244 hoc
2002 5203 2104 5245 emt
2149 5193 2199 5244 in
2241 5193 2486 5258 principio
2529 5192 2666 5260 apud
2713 5191 2888 5245 Deum.
2937 5193 3116 5248 Omnia
3162 5215 3247 5264 per
3286 5200 3447 5267 ipsum

1883 5284 2014 5350 facta
2040 5269 2152 5337 sttui
2177 5325 2190 5345 ,
2220 5294 2262 5336 et
2290 5284 2395 5335 sine
2419 5285 2528 5351 ipso
2555 5287 2739 5353 factum
2766 5295 2840 5336 est
2879 5286 3022 5338 nihil.
3069 5287 3278 5342 Grande
3315 5290 3443 5342 hoe!

1885 5389 2126 5441 magnum
2151 5374 2248 5426 hoc
2273 5375 2285 5427 !
2315 5373 2393 5426 Tu
2416 5373 2535 5442 quid
2564 5415 2577 5437 ,
2601 5376 2803 5442 captive
2827 5376 2847 5426 ?
2875 5375 2957 5428 ubi
2983 5377 3126 5445 jaces
3145 5379 3167 5429 ?
3189 5379 3242 5431 ln
3268 5393 3444 5441 carne,

1885 5465 1982 5516 sub
2009 5475 2194 5517 morte.
2228 5464 2356 5530 Quis
2383 5480 2508 5534 ergo
2536 5465 2621 5518 ille
2641 5466 2662 5517 ?
2686 5467 2802 5533 quis
2837 5467 2930 5520 tu?
2953 5477 3003 5522 et
3031 5469 3153 5537 quid
3184 5469 3268 5521 ille
3299 5479 3444 5535 post-

1885 5573 1944 5609 ea
1968 5556 1989 5608 ?
2019 5567 2230 5624 propter
2257 5573 2410 5625 quem
2434 5557 2456 5610 ?
2489 5557 2615 5623 Quis
2655 5558 2741 5612 ille
2765 5600 2778 5618 ,
2805 5560 2902 5612 nisi
2935 5561 3072 5628 quod
3113 5559 3305 5611 dictum
3331 5567 3446 5624 est,

1895 5646 2144 5700 Verbum?
2165 5647 2312 5712 Quod
2347 5648 2618 5703 Verbum?
2660 5665 2726 5705 ne
2766 5650 2900 5704 forte
2944 5659 3096 5704 sonat
3135 5658 3181 5703 et
3223 5649 3448 5704 transit?

1957 5761 1970 5790 ι
1991 5757 2171 5822 Aliquot
2191 5766 2315 5819 Mss,
2334 5759 2478 5810 claro.
