4020 6198
269 284 362 341 90!

268 405 403 456 mala
451 402 591 455 mihi.
659 399 876 471 Quando
923 395 1349 458 conlumlentnr,
1399 391 1608 462 quando
1655 388 1841 443 erube—

269 475 417 550 scunt
443 537 456 558 ,
491 499 586 547 nisi
620 495 668 547 in
703 496 803 546 fine
831 491 1049 547 srrculi?
1089 489 1301 557 Duobus
1327 487 1465 540 enim
1500 483 1670 538 modis
1709 497 1839 537 con-

273 586 588 648 lundentut';
621 593 708 638 aut
751 601 867 637 cum
910 583 1125 636 credent
1169 581 1218 634 in
1262 579 1574 639 Christum,
1607 583 1694 628 aut
1722 587 1840 628 cum

271 679 474 731 venerit
519 677 782 730 Christus.
831 676 956 730 Nam
993 673 1255 744 .quamdiu
1307 671 1390 724 hic
1437 677 1517 723 est
1570 667 1839 745 Ecclesia;

273 767 521 836 quamdiu
565 767 725 836 gemit
765 766 992 819 triticum
1039 765 1176 818 inter
1221 762 1435 831 paleas,
1481 757 1727 828 quamdiu
1754 771 1843 824 ge-

272 871 422 913 munt
450 859 607 928 Spica:
640 843 776 912 inter
813 857 1009 912 zizania
1052 854 1280 922 (Matth.
1325 869 1418 916 ut,
1471 849 1537 906 12
1562 890 1576 914 ,
1625 857 1671 902 et
1709 846 1840 912 xui,

272 953 338 1006 ’50
367 953 404 1022 ),
435 949 681 1020 quamdiu
707 960 922 1019 gemunt
965 963 1087 1001 vasa
1137 943 1514 1000 misericordia:
1559 941 1695 995 inter
1719 952 1842 990 vasa

273 1045 363 1097 ira!
391 1043 522 1096 iacta
555 1043 605 1095 in
631 1041 1014 1107 contumeliam
1043 1038 1060 1110 (
1087 1039 1122 1092 Il
1155 1037 1286 1091 Tim.
1318 1053 1352 1090 ιι
1377 1077 1391 1099 ,
1417 1034 1486 1089 ‘20
1510 1032 1551 1103 ),
1593 1030 1843 1101 quamdiu

273 1137 435 1206 gemit
464 1135 628 1187 lilium
661 1135 797 1186 inter
831 1134 1047 1201 Spiuas,
1095 1146 1198 1202 non
1243 1129 1465 1183 deerunt
1514 1124 1706 1178 inimici
1755 1122 1842 1192 qui

273 1226 449 1279 dicant
473 1266 488 1288 ,
519 1224 732 1290 Quando
755 1225 992 1276 morietur
1011 1263 1025 1284 ,
1049 1231 1097 1275 et
1123 1221 1296 1290 peribit
1320 1235 1495 1272 nomen
1521 1218 1628 1284 eius
1653 1215 1670 1282 (
1698 1213 1840 1267 Psal.

275 1333 362 1378 XL.
397 1318 428 1370 6
460 1316 476 1384 )
502 1333 516 1380 ;
546 1315 597 1368 id
630 1324 748 1377 est,
781 1315 914 1368 Ecce
943 1313 1117 1366 veniet
1145 1321 1348 1378 tempus
1389 1318 1444 1362 ut
1483 1305 1727 1360 finiantur
1748 1345 1762 1370 ,
1793 1311 1847 1357 et

275 1425 378 1462 non
422 1409 526 1462 sint
567 1405 884 1461 Christiani:
929 1405 1062 1458 sicut
1097 1410 1372 1471 eruperunt
1407 1415 1471 1452 ex
1510 1398 1682 1465 aliquo
1711 1403 1846 1449 tem-

275 1515 404 1568 pore.
433 1540 446 1562 ,
477 1500 544 1551 ita
575 1513 739 1567 usque
769 1496 834 1548 ad
865 1505 1063 1549 certum
1105 1504 1312 1561 tempus
1357 1496 1529 1545 erunt.
1575 1487 1678 1543 Sed
1725 1500 1844 1540 cum

278 1593 375 1645 ista
407 1591 705 1654 dicunt;et
745 1589 860 1641 sine
903 1585 1008 1640 fine
1035 1587 1050 1616 ¹
1100 1584 1432 1647 moriuntur,
1475 1588 1530 1635 et
1574 1584 1848 1649 pegmanet

280 1684 509 1737 Ecclesia
535 1725 548 1746 ,
583 1681 874 1751 pra‘dieans
901 1677 1172 1732 brachium
1203 1675 1406 1742 Domini
1447 1672 1588 1742 ompi
1628 1685 1848 1741 genera-

280 1775 406 1828 tioni
433 1779 850 1842 superventurm.
886 1757 1078 1843 Veniet
1123 1775 1178 1821 ct
1219 1769 1331 1835 ipse
1373 1766 1586 1819 ultimus
1614 1763 1662 1816 iu
1691 1760 1849 1814 clari-

277 1874 383 1918 tate
433 1877 565 1927 sna;
615 1857 894 1930 resin-gent
940 1872 1125 1913 omnes
1174 1849 1407 1918 mortui,
1456 1853 1678 1924 quisque
1726 1863 1844 1905 cum

276 1970 431 2022 causa
463 1968 600 2007 sua:
647 1951 1032 2027 separabantur
1077 1949 1198 2004 boni
1243 1947 1308 2000 ad
1360 1946 1628 2000 dexteram
1659 1984 1673 2009 ,
1722 1941 1846 1995 mali

275 2057 451 2101 autem
480 2046 542 2098 ad
575 2031 840 2099 sinistram
872 2042 892 2116 (
919 2042 1102 2096 Matth.
1136 2055 1256 2106 xxv,
1285 2040 1353 2094 55
1377 2039 1416 2108 );
1442 2046 1496 2091 et
1515 2033 1847 2089 confunden-

278 2149 363 2191 tur
390 2138 478 2207 qui
512 2135 868 2197 insultabant,
918 2131 1231 2186 erubesceut
1273 2129 1362 2199 qui
1403 2125 1748 2204 garriebant:
1795 2133 1849 2178 et

277 2233 354 2286 sic
384 2233 556 2302 lingua
577 2213 697 2285 mea
731 2239 846 2298 post
875 2226 1312 2281 resurrectionem
1335 2219 1671 2292 meditabitur
1694 2215 1848 2286 justi.

249 2326 402 2380 -tiam
433 2303 572 2378 tuam
604 2365 618 2381 .
654 2331 760 2376 tota
787 2322 872 2375 die
899 2319 1103 2393 laudem
1135 2326 1276 2372 tuam
1305 2356 1318 2377 ,
1346 2331 1461 2369 cum
1502 2312 1697 2384 confusi
1740 2313 1849 2382 fue—

279 2419 409 2481 rint,
440 2428 484 2471 et
510 2416 792 2482 erubuerint
820 2415 904 2485 qui
932 2421 1160 2484 quierunt
1187 2409 1308 2464 mihi
1337 2408 1491 2462 mala.

682 2618 762 2678 IN
815 2559 1194 2677 essLMUM
1246 2611 1457 2709 LXXI.

831 2735 1221 2793 ENARRATIO
1258 2736 1357 2809 (a).

354 2859 402 2911 l.
435 2856 580 2928 (vers.
607 2853 682 2926 1.)
715 2853 776 2908 In
809 2853 1131 2909 Salomonem
1153 2851 1364 2923 quidem
1392 2849 1580 2921 psalmi
1607 2849 1760 2920 hujus
1785 2848 1850 2902 ti-

282 2949 422 3002 tulus
469 2957 820 3016 praenotatur;
853 2945 943 2999 sed
990 2944 1105 2998 haec
1133 2945 1182 2998 in
1215 2959 1279 2998 eo
1306 2943 1571 3008 dicuntur,
1601 2957 1719 3011 qute
1744 2955 1849 2994 non

278 3042 484 3110 possint
532 3039 602 3093 illi
643 3037 1052 3106 SalomoniJ‘eg‘i
1082 3035 1244 3090 Israel
1274 3034 1560 3090 secundum
1592 3048 1804 3088 carnem
1830 3073 1846 3097 ,

273 3134 424 3199 juxta
457 3147 514 3184 ea
549 3145 666 3200 quae
695 3129 761 3181 de
789 3129 880 3180 illo
910 3137 1088 3180 sancta
1117 3125 1388 3194 Scriptura
1430 3124 1684 3193 loquitur,
1717 3138 1850 3177 eon-

279 3223 499 3274 venire:
535 3221 761 3274 Domino
805 3229 980 3272 autem
1028 3215 1242 3292 Christo
1291 3217 1561 3286 aptissime
1605 3226 1847 3286 possunt.

281 3315 432 3370 Unde
479 3313 787 3382 intelligitur
816 3310 972 3367 etiam
1006 3293 1176 3380 ipsum
1208 3309 1519 3363 vocabulum
1548 3308 1850 3366 Salomonis

278 3409 345 3457 ad
370 3409 642 3474 figuratam
667 3403 1103 3472 significationem
1126 3399 1442 3467 adhibitum,
1479 3409 1531 3453 ul
1556 3400 1607 3454 in
1624 3415 1688 3453 eo
1704 3399 1852 3454 Chri-

278 3511 395 3552 stus
424 3500 729 3567 accipiatur.
757 3497 1004 3551 Salomon
1035 3495 1228 3563 quippe
1259 3483 1636 3563 interpretatur
1667 3491 1850 3546 Pacifi-

277 3605 376 3642 cus
402 3607 415 3651 ;
458 3605 518 3642 ac
551 3604 641 3656 per
667 3589 788 3650 hoc,
821 3587 923 3651 tale
945 3585 1254 3638 vocabulum
1282 3585 1358 3637 illi
1387 3584 1662 3639 verissime
1688 3593 1848 3652 atque

277 3681 481 3748 Opillth
509 3678 782 3746 congruit,
824 3692 916 3743 per
940 3691 1095 3742 quem
1122 3675 1465 3727 mediatorem
1489 3689 1552 3727 ex
1575 3674 1846 3733 inimicis‘,

276 3780 498 3837 accepta
530 3769 839 3822 remissione
879 3775 1247 3834 peccatorum,
1277 3763 1678 3817 reconciliantur
1721 3763 1848 3816 Deo.

280 3860 490 3916 Etenim
533 3877 642 3910 cum
694 3857 882 3909 inimici
921 3871 1172 3916 essemus,
1209 3852 1517 3905 reconciliati
1544 3868 1714 3906 sumus
1745 3851 1851 3904 Deo

277 3969 374 4024 per
400 3963 602 4001 mortem
633 3947 750 4000 Filii
773 3948 884 4025 ejus
918 3943 1088 4002 flictu.
1120 3959 1170 4003 v,
1198 3943 1308 4008 10).
1343 3942 1482 4028 Idem
1514 3943 1627 4009 ipse
1653 3949 1737 3994 est
1763 3941 1849 3994 ille

277 4045 568 4113 pacitieus.
600 4041 683 4105 qui
714 4039 826 4106 fecit
853 4045 1061 4106 utraque
1083 4051 1260 4094 unum,
1285 4042 1329 4084 et
1367 4031 1584 4086 medium
1612 4032 1851 4102 parietem

276 4133 515 4186 ηυττεν-ἔα]
533 4134 740 4187 soluens,
763 4126 1116 4179 inimicitiasin
1137 4141 1286 4178 carne
1312 4141 1402 4177 sua
1423 4141 1438 4187 ;
1458 4124 1611 4194 legem
1642 4125 1852 4176 manda.

277 4239 447 4278 torum
475 4224 679 4275 decretis
698 4235 958 4279 t-‘vacuans,
979 4227 1034 4270 ut
1059 4217 1181 4270 duos
1199 4218 1429 4269 conderet
1457 4218 1506 4268 in
1534 4232 1585 4269 se
1614 4216 1666 4268 in
1693 4232 1852 4268 unum

275 4331 464 4368 novum
492 4314 756 4370 hominem,
789 4310 977 4374 faciens
1000 4325 1170 4375 pacem
1194 4323 1210 4359 :
1241 4318 1284 4360 et
1312 4309 1506 4359 veniens
1539 4307 1852 4376 euangeliza-

273 4410 349 4461 vit
381 4422 550 4476 pacem
576 4406 636 4456 iis
662 4404 744 4472 qui
774 4401 918 4469 longe
937 4443 954 4478 ,_
981 4410 1025 4452 et
1053 4415 1222 4469 pacem
1250 4400 1311 4451 iis
1340 4400 1422 4468 qui
1455 4415 1608 4468 prOpe
1637 4398 1850 4470 (Ep/tes.

275 4519 314 4555 ll
343 4543 355 4560 ,
385 4500 487 4551 1t-
513 4499 564 4550 l7
585 4501 625 4566 ).
679 4496 791 4563 ipse
824 4494 872 4545 in
909 4491 1191 4561 Evangelio
1219 4490 1344 4543 dicit
1369 4508 1382 4544 :
1417 4489 1602 4542 Pacem
1626 4491 1853 4559 relinquo

269 4594 438 4648 vobis,
473 4607 640 4658 pacein
671 4603 829 4638 nteant
860 4587 922 4638 do
949 4578 1081 4637 vobis
1108 4570 1282 4644 Uouit.
1314 4599 1419 4643 xw,
1448 4581 1560 4654 ΞΠ).
1592 4583 1654 4636 Et
1677 4584 1854 4638 multis

271 4687 402 4739 aitis
425 4680 738 4734 testimoniis
765 4677 1015 4730 Dominus
1035 4675 1274 4728 Christus
1296 4673 1546 4743 paciticus
1562 4688 1680 4728 eSse
1703 4691 1854 4728 mon-

269 4783 486 4829 stratur
511 4789 523 4823 :
556 4786 658 4823 non
687 4768 978 4823 secundum
1020 4780 1201 4834 pacem
1229 4777 1385 4832 quam
1412 4766 1560 4816 novit
1584 4773 1637 4817 et
1667 4766 1854 4833 quanit

272 4868 371 4923 hic
417 4862 678 4924 tumulus;
721 4859 813 4915 sed
863 4860 1004 4913 illam
1046 4856 1230 4926 pacem
1267 4855 1333 4911 de
1366 4872 1463 4924 qua
1496 4857 1686 4909 dicitur
1714 4859 1849 4925 apud

269 4957 623 5030 prophetam,
650 4954 790 5006 Dabo
812 4957 880 5006 eis
907 4951 1138 5004 solatium
1162 4933 1346 5008 rt‘rum’,
1383 4966 1551 5019 parem
1579 4966 1728 5018 super
1755 4933 1850 5020 pa-

267 5067 390 5104 cem
419 5045 568 5112 (Isai.
600 5062 698 5098 t.vn
722 5086 735 5103 ,
770 5045 856 5106 l9.
889 5059 986 5096 sec.
1021 5039 1214 5109 LXX);
1245 5056 1362 5093 cum
1397 5041 1596 5095 scilicet
1623 5043 1734 5108 paci
1764 5058 1849 5096 re-

263 5141 671 5200 conciliationis
710 5138 920 5190 additur
966 5150 1063 5201 pax
1106 5115 1532 5185 immortalitatis.
1564 5132 1694 5186 Nam
1737 5137 1852 5200 post

263 5234 460 5291 omnia
486 5232 685 5284 reddita
707 5244 822 5296 qum
852 5226 1088 5295 proitiisit
1115 5225 1268 5281 Deus,
1294 5223 1636 5276 novissimam
1669 5239 1848 5291 pacem

263 5341 380 5383 nos
399 5316 710 5391 exspectare
731 5319 943 5376 debere,
966 5331 1064 5384 qua
1093 5330 1208 5367 cum
1238 5313 1345 5365 Deo
1368 5312 1604 5364 viiamus
1627 5315 1676 5366 in
1699 5325 1850 5368 teter-

265 5434 432 5480 num,
466 5415 603 5468 idem
640 5411 890 5480 propheta
919 5405 1168 5469 ostendit,
1203 5406 1287 5457 ubi
1315 5405 1387 5458 ait
1415 5421 1427 5456 :
1458 5401 1692 5470 Domine,
1715 5403 1850 5460 Deus

336 5557 356 5587 ι
389 5553 700 5617 Ριιιιηεε-Μξςσς
727 5546 847 5617 ﬁll“:
903 5608 913 5617 .

333 5620 358 5648 ’
381 5624 487 5664 Mss.
516 5614 754 5676 plerique,
780 5613 1060 5676 inimicitiis.
1179 5672 1207 5676 _
1243 5666 1254 5675 .

335 5681 413 5739 (α)
439 5665 530 5726 uici
540 5684 615 5725 ata
639 5665 764 5722 anno
785 5671 952 5719 Christi
973 5669 1076 5724 413,
1096 5680 1156 5716 ex
1179 5666 1380 5728 Epistola
1406 5665 1511 5726 169,
1527 5665 1584 5713 ad
1601 5665 1844 5725 Evodium,

255 5742 400 5794 11.1.

1391 269 1783 349 ENARBATIO
1823 266 1887 352 ΙΝ
1927 267 2242 338 I’SALMUM
2282 270 2464 357 LXX].

3413 269 3515 324 sua
3534 345 3538 349 ν

1953 367 2137 449 noster,
2159 403 2330 456 pacem
2359 390 2423 438 da
2453 384 2590 438 nobis
2611 400 2628 448 ;
2650 384 2816 438 omnia
2844 386 2971 440 enim
2997 386 3174 442 dedisti
3189 381 3331 445 nobis
3360 368 3512 455 (hat.
3539 376 3555 392 ”

1931 492 2099 543 ,xxvt,
2149 476 2210 530 t9.
2235 519 2248 541 ,
2285 493 2384 530 sec.
2427 477 2564 531 LXX
2591 476 2631 539 ).
2676 476 2784 564 Pax
2819 477 2916 531 erit
2949 478 3102 547 plane
3129 481 3211 533 illa
3242 481 3474 550 perfecta
3498 527 3511 540 .

1949 568 2160 636 quando
2189 569 2452 621 novissima
2491 569 2693 621 inimica
2728 569 3008 623 destruetur
3035 586 3188 623 mors.
3233 571 3299 625 Et
3328 572 3378 626 in
3410 589 3515 642 quo

1950 661 2052 712 erit
2094 658 2192 713 hoc
2213 700 2226 724 ,
2263 652 2362 712 nisi
2396 661 2446 713 in
2480 660 2698 730 pacifica
2730 661 2818 714 illo
2851 663 3254 716 reconciliatore
3294 670 3517 720 nostro?

1951 750 2092 804 Sicut
2122 750 2260 804 enim
2290 752 2340 804 in
2369 752 2529 805 Adam
2561 769 2729 806 omnes
2753 755 3052 819 moriuntur;
3082 757 3152 808 sic
3171 767 3218 810 et
3247 757 3297 810 in
3320 758 3519 815 Christo

1949 859 2117 898 omnes
2164 843 2544 912 viviﬁcabuntur
2589 847 2636 914 (I
2661 846 2775 900 Cor.
2821 864 2906 907 xv.
2938 848 3039 909 9.6,
3076 848 3146 902 29.
3259 850 3518 918 Quoniam

1948 949 2074 1004 ergo
2122 935 2416 1012 invenimus
2456 954 2635 992 verum
2679 939 3054 1007 Salomonem,
3096 944 3194 996 hoc
3226 955 3304 998 est
3335 950 3553 1000 verum‘

1950 1025 2254 1096 pacificum;
2301 1029 2426 1100 quid
2471 1029 2664 1084 deinde
2709 1033 2942 1099 psalmus
2985 1035 3094 1102 ipse
3123 1035 3188 1088 de
3216 1036 3306 1088 illo
3334 1037 3572 1108 doceat”;

1948 1120 2302 1174 attendamus.
2379 1131 2381 1133 ‘
2960 1125 2961 1128 “

2018 1210 2070 1262 9..
2093 1209 2240 1282 [vers.
2260 1207 2339 1284 2.]
2363 1212 2512 1272 Deus,
2535 1214 2786 1282 judicium
2810 1225 2946 1268 tuum
2976 1219 3080 1286 regi
3102 1220 3186 1282 da,
3211 1228 3253 1271 et
3269 1222 3521 1290 justitiam

1951 1309 2085 1353 (nam
2115 1302 2223 1382 ﬁlio
2247 1305 2396 1371 regis.
2434 1305 2682 1373 Dominus
2716 1307 2830 1374 ipse
2859 1307 2908 1359 in
2934 1309 3218 1378 Evangelia
3247 1312 3391 1372 dicit.
3421 1313 3522 1366 Pa-

1951 1402 2025 1445 ter
2065 1411 2162 1447 non
2193 1397 2391 1464 judice!
2418 1386 2750 1466 quamquam;
2777 1401 2865 1453 sed
2910 1417 3055 1455 omne
3085 1403 3339 1472 judicium
3387 1407 3522 1460 dedit

1951 1483 2086 1538 Filio
2107 1483 2279 1558 (Joan.
2302 1503 2354 1552 v,
2377 1487 2503 1558 9.9.):
2533 1488 2633 1543 hoc
2658 1500 2738 1543 est
2766 1506 2913 1560 ergo,
2943 1491 3096 1557 Deus,
3112 1495 3362 1563 judicium
3384 1505 3522 1548 tuum

1951 1576 2055 1645 regi
2103 1578 2187 1630 da.
2230 1579 2326 1644 Qui
2358 1584 2450 1634 rex
2479 1581 2633 1634 etiam
2670 1582 2804 1636 filius
2834 1595 2916 1636 est
2948 1586 3122 1655 regis,
3155 1589 3274 1656 quia
3305 1597 3356 1641 ct
3387 1589 3522 1642 Deus

1953 1667 2112 1741 Pater
2135 1669 2311 1738 utique
2334 1685 2422 1724 rex
2456 1682 2558 1724 est.
2587 1672 2660 1726 lta
2693 1674 2947 1742 scriptmn
2976 1686 3076 1736 est,
3109 1678 3248 1746 quod
3279 1695 3369 1732 rex
3401 1677 3522 1734 fecit

1952 1759 2161 1828 nuptias
2205 1759 2313 1813 ﬁlio
2353 1776 2449 1814 suo
2476 1761 2688 1832 (Matth.
2719 1775 2830 1817 xx‘tt
2854 1806 2867 1824 ,
2897 1764 2973 1833 2).
3005 1765 3149 1821 More
3171 1776 3345 1822 autem
3373 1769 3523 1823 Scri-

1952 1859 2119 1918 pturm
2138 1849 2273 1902 idem
2296 1839 2571 1916 repetitur.
2596 1851 2726 1909 Nam
2746 1854 2884 1922 quod
2906 1854 3059 1918 dixit,
3078 1856 3330 1924 judicium
3349 1867 3524 1923 tuum;

1954 1939 2053 1994 hoc
2082 1939 2235 2020 aliter
2265 1940 2392 1994 dixit
2422 1931 2704 2010 :justitiam
2733 1953 2869 1996 tuam
2900 1961 2917 1996 :
2945 1945 3166 2014 etquod
3196 1946 3347 2013 dixit,
3382 1949 3521 2017 regi;
3598 1931 3600 1936 ’

1953 2030 2055 2085 hoc
2079 2032 2230 2085 aliter
2254 2031 2406 2098 dixit,
2437 2033 2545 2101 ﬁlio
2567 2035 2729 2103 regis;
2758 2036 2891 2089 sicut
2919 2046 3004 2090 est
3033 2037 3176 2100 illud,
3211 2037 3308 2104 Qui
3337 2039 3523 2094 habitat

1950 2123 2001 2176 in
2027 2123 2183 2188 caelis,
2202 2123 2425 2177 irridebit
2451 2142 2552 2186 eos,
2573 2136 2618 2178 et
2640 2126 2886 2181 Dominus
2905 2129 3231 2182 subsannabit
3252 2147 3334 2184 eos
3351 2131 3524 2200 (Paul.

1952 2228 2008 2277 ιι,
2037 2212 2116 2283 4).
2145 2213 2293 2281 Quod
2323 2225 2433 2278 est,
2463 2213 2548 2286 qui
2576 2217 2766 2270 habitat
2790 2219 2843 2271 in
2869 2219 3036 2285 caelis;
3063 2221 3163 2273 hoc
3192 2230 3300 2285 est,
3336 2233 3382 2276 et
3413 2221 3524 2277 Do-

1951 2302 2116 2356 minus
2141 2319 2159 2355 :
2179 2312 2233 2358 et
2259 2303 2399 2373 quod
2424 2315 2524 2368 est,
2552 2307 2778 2359 irridebit
2798 2324 2914 2370 eos;
2941 2308 3045 2362 "hoc
3072 2320 3172 2374 est,
3201 2312 3525 2366 subsannabit

1953 2409 2053 2446 eos.
2081 2393 2179 2460 Ει,
2211 2393 2336 2448 Caeli
2365 2407 2600 2447 enarrant
2631 2397 2842 2466 gloriam
2874 2398 2992 2458 Dei.
3023 2412 3068 2452 ct
3106 2418 3256 2465 opera
3287 2420 3524 2456 manuum

1951 2483 2060 2554 ejus
2090 2485 2351 2537 annuntiat
2383 2486 2751 2551 ﬁrmamentum
2782 2487 2954 2557 (υκαι.
2983 2506 3105 2543 xrttt
3129 2533 3142 2554 ,
3166 2491 3259 2557 9.).
3284 2492 3406 2547 Cteli
3437 2509 3520 2548 rev

1952 2575 2099 2645 petiti
2130 2585 2253 2630 sunt
2281 2578 2490 2631 nomine
2522 2577 2838 2634 firmamenti
2867 2598 2879 2634 :
2907 2589 2960 2635 et
2997 2582 3136 2652 quod
3177 2583 3374 2639 dictum
3405 2595 3525 2652 est,

1951 2665 2163 2736 gloriam
2194 2665 2324 2740 Dei;
2354 2668 2632 2737 repetitum
2678 2679 2796 2735 est,
2827 2679 2980 2739 Opera
3019 2688 3259 2726 manuum
3306 2675 3451 2744 ejus:
3473 2683 3526 2728 et

1953 2749 2091 2827 quod
2122 2746 2319 2813 dictum
2346 2765 2463 2818 est;
2493 2771 2761 2826 enarrant;
2793 2763 3076 2831 repetitum
3109 2773 3210 2829 est,
3234 2767 3526 2820 annuntiat.

1954 2849 2073 2904 ista:
2102 2859 2277 2905 autem
2306 2852 2651 2928 repetitiones
2677 2852 2897 2907 multum
2927 2853 3136 2924 eloquia
3167 2855 3342 2909 divina
3375 2873 3525 2910 com-

1954 2943 2234 3009 mendant;
2254 2944 2384 2998 'sive
2411 2943 2596 2998 eadem
2626 2946 2808 3018 verba,
2843 2947 2957 3001 sive
2983 2948 3102 3001 aliis
3130 2949 3305 3003 vet-his
3335 2951 3522 3004 eadem

1953 3036 2212 3103 sententia
2241 3046 2512 3106 repetatur
2541 3056 2553 3094 :
2583 3046 2636 3094 et
2662 3040 2891 3094 maxime
2922 3042 3264 3108 reperiuntur
3290 3043 3340 3097 in
3370 3045 3524 3098 l‘sal-

1953 3129 2083 3192 mis;
2115 3137 2168 3182 et
2197 3127 2249 3181 in
2281 3126 2346 3182 eo
2374 3143 2569 3198 genere
2592 3131 2855 3185 sermonis
2875 3146 2980 3201 quo
3001 3132 3162 3186 animi
3195 3144 3274 3188 est
3303 3151 3523 3189 moven-

1953 3209 2051 3272 diis
2079 3217 2317 3273 allectus.

2023 3309 2078 3364 '5.
2114 3309 2310 3391 Deinde
2334 3311 2576 3380 sequitur
2605 3328 2617 3364 :
2649 3311 2892 3366 Judicare
2920 3314 3163 3382 populum
3193 3326 3331 3367 tuum
3359 3317 3406 3367 in
3429 3319 3523 3385 ju-

1951 3401 2106 3466 stitia,
2133 3410 2178 3454 et
2208 3417 2450 3470 pauperes
2475 3411 2584 3456 tuos
2613 3402 2664 3456 in
2685 3394 2900 3472 judicia.
2929 3408 3034 3458 ltex
3069 3405 3222 3458 Pater
3251 3409 3356 3473 regi
3390 3407 3427 3460 ιτ
3433 3409 3522 3460 ilio

1953 3480 2016 3545 ad
2047 3508 2203 3562 quam
2235 3508 2348 3550 rem
2377 3492 2521 3545 dedit
2547 3493 2802 3558 judicium
2829 3509 2980 3546 suum
3014 3504 3065 3546 et
3084 3494 3343 3562 justitiam
3375 3511 3522 3550 suam

1952 3581 2080 3637 satis
2108 3581 2424 3647 ostenditur,
2449 3591 2569 3635 c‘um
2598 3582 2744 3648 dicit,
2767 3581 3011 3634 Judicare
3037 3584 3278 3652 papulum
3307 3595 3446 3638 tuum
3471 3587 3524 3639 in

1943 3674 2148 3744 justitia
2167 3713 2181 3738 ,
2216 3673 2266 3728 id
2295 3683 2410 3740 est,
2440 3673 2502 3726 ad
2528 3673 2868 3741 judicandum
2899 3676 3148 3744 populum
3181 3685 3350 3730 tuum.
3381 3678 3524 3732 Talis

1957 3765 2150 3818 locutio
2179 3773 2261 3818 est
2303 3763 2440 3832 apud
2488 3764 2824 3818 Saietuouetn
2855 3783 2868 3818 :
2895 3764 3164 3819 Proverbia
3198 3768 3488 3822 Salomonis
3507 3811 3522 3834 ,

1956 3855 2050 3922 ﬁlii
2078 3855 2264 3918 David,
2288 3856 2415 3908 scire
2434 3843 2730 3924 sapientiam
2753 3865 2799 3908 et
2824 3856 3140 3925 disciplinam
3166 3857 3341 3927 (Prov.
3368 3875 3404 3924 1,
3432 3861 3482 3928 1)
3507 3878 3520 3921 ;

1955 3945 2057 4000 hoc
2083 3955 2184 4009 est,
2216 3945 2499 4000 Proverbia
2527 3946 2828 4000 Salomonis
2849 3985 2862 4009 ,
2894 3947 2960 3999 ad
3001 3948 3268 4002 sciendam
3309 3951 3520 4018 sapien-

1959 4041 2080 4094 tiam
2113 4051 2166 4094 et.
2189 4039 2542 4108 disciplinam.
2593 4038 2669 4094 lla
2689 4079 2704 4103 ,
2724 4029 2977 4109 judicium
3005 4049 3145 4092 tuum
3171 4042 3265 4105 da;
3289 4043 3524 4113 judicare

1957 4133 2197 4204 populum
2227 4141 2398 4192 tuum;
2428 4131 2474 4184 id
2500 4140 2601 4193 est,
2626 4131 2884 4196 judicium
2913 4140 3056 4183 tuum
3082 4131 3169 4197 da,
3193 4133 3256 4184 ad
3281 4133 3522 4200 judican-

1956 4225 2078 4279 dum
2108 4226 2354 4294 populum
2385 4235 2551 4277 tuum.
2594 4223 2744 4300 Quod
2773 4234 2946 4278 autem
2974 4225 3044 4276 ait
3073 4225 3218 4292 prius
3239 4266 3250 4284 ,
3286 4226 3522 4292 papulnm

1957 4329 2128 4380 tuum;
2156 4318 2256 4373 hoc
2295 4319 2367 4370 ait
2409 4317 2670 4383 posterius
2692 4358 2705 4377 ,
2745 4333 2984 4383 pauperes
3023 4323 3173 4369 tuos:
3202 4328 3254 4370 et
3280 4317 3416 4385 quod
3449 4319 3525 4369 ait.

1957 4410 2119 4477 prius,
2148 4408 2199 4461 in
2219 4409 2454 4475 justitia;
2485 4408 2584 4459 hoc
2612 4410 2896 4476 posterius,
2929 4408 2979 4460 in
3001 4409 3230 4476 judicio;
3265 4423 3409 4460 more
3439 4410 3524 4459 illo

1956 4502 2305 4570 repetitionis.
2355 4501 2448 4554 Ubi
2479 4515 2607 4553 sane
2631 4501 2955 4554 demonstrat
2989 4501 3235 4567 populum
3274 4501 3362 4552 Dei
3392 4516 3522 4568 pau-

1959 4607 2136 4659 perem
2168 4607 2286 4646 esse.
2316 4582 2530 4651 deliet‘e.
2563 4591 2610 4645 id
2639 4601 2740 4653 est,
2768 4608 2869 4643 non
2894 4593 3201 4658 superbum,
3233 4592 3324 4644 sed
3357 4591 3520 4644 Immi-

1956 4685 2080 4738 lem.
2111 4683 2249 4737 Beati
2279 4684 2435 4737 enim
2447 4701 2692 4753 pauperes
2715 4685 2916 4752 spiritu,
2941 4685 3172 4750 quoniam
3202 4684 3422 4749 ipsorum
3451 4696 3522 4737 est
3611 4693 3618 4700 '

1954 4795 2161 4849 regnum
2187 4778 2419 4852 ctelorum
2450 4778 2662 4846 (Matth.
2697 4793 2750 4841 v,
2775 4776 2850 4846 5).
2879 4776 2990 4841 Qua
3031 4785 3336 4844 paupertate
3363 4778 3521 4830 etiam

1955 4870 2139 4923 beatus
2163 4869 2260 4922 Joh
2286 4885 2486 4938 pauper
2515 4868 2628 4931 fuit,
2655 4877 2709 4922 et
2729 4877 3008 4936 antequam
3033 4883 3248 4937 magnas
3281 4869 3396 4922 illas
3421 4879 3523 4924 ter-

1953 4977 2108 5014 renas
2131 4961 2338 5014 divitias
2357 4961 2642 5014 amisisset.
2669 4959 2819 5024 Quod
2855 4959 2972 5013 ideo
2997 4963 3520 5015 commemorandum

1953 5055 2128 5120 putari
2151 5095 2164 5112 ,
2194 5053 2440 5121 quoniam
2472 5062 2596 5107 sunt
2627 5052 2836 5122 quidam
2868 5051 2956 5122 qui
2991 5053 3194 5106 [acilius
3224 5055 3400 5108 omnia
3427 5071 3520 5108 sua

1955 5145 2270 5212 pauperibus
2297 5143 2637 5208 distribuunt,
2663 5159 2817 5213 quam
2843 5144 2938 5213 ipsi
2964 5159 3220 5215 pauperes
3254 5147 3342 5202 Dei
3372 5133 3518 5207 lieni.

1956 5237 2120 5289 lnflati
2165 5245 2288 5289 sunt
2323 5235 2464 5289 enim
2488 5235 2740 5304 iactantia
2767 5249 2868 5302 qua
2913 5246 3097 5304 putant
3138 5237 3236 5290 sibi
3273 5251 3391 5291 esse
3423 5237 3518 5289 tri-

1954 5331 2238 5387 hucudnm.
2274 5345 2376 5382 non
2404 5327 2583 5398 gratiae
2614 5329 2725 5394 Dei,
2757 5330 2894 5398 quod
2923 5331 3054 5385 bene
3079 5331 3288 5393 vivunt;
3319 5338 3368 5382 et
3401 5329 3519 5382 ideo

1949 5425 2054 5492 jam
2083 5438 2175 5478 nec.
2201 5425 2330 5476 hene
2348 5421 2549 5484 vivunt,
2569 5433 2992 5491 quantacumque
3007 5422 3141 5476 bona
3163 5435 3320 5489 opera
3348 5419 3518 5472 facere

1956 5516 2251 5575 videantur.
2302 5515 2376 5567 De
2407 5529 2504 5567 suo
2531 5514 2725 5582 quippe
2756 5515 2950 5568 habere
2978 5530 3035 5567 se
3062 5522 3280 5582 putant,
3310 5521 3362 5562 et
3399 5511 3514 5579 glo-

1953 5617 2156 5660 rtautur
2199 5606 2344 5672 quasi
2389 5619 2490 5656 non
2535 5606 2836 5673 acceperint
2867 5605 2918 5674 (l
2949 5605 3064 5659 Cor.
3090 5617 3163 5661 iv,
3203 5602 3255 5669 7)
3289 5620 3299 5655 :
3327 5601 3518 5657 divites

1953 5697 2054 5762 sui,
2088 5710 2190 5751 non
2217 5708 2474 5766 pauperes
2508 5694 2629 5759 Dei;
2654 5697 2754 5747 :Ilm
2782 5698 2828 5748 ul
2852 5716 2897 5746 ιιι
2929 5713 2980 5749 es
3011 5691 3132 5756 sibi,
3166 5704 3267 5743 non
3299 5701 3517 5760 egentes
