4020 6198
490 326 586 382 suo

489 444 612 494 ltm.
645 448 747 502 Sed
768 445 841 498 ait
868 436 1143 508 Apostolus
1169 454 1181 490 :
1206 435 1264 490 Si
1287 434 1580 487 distribuere
1602 433 1767 485 omnia
1790 446 1897 483 mea
1922 443 2044 485 pau-

497 542 714 609 peribus.
743 547 787 588 et
819 532 1069 585 tradidero
1097 540 1279 597 corpus
1308 541 1470 577 meum
1499 534 1550 576 ut
1581 523 1807 581 ardeam,
1829 518 2067 572 charita—'

496 607 591 683 tem
612 639 776 679 autem
803 640 898 675 non
927 620 1151 684 habeam,
1178 617 1303 670 nihil
1328 615 1449 668 mihi
1471 614 1687 682 prodest.
1712 611 1979 679 Tanquam
2002 607 2047 663 si

497 722 732 772 dzcerct:
766 715 822 769 Si
869 711 1187 765 distribuere
1234 708 1409 761 omnia
1453 721 1567 758 mea
1616 702 1951 774 pauperibus,
1995 708 2050 759 et

498 820 694 876 panper
738 803 829 857 Dei
878 818 980 854 non
1028 798 1198 862 fuero,
1239 796 1367 851 nihil
1400 794 1526 850 mihi
1558 793 1788 864 prodest.
1820 789 2049 849 Charitas

490 899 632 952 enim
662 912 759 949 non
786 895 991 963 inﬂatur
1017 892 1057 961 (l
1078 889 1318 952 Cor.xm,
1349 891 1401 949 3,
1430 889 1516 957 4);
1546 901 1641 940 nec
1659 895 1739 939 est
1766 900 1887 938 vera
1915 884 1930 915 ¹
1958 883 2048 939 Dei

492 988 725 1043 Charitas
766 988 816 1039 in
859 1001 922 1039 co
959 985 1046 1053 qui
1086 974 1321 1051 ingratus
1345 989 1426 1033 est
1454 991 1637 1031 sancto
1660 975 1874 1044 Spiritui
1899 973 2012 1041 ejus
2033 1014 2046 1035 ,

495 1099 587 1150 per
615 1095 768 1150 quem
798 1076 1107 1132 dill’unditur
1129 1076 1179 1127 in
1202 1071 1449 1127 cordibus
1471 1069 1666 1123 nostris
1684 1066 1912 1145 Charitas
1938 1064 2051 1132 ejus

494 1172 665 1238 (Rom.
692 1185 746 1229 v.
772 1171 848 1235 5).
883 1168 948 1220 Et
975 1166 1092 1219 ideo
1123 1164 1251 1216 tales
1283 1177 1387 1215 non
1418 1160 1685 1229 pertinent
1706 1159 1766 1209 ad
1801 1156 2049 1225 populum

498 1263 588 1316 1).ςί
609 1305 623 1326 ,
654 1262 772 1331 quia
804 1275 905 1311 non
936 1268 1056 1309 sunt
1098 1268 1355 1323 pauperes
1385 1251 1500 1305 Dei.
1551 1250 1816 1317 Pattpvres
1856 1247 2050 1323 quippe

498 1354 585 1406 Ι)θί
613 1353 793 1405 dicunt
816 1367 828 1403 :
858 1348 966 1400 Nos
989 1355 1154 1398 autem
1173 1359 1272 1396 non
1292 1342 1525 1411 spiritum
1545 1340 1693 1411 hujus
1716 1339 1887 1391 mundi
1912 1354 2051 1391 acce-

497 1442 687 1509 pimus,
716 1439 803 1492 sed
828 1438 1077 1506 Spiritum
1104 1435 1187 1500 qui
1215 1449 1276 1485 ea:
1304 1431 1405 1485 Deo
1435 1441 1503 1483 est
1526 1473 1540 1494 ,
1567 1440 1621 1513 ut
1646 1429 1859 1482 sciamus
1885 1445 1997 1496 quw
2019 1445 2051 1481 a

502 1530 604 1582 Deo
629 1528 813 1578 donata
838 1535 950 1579 sunt
976 1526 1114 1578 nobis
1147 1523 1196 1595 (Ι
1221 1522 1335 1578 Car.
1362 1539 1396 1576 tt
1418 1563 1430 1585 ,
1456 1520 1521 1576 12
1538 1522 1575 1589 ).
1616 1521 1892 1575 Natn~cnm
1920 1531 1973 1573 et
1999 1523 2048 1574 in

498 1619 599 1671 isto
628 1617 826 1685 psalmo
851 1659 865 1681 ,
895 1628 1107 1687 propter
1136 1615 1364 1684 suscepti
1406 1614 1634 1668 hominis
1663 1625 2048 1669 sacramentum

495 1727 598 1779 quo
627 1710 850 1763 Verbum
878 1724 1001 1763 caro
1030 1709 1223 1762 factum
1253 1717 1333 1762 est
1362 1706 1538 1779 (Joan.
1588 1723 1640 1772 t,
1680 1706 1782 1777 14)
1804 1748 1819 1770 ,
1849 1706 2053 1762 dicatur

500 1805 604 1858 Deo
635 1804 774 1857 Patri
802 1803 945 1872 regi,
984 1801 1243 1856 Justitiam
1270 1810 1405 1854 tuam
1435 1801 1501 1854 da
1527 1801 1634 1868 ﬁlio
1661 1800 1822 1870 regis;
1866 1800 2053 1853 nolunt

497 1897 579 1949 isti
610 1896 709 1948 sibi
738 1895 850 1948 dari
882 1894 1139 1962 justitiam
1161 1934 1176 1958 ,
1206 1892 1297 1946 sed
1325 1907 1354 1945 a
1384 1890 1685 1958 semetipsis
1711 1906 1827 1942 eam
1856 1890 2051 1941 habere

495 1988 783 2042 eoulidunt.
809 1988 1113 2056 Ignorantes
1132 1985 1271 2038 enim
1302 1985 1392 2037 Dei
1418 1982 1695 2053 justitiam,
1718 1990 1772 2035 et
1791 1995 1939 2035 suam
1955 1996 2050 2033 vo-

497 2081 661 2135 lentes
705 2080 1063 2143 constituere,
1107 2076 1326 2146 justitia:
1373 2076 1462 2130 Dei
1511 2089 1613 2129 non
1657 2085 1779 2127 sunt
1829 2073 2049 2140 subjecti

495 2172 671 2235 (llam.
701 2186 757 2234 χ,
780 2169 856 2239 5).
888 2169 999 2222 Non
1022 2176 1147 2221 sunt
1173 2168 1367 2236 itaque,
1394 2175 1449 2219 ut
1473 2166 1619 2231 dixi,
1652 2165 2047 2235 paupercs‘Dci,

494 2260 589 2316 sed
618 2260 807 2314 divites
831 2258 941 2322 sui;
970 2257 1090 2328 quia
1121 2271 1226 2311 non
1254 2266 1379 2311 sunt
1409 2255 1634 2309 humiles
1653 2296 1666 2315 ,
1697 2255 1788 2309 sed
1816 2254 2049 2323 superbi.

498 2349 685 2405 Veniet
705 2362 831 2403 vero
861 2348 946 2402 ille
968 2346 1206 2415 judicare
1236 2344 1481 2414 populum
1521 2344 1610 2398 Dei
1651 2345 1703 2397 in
1733 2343 1933 2413 justitia
1955 2384 1970 2407 ,
1999 2353 2055 2398 et

499 2455 754 2511 pauperes
781 2440 871 2495 Dei
900 2440 950 2494 in
972 2438 1172 2509 judicio
1198 2455 1210 2491 :
1232 2446 1287 2494 et
1312 2453 1375 2492 eo
1396 2436 1594 2506 judicio
1619 2436 1884 2490 discernet
1913 2452 1939 2488 a
1965 2436 2052 2489 di-

496 2533 689 2587 vitibus
728 2520 911 2586 eorum
959 2543 1217 2599 pauperes
1259 2543 1415 2595 suos;
1448 2526 1539 2582 sed
1576 2543 1710 2597 quos
1738 2536 2047 2595 paupertate

496 2640 586 2677 sua
614 2624 737 2678 fecit
761 2623 948 2677 divites
973 2638 1116 2676 suos.
1146 2621 1348 2675 Clamat
1375 2620 1422 2674 ei
1447 2608 1642 2689 quippe
1668 2619 1892 2689 populus
1920 2635 2050 2688 pau-

498 2730 590 2780 per
615 2711 834 2789 :Judica
862 2729 972 2775 me,
1007 2711 1173 2774 Deus,
1207 2720 1253 2764 et
1294 2710 1517 2764 discerne
1557 2725 1758 2763 causam
1797 2726 1957 2763 meam
1993 2709 2056 2765 de

496 2816 639 2878 gente
657 2821 757 2858 non
783 2814 955 2858 sancta
983 2801 1149 2873 (Psal.
1175 2818 1301 2865 XLII,
1326 2802 1399 2871 1).

566 2899 618 2951 4.
646 2895 796 2962 Quod
819 2905 991 2950 autem
1015 2903 1214 2948 mutato
1234 2894 1515 2947 verborum
1538 2893 1743 2957 ordine,
1767 2909 1885 2948 cum
1908 2894 2055 2964 prius

496 2988 737 3052 dixisset,
758 2985 912 3049 Deus,
923 2985 1172 3055 judicium
1194 2994 1329 3037 tuum
1351 2985 1455 3053 γίνῃί
1475 2985 1561 3049 da,
1584 2994 1628 3037 ct
1644 2986 1894 3055 justitiam
1919 2996 2055 3040 tuam

499 3078 604 3145 ﬁlio
630 3077 762 3146 ’rcgis
784 3117 798 3138 ,
828 3076 970 3143 prius
1003 3088 1204 3143 ponens
1224 3073 1513 3156 judicium,
1539 3075 1731 3129 deinde
1757 3075 2014 3144 justitiam
2037 3092 2052 3134 ;

501 3168 646 3235 prius
671 3165 926 3235 justitiam
956 3166 1147 3233 posuit,
1171 3164 1363 3221 deinde
1380 3166 1653 3234 judicium,
1682 3167 1882 3231 dicens,
1904 3168 2057 3222 Iudi-

499 3273 613 3309 care
642 3256 884 3324 populum
910 3265 1052 3306 tuum
1080 3255 1130 3307 in
1158 3256 1352 3322 justitia
1372 3297 1386 3317 ,
1415 3265 1460 3309 et
1491 3273 1732 3326 pauperes
1759 3268 1868 3311 tuos
1895 3259 1946 3311 in
1966 3261 2056 3329 jn-

501 3349 664 3411 dicio;
687 3348 850 3417 magis
871 3346 1099 3400 ostendit
1120 3346 1371 3414 judicium
1393 3361 1453 3401 se
1468 3347 2053 3417 appellassejustitiam,

501 3438 631 3492 nihil
658 3438 915 3491 interesse
940 3435 1313 3491 demonstrans
1333 3451 1438 3506 quo
1456 3436 1641 3492 ordine
1669 3448 1912 3507 ponatur,
1935 3454 2055 3495 cum

500 3530 639 3584 idem
686 3527 963 3597 significet.
1018 3526 1166 3582 Solet
1206 3528 1347 3582 enim
1389 3527 1493 3583 dici
1535 3528 1791 3598 judicium
1840 3546 2055 3600 pravum

500 3620 638 3689 quod
678 3619 929 3688 injustum
958 3627 1038 3673 est
1059 3634 1074 3682 ;
1099 3618 1355 3685 justitiam
1386 3633 1513 3674 vero
1544 3619 1773 3690 iniquam
1804 3622 1890 3676 vel
1923 3622 2060 3692 inju—

501 3721 633 3765 stam
661 3708 837 3764 dicere
866 3724 968 3763 non
996 3710 1246 3763 solemus.
1291 3709 1345 3763 Si
1373 3714 1512 3763 enim
1552 3724 1708 3778 prava
1730 3752 1745 3776 ,
1775 3721 1828 3766 et
1868 3712 2059 3781 injusta

501 3800 630 3863 erit;
665 3815 763 3855 nec
788 3799 986 3869 justitia
1009 3799 1116 3869 jam
1147 3800 1369 3854 dicenda
1400 3810 1498 3855 est.
1546 3801 1774 3859 Proinde
1815 3803 2061 3873 ponendo

503 3876 752 3962 judicium
772 3934 787 3957 ,
818 3901 976 3962 atque
1004 3891 1220 3961 justitia:
1250 3892 1465 3947 nomine
1492 3894 1811 3962 repetendo;
1842 3896 1921 3949 vel
1964 3912 2061 3964 po.

506 3983 677 4036 uendo
715 3981 971 4049 justitiam
995 4021 1010 4046 ,
1043 3990 1096 4034 et
1136 3997 1253 4036 eam
1287 3981 1469 4050 judicii
1498 3982 1711 4037 nomine
1739 3985 2058 4063 repetendo,
2132 4000 2139 4013 δ

504 4075 635 4128 satis
660 4074 847 4128 edocet
876 4074 1088 4144 proprie
1112 4091 1168 4128 se
1194 4075 1458 4144 appellare
1494 4076 1746 4145 judicium
1789 4080 1923 4148 quod
1968 4096 2062 4149 pro

505 4166 702 4236 justitia
731 4165 854 4235 poni
883 4164 1037 4229 solet,
1071 4165 1118 4216 id
1146 4173 1242 4226 est,
1267 4166 1404 4234 quod
1437 4166 1486 4218 in
1516 4167 1650 4222 male
1676 4168 1958 4235 iudicando
1985 4171 2064 4224 in-

508 4256 666 4326 telligi
697 4271 800 4308 non
832 4263 1020 4323 potest.
1045 4254 1140 4309 Ubi
1163 4256 1307 4309 enim
1340 4256 1590 4309 Dominus
1617 4256 1764 4318 dicit,
1795 4258 1964 4313 Nolite
1974 4261 2066 4329 ju-

508 4333 674 4401 dicare
702 4346 1044 4415 personaliter,
1065 4346 1152 4398 sed
1170 4357 1357 4397 rectum
1373 4346 1622 4415 judicium
1639 4349 1866 4416 judicate
1885 4349 2060 4422 (Joan.

507 4455 600 4503 vn,
625 4440 719 4513 24)
738 4481 751 4501 ,
778 4436 1002 4491 ostendit
1036 4452 1152 4491 esse
1181 4452 1335 4506 posse
1366 4455 1581 4507 pravum
1609 4440 1861 4508 judicium
1886 4485 1899 4505 ,
1944 4458 2063 4496 cum

513 4533 672 4596 dicit,
704 4530 908 4583 Rectum
929 4528 1180 4599 judicium
1196 4528 1421 4597 judicate
1442 4544 1460 4581 :
1485 4527 1711 4599 denique
1738 4531 1860 4585 illud
1890 4542 2023 4585 vetat
2048 4551 2062 4597 ;

512 4621 610 4674 hoc
641 4620 893 4690 praecipit.
938 4617 1066 4674 Cum
1096 4632 1222 4673 vero
1246 4618 1358 4688 sine
1384 4620 1488 4672 ulla
1515 4618 1807 4687 adjectione
1831 4622 1953 4675 dicit
1978 4623 2065 4692 ju-

508 4709 721 4773 dicimn,
750 4710 1002 4764 continuo
1026 4709 1223 4776 justum
1247 4708 1360 4761 vult
1386 4709 1637 4779 intelligi;
1669 4711 1805 4764 sicut
1824 4722 1906 4766 est
1927 4714 2066 4783 quod

510 4799 582 4851 ait
605 4817 616 4851 :
642 4796 939 4868 Relinquitis
965 4799 1194 4870 graviora
1216 4797 1383 4869 Legis,
1411 4799 1797 4853 misericordiam
1818 4842 1831 4860 ,
1858 4812 1904 4854 et
1919 4805 2066 4872 judi,

509 4889 640 4942 cium
668 4887 875 4954 (Matth.
905 4906 1050 4951 χχιιι,
1077 4888 1191 4958 25).
1217 4889 1284 4944 Et
1310 4889 1435 4943 illud
1464 4889 1603 4957 quod
1630 4889 1888 4945 Jercmias
1910 4892 2064 4947 dicit:

518 4977 730 5030 Facieus
750 4978 946 5032 divitias
963 4997 1080 5034 suas
1107 4997 1205 5033 non
1229 4996 1341 5033 cum
1362 4980 1550 5046 iudicio
1575 4979 1781 5051 (Jerem.
1806 4998 1933 5045 xvn,
1957 4984 2066 5056 Η).

513 5067 627 5123 Non
649 5065 739 5131 ait,
766 5066 988 5123 Faciens
1011 5069 1219 5124 divitias
1238 5086 1360 5126 suas
1386 5086 1548 5140 pravo
1568 5070 1829 5141 injustove
1849 5072 2065 5141 judicio,

511 5158 594 5212 vei
635 5172 739 5211 non
783 5171 902 5210 cum
940 5157 1136 5227 judicio
1174 5171 1323 5215 recto
1351 5173 1442 5216 aut
1468 5162 1641 5232 justo;
1670 5163 1795 5229 scd,
1830 5181 1928 5219 non
1954 5183 2070 5221 cum

514 5250 702 5313 iudicio
725 5262 743 5297 :
762 5246 1016 5317 judicium
1047 5264 1151 5303 non
1176 5252 1465 5320 appellans,
1493 5255 1593 5309 nisi
1616 5254 1753 5325 quod
1785 5268 1982 5311 rectum
2007 5273 2069 5314 ac

511 5341 709 5412 justmn
740 5348 840 5394 est.

585 5435 638 5488 5.
663 5430 812 5504 [vers.
838 5428 914 5503 5.]
943 5428 1232 5500 Suscipiunt
1252 5443 1440 5487 montes
1463 5452 1647 5504 pacem
1670 5440 1874 5508 populo,
1899 5452 1944 5495 et
1969 5443 2071 5496 col-

514 5529 584 5581 les
604 5527 872 5598 justitiam.
914 5523 1115 5578 Montes
1157 5524 1385 5593 majores
1428 5539 1583 5594 sunt,
1614 5531 1778 5587 colles
1817 5533 2068 5591 minores.

512 5616 768 5677 Nimirum
793 5633 919 5686 ergo
944 5617 997 5671 hi
1027 5624 1149 5671 sunt
1172 5632 1306 5685 quos
1332 5617 1467 5673 alius
1494 5619 1649 5676 habet
1674 5625 1940 5693 psalmus:
1965 5625 2072 5681 Pu-

576 5734 592 5761 ι
617 5730 689 5778 Sic
712 5737 814 5779 uss.
834 5736 886 5780 Αι
906 5727 1041 5789 add,

1670 326 1691 341 ί
1706 313 1761 366 S.
1806 306 2161 365 AUCUSTINI
2203 307 2284 361 ΕΡ
2297 306 2500 362 lSCOl‘l

3616 312 3713 369 90$

2147 420 2288 474 sillos
2303 439 2417 475 cum
2438 423 2648 490 magnis.
2671 423 2756 478 isti
2779 424 2971 493 quippe
2992 435 3181 478 montes
3199 427 3568 480 exsultaverunt
3588 432 3716 481 sicut

2147 511 2343 572 arietes,
2374 520 2428 564 et
2453 513 2534 565 isti
2563 514 2714 566 colles
2738 515 2864 566 sicut
2890 514 3009 584 agni
3028 518 3211 578 avium,
3237 515 3290 568 in
3315 518 3445 569 exitu
3467 516 3634 571 Israel
3656 534 3718 571 ex

2149 598 2379 670 {Egypto
2410 600 2577 671 (ἔδεαι.
2600 617 2746 669 cxttt,
2776 604 2863 661 l5.
2884 606 2938 668 ι,
2965 602 3038 675 l),
3068 603 3117 659 id
3138 614 3220 658 est
3245 606 3294 658 in
3327 587 3627 675 populi‘Dei
3656 609 3715 661 Ii’-

2149 688 2419 745 beratioue
2442 690 2508 745 ab
2535 691 2689 759 hujus
2713 694 2891 747 sarculi
2933 696 3208 749 servitute.
3251 694 3546 751 Escellenti
3588 714 3719 766 ergo

2149 783 2426 837 sanctitate
2465 784 2758 839 eminentes
2799 786 2849 839 in
2891 785 3160 852 Ecclesia,
3192 797 3400 842 montes
3425 799 3586 852 sunt;
3629 790 3719 858 qui

2150 872 2324 926 idonei
2344 883 2465 927 sunt
2484 885 2538 929 et
2557 875 2690 929 alios
2710 875 2902 930 docere
2923 877 2941 945 (
2955 875 2997 930 ll
3022 875 3149 931 Tim.
3175 892 3231 939 ιι,
3254 877 3331 947 9.),
3357 877 3433 932 sic
3452 878 3722 946 loquendo

2152 973 2208 1016 ut
2237 962 2459 1018 ﬁdeliter
2482 966 2827 1031 instruantur,
2855 965 2932 1020 sic
2961 966 3184 1021 vivendo
3214 976 3271 1020 ut
3294 968 3578 1022 salubriter
3601 969 3720 1023 imi-

2152 1063 2370 1108 tentur:
2399 1056 2565 1111 colles
2601 1067 2777 1118 autem
2818 1068 2941 1112 sunt
2982 1058 3190 1112 illormn
3221 1060 3594 1124 excellentiam
3622 1077 3719 1116 sua

2151 1143 2449 1203 obedientia
2493 1145 2897 1215 subsequente-3.
2925 1148 3100 1215 Quare
3126 1156 3262 1219 ergo
3279 1160 3469 1205 montes
3505 1155 3683 1222 pacem
3702 1192 3717 1213 .

2150 1241 2197 1285 et
2226 1232 2375 1287 colles
2394 1234 2688 1304 justitiam?
2723 1237 2804 1289 An
2834 1237 2969 1293 forte
2999 1238 3130 1293 nihil
3161 1239 3475 1305 interesset,
3505 1243 3718 1299 etiamsi

2153 1324 2222 1377 ita
2248 1324 2515 1379 diceretur
2540 1343 2553 1381 :
2577 1325 2877 1396 Suscipiunt
2899 1338 3108 1391 montes
3132 1331 3389 1402 justitiam
3419 1334 3638 1402 populo,
3666 1348 3719 1390 ιιι

2151 1415 2314 1469 colles
2341 1417 2559 1486 pacem?
2588 1417 2832 1490 Utrisque
2856 1421 3245 1491 enim'justitia,
3270 1433 3324 1478 et
3353 1427 3595 1496 utrisque
3618 1444 3718 1496 pax

2154 1509 2449 1563 necessaria
2474 1517 2558 1565 est
2580 1528 2594 1564 :
2620 1520 2674 1566 et
2700 1512 2812 1567 ﬂeri
2838 1523 3013 1582 potest
3039 1523 3094 1568 ut
3122 1516 3228 1571 alio
3250 1519 3466 1572 nomine
3493 1534 3596 1588 pax
3626 1538 3701 1590 ap

2154 1600 2433 1666 pellataasit
2459 1601 2569 1672 ipsa
2588 1594 2829 1671 justitia;
2863 1603 2975 1660 hmo
3002 1616 3082 1660 est
3108 1607 3252 1662 enim
3281 1623 3410 1662 vera
3440 1625 3541 1679 pax
3563 1653 3580 1675 ,
3612 1629 3720 1669 non

2152 1691 2359 1758 qualem
2387 1692 2568 1763 injusti
2597 1694 2733 1749 inter
2758 1709 2818 1749 se
2847 1695 3063 1750 facium.
3088 1700 3167 1752 An
3196 1701 3368 1767 potius
3391 1716 3510 1755 cum
3533 1703 3721 1761 distin-

2151 1784 2327 1838 ctioue
2353 1798 2458 1838 non
2486 1786 2869 1840 contemnenda
2900 1788 3296 1859 intelligendum
3327 1801 3409 1846 est
3436 1795 3578 1861 quod
3607 1796 3719 1863 ait,

2155 1871 2351 1928 Montes
2376 1891 2570 1946 pacem,
2598 1885 2643 1931 et
2664 1878 2814 1932 colles
2831 1879 3128 1949 justitiam?
3156 1881 3490 1940 Excedentes
3523 1888 3723 1958 quippe

2153 1964 2204 2018 in
2235 1965 2488 2030 Ecclesia,
2521 1967 2632 2035 paci
2677 1968 2869 2023 debent
2910 1970 3144 2039 vigilanti
3188 1973 3479 2031 intentione
3517 1992 3722 2031 consu-

2154 2047 2297 2120 lere;
2326 2072 2392 2111 ne
2435 2068 2651 2127 propter
2674 2076 2799 2115 suos
2837 2061 3066 2118 honores
3090 2067 3317 2134 superbe
3339 2070 3544 2135 agendo
3572 2072 3719 2128 schi-

2153 2158 2319 2202 smata
2349 2149 2542 2204 faciant
2561 2192 2575 2216 ,
2605 2153 2819 2206 unitatis
2845 2169 3098 2223 compage
3120 2156 3377 2225 disrupta.
3411 2159 3589 2214 Colles
3616 2178 3716 2215 au—

2157 2249 2259 2293 tem
2288 2239 2355 2294 ita
2382 2256 2475 2296 eos
2511 2243 2765 2299 imitando
2790 2254 2843 2300 et
2869 2246 3169 2301 obcdicndo
3204 2249 3618 2319 subsequantur,
3662 2265 3721 2317 ut

2154 2330 2233 2384 eis
2280 2331 2546 2386 Christum
2596 2344 2945 2403 anteponant;
2997 2352 3061 2390 ne
3109 2339 3367 2394 malorum
3416 2344 3719 2408 montium,

2155 2424 2401 2492 quoniam
2428 2423 2671 2480 videntur
2695 2428 2977 2495 excellere,
3000 2445 3130 2483 vana
3152 2433 3469 2488 auctoritate
3488 2435 3717 2504 seducti,

2153 2527 2213 2567 se
2232 2529 2261 2567 a
2282 2513 2478 2571 Christi
2500 2518 2699 2571 unitate
2718 2519 3065 2588 disrumpant.
3091 2521 3213 2577 Ideo
3233 2523 3427 2577 dictum
3449 2537 3533 2580 est
3555 2545 3568 2579 :
3587 2526 3723 2605 Sus:

2154 2606 2341 2676 cipiunt
2370 2617 2558 2661 montes
2585 2624 2756 2677 pacem
2782 2611 2987 2678 populo.
3043 2612 3224 2666 Dicant
3257 2614 3469 2681 quidem
3504 2634 3518 2667 :
3546 2614 3720 2668 Imita-

2155 2705 2286 2750 tores
2314 2697 2409 2750 mei
2432 2707 2606 2764 estote,
2630 2698 2756 2754 sicut
2785 2707 2830 2752 et
2853 2715 2944 2769 ego
2965 2698 3147 2761 Christi
3171 2700 3190 2773 (
3206 2703 3219 2754 Ι
3241 2700 3357 2757 Cor.
3386 2720 3468 2769 XI,
3501 2706 3576 2774 ί).
3612 2707 3716 2759 Sed

2156 2802 2338 2842 rursus
2365 2786 2541 2849 dicant
2565 2805 2578 2841 :
2600 2787 2741 2843 Licet
2763 2790 2808 2844 si
2832 2806 2923 2846 nos
2941 2832 2956 2856 ,
2994 2800 3081 2844 aut
3111 2792 3318 2862 angelus
3342 2793 3405 2846 de
3429 2796 3552 2848 caelo
3579 2796 3718 2853 vobis

2155 2879 2522 2931 annuntiaverit
2547 2888 2874 2950 prmterquam
2899 2882 3032 2951 quod
3056 2884 3336 2952 accepistis,
3367 2887 3630 2939 anathema
3650 2890 3721 2942 sit

2158 2969 2297 3041 (Gal.
2321 2987 2370 3036 ι,
2399 2969 2474 3042 8).
2507 2972 2691 3026 Dicant
2713 2972 2869 3026 etiam
2899 2991 2915 3026 :
2944 2972 3202 3039 Numquid
3234 2973 3429 3028 Paulus
3467 2993 3555 3045 pro
3578 2978 3723 3030 vobis

2156 3062 2423 3131 cruciﬁxus
2447 3071 2538 3128 est,
2557 3073 2642 3115 aut
2663 3064 2712 3116 in
2735 3063 2934 3116 nomine
2958 3061 3107 3117 Pauli
3129 3061 3363 3134 baptisati
3386 3067 3500 3120 estis
3524 3065 3572 3137 (Ι
3596 3066 3719 3120 Cor.

2157 3168 2205 3217 l,
2232 3152 2357 3221 15)?
2384 3152 2455 3206 lta
2483 3154 2755 3223 suscipiant
2782 3170 2958 3223 pacem
2984 3155 3168 3223 papula
3204 3157 3327 3219 Dei,
3361 3156 3410 3210 id
3440 3166 3520 3211 est
3538 3196 3554 3222 ,
3587 3173 3721 3225 pau-

2159 3245 2371 3312 peribus
2406 3245 2528 3307 Dei;
2560 3242 2662 3297 non
2692 3244 2816 3309 illis,
2845 3246 2935 3299 sed
2964 3261 3082 3300 cum
3115 3246 3217 3301 illis
3246 3263 3467 3316 regnare
3497 3251 3723 3318 cupien-

2158 3342 2256 3387 tes.
2302 3329 2381 3388 Illi
2406 3350 2614 3403 quoque
2643 3349 2746 3388 non
2770 3335 2941 3393 dicant
2963 3376 2978 3400 ,
3007 3335 3117 3406 Ego
3140 3353 3248 3391 sum
3274 3336 3463 3402 Pauli,
3492 3355 3579 3407 ego
3606 3357 3722 3397 sum

2158 3423 2359 3493 Apollo,
2389 3440 2480 3494 ego
2502 3439 2612 3477 vero
2634 3424 2848 3495 (Iephte;
2877 3426 2969 3479 sed
3007 3441 3191 3481 omnes
3231 3425 3410 3481 dicant
3433 3446 3446 3481 :
3473 3427 3582 3498 Ego
3607 3447 3721 3481 sum

2157 3511 2347 3568 Christi
2374 3512 2556 3584 (Ibid.,
2584 3515 2708 3586 12).
2738 3515 2860 3570 llaec
2888 3510 2970 3571 est
2991 3517 3189 3584 justitia
3216 3536 3230 3572 :
3256 3533 3360 3573 non
3400 3529 3724 3587 anteponere

2160 3617 2343 3659 servos
2365 3605 2606 3670 Domino,
2627 3622 2724 3661 nec
2744 3622 2981 3680 atquare;
3010 3608 3077 3661 ita
3104 3609 3276 3663 levare
3298 3612 3481 3663 oculos
3502 3611 3548 3663 in
3575 3627 3723 3664 tuon-

2163 3708 2239 3751 tes
2284 3698 2421 3751 unde
2462 3700 2636 3752 veniat
2681 3697 2930 3752 auxilium
2977 3699 3103 3763 sibi,
3150 3708 3205 3753 ut
3244 3710 3420 3755 tamen
3464 3702 3722 3766 auxilium

2161 3803 2314 3842 suum
2337 3804 2440 3841 non
2467 3797 2681 3857 sperent
2702 3805 2730 3841 a
2757 3787 3042 3849 montibus,
3068 3791 3159 3842 sed
3182 3789 3462 3844 a-Dontino
3481 3790 3567 3863 qui
3599 3790 3726 3856 fecit

2160 3879 2352 3934 cmlum
2383 3887 2434 3932 et
2464 3889 2656 3937 terram
2688 3877 2859 3948 (Psal.
2880 3892 3006 3940 cxx,
3030 3880 3088 3942 ι,
3107 3878 3187 3949 2).

2233 3969 2285 4023 6.
2317 3969 2493 4023 Potest
2522 3979 2576 4022 et
2603 3969 2678 4022 sic
2702 3970 3210 4031 cotwcnientissime
3254 3971 3471 4041 intelligi
3496 4013 3510 4034 ,
3539 3971 3726 4035 Susci-

2165 4059 2304 4128 piant
2334 4070 2520 4112 montes
2548 4075 2719 4128 pacem
2743 4060 2949 4131 populo,
2983 4072 3040 4116 ut
3071 4076 3252 4129 pacem
3284 4044 3642 4130 intelligamus
3671 4065 3726 4118 in

2164 4150 2592 4207 reconciliatione
2606 4166 2707 4221 qua
2730 4151 2839 4207 Deo
2851 4151 3285 4207 reconciltamur:
3307 4162 3513 4208 montes
3526 4153 3729 4223 quippe

2164 4256 2280 4295 eam
2306 4240 2593 4311 suscipiant
2622 4242 2816 4310 populo
2841 4242 2975 4311 ejus.
3019 4241 3128 4298 Hoc
3155 4243 3436 4311 Apostolus
3459 4243 3530 4297 ita
3567 4253 3732 4298 testa-

2167 4341 2286 4385 tur:
2323 4329 2497 4385 Vetera
2540 4332 2878 4395 transicrunt;
2901 4347 3013 4385 ecce
3052 4334 3185 4403 facta
3222 4342 3338 4385 sunt
3369 4349 3498 4387 nova
3520 4351 3539 4386 :
3560 4321 3736 4397 omina

2166 4429 2330 4475 autem
2359 4437 2420 4475 ea:
2446 4420 2551 4475 Deo
2570 4462 2585 4487 ,
2622 4422 2709 4491 qui
2736 4422 3065 4476 reconciliavit
3092 4438 3182 4477 nos
3208 4423 3298 4478 sibi
3330 4440 3419 4493 per
3443 4423 3731 4490 Christum,

2167 4522 2211 4566 et
2241 4512 2376 4565 dedit
2405 4511 2543 4565 nobis
2573 4513 2904 4566 ministerium
2940 4514 3379 4568 reconciliationis.
3426 4515 3564 4569 Ecce
3594 4497 3737 4582 quo;

2168 4606 2326 4659 modo
2370 4606 2666 4675 suscipiunt
2708 4616 2912 4659 montes
2958 4621 3141 4681 pacem
3187 4607 3380 4681 pepulo
3412 4606 3548 4675 ejus.
3598 4606 3738 4665 Deus

2168 4698 2299 4750 enim
2341 4708 2445 4750 erat
2491 4697 2542 4750 in
2580 4695 2806 4760 Christo,
2838 4696 3080 4748 mundum
3106 4697 3432 4749 reconcilians
3458 4696 3595 4759 sibi;
3635 4713 3738 4750 non

2169 4797 2404 4860 reputans
2430 4787 2533 4841 illis
2560 4787 2739 4841 delicta
2769 4802 2960 4852 eorum,
2990 4797 3035 4865 et
3064 4802 3253 4865 ponens
3282 4788 3333 4840 in
3362 4786 3502 4839 nobis
3530 4787 3740 4841 verbum

2171 4881 2604 4934 reconciliationis.
2638 4879 2692 4934 In
2723 4880 2930 4949 quibus,
2953 4855 3053 4934 nisi
3079 4880 3131 4934 in
3168 4880 3432 4941 montibus
3456 4881 3544 4951 qui
3567 4882 3740 4935 susci-

2172 4971 2319 5041 piunt
2347 4986 2526 5039 pacem
2559 4971 2752 5040 pepulo
2779 4970 2933 5041 ejus?
2961 4971 3220 5047 Quocirca
3249 4959 3405 5041 legati
3438 4972 3584 5039 pacis
3612 4973 3736 5025 sub-

2170 5071 2453 5131 scquenter
2481 5061 2791 5130 adjungunt,
2820 5071 2874 5115 et
2900 5061 3082 5115 dicunt
3107 5080 3119 5115 :
3153 5059 3257 5115 Pro
3287 5058 3486 5115 Christo
3510 5078 3631 5132 ergo
3661 5063 3736 5114 le-

2170 5154 2368 5225 gatione
2400 5153 2673 5224 fungimur,
2709 5162 2947 5221 tanquam
2994 5152 3096 5207 Deo
3137 5153 3431 5206 exhortante
3472 5170 3561 5221 per
3610 5168 3735 5214 nos;

2172 5246 2482 5297 obsecramus
2516 5260 2605 5311 pro
2632 5241 2829 5297 Christo
2858 5243 3171 5298 reconciliari
3194 5243 3301 5297 Deo
3327 5242 3405 5315 (ll
3427 5242 3543 5297 Cor.
3573 5259 3627 5307 ι’,
3656 5243 3736 5296 i7-

2172 5335 2243 5390 20
2261 5332 2302 5407 ).
2335 5333 2481 5387 Hauc
2506 5348 2686 5403 pacem
2714 5335 3004 5403 suscipiunt
3034 5342 3239 5388 montes
3266 5335 3463 5404 populo
3491 5334 3607 5402 ejus
3628 5375 3643 5395 ,
3688 5332 3738 5387 id

2173 5435 2274 5491 est,
2308 5424 2735 5493 prmdicationem
2767 5424 3185 5495 legationemque
3214 5425 3355 5493 pacis
3380 5424 3495 5493 ejus
3526 5442 3540 5477 :
3569 5425 3739 5478 colles

2173 5526 2348 5573 autem
2373 5514 2661 5585 justitiam;
2707 5515 2808 5571 hoc
2846 5526 2927 5571 est
2963 5516 3347 5584 obedientiam,
3376 5514 3518 5586 quod
3556 5525 3644 5570 est
3686 5516 3739 5571 in

2178 5609 2475 5665 hominibus
2502 5620 2553 5663 et
2583 5610 2632 5665 in
2664 5609 2805 5662 omni
2846 5609 3085 5663 rationali
3112 5620 3350 5665 creatura
3377 5609 3552 5663 omnis
3577 5608 3743 5681 justi-

2173 5703 2260 5761 tia:
2283 5702 2430 5772 origo
2456 5711 2614 5772 atque
2637 5701 2921 5775 perfectio;
2964 5701 3032 5761 ita
3072 5713 3126 5761 ut
3168 5702 3389 5759 duorum
3422 5702 3742 5773 hominum,
