4020 6198
290 345 393 400 905

285 549 373 618 qui
400 557 483 602 est
509 554 668 616 caput
691 545 877 598 salutis
905 554 1099 597 nostrm
1117 583 1134 605 ,
1181 542 1292 595 hmc
1317 543 1720 596 commemletur
1748 558 1859 596 ma-

287 656 389 710 gna
417 638 684 693 distinctio
711 655 724 690 :
746 639 867 706 quia
894 636 1023 688 sicut
1066 652 1154 703 per
1182 635 1565 686 iuobedientiam
1591 637 1740 686 unius
1759 636 1859 685 ἠο-

287 731 438 784 minis
456 770 471 794 ,
505 739 786 798 peccatores
812 727 1069 779 constituti
1097 735 1210 778 sunt
1239 725 1423 786 multi;
1452 725 1524 776 ita
1549 734 1594 776 et
1621 741 1711 790 per
1741 724 1856 774 obes

289 825 530 878 dientiam
555 824 702 875 unius
727 821 963 883 hominis,
986 819 1114 888 justi
1133 818 1493 870 constituentur
1517 816 1661 868 multi
1680 816 1854 882 (llom.

291 929 346 976 ν,
377 913 490 982 19).
517 911 812 978 Suscipiunt
837 925 967 978 ergo
995 917 1183 961 montes
1209 923 1379 975 pacem
1407 906 1614 974 populo,
1640 914 1684 957 et
1709 905 1858 956 colles

283 1004 570 1074 justitiam;
598 1009 657 1054 ut
685 1003 783 1055 hoc
807 1000 965 1054 modo
991 998 1230 1066 utrisque
1255 995 1700 1050 concordantibus
1719 1036 1733 1059 ,
1769 995 1860 1045 liat

289 1093 430 1163 quod
468 1093 722 1161 scriptum
763 1099 876 1154 est,
907 1088 1119 1142 Justitia
1156 1097 1202 1140 et
1254 1102 1355 1155 pax
1396 1084 1634 1139 osculata:
1662 1093 1779 1138 sunt
1807 1099 1860 1136 se

290 1185 460 1248 (Psal.
489 1200 716 1248 Lxxxrv,
743 1185 800 1237 ll
829 1183 867 1252 ).
899 1180 1050 1246 Quod
1091 1194 1219 1234 vero
1259 1178 1346 1232 alii
1377 1178 1587 1231 codices
1627 1176 1853 1239 habent,

290 1277 585 1346 Suscipiunt
614 1285 804 1330 montes
829 1290 1000 1344 pacem
1031 1273 1218 1340 populo
1245 1313 1260 1336 ,
1304 1279 1351 1323 et
1387 1269 1540 1322 colles
1567 1276 1858 1336 :utrosque
1923 1285 1932 1293 '

291 1370 668 1439 praedicatores
713 1365 1028 1434 evangelica:
1079 1363 1224 1432 pacis
1279 1359 1647 1429 intelligendos
1696 1367 1854 1426 puto;

291 1464 405 1518 sive
447 1459 843 1531 prieccdentes,
887 1457 998 1510 sive
1041 1455 1443 1522 subsequentes.
1489 1451 1544 1504 In
1578 1445 1658 1504 his
1682 1459 1856 1502 autem

290 1553 564 1607 codicibus
587 1551 713 1604 illud
736 1548 972 1617 sequitur
997 1565 1008 1599 :
1040 1545 1103 1598 In
1115 1545 1318 1615 justitia
1339 1543 1586 1613 judicabit
1613 1556 1859 1612 pauperes

285 1643 485 1713 populi.
510 1640 611 1697 Sed
634 1640 706 1693 illi
731 1639 896 1707 magis
920 1637 1132 1692 codices
1151 1635 1530 1705 approbantur,
1555 1633 1641 1702 qui
1665 1632 1860 1684 habent

291 1733 429 1802 quod
458 1745 610 1800 supra
638 1729 999 1798 exposuimus,
1031 1727 1320 1794 Suscipiant
1347 1733 1534 1776 montes
1569 1739 1740 1791 pacem
1765 1738 1858 1790 po-

290 1824 432 1892 pulo,
461 1832 505 1874 et
534 1821 684 1874 colles
705 1820 977 1890 justitiam.
1009 1817 1184 1886 Aliqui
1211 1824 1386 1872 autem
1419 1814 1642 1878 habent,
1673 1812 1860 1879 populo

289 1925 412 1975 tuo;
443 1913 603 1982 aliqui
633 1928 736 1966 non
767 1912 961 1965 habent
987 1919 1092 1972 tuo,
1128 1907 1220 1962 sed
1253 1905 1616 1961 tantummodo
1650 1905 1855 1974 papula.

361 2007 412 2057 7.
443 2002 593 2076 [vers.
617 2001 696 2075 4.]
724 2001 983 2055 Judicabit
1009 2015 1251 2070 pauperes
1281 1997 1456 2067 populi
1475 2037 1488 2060 ,
1516 2005 1562 2049 et
1585 1996 1748 2050 salvos
1775 1995 1859 2063 [a-

289 2097 383 2149 ciet
413 2096 546 2163 ﬁlios
568 2109 864 2162 pauperum.
896 2091 1164 2158 Pauperes
1184 2099 1242 2143 et
1269 2088 1360 2140 lilii
1386 2101 1671 2157 pauperum
1700 2085 1859 2138 iidem

291 2187 388 2254 ipsi
418 2185 546 2240 mihi
575 2184 851 2249 videntur;
893 2183 1031 2237 sicut
1069 2180 1254 2236 eadem
1301 2179 1485 2234 civitas
1513 2188 1595 2233 est
1635 2176 1762 2233 Sion
1805 2188 1861 2232 et

291 2279 396 2332 lilia
417 2278 565 2333 Sion.
585 2276 640 2332 Si
665 2286 840 2330 autem
861 2273 1159 2329 distinctius
1185 2269 1583 2341 intelligendum
1605 2279 1714 2332 est;
1735 2285 1861 2337 pau-

289 2387 429 2441 peres
456 2369 764 2438 accipimus,
791 2377 1014 2432 montes;
1045 2365 1176 2432 filios
1211 2371 1386 2417 autem
1414 2376 1724 2432 pauperum,
1751 2359 1860 2412 col-

290 2468 362 2518 les
384 2481 402 2517 .'
429 2464 570 2518 velut
594 2461 887 2530 PrOphctas
908 2469 1065 2528 atque
1088 2454 1391 2525 Apostolos,
1423 2467 1700 2522 pauperes;
1727 2450 1861 2515 ﬁlios

290 2565 466 2608 autem
493 2567 700 2616 eorum,
734 2551 783 2604 id
813 2558 914 2613 est,
944 2548 1030 2617 qui
1061 2549 1160 2601 sub
1186 2560 1372 2600 eorum
1399 2542 1714 2597 auctoritate
1740 2555 1861 2610 pro-

293 2646 496 2708 liciunt,
523 2642 656 2710 ﬁlios
686 2655 981 2710 pauperum.
1004 2635 1156 2704 Quod
1189 2648 1316 2688 vero
1344 2647 1502 2702 supra
1528 2632 1726 2686 dictum
1753 2638 1858 2692 est,

292 2733 572 2798 Judirabit,
595 2743 648 2787 et
672 2742 876 2801 postea,
899 2730 1062 2783 salvos
1083 2727 1251 2798 faciet,
1275 2727 1516 2794 qumdam
1539 2724 1682 2778 velut
1700 2737 1864 2792 expo-

293 2829 418 2881 sitio
443 2836 526 2880 est
550 2824 815 2896 quomodo
836 2819 1117 2892 judicahit.
1163 2818 1244 2871 Ad
1275 2818 1375 2871 hoc
1401 2817 1542 2872 enim
1572 2815 1858 2886 judicabit,

295 2927 354 2971 ut
398 2916 572 2970 salvos
618 2912 773 2968 faciat
793 2954 808 2977 ,
837 2911 888 2965 id
929 2919 1011 2966 est
1030 2951 1044 2972 ,
1072 2924 1100 2960 a
1131 2905 1412 2978 perdendis
1441 2905 1865 2975 damnandisque

295 3008 596 3077 discernat,
623 3004 816 3074 quibus
845 3002 1006 3057 donat
1031 3000 1256 3055 salutem
1294 3009 1529 3068 paratam
1555 2997 1778 3051 revelari
1811 2998 1862 3051 in

260 3111 266 3122 '
299 3108 538 3165 tempore
567 3095 854 3149 novissimo
884 3091 935 3164 (ι
969 3091 1105 3145 Petr.
1130 3106 1167 3156 ι,
1191 3091 1269 3159 5).
1294 3090 1336 3142 A
1360 3089 1548 3143 talibus
1569 3089 1766 3158 quippe
1791 3088 1865 3142 illi

296 3190 508 3250 dicitur,
532 3187 612 3240 Ne
633 3185 927 3256 compertius
947 3200 1060 3236 cum
1079 3181 1247 3251 impiis
1267 3181 1487 3233 animam
1507 3195 1668 3252 meam
1693 3177 1861 3250 (Psal.

298 3295 330 3333 x
344 3295 431 3342 xv,
456 3279 541 3348 9);
567 3285 641 3343 et,
661 3275 695 3328 J
700 3277 846 3329 ndica
866 3291 964 3339 me,
991 3271 1146 3337 Deus,
1163 3283 1208 3324 et
1228 3271 1452 3324 discerne
1473 3285 1680 3323 causam
1703 3285 1866 3324 meam

295 3371 359 3423 tle
399 3378 542 3439 gente
585 3383 684 3420 non
723 3375 894 3420 sancta
927 3361 1095 3434 (Psal.
1130 3377 1237 3416 xw
1259 3401 1273 3425 ,
1305 3363 1378 3429 l).
1411 3358 1865 3414 Censiderandum

295 3455 452 3514 etiam
500 3457 639 3527 quod
685 3471 791 3510 non
817 3455 922 3521 ait,
949 3453 1214 3508 Judicabit
1257 3465 1540 3520 pauperem
1573 3451 1862 3520 pepulum;

294 3552 410 3614 sed,
442 3565 682 3619 pauperes
709 3547 902 3617 pepuli.
932 3544 1102 3613 Supra
1132 3544 1272 3618 enin
1306 3543 1396 3596 ubi
1417 3541 1552 3595 dixit
1575 3582 1589 3605 ,
1619 3540 1868 3593 Judicare

297 3643 540 3712 populant
570 3650 710 3692 tuum
739 3639 792 3690 in
817 3635 1037 3708 justitia,
1069 3643 1117 3687 et
1143 3649 1387 3702 pauperes
1414 3641 1524 3684 tuos
1553 3631 1605 3681 in
1625 3630 1827 3699 judicio
1847 3670 1861 3694 ,

297 3732 546 3787 eumdem
575 3730 710 3785 dixit
751 3728 1000 3798 populum
1041 3726 1130 3780 Dei
1171 3740 1304 3794 quos
1346 3738 1604 3792 pauperes
1631 3722 1775 3789 ejus;
1814 3721 1866 3774 id

297 3834 401 3886 est,
428 3819 790 3875 tantummodo
820 3820 988 3872 bonos
1010 3826 1062 3870 et
1091 3815 1154 3868 ad
1185 3815 1454 3868 dexteram
1484 3821 1682 3880 partem
1710 3811 1870 3879 perti-

301 3925 510 3970 nentes.
534 3911 666 3980 Quia
692 3924 818 3964 vero
840 3909 891 3963 in
917 3909 1017 3962 hoc
1038 3907 1233 3961 sarculo
1254 3905 1410 3958 simul
1439 3903 1610 3957 dextri
1643 3902 1867 3956 sinistri-

300 4026 404 4079 que
447 4014 751 4077 pascuntur,
781 4005 866 4073 qui
911 4002 1056 4054 velut
1090 3999 1210 4069 agni
1242 4008 1294 4051 et
1323 3995 1458 4050 hardi
1492 3996 1542 4048 in
1576 3994 1681 4048 ﬁne
1709 4009 1867 4062 sepa-

300 4099 448 4156 randi
480 4105 601 4150 sunt
626 4094 837 4164 (ΜιιιιΙι.
866 4108 987 4153 xxv,
1018 4090 1087 4143 5‘2
1107 4088 1161 4160 );
1195 4098 1360 4144 totum
1391 4087 1527 4140 sicut
1551 4085 1869 4138 commixtus

299 4188 684 4255 est‘,‘nnminc
728 4185 905 4256 populi
952 4183 1292 4251 nuncupavit.
1340 4181 1402 4233 Et
1447 4178 1567 4248 quia
1612 4176 1867 4245 judicium

300 4283 458 4356 eripui
488 4280 572 4332 hic
606 4280 656 4331 in
685 4278 824 4332 bono
853 4275 1034 4343 ponit,
1064 4272 1112 4326 id
1139 4280 1249 4336 est,
1278 4270 1342 4324 ad
1366 4270 1538 4322 salvos
1564 4266 1866 4330 faciendos;

304 4376 422 4429 ideo
443 4375 535 4437 ait,
559 4371 818 4424 Judicabit
850 4385 1093 4438 pauperes
1123 4367 1294 4435 populi
1320 4381 1337 4418 :
1362 4364 1409 4418 id
1439 4375 1539 4428 ρει,
1569 4378 1662 4417 eos
1686 4360 1750 4414 ad
1779 4375 1866 4413 sa-

302 4467 462 4518 lutem
505 4463 804 4538 discernet,
844 4459 934 4530 qui
965 4467 1088 4512 sunt
1117 4458 1166 4508 in
1201 4455 1397 4526 populo
1425 4467 1706 4522 pauperes.
1751 4449 1866 4504 .lam

301 4557 389 4625 qui
419 4555 523 4609 sint
547 4567 806 4623 pauperes
836 4565 993 4617 supra
1023 4547 1361 4616 exposuimus
1388 4543 1462 4614 (a)
1489 4561 1501 4595 :
1537 4545 1633 4595 hos
1658 4549 1714 4595 et
1742 4555 1870 4608 ege-

305 4623 402 4701 nos
429 4645 804 4713 intelligan'ms.
832 4640 896 4694 Et
919 4639 1197 4693 Itumiliabit
1218 4636 1649 4689 calumniatorem.
1680 4623 1869 4685 Nullus

305 4739 496 4793 melius
539 4749 695 4805 quam
743 4731 984 4786 diabolus
1030 4729 1115 4782 hic
1159 4725 1508 4781 calumniator
1545 4721 1865 4792 agnoscitur.

302 4826 573 4882 Calumnia
611 4823 724 4893 ejus
760 4830 843 4877 est
875 4839 888 4873 :
924 4818 1184 4888 Numquid
1224 4816 1378 4886 gratis
1417 4814 1535 4866 colit
1568 4811 1667 4864 Job
1710 4809 1870 4863 Deum

308 4918 426 4988 (Job
457 4935 508 4981 ι,
544 4916 634 4985 9)?
690 4913 939 4968 Humiliat
981 4921 1153 4964 autem
1199 4909 1345 4962 illum
1392 4907 1643 4960 Dominus
1681 4903 1865 4966 Jesus,

302 5009 471 5080 gratia
499 5021 592 5060 sua
622 5020 747 5059 suos
773 5004 1059 5071 adjuvans,
1090 5010 1145 5054 ut
1172 4999 1336 5068 gratis
1369 4997 1534 5051 Deum
1564 4994 1776 5058 colant,
1820 4993 1872 5046 id

303 5111 407 5164 est,
439 5099 770 5154 delectentur
799 5096 852 5148 in
881 5093 1104 5147 Domino
1137 5091 1306 5162 (Psal.
1333 5103 1524 5150 χχχιιι,
1553 5086 1641 5156 4).
1686 5085 1872 5138 11ιιηιί-

306 5191 458 5246 liavit
503 5188 662 5242 etiam
707 5187 818 5240 sic:
845 5185 967 5254 quia
1006 5197 1126 5236 cum
1168 5181 1219 5233 in
1268 5195 1332 5233 eo
1375 5177 1637 5240 diabolus,
1672 5175 1724 5229 id
1769 5181 1871 5239 est,

307 5285 556 5352 princeps
599 5280 756 5348 hujus
805 5277 984 5354 mundi
1029 5273 1159 5329 nihil
1207 5271 1495 5325 invenisset
1541 5267 1731 5340 (Joan.
1762 5281 1872 5331 xw,

305 5348 422 5442 iitl),
443 5348 636 5426 occidit
663 5385 756 5438 per
774 5349 1062 5421 calamities
1081 5361 1382 5416 Judaeorum
1403 5377 1416 5422 ;
1436 5358 1625 5428 quibus
1648 5366 1728 5410 est
1747 5369 1878 5409 usus
1903 5348 1916 5356 ’

310 5463 664 5518 calumniator
693 5468 938 5528 tanquam
965 5455 1104 5509 vasis
1135 5449 1264 5517 suis,
1293 5465 1521 5521 operans
1548 5450 1598 5502 in
1627 5447 1749 5500 [iliis
1771 5445 1878 5500 dif-

310 5557 542 5611 lidentize
569 5551 784 5624 (Epiros.
809 5567 863 5613 ιι,
885 5549 962 5619 2).
995 5547 1310 5621 Humiliatus
1338 5555 1420 5601 est
1445 5543 1608 5611 enim,
1637 5541 1760 5613 quia
1787 5539 1876 5595 ille

374 5712 390 5744 ι
418 5710 490 5756 sic
513 5716 616 5755 Mss.
643 5714 697 5754 Αι
718 5705 850 5762 t-de.,
872 5703 1178 5752 commixtum
1194 5705 1281 5749 est.

372 5774 446 5831 tu)
468 5780 631 5832 supra,
656 5781 704 5814 ιι.
728 5768 775 5815 5.

602 5819 873 5906 rmoi.
916 5841 1218 5906 xxxvr.

239 436 242 438 _
290 345 393 400 905
1365 338 1756 396 ENARRATIO
1797 339 1863 396 IN
1901 341 2222 400 pensum
2263 343 2446 397 LXXI.
2486 309 2490 314 ’

151 452 159 461 ’
289 461 340 514 id
370 469 470 521 est,
501 456 667 510 Adam
697 456 782 525 qui
813 455 1088 522 iuit-caput
1117 455 1295 506 mortis
1325 464 1516 507 nostra:
1535 494 1549 516 ,
1580 463 1634 507 et
1661 453 1858 508 Christi

3409 338 3512 391 906

1967 472 2121 524 quem
2151 456 2457 510 occiderant
2482 458 2790 521 resurrexit,
2816 469 2868 512 et
2893 475 3112 528 regnum
3141 461 3358 515 abstulit
3382 478 3526 515 motu

1967 550 2060 610 tis;
2090 549 2242 617 cujus
2270 548 2358 601 ille
2381 557 2699 616 potestatem
2726 550 2793 602 ita
2813 552 3030 619 gerebat
3051 560 3075 613 ,'
3098 561 3153 603 ut
3190 567 3252 604 ex
3282 567 3388 606 uno
3426 552 3526 605 ho-
3583 601 3589 609 .

1963 651 2104 696 mine
2126 658 2281 711 quem
2303 643 2605 712 deceperat,
2629 656 2814 696 omnes
2835 659 2928 711 per
2950 653 3172 697 mortem
3205 645 3438 698 traheret
3459 644 3526 698 ad

1961 733 2479 786 comicmnationem.
2503 733 2605 786 Sed
2640 733 2942 786 humiliatus
2960 744 3073 794 est;
3105 735 3352 803 quoniam
3385 733 3428 786 si
3457 735 3528 786 ob

1963 825 2116 878 unius
2137 824 2387 876 delictum
2416 840 2558 877 mors
2586 824 2824 893 regnavit
2852 839 2947 892 per
2971 840 3155 880 unum.
3172 823 3339 876 multo
3360 825 3527 894 magis

1963 916 2048 984 qui
2081 915 2456 969 abundantiam
2483 915 2666 984 gratia:
2694 914 2982 983 etjustitia:
3005 913 3306 983 accipiunt,
3341 915 3394 968 in
3421 915 3527 967 vita

1963 1007 2256 1075 regnabunt
2301 1022 2394 1074 per
2420 1020 2580 1058 unum
2613 1005 2791 1059 .lcsum
2822 1005 3089 1059 Christum
3120 1005 3302 1072 (llam,
3328 1020 3383 1068 ιμ’,
3418 1005 3526 1070 l7).

1962 1097 2048 1166 qui
2086 1096 2385 1150 humiliarit
2415 1095 2873 1158 calumniatorem,
2901 1096 3028 1148 falsa
3049 1096 3291 1156 crimina,
3317 1095 3528 1162 iniquos

1957 1185 2357 1257 judiccs,l‘alsos
2384 1196 2563 1249 testes,
2584 1197 2638 1238 ut
2667 1202 2786 1239 eum
2822 1189 3100 1253 perderent
3128 1186 3520 1238 immittentcm.

2031 1279 2084 1333 8.
2118 1277 2266 1350 [vers.
2291 1275 2367 1350 5.]
2396 1277 2461 1330 Et
2499 1277 2800 1344 permanebit
2824 1278 2951 1342 soli,
2977 1277 3058 1330 vel
3086 1277 3388 1345 permanebit
3415 1293 3529 1328 cum

1961 1370 2082 1422 sole.
2111 1369 2199 1422 Sic
2227 1369 2366 1425 enim
2394 1370 2582 1422 melius
2612 1367 3066 1437 interpretandum
3103 1367 3319 1436 quidam
3359 1367 3529 1420 nostri

1963 1473 2302 1530 putaverunt,
2323 1461 2461 1530 quod
2503 1462 2553 1513 in
2581 1475 2752 1529 graeco
2791 1470 2874 1514 est
2909 1473 3274 1528 συμπαραμενεϊ.
3303 1458 3453 1522 Quod
3482 1460 3528 1512 si

1964 1553 2122 1606 latine
2163 1566 2268 1606 uno
2289 1551 2450 1605 verbo
2478 1550 2580 1604 dici
2610 1559 2818 1619 posset,
2849 1549 3303 1617 con'ipermanebit
3343 1548 3529 1601 dicen-

1962 1641 2086 1696 dum
2118 1651 2260 1696 essu
2287 1659 2299 1694 :
2330 1642 2451 1696 ideo
2479 1642 2599 1710 quia
2628 1641 2787 1702 latine
2813 1641 3030 1694 verbum
3064 1656 3167 1692 non
3196 1649 3368 1708 potest
3392 1639 3524 1701 dici;

1962 1745 2021 1788 ut
2045 1735 2232 1788 saltem
2260 1734 2521 1788 sententia
2544 1734 2952 1801 exprimeretur,
2976 1731 3174 1784 dictum
3199 1739 3302 1795 est,
3327 1745 3528 1798 perma-

1963 1824 2091 1877 nebit
2131 1840 2243 1876 cum
2284 1823 2406 1877 sole.
2456 1823 2594 1877 Nihil
2622 1833 2703 1876 est
2731 1822 2870 1875 enim
2900 1821 3040 1874 aliud
3079 1819 3534 1888 compermancbit

1963 1915 2082 1977 soli,
2114 1929 2269 1981 quam
2299 1912 2603 1980 permanebit
2627 1928 2740 1964 cum
2765 1911 2888 1965 sole.
2916 1910 3051 1975 Quid
3077 1921 3248 1964 autem
3284 1890 3555 1978 magnunr

1963 2017 2045 2060 est
2087 2020 2402 2075 permanere
2445 2019 2566 2062 cum
2615 2004 2731 2058 sole
2777 2004 2826 2057 ei
2878 2019 2972 2071 per
3026 2017 3182 2070 quem
3231 2005 3362 2054 facta
3408 2010 3532 2053 sunt

1963 2099 2161 2162 omnia,
2193 2107 2247 2151 et
2269 2098 2384 2152 sine
2407 2111 2512 2166 quo
2539 2095 2733 2150 factum
2761 2104 2842 2148 est
2869 2093 3000 2147 nihil
3031 2092 3204 2166 (Joan.
3238 2108 3286 2152 ι,
3317 2092 3404 2161 '5);
3432 2091 3532 2145 nisi

1963 2189 2084 2258 quia
2113 2187 2226 2243 lucc
2249 2187 2524 2257 prophetia
2551 2195 2768 2256 prOpter
2788 2199 2882 2262 eos
2909 2184 3181 2251 praemissa
3203 2192 3306 2246 est,
3329 2181 3417 2251 qui
3444 2196 3534 2250 pu-

1967 2287 2080 2331 tant
2120 2278 2429 2346 religionem
2468 2276 2699 2330 nominis
2726 2273 2999 2328 christiani
3032 2288 3196 2342 usque
3233 2272 3296 2325 ad
3326 2282 3532 2326 certmn

1966 2377 2172 2437 tempus
2200 2369 2250 2421 in
2281 2367 2382 2422 hoc
2407 2366 2601 2421 steculo
2627 2366 2882 2419 victuram
2905 2405 2918 2428 ,
2952 2372 3006 2418 et
3047 2371 3228 2433 postea
3261 2377 3363 2416 non
3393 2363 3529 2414 lutu-

1964 2461 2112 2515 ram?
2142 2459 2455 2514 Permanebit
2478 2473 2605 2528 ergo
2627 2473 2743 2510 cum
2766 2457 2890 2522 sole,
2917 2455 3166 2526 quamdiu
3191 2455 3269 2508 sol
3291 2453 3460 2507 oritur
3479 2462 3537 2508 et

1965 2550 2195 2606 occidit:
2226 2551 2327 2605 hoc
2367 2559 2483 2612 est,
2513 2546 2764 2619 quamdiu
2811 2555 3047 2615 tempora
3089 2545 3186 2598 ista
3227 2543 3529 2608 volvuntur,

1966 2657 2071 2695 non
2100 2642 2270 2696 deerit
2299 2640 2532 2694 Ecclesia
2567 2638 2680 2703 Dei,
2708 2637 2760 2692 id
2779 2645 2882 2699 est,
2913 2635 3106 2700 Christi
3131 2648 3325 2702 corpus
3348 2632 3400 2686 in
3427 2642 3533 2686 ter-

1966 2736 2057 2790 ris.
2094 2733 2247 2802 Quod
2276 2747 2402 2787 vero
2429 2730 2666 2801 adjungit
2685 2771 2700 2794 ,
2726 2727 2791 2782 Et
2819 2735 2934 2780 ante
2962 2727 3163 2788 lunam,
3193 2707 3536 2794 generationes

1965 2825 2340 2896 generationum
2363 2838 2381 2876 :
2404 2821 2571 2891 potuit
2592 2820 2792 2881 dicere,
2815 2818 2885 2871 Et
2910 2823 3033 2869 ante
3057 2815 3246 2876 solem,
3276 2814 3325 2866 id
3355 2821 3456 2879 est,
3479 2821 3536 2866 et

1967 2930 2086 2971 cum
2117 2915 2251 2978 sole,
2272 2922 2328 2969 et
2349 2912 2702 2973 ante'solem;
2729 2907 2870 2979 quod
2896 2907 3297 2975 intelligeretur,
3320 2903 3533 2957 Etcum

1971 3005 2327 3076 temporibus,
2353 3013 2408 3058 et
2431 3011 2556 3057 ante
2583 3009 2842 3070 tempora.
2873 2996 3020 3064 Quod
3051 3010 3178 3064 ergo
3205 3004 3413 3063 tempus
3439 3009 3534 3048 an-

1969 3093 2198 3163 tecedit,
2229 3107 2486 3152 aeternum
2533 3103 2617 3150 est
2645 3110 2658 3146 :
2691 3102 2745 3147 et
2791 3092 2892 3145 hoc
2937 3103 3061 3144 vere
3108 3087 3404 3141 habendum
3453 3095 3535 3139 est

1968 3198 2243 3255 aeternum,
2265 3187 2405 3257 quod
2429 3185 2574 3239 nullo
2605 3189 2842 3251 tempore
2867 3181 3123 3243 variatur,
3153 3177 3290 3232 sicut
3315 3178 3364 3230 in
3389 3176 3535 3244 prin-

1968 3284 2106 3353 cipio
2131 3290 2246 3337 erat
2267 3279 2519 3335 Verbum.
2565 3276 2670 3331 Sed
2700 3290 2791 3345 per
2818 3273 2996 3327 lunam
3022 3270 3324 3340 signiﬁcare
3349 3267 3537 3320 maluit

1967 3377 2290 3432 incrementa
2344 3369 2686 3436 deiectusque
2744 3364 3066 3420 mortalium.
3120 3361 3358 3428 Denique
3405 3372 3528 3412 cum

1967 3467 2216 3528 dixisset,
2244 3457 2359 3515 ante
2388 3460 2592 3519 lunam;
2632 3457 2811 3510 volens
2846 3450 3238 3522 quodammodo
3265 3461 3535 3516 exponere

1969 3571 2066 3626 pro
2091 3569 2192 3624 qua
2219 3568 2278 3606 re
2303 3552 2481 3604 lunam
2511 3546 2765 3617 posuerit,
2794 3543 3153 3614 generationes,
3179 3539 3365 3608 inquit,
3387 3552 3536 3606 gene-

1967 3646 2258 3698 rationum:
2282 3650 2527 3708 tanquam
2555 3637 2773 3700 diceret,
2807 3637 2934 3686 Ante
2962 3631 3164 3694 lunam,
3207 3630 3259 3682 id
3293 3638 3375 3682 est
3409 3636 3535 3681 ante

1969 3734 2306 3806 generationes
2334 3729 2708 3800 generationum
2725 3766 2739 3787 ,
2766 3740 2884 3793 qua:
2912 3729 3186 3774 transeunt
3223 3717 3536 3776 decessione

1971 3836 2024 3880 et
2051 3822 2388 3877 successione
2424 3818 2761 3878 mortalium,
2794 3825 3042 3882 tanquam
3069 3810 3419 3864 decrementis
3449 3809 3534 3862 in-

1970 3915 2358 3981 crcmentisque
2387 3909 2678 3964 lunaribus.
2703 3910 2780 3960 Ac
2820 3920 2911 3974 per
2951 3905 3052 3957 hoc
3074 3901 3198 3971 quid
3231 3901 3420 3954 melius
3448 3899 3535 3952 in-

1975 4005 2222 4074 telligitur
2252 4015 2563 4072 permanere
2585 4007 2700 4051 ante
2727 3998 2898 4050 lunam
2918 4035 2934 4061 ,
2964 3995 3061 4047 nisi
3092 3993 3266 4046 omnia
3295 3991 3535 4045 mortalia

1973 4096 2369 4153 immortalitate
2397 4091 2732 4174 praecedere?
2755 4088 2902 4156 Quod
2931 4088 3086 4158 etiam
3107 4087 3188 4141 sic
3219 4101 3321 4139 non
3351 4074 3534 4138 incon-

1972 4189 2242 4241 venienter
2270 4184 2436 4251 accipi
2465 4189 2672 4250 potest,
2704 4187 2759 4232 ut
2784 4177 2924 4248 quod
2950 4178 3056 4245 jam
3085 4176 3358 4229 humiliato
3384 4176 3532 4227 calu-

1975 4278 2231 4332 mniatorc
2257 4273 2407 4328 sedet
2435 4273 2499 4325 ad
2529 4272 2800 4326 dexteram
2832 4269 3002 4323 Patris
3021 4309 3034 4331 ,
3079 4267 3178 4321 hoc
3215 4270 3283 4321 sit
3323 4281 3534 4335 perma-

1975 4385 2102 4424 nere
2129 4385 2239 4421 cum
2268 4365 2392 4419 sole.
2433 4363 2694 4432 Splendor
2719 4361 2859 4415 enim
2888 4370 3101 4413 :etcrna:
3128 4358 3309 4427 gloria:
3339 4357 3534 4409 intelli-

1972 4463 2113 4530 gitur
2154 4458 2317 4511 Filius
2355 4455 2611 4524 (Habui,
2636 4454 2723 4521 3);
2755 4463 2998 4518 tanquam
3042 4450 3118 4500 sol
3166 4449 3234 4500 sit
3276 4447 3449 4506 Pater.
3482 4453 3538 4498 et

1976 4550 2228 4623 splendor
2250 4549 2362 4618 ejus
2391 4545 2554 4600 Filius
2581 4546 2726 4613 ejus;
2758 4541 2858 4596 sed'
2890 4541 3025 4594 sicut
3052 4540 3148 4591 ista
3179 4537 3282 4589 dici
3317 4545 3539 4606 possunt

1975 4645 2041 4698 de
2082 4643 2328 4696 invisibili
2369 4638 2664 4692 substantia
2706 4635 2972 4689 Creatoris
3002 4649 3014 4684 :
3047 4644 3150 4683 non
3180 4629 3314 4681 sicut
3341 4641 3407 4681 ue
3435 4627 3534 4681 ista

1976 4733 2166 4788 \‘isibili
2191 4721 2452 4793 creatura,
2485 4730 2535 4781 in
2561 4742 2662 4796 qua
2689 4734 2812 4778 sunt
2839 4736 3057 4790 corpora
3086 4719 3320 4773 catlestia
3340 4759 3356 4782 ,
3397 4733 3536 4785 quu-

1972 4843 2090 4881 rum
2117 4825 2370 4879 illustrius
2396 4821 2592 4874 eminet
2621 4817 2698 4870 sol
2723 4857 2736 4882 ,
2763 4815 2829 4868 de
2855 4827 2959 4882 quo
2988 4812 3102 4864 ha-c
3127 4807 3412 4866 similitudo
3437 4806 3540 4860 ad-

1975 4918 2136 4972 hibita
2184 4924 2295 4977 est;
2333 4913 2470 4967 sicut
2516 4908 2796 4962 adhibetur
2838 4904 2996 4958 etiam
3043 4900 3110 4955 de
3159 4897 3536 4962 terrestribus,

1977 5018 2147 5078 petra,
2170 5007 2276 5068 leo,
2298 5017 2484 5072 agnus,
2508 4999 2666 5052 homo
2690 4996 2889 5049 habens
2908 4993 3042 5048 duos
3069 4991 3224 5055 tilios,
3247 5001 3299 5043 et
3320 5001 3536 5044 caetera.

1978 5101 2116 5167 Ergo
2165 5095 2439 5149 Innniliato
2484 5088 2864 5145 calumniatore
2909 5091 3182 5153 permanet
3227 5097 3342 5133 cum
3394 5083 3534 5143 sole;
3627 5146 3636 5153 .

1979 5191 2100 5262 quia
2128 5189 2267 5242 victo
2289 5184 2501 5239 diabolo
2531 5197 2622 5252 per
2647 5178 3113 5238 resurrectionem,
3141 5172 3290 5229 sedet
3318 5171 3381 5224 ad
3405 5171 3530 5224 dex-

1981 5293 2145 5338 teram
2173 5279 2344 5334 Patris
2368 5275 2556 5348 (Marc.
2585 5289 2692 5335 ενι,
2718 5270 2830 5342 19),
2854 5269 2938 5323 ubi
2959 5269 3066 5339 jam
3095 5284 3198 5321 non
3221 5265 3461 5326 moritur,
3483 5270 3535 5315 et

1982 5387 2125 5427 mors
2149 5369 2199 5426 ei
2226 5369 2357 5422 ultra
2386 5382 2488 5420 non
2512 5363 2866 5435 dominabitur
2890 5359 3064 5431 (Rom.
3086 5375 3136 5412 vr
3157 5400 3171 5424 ,
3198 5355 3274 5427 9).
3331 5355 3398 5408 Et
3438 5352 3538 5406 huc

1982 5472 2098 5516 ante
2126 5460 2318 5522 lunam,
2352 5468 2595 5526 tauquam
2629 5452 3007 5524 primogenitae
3031 5467 3061 5504 a
3086 5447 3307 5505 mortuis
3331 5457 3534 5514 przece-
3595 5503 3602 5509 _

1980 5555 2113 5610 dens
2139 5550 2450 5612 Ecclesiam,
2475 5547 2772 5602 mortalium
2793 5544 3100 5599 decessione
3119 5554 3181 5593 ac
3201 5535 3539 5592 successione

1983 5652 2362 5702 transeuntem.
2417 5640 2544 5709 Ipsa:
2593 5646 2717 5692 sunt
2761 5634 3099 5707 generationes
3144 5630 3534 5699 generationum.

1987 5742 2090 5794 Aut
2121 5736 2256 5792 forte
2283 5734 2401 5806 quia
2431 5731 2797 5804 generationes
2822 5735 2973 5786 sunt,
3001 5722 3189 5791 quilms
3222 5732 3538 5786 generantur

2824 5810 3303 5894 (l'ingt-meuf.)
