4020 6198
469 341 570 394 9οἹ

469 452 788 514 mortaliter;
818 444 1160 520 generationes
1188 453 1365 498 autem
1395 425 1774 515 generationum
1793 484 1810 509 ,
1840 442 2034 514 quibus

463 553 842 610 regeneramur
866 535 1257 592 immortaliter.
1283 535 1347 590 Et
1374 533 1487 588 haec
1511 545 1589 588 est
1616 533 1855 588 Ecclesia
1882 547 2038 603 quam

469 634 558 689 Ille
586 629 894 696 antecessit,
918 639 973 683 ut
1001 637 1338 698 permaneret
1361 638 1480 681 ante
1507 626 2042 697 lunam,,primogeni-

470 736 551 780 tus
579 741 643 779 ex
675 723 920 778 mortuis.
943 721 1084 776 Sane
1111 718 1254 791 quod
1283 729 1364 776 est
1395 720 1446 774 in
1473 733 1648 790 graeco
1670 740 1825 785 γονίας
1849 730 2040 786 γενεῶν,

470 814 702 870 nonnulli
737 812 1071 884 interpretati
1099 821 1257 878 sunt,
1286 827 1390 868 non
1427 811 1803 883 generationes,
1832 809 1924 863 sed
1954 825 2043 880 ge-

468 906 736 960 nerationis
755 905 1131 978 generationum
1149 918 1169 958 :
1188 903 1307 973 quia
1324 925 1477 970 γενιοις
1497 902 1775 971 ambiguus
1790 911 1870 956 est
1888 916 2045 957 casus

470 999 519 1052 in
547 1012 742 1066 grteco,
773 1006 826 1051 et
855 1007 1030 1051 utrum
1057 995 1324 1065 genitivus
1348 993 1636 1063 singularis
1663 994 1730 1046 sit
1755 1008 1840 1054 τῆς
1866 999 2041 1058 γενεᾶς,

465 1086 520 1144 id
549 1095 663 1152 est,
693 1086 853 1156 hujus
894 1087 1293 1156 generationis,
1337 1100 1402 1138 an
1450 1083 1782 1138 accusativus
1826 1083 2045 1152 pluralis

467 1189 551 1243 τὰς
571 1186 755 1248 γενεάς,
781 1179 830 1233 id
857 1189 959 1243 est,
980 1179 1076 1232 has
1102 1178 1496 1248 generationes,
1517 1191 1620 1230 non
1647 1175 1928 1230 evidenter
1953 1189 2046 1242 ap-

471 1283 650 1340 paret;
684 1271 782 1325 nisi
807 1270 928 1340 quia
957 1269 1150 1324 merito
1176 1283 1368 1322 sensus
1415 1267 1500 1320 ille
1550 1265 1802 1336 praelatus
1838 1273 1920 1318 est
1941 1304 1954 1326 ,
1987 1273 2046 1317 ut

472 1374 720 1432 tanquam
748 1361 1066 1432 exponendo
1095 1359 1220 1431 quid
1251 1359 1443 1412 dixerit
1472 1357 1676 1421 lunam,
1704 1365 1920 1412 secutus
1946 1354 2045 1410 ad-

465 1455 728 1524 jungcret,
757 1455 1103 1526 generationes
1129 1452 1528 1524 generationum.

538 1545 591 1601 9.
625 1543 772 1618 [oers.
804 1541 887 1616 6.]
918 1543 984 1597 Et
1021 1542 1285 1597 descendet
1317 1541 1445 1594 sicut
1490 1539 1661 1607 pluvia
1690 1539 1741 1592 in
1768 1538 1959 1598 vellus,
1999 1547 2045 1590 et

468 1639 594 1692 sicut
616 1647 771 1710 gutta:
798 1636 1049 1692 stillantes
1071 1651 1224 1705 super
1253 1643 1459 1687 terram.
1493 1631 1730 1686 Reeoluit
1769 1638 1824 1683 et
1857 1629 2044 1684 admo-

470 1731 584 1784 nuit
613 1709 738 1784 illud
779 1729 920 1797 quod
964 1727 1158 1782 laetum
1193 1735 1276 1780 est
1303 1740 1397 1794 per
1430 1722 1659 1794 judicent
1690 1721 1939 1782 Gedeon,
1977 1717 2046 1774 de

469 1820 681 1875 Christo
715 1818 766 1875 id
807 1819 1005 1874 habere
1034 1817 1216 1872 linem.
1262 1816 1415 1871 Petiit
1441 1816 1635 1884 quippe
1664 1812 1752 1866 ille
1783 1813 1988 1880 signum
2015 1825 2045 1864 a

473 1912 715 1973 Domino,
741 1918 796 1963 ut
830 1910 881 1964 in
909 1922 1033 1964 area
1059 1907 1286 1977 positum
1321 1905 1495 1960 solum
1530 1903 1694 1957 vellus
1724 1900 2048 1970 compluere-

471 2008 576 2072 tur,
605 2014 660 2058 et
684 2005 820 2058 sicca
848 2011 992 2056 esset
1015 2016 1172 2064 area;
1206 2008 1263 2054 et
1296 2013 1507 2052 rursum
1533 1997 1704 2050 solum
1733 1994 1901 2048 vellus
1939 1993 2046 2047 sic-

469 2112 588 2151 cum
613 2105 786 2159 esset,
814 2105 867 2149 et
895 2093 1294 2163 complueretnr
1318 2105 1474 2155 area;
1514 2098 1567 2143 et
1609 2089 1680 2142 ita
1726 2086 1921 2142 factum
1965 2093 2050 2141 est

471 2187 670 2254 (Jutlic.
695 2203 765 2247 vt,
792 2184 1002 2255 5640).
1033 2183 1184 2250 Quod
1213 2181 1549 2252 signiﬁcavit,
1573 2187 1821 2250 tanquam
1845 2179 1896 2232 in
1919 2192 2046 2232 area

474 2280 525 2331 in
557 2288 668 2331 toto
694 2276 824 2330 orbe
850 2285 1113 2329 terrarum
1135 2315 1149 2337 ,
1178 2274 1376 2327 siccum
1405 2271 1578 2325 vellus
1608 2268 1772 2324 fuisse
1815 2269 2046 2338 priorem

474 2370 722 2440 populum
750 2367 935 2423 Israel.
983 2366 1124 2421 Idem
1169 2366 1282 2435 ipse
1325 2379 1451 2434 ergo
1491 2361 1734 2417 Christus
1775 2361 2052 2417 descendit

471 2461 613 2516 sicut
653 2460 826 2530 pluvia
879 2458 933 2512 in
979 2457 1181 2522 vellus,
1202 2471 1322 2510 cum
1353 2454 1526 2508 adhuc
1553 2468 1676 2508 area
1703 2454 1842 2507 sicca
1869 2461 2048 2517 esset;

473 2553 612 2609 unde
637 2553 795 2608 etiam
819 2552 990 2606 dixit:
1020 2548 1140 2604 Non
1177 2565 1290 2603 sum
1329 2549 1508 2602 missus
1550 2547 1646 2600 nisi
1687 2547 1754 2600 ad
1795 2562 1908 2600 oves
1936 2561 2050 2616 qua:

473 2647 725 2716 perierunt
745 2645 924 2697 domus
953 2640 1117 2697 Israel
1137 2639 1352 2712 (Matth.
1378 2639 1604 2707 “,24).
1633 2637 1708 2692 lbi
1731 2647 1957 2692 matrem
1980 2635 2050 2691 de

472 2753 572 2808 qua
604 2734 832 2791 formam
862 2734 1003 2790 servi
1034 2733 1318 2802 acciperet,
1351 2732 1403 2786 in
1433 2746 1532 2801 qua
1563 2729 1866 2784 hominibus
1888 2743 2052 2797 appa-

472 2835 648 2892 reret,
679 2825 869 2895 elegit;
900 2824 970 2881 ibi
1008 2822 1303 2893 discipulos
1327 2821 1521 2892 quibus
1556 2820 1660 2875 hoc
1685 2819 1825 2874 idem
1853 2831 2052 2888 prarce-

473 2918 570 2988 pit,
593 2911 774 2972 dicens
801 2932 815 2971 :
844 2913 913 2970 In
936 2916 1068 2968 uiam
1091 2913 1325 2969 Gentium
1350 2930 1413 2968 ne
1435 2913 1676 2977 abieritis,
1696 2920 1743 2966 et
1762 2912 1812 2964 in
1830 2909 2054 2965 civitates

472 3010 911 3064 Samaritanorum
941 3025 1004 3062 ne
1025 3007 1318 3061 introieritt's
1339 3021 1358 3060 :
1379 3007 1445 3059 ite
1464 3007 1684 3076 primum
1707 3004 1776 3058 ad
1802 3021 1915 3059 oves
1939 3017 2053 3074 qua

473 3100 726 3172 perierunt
754 3098 935 3152 domus
960 3096 1130 3152 Israel
1169 3095 1279 3170 (Id.
1303 3113 1358 3161 x,
1382 3097 1416 3152 5
1438 3137 1452 3160 ,
1477 3095 1554 3166 6).
1593 3096 1725 3150 Cum
1762 3095 1925 3159 dicit,
1970 3092 2052 3149 Ite

473 3190 692 3263 primum
717 3188 783 3242 ad
813 3189 964 3254 illas,
992 3186 1227 3242 ostendit
1253 3195 1309 3240 et
1350 3195 1533 3256 postea
1555 3227 1569 3249 ,
1601 3201 1720 3240 cum
1754 3185 1864 3254 jam
1905 3192 2053 3240 esset

471 3295 594 3336 area
620 3277 991 3350 compluenda,
1022 3278 1191 3332 ituros
1219 3291 1316 3333 eos
1340 3275 1500 3331 etiam
1525 3275 1590 3329 ad
1620 3275 1752 3328 alias
1774 3290 1900 3330 oves
1930 3291 2050 3346 qua)

474 3388 578 3427 non
609 3380 788 3427 essent
810 3386 878 3426 ex
907 3371 1074 3426 veteri
1104 3368 1300 3439 populo
1327 3367 1526 3434 Israel,
1563 3366 1632 3422 de
1655 3367 1852 3437 quibus
1880 3367 2009 3422 dicit
2033 3385 2047 3421 :

475 3461 652 3519 Ilabeo
679 3463 808 3517 alias
837 3477 948 3516 ooes
975 3475 1087 3532 quae
1113 3476 1212 3516 non
1231 3470 1349 3515 sunt
1371 3475 1434 3514 ea:
1453 3459 1556 3513 hoc
1581 3458 1735 3523 ovili;
1759 3467 1950 3528 oportet
1973 3475 2052 3513 me

471 3565 520 3611 et
539 3556 673 3627 ipsas
692 3554 957 3618 adducere,
982 3561 1038 3606 ut
1057 3552 1121 3606 sit
1145 3568 1275 3606 unus
1295 3566 1420 3622 gres:
1445 3560 1491 3605 et
1513 3567 1644 3606 unus
1670 3561 1843 3622 pastor
1869 3549 2047 3622 (Joan.

473 3663 525 3708 ιι.
555 3645 659 3718 lli).
685 3645 818 3700 Hinc
836 3654 890 3700 et
910 3643 1195 3714 Apostolus
1217 3662 1230 3698 :
1252 3641 1379 3697 Dico
1399 3643 1554 3709 enim,
1579 3643 1771 3712 inquit,
1793 3639 2050 3698 Christum

474 3739 754 3792 ministrant
784 3737 940 3808 fuisse
963 3723 1356 3790 circumcisionis
1395 3743 1603 3806 propter
1636 3735 1890 3789 veritatem
1923 3733 2046 3802 Dei,

472 3833 541 3886 ad
564 3830 937 3901 conﬁrmandas
969 3829 1322 3899 promissiones
1351 3838 1575 3899 patrum.
1610 3826 1700 3884 Sic
1739 3827 1913 3896 pluvia
1950 3826 2050 3882 de-

475 3923 675 3980 scendit
702 3937 862 3993 super
886 3921 1056 3977 vellus
1076 3961 1093 3986 ,
1119 3920 1259 3975 sicca
1284 3919 1459 3975 adhuc
1485 3933 1634 3974 area.
1667 3918 1773 3974 Sed
1799 3919 2049 3988 quoniam

474 4014 734 4084 sequitur,
764 4011 948 4068 Gentes
991 4021 1158 4066 autem
1195 4027 1348 4081 super
1377 4010 1722 4064 misericordia
1761 4010 2052 4083 gloriﬁcare

476 4087 638 4160 Deum
669 4103 844 4174 (Rom.
869 4118 962 4168 xv,
984 4102 1039 4169 8,
1059 4101 1138 4174 9);
1161 4110 1221 4156 ut
1243 4100 1532 4157 accedente
1556 4108 1798 4171 tetttpore
1817 4093 2052 4171 comple-

477 4206 624 4252 retur
651 4193 790 4266 quod
823 4209 920 4264 per
949 4193 1269 4262 Prophetam
1296 4191 1454 4258 dicit,
1493 4189 1729 4262 Populus
1760 4194 1910 4262 quem
1948 4208 2051 4246 non

476 4292 684 4364 cognovi
717 4291 912 4344 servivit
947 4288 1071 4343 milii
1098 4303 1119 4343 :
1142 4288 1196 4342 in
1234 4285 1474 4342 obauditu
1512 4286 1652 4341 auris
1677 4286 1889 4340 obedisit
1929 4287 2054 4342 mihi

481 4387 647 4458 (l’sal.
670 4399 781 4440 xvtt
803 4425 816 4448 ,
858 4383 968 4454 65)
993 4401 1007 4436 :
1041 4380 1280 4435 videmus
1303 4379 1411 4449 jam
1439 4379 1605 4449 gratia
1632 4378 1824 4434 Christi
1855 4379 2052 4434 siccam

478 4476 800 4535 remansisse
824 4485 1035 4545 gentem
1063 4472 1365 4528 Iudaeorum
1386 4513 1401 4537 ,
1435 4480 1709 4542 totumque
1731 4472 1914 4527 orbem
1943 4482 2051 4528 ter-

478 4585 658 4624 rarum
698 4570 749 4624 in
788 4565 1038 4623 omnibus
1061 4564 1307 4634 gentibus
1333 4563 1636 4618 christiana:
1661 4563 1844 4634 gratia:
1883 4563 2056 4633 plenis

482 4661 707 4714 nubibus
731 4657 984 4728 coittplui.
1011 4655 1133 4710 Alio
1156 4653 1351 4724 quippe
1375 4652 1538 4707 verbo
1558 4653 1800 4709 eamdem
1825 4652 2055 4723 pluviam

482 4752 823 4818 significavit,
852 4751 1056 4816 dicens,
1080 4745 1249 4803 Guttte
1285 4745 1564 4810 stillantes;
1595 4761 1700 4800 non
1739 4745 1851 4815 jam
1896 4760 2059 4814 super

483 4842 652 4897 vellus
671 4883 686 4906 ,
715 4842 806 4895 sed
833 4859 984 4912 super
1007 4851 1211 4894 terram.
1253 4835 1390 4907 Quid
1419 4845 1503 4892 est
1527 4836 1666 4890 enim
1697 4836 1839 4891 aliud
1880 4835 2055 4907 pluvia

447 4980 456 4987 .
483 4948 641 5004 qnam
671 4941 831 5002 gutta:
860 4931 1153 4987 stillantes?
1184 4930 1307 4986 Ideo
1331 4937 1507 4983 autem
1536 4928 1680 4983 illam
1706 4939 1915 4999 gentem
1949 4929 2059 4982 vcl-

483 5027 611 5082 lcris
651 5023 864 5077 nomine
908 5023 1189 5094 signiﬁcari
1238 5031 1401 5092 puto,
1432 5021 1516 5075 vel
1559 5021 1680 5091 quia
1717 5021 2054 5092 exspolianda

483 5120 657 5177 fuerat
703 5115 1016 5172 auctoritate
1055 5115 1348 5182 doctrinae,
1393 5115 1531 5168 sicut
1575 5113 1692 5168 ovis
1732 5113 2059 5182 exspoliatur

485 5210 718 5271 vellere;
750 5205 835 5259 vel
864 5204 984 5274 quia
1016 5206 1067 5259 in
1096 5206 1275 5260 abdito
1303 5205 1544 5260 eamdem
1578 5205 1808 5276 pluviam
1849 5205 2058 5260 detine-

485 5302 596 5364 bat,
620 5312 776 5368 quam
808 5295 1020 5350 nolebat
1051 5297 1307 5366 prteputio
1341 5297 1654 5365 praedicari,
1679 5296 1730 5351 id
1757 5307 1873 5365 est,
1901 5298 2061 5354 incir-

488 5391 738 5448 cumcisis
761 5387 1007 5461 gentibus
1038 5387 1280 5441 revelari.

562 5484 647 5539 10.
678 5482 826 5557 [vers.
852 5475 932 5552 7.]
961 5478 1164 5533 Orietur
1187 5479 1239 5530 in
1269 5478 1438 5534 diebus
1469 5489 1578 5547 eius
1601 5483 1801 5551 justitia
1831 5493 1875 5536 et
1901 5483 2061 5538 abun-

489 5577 659 5632 dantia
687 5575 847 5647 pacis,
877 5570 1268 5654 donecjollatur
1297 5570 1436 5625 luna.
1482 5572 1534 5626 ld
1562 5573 1699 5642 quod
1731 5576 1927 5628 dictum
1956 5584 2058 5641 est,

493 5667 717 5732 tollatur,
747 5666 836 5721 alii
885 5663 1212 5734 interpretati
1258 5670 1413 5728 sunt,
1449 5666 1710 5725 auferatur
1731 5680 1750 5718 :
1777 5665 1866 5718 alii
1895 5681 2023 5720 vero
2045 5709 2058 5730 ,

494 5761 798 5825 extollatur;
825 5773 988 5813 unum
1014 5755 1233 5814 verbum
1254 5769 1486 5825 grzecutn
1515 5755 1650 5810 sicut
1679 5755 1958 5828 unicuique
1983 5758 2062 5814 vi-

1704 325 1760 386 S.
1803 324 2163 385 AUGUSTINI
2203 326 2512 386 EPISCOPI.

3627 333 3732 389 θοι

2147 456 2265 496 sum
2298 452 2400 505 est,
2433 443 2836 508 transferentes,
2857 443 2998 512 quod
3026 444 3356 516 ibi-positum
3382 458 3478 510 est,
3509 451 3731 503 ἀνταναι-

2145 541 2274 604 μθῆ.
2306 532 2411 588 Sed
2440 533 2529 602 qui
2555 533 2824 600 dixerunt,
2850 534 3078 600 tollatur,
3101 546 3153 590 et
3179 537 3270 606 qui
3290 537 3558 603 dixerunt,
3582 544 3734 608 aute-

2146 636 2312 690 ratur,
2341 641 2444 680 non
2474 640 2641 696 usque
2667 625 2802 681 adeo
2823 626 3117 681 dissonant.
3145 626 3380 682 Tollatur
3397 633 3538 684 enim
3563 638 3733 703 magis

2147 715 2306 772 habet
2349 715 2680 772 consuetudo
2721 717 2793 772 ita
2835 716 2974 783 diei,
3010 726 3072 772 ut
3108 720 3378 773 auferatur
3403 730 3460 775 et
3489 737 3596 776 non
3625 725 3730 787 sit,

2147 825 2304 880 quam
2338 810 2410 865 ita
2439 820 2496 864 ut
2522 811 2680 864 altius
2707 809 2972 876 elevetur;
3019 815 3286 881 auferatur
3331 827 3457 868 vero
3507 829 3735 882 prorsus

2149 902 2306 956 aliter
2333 901 2554 972 intelligi
2587 915 2691 955 non
2718 909 2930 971 potest,
2963 900 3064 955 nisi
3091 911 3149 956 ut
3179 902 3451 970 perdatur,
3483 903 3585 959 hoc
3610 916 3730 971 est,

2149 1003 2205 1046 ιιι
2231 1007 2334 1047 non
2366 993 2434 1047 sit
2460 1011 2472 1048 :
2496 991 2768 1047 extollatur
2791 1002 2971 1047 autem
2998 993 3130 1048 nihil
3161 995 3262 1048 nisi
3293 1004 3350 1048 ut
3375 996 3534 1050 altius
3561 997 3724 1052 elcve

2153 1095 2256 1140 tur.
2297 1085 2448 1152 Quod
2493 1086 2707 1156 quidem
2749 1101 2869 1140 cum
2902 1085 2953 1140 in
2986 1087 3130 1140 tnalo
3163 1089 3393 1157 ponitur,
3422 1091 3734 1158 superbiam

2150 1181 2287 1233 solet
2328 1178 2659 1248 signiﬁcare;
2688 1179 2844 1233 sicuti
2875 1189 2956 1233 est
2985 1197 2998 1230 :
3027 1178 3094 1233 In
3123 1189 3210 1232 tua
3233 1181 3481 1248 sapientia
3511 1183 3618 1235 noli
3644 1199 3734 1236 w-

2151 1272 2262 1326 tolli
2293 1271 2479 1342 (Eccli.
2505 1271 2770 1341 xxxn,’6).
2796 1270 2850 1324 in
2880 1273 3018 1327 bono
3038 1282 3214 1326 autem
3231 1273 3580 1330 adahonorem
3611 1292 3732 1341 per-

2151 1367 2284 1420 tinet
2322 1365 2676 1434 ampliorem,
2706 1363 2852 1419 velut
2879 1380 2998 1418 cum
3027 1365 3226 1435 aliquid
3265 1366 3542 1431 elevatur;
3575 1368 3733 1423 sicuti

2150 1467 2269 1512 est:
2301 1456 2363 1510 In
2393 1455 2620 1510 noctibus
2655 1455 2876 1510 attollite
2916 1473 3097 1511 manus
3133 1467 3318 1511 vestras
3351 1457 3404 1512 in
3443 1471 3655 1525 sancta,
3687 1471 3736 1514 et

2149 1549 2420 1604 benedicite
2448 1549 2724 1604 Dominum
2752 1549 2923 1624 (Psal.
2949 1566 3167 1616 cxxxiii,
3193 1551 3272 1620 2).
3297 1551 3394 1610 Hic
3420 1568 3552 1624 ergo
3579 1555 3623 1607 si
3649 1571 3736 1607 au-

2150 1644 2344 1712 feratur
2372 1641 2570 1697 dictum
2599 1643 3038 1710 intellexerimus,
3061 1643 3186 1712 quid
3216 1645 3316 1698 erit
3341 1643 3500 1698 donec
3524 1648 3735 1715 aufera-

2151 1743 2233 1786 tur
2252 1735 2394 1798 luna,
2423 1734 2522 1788 nisi
2545 1734 2807 1788 efﬁciatur
2827 1743 3010 1799 utnon
3039 1734 3139 1788 sit?
3167 1734 3430 1800 Fortassis
3459 1738 3603 1790 enim
3633 1737 3740 1793 hoc

2155 1825 2377 1894 intelligi
2408 1824 2595 1891 voluit,
2626 1839 2694 1879 ne
2722 1826 2941 1880 ulterius
2966 1826 3036 1879 sit
3062 1827 3379 1892 mortalitas,
3404 1827 3622 1897 quando
3651 1845 3737 1882 no-

2150 1917 2353 1970 vissima
2392 1917 2595 1969 inimica
2638 1919 2923 1970 destruetur
2965 1934 3101 1971 mors
3147 1917 3202 1988 (ι
3231 1917 3348 1971 Cor.
3376 1935 3461 1980 xv,
3489 1918 3598 1991 9.6)
3633 1938 3646 1972 :
3680 1931 3736 1976 ut

2152 2008 2296 2076 pacis
2325 2007 2641 2060 abundantia
2675 2022 2844 2076 usque
2884 2006 2952 2061 ad
2997 2007 3096 2062 hoc
3130 2009 3481 2077 perducatur,
3512 2027 3580 2065 ne
3605 2011 3736 2080 quid

2152 2104 2366 2154 resistat
2391 2099 2624 2153 felicitati
2650 2098 2926 2154 beatorum
2952 2100 2968 2131 ¹
2993 2115 3058 2154 ex
3088 2100 3395 2156 inﬁrmitate
3425 2103 3734 2156 mortalita-

2154 2193 2252 2258 tis;
2281 2192 2421 2262 quod
2448 2192 2549 2246 erit
2574 2191 2624 2245 in
2656 2191 2748 2245 illo
2775 2193 3005 2256 saeculo,
3048 2192 3203 2262 cujus
3246 2203 3492 2248 tenemus
3525 2195 3734 2249 ﬁdelem

2156 2285 2559 2354 promissionem
2590 2284 2683 2338 Dei
2715 2298 2810 2352 per
2829 2282 3011 2338 .lcsum
3033 2281 3303 2338 Christum
3332 2284 3619 2339 Dominum
3642 2303 3736 2339 no-

2154 2389 2346 2443 strum,
2373 2377 2442 2431 de
2468 2391 2572 2448 quo
2593 2375 2808 2440 dicitur,
2835 2375 3040 2431 Orietur
3064 2377 3114 2429 in
3143 2375 3316 2429 diebus
3336 2376 3448 2447 ejus
3462 2377 3670 2448 justitia
3691 2385 3739 2431 et

2152 2469 2465 2523 abtutdantia
2495 2469 2633 2540 pacis
2660 2483 2679 2522 :
2701 2468 2872 2523 donec
2897 2479 3072 2523 morte
3097 2468 3315 2523 onmino
3339 2469 3548 2523 devicta
3580 2478 3739 2539 atque

2153 2563 2420 2614 destructa
2442 2602 2456 2624 ,
2479 2559 2652 2614 omnis
2676 2560 2972 2615 mortalitas
2997 2561 3325 2616 absumatur.
3354 2560 3448 2615 Sin
3483 2575 3613 2614 vero
3645 2575 3737 2614 vo-

2153 2653 2340 2709 cabulo
2369 2654 2508 2708 luna:
2531 2693 2546 2718 ,
2578 2669 2682 2708 non
2712 2653 3007 2709 mortalitas
3036 2654 3213 2709 carnis
3260 2669 3355 2723 per
3389 2669 3548 2723 quam
3594 2668 3738 2710 nunc

2155 2747 2340 2801 transit
2365 2745 2624 2812 Ecclesia,
2653 2746 2748 2801 sed
2779 2747 2891 2816 ipsa
2917 2746 3135 2800 omnino
3163 2745 3402 2801 Ecclesia
3432 2745 3733 2816 signiﬁcata

2153 2845 2267 2904 est,
2299 2851 2418 2909 qua:
2446 2846 2756 2908 permaneat
2781 2838 2832 2891 in
2861 2849 3120 2893 aeternum
3142 2879 3157 2902 ,
3187 2838 3254 2891 ab
3284 2837 3383 2890 hac
3410 2837 3737 2892 mortalitate

2155 2930 2404 2997 liberata;
2438 2932 2507 2985 ita
2529 2930 2727 2985 dictttm
2750 2931 3116 3000 accipiendum
3138 2939 3238 2994 est,
3263 2929 3465 2984 Orietur
3483 2931 3533 2983 in
3557 2931 3738 2984 diebus

2155 3025 2264 3092 ejus
2279 3024 2482 3092 justitia
2507 3033 2552 3076 et
2576 3022 2887 3076 abundantia
2917 3023 3078 3091 pacis,
3103 3025 3258 3076 donec
3285 3021 3560 3076 extollatur
3586 3023 3738 3088 luna,

2159 3124 2403 3186 tanquam
2446 3114 2753 3170 diceretur:
2784 3116 3001 3170 Orietur
3027 3115 3076 3168 in
3108 3115 3298 3170 diebus
3334 3115 3451 3185 ejus
3489 3114 3696 3184 justitia
3717 3157 3736 3181 ,

2155 3223 2273 3277 qute
2297 3207 2773 3262 contradictionem
2803 3223 2866 3262 ac
2894 3209 3293 3262 rebellationem
3321 3209 3498 3263 carnis
3525 3209 3738 3272 vincat,

2154 3309 2207 3354 et
2235 3301 2322 3354 lict
2362 3316 2458 3370 pax
2492 3301 2542 3354 in
2576 3308 2781 3355 tantum
2832 3315 3082 3355 crescens
3122 3311 3174 3354 et
3219 3299 3532 3367 abundans,
3562 3301 3737 3355 donec

2155 3388 2275 3444 luna
2304 3391 2606 3457 extollatur,
2634 3392 2684 3445 id
2710 3401 2815 3456 est,
2839 3393 3084 3446 clevetur
3110 3385 3368 3457 Ecclesia,
3393 3408 3489 3462 per
3509 3393 3733 3462 gloriam

2155 3484 2559 3539 resurrectionis
2605 3500 2725 3539 cum
2774 3484 2866 3538 illo
2912 3493 3231 3553 regnatura,
3258 3485 3346 3554 qui
3388 3501 3504 3540 eam
3547 3487 3597 3538 in
3631 3486 3738 3540 hac

2152 3575 2318 3646 gloria
2349 3576 2735 3646 primogenitus
2763 3591 2792 3630 a
2823 3576 3046 3630 mortuis
3073 3577 3393 3641 antecessit,
3435 3586 3495 3631 ut
3520 3577 3737 3632 sederet

2152 3667 2218 3721 ad
2261 3666 2534 3722 dexteram
2577 3667 2748 3723 Patris
2795 3666 2986 3740 (Mare.
3025 3683 3148 3734 xvi,
3174 3667 3319 3739 I9);
3366 3669 3435 3721 ita
3477 3685 3590 3722 cum
3628 3670 3741 3723 sole

2153 3773 2475 3828 permanens
2512 3769 2628 3813 ante
2665 3759 2872 3826 lunam,
2912 3772 3018 3829 quo
3059 3767 3244 3830 postea
3294 3759 3645 3814 extolleretur
3680 3770 3738 3815 et

2153 3851 2294 3904 luna.

2226 3943 2312 3998 ll.
2341 3939 2490 4016 [oers.
2516 3937 2596 4014 8.]
2623 3939 2689 3995 Et
2712 3939 3051 3996 dominabitur
3078 3957 3110 3995 a
3138 3941 3269 3994 mari
3298 3957 3453 4011 usque
3475 3943 3544 3992 ad
3573 3957 3736 4001 mare.

2153 4045 2200 4090 et
2225 4052 2256 4090 α
2277 4035 2488 4107 ﬂumine
2511 4050 2665 4105 usque
2687 4034 2754 4086 ad
2777 4034 3014 4088 terminos
3039 4033 3173 4087 orbis
3199 4043 3366 4087 terra.
3399 4033 3471 4087 De
3501 4048 3609 4104 quo
3635 4037 3742 4096 uti-

2154 4143 2259 4198 que
2283 4127 2492 4182 dixerat
2515 4145 2529 4180 :
2559 4126 2763 4180 Orietur
2785 4127 2838 4179 in
2860 4125 3032 4180 diebus
3057 4127 3164 4198 ejus
3178 4127 3381 4202 jnstitia
3405 4135 3452 4180 et
3477 4125 3738 4179 abundan-

2157 4222 2227 4275 tia
2254 4222 2394 4292 pacis
2412 4263 2426 4286 ,
2457 4221 2613 4274 donec
2642 4221 2910 4275 extollatur
2939 4221 3084 4274 luna.
3115 4219 3170 4276 Si
3203 4220 3444 4275 Ecclesia
3476 4221 3561 4276 hic
3589 4231 3742 4276 recte

2157 4312 2484 4384 signiﬁcatur
2531 4311 2788 4366 vocabqu
2837 4313 3011 4376 lunze,
3061 4324 3451 4382 consequenter
3498 4315 3742 4369 ostendit

2155 4419 2313 4473 quam
2342 4404 2446 4458 late
2469 4402 2709 4458 eamdem
2742 4402 3030 4458 Ecclesium
3065 4403 3235 4460 fuerat
3257 4405 3580 4470 diﬂ‘nsurus,
3611 4422 3740 4461 cum

2156 4493 2349 4563 adjecit
2379 4511 2393 4548 :
2421 4493 2490 4547 Et
2523 4493 2862 4548 dominabitur
2898 4511 2929 4547 a
2970 4495 3100 4548 mari
3123 4512 3280 4562 usque
3307 4498 3376 4549 ad
3399 4513 3558 4550 mare.
3608 4497 3743 4552 Mari

2158 4585 2354 4657 quippe
2392 4600 2586 4656 magno
2619 4585 2852 4655 cingitur
2883 4593 3024 4638 terra
3047 4626 3062 4650 ,
3091 4587 3180 4656 qui
3209 4596 3426 4641 vocatur
3451 4588 3741 4654 Oceanus;

2158 4677 2228 4732 de
2252 4692 2356 4748 quo
2385 4677 2557 4731 innuit
2582 4676 2828 4747 quiddam
2863 4677 3110 4747 exiguum
3144 4677 3196 4732 in
3233 4677 3410 4732 medio
3435 4687 3739 4744 terrarum,

2159 4780 2214 4825 et
2243 4771 2363 4825 laeit
2391 4771 2490 4826 ista
2519 4773 2681 4825 maria
2714 4779 2836 4824 nota
2866 4771 3052 4840 nobis,
3083 4786 3202 4841 quae
3239 4772 3457 4842 navigiis
3485 4771 3739 4842 frequen-

2160 4871 2356 4916 tantur.
2390 4860 2634 4925 Proinde,
2668 4878 2699 4914 a
2727 4862 2855 4914 mari
2879 4878 3036 4930 usque
3056 4864 3125 4916 ad
3146 4879 3301 4926 mare,
3325 4878 3353 4918 a
3373 4864 3615 4933 quolibet
3636 4865 3743 4920 line

2163 4963 2338 5020 terra),
2372 4969 2539 5023 usque
2567 4952 2632 5007 ad
2659 4953 2950 5024 quemlibet
2977 4957 3134 5009 linem
3159 4955 3552 5011 dominatorem
3581 4957 3740 5020 dixit.

2161 5046 2312 5112 cujus
2338 5058 2535 5100 nomen
2550 5053 2603 5098 et
2623 5053 2856 5114 potestas
2875 5054 2983 5099 toto
3004 5046 3132 5100 orbe
3151 5047 3355 5101 fuerant
3375 5048 3738 5118 przedicanda,

2162 5138 2492 5205 multumque
2521 5138 2767 5191 valitura.
2793 5137 2942 5204 Quod
2970 5155 3036 5194 ne
3061 5140 3217 5196 aliter
3242 5149 3418 5208 posset
3446 5140 3692 5213 intelligi,
3711 5161 3742 5195 τι

2163 5231 2291 5283 mari
2339 5244 2494 5300 usque
2533 5229 2602 5282 ad
2642 5245 2812 5294 mare;
2851 5231 3105 5286 continuo
3156 5231 3426 5303 subjecit,
3471 5244 3519 5287 et
3559 5253 3590 5288 a
3635 5236 3742 5305 ﬂu-

2101 5345 2112 5356 -
2164 5323 2297 5376 mine
2327 5338 2482 5389 usque
2523 5321 2590 5375 ad
2633 5324 2869 5376 terminos
2916 5323 3259 5381 orbis-«terrae.
3307 5326 3458 5392 Quod
3488 5343 3619 5398 ergo
3644 5330 3743 5393 ait,

2167 5431 2320 5482 usque
2347 5412 2414 5466 ad
2457 5413 2692 5467 terminos
2721 5415 2852 5468 orbis
2880 5425 3061 5480 terraa;
3113 5415 3214 5470 hoc
3254 5428 3376 5471 ante
3419 5415 3666 5483 dixerat,
3713 5438 3745 5474 a

2166 5503 2297 5558 mari
2321 5521 2473 5574 usque
2497 5504 2564 5557 ad
2594 5522 2746 5559 mare.
2791 5505 2937 5572 Quod
2965 5521 3094 5560 vero
3124 5523 3263 5562 nunc
3291 5509 3398 5574 ait,
3425 5524 3458 5561 a
3496 5510 3744 5580 ﬂumine;

2168 5595 2443 5651 evidenter
2471 5598 2728 5666 expressit
2757 5597 2877 5652 inde
2907 5598 3140 5654 voluisse
3182 5599 3449 5655 Christum
3496 5613 3743 5672 potesta-

2166 5707 2491 5834 ῑαέὦνιὲἓὶἱιιιθ
2517 5715 2619 5759 uss.
2642 5706 2767 5771 loco,
2783 5707 3038 5775 beatorum,
3060 5710 3260 5775 habent,
3283 5720 3608 5777 peccatorum.
3633 5724 3737 5778 Duo
