4020 6198
325 398 423 450 Ml!)

322 521 424 563 lcttl
454 523 605 564 suam
646 508 754 579 jam
782 509 1156 565 commendare
1178 550 1193 573 ,
1221 508 1364 563 unde
1392 518 1445 562 et
1473 506 1760 578 discipulos
1785 520 1898 561 cm-

321 602 397 668 pit
427 602 655 670 eligere;
684 617 711 654 a
740 594 956 656 ﬂumine
985 602 1185 675 scilicet
1214 600 1469 661 Jordane,
1503 600 1589 654 ubi
1614 615 1775 669 super
1801 599 1895 653 ba-

318 694 572 760 ptizatum
600 692 875 746 Dominum
898 707 1017 746 cum
1042 691 1389 746 descenderet
1410 690 1639 761 Spiritus
1660 696 1895 755 sanctus,

317 784 494 837 sonuit
547 768 646 837 vos
688 783 755 837 de
802 784 940 837 caelo
971 800 983 836 :
1020 781 1117 836 Hic
1157 793 1228 836 est
1272 766 1442 836 Filius
1494 799 1633 837 mens
1684 781 1896 836 dilectus

318 874 531 944 (Matth.
556 890 609 929 ιιι
632 917 647 940 ,
672 874 800 944 17).
832 874 965 929 ilinc
992 891 1116 945 ergo
1142 873 1383 929 doctrina
1413 874 1528 944 ejus
1556 873 1815 944 incipiens
1843 881 1897 927 et

321 966 606 1036 magisterii
633 967 865 1022 caelestis
891 968 1199 1031 auctoritas,
1232 967 1486 1021 dilatatur
1513 981 1681 1035 usque
1703 964 1767 1019 ad
1792 974 1897 1019 ter-

322 1059 492 1113 minos
521 1057 666 1113 orbis
691 1068 865 1124 terrm,
888 1076 1010 1114 eum
1037 1059 1353 1128 praedicatur
1382 1057 1720 1127 Evangelium
1749 1055 1895 1125 regni

321 1148 371 1200 in
406 1148 652 1203 universo
678 1148 840 1213 orbe,
872 1149 923 1203 in
955 1150 1314 1205 testimonium
1342 1147 1586 1203 omnibus
1610 1146 1891 1218 gentibus;

318 1252 371 1295 et
400 1251 523 1296 tunc
548 1242 724 1298 veniet
756 1242 892 1296 finis.
1309 1228 1317 1235 ’

392 1331 481 1385 12.
515 1328 667 1404 [vers.
802 1331 982 1386 Coram
1009 1333 1099 1385 illo
1124 1332 1351 1386 decidant
1376 1334 1390 1364 ¹
1417 1330 1708 1400 ὢιΙιὶορεε,
1733 1341 1778 1384 et
1807 1330 1896 1385 ini-

319 1424 437 1477 mici
456 1425 564 1494 ejus
586 1435 766 1478 terram
790 1424 996 1494 tingent.
1026 1425 1127 1479 Per
1150 1425 1449 1495 A‘IthiOpes,
1472 1442 1501 1479 a
1530 1436 1677 1495 parte
1700 1434 1889 1492 totum,

319 1532 505 1570 onmes
521 1528 703 1586 gentes
731 1516 1075 1587 signiﬁcavit;
1104 1533 1219 1571 eam
1250 1517 1452 1588 eligens
1475 1527 1707 1587 gentem,
1730 1534 1892 1588 quam

323 1608 647 1677 potissimum
678 1609 1008 1673 nominaret,
1032 1624 1151 1679 qua:
1177 1608 1229 1663 in
1262 1610 1454 1664 finibus
1482 1620 1637 1664 terra:
1662 1619 1763 1665 est.
1780 1606 1892 1677 βο-

318 1717 428 1753 ram
469 1701 558 1755 illo
599 1700 890 1769 procident,
917 1700 1116 1755 dictum
1165 1711 1282 1767 est,
1313 1701 1612 1756 adorabunt
1638 1717 1785 1757 eum.
1825 1701 1894 1756 Et

317 1794 437 1863 quia
485 1794 769 1847 schismata
818 1793 991 1847 futura
1037 1804 1195 1848 erant
1246 1809 1339 1863 per
1373 1794 1581 1849 diversa
1630 1802 1891 1849 terrarum

318 1883 429 1937 loca
451 1926 464 1949 ,
495 1900 613 1953 qua:
653 1883 956 1940 inviderent
998 1885 1248 1939 Ecclesite
1275 1884 1550 1939 catholica:
1581 1894 1692 1939 toto
1718 1896 1889 1939 terra-

317 1992 432 2029 rum
457 1976 588 2031 orbe
614 1976 848 2041 diﬂ‘usae;
879 1976 1063 2032 eadem
1097 1992 1255 2046 porro
1284 1977 1569 2032 Schismata
1600 1993 1695 2047 per
1721 1976 1892 2031 homi-

316 2081 443 2117 num
464 2067 675 2120 nomina
699 2083 757 2122 se
779 2066 986 2123 fuerant
1011 2058 1266 2133 divisura,
1298 2078 1371 2131 et,
1400 2069 1641 2123 homines
1660 2068 1891 2123 amando

312 2159 505 2226 quibus
526 2160 832 2215 auctoribus
850 2160 1015 2216 scissa
1040 2171 1183 2225 sunt,
1201 2161 1383 2232 gloria:
1405 2160 1625 2227 Christi,
1650 2172 1769 2233 qua:
1795 2177 1889 2232 per

312 2266 498 2306 otnnes
548 2261 714 2307 terras
760 2263 876 2319 est,
904 2253 1420 2309 inimicatnrazideo
1461 2269 1585 2309 cum
1627 2254 1885 2320 dixisset,

311 2341 493 2397 Coram
521 2344 609 2399 illo
632 2344 859 2399 decident
885 2344 1188 2415 .Ethiopes;
1215 2347 1473 2417 adjunxit,
1500 2358 1548 2402 et
1568 2348 1761 2402 inimici
1780 2350 1890 2419 ejus

313 2443 494 2487 (errant
517 2435 704 2507 lingent
720 2454 739 2502 ;
763 2436 812 2490 id
836 2446 935 2501 est,
968 2437 1211 2493 homines
1236 2439 1511 2505 amabunt,
1542 2448 1597 2493 ut
1619 2439 1891 2495 invideant

311 2523 493 2590 gloria:
518 2524 711 2580 Christi
734 2568 748 2591 ,
775 2528 858 2581 cui
889 2527 1087 2582 dictutn
1114 2518 1197 2583 est
1215 2569 1230 2593 ,
1258 2518 1497 2583 Exattare
1524 2545 1678 2598 super
1702 2529 1852 2583 cados
1869 2572 1884 2597 ,

318 2614 472 2682 Deus,
496 2626 542 2671 et
565 2634 715 2687 super
736 2636 931 2672 omnem
959 2621 1329 2691 terramylorin
1350 2630 1436 2674 tua
1461 2620 1633 2693 (Psal.
1655 2638 1785 2689 cvn,
1808 2623 1886 2691 6).

313 2707 485 2761 llomo
533 2710 727 2780 quippe
769 2712 954 2766 audire
998 2714 1192 2767 meruit
1224 2711 1420 2768 :Terra
1443 2731 1524 2779 es,
1548 2724 1596 2769 et
1624 2715 1676 2769 in
1694 2696 1889 2770 terrain

309 2797 404 2852 ibis
432 2798 583 2868 (Gen.
610 2818 693 2868 ιιι,
720 2802 830 2874 19).
862 2803 1007 2861 lianc
1037 2812 1232 2859 terram
1267 2804 1548 2875 lingendo,
1576 2806 1629 2860 id
1652 2816 1770 2871 est,
1806 2817 1887 2862 ta-

313 2889 440 2943 litnn
468 2884 782 2963 auctoritate
807 2895 1086 2965 vaniloqna
1110 2894 1354 2950 delectati
1380 2936 1394 2959 ,
1424 2911 1517 2950 eos
1544 2898 1770 2953 amando
1788 2939 1803 2963 ,
1835 2907 1889 2953 et

314 2979 364 3033 in
387 2981 730 3036 suavissimas
753 2983 1018 3048 habendo,
1042 2986 1409 3042 contradicunt
1428 2986 1621 3043 divinis
1641 2988 1887 3059 eloquiis,

311 3069 499 3144 quibus
525 3073 787 3126 catholica
816 3072 1052 3128 Ecclesia
1079 3076 1428 3144 prmnuntiata
1458 3087 1559 3143 est,
1587 3093 1692 3133 non
1718 3078 1772 3133 in
1792 3081 1889 3134 ali-

312 3178 413 3231 qua
449 3173 594 3231 parte
621 3173 879 3219 terrarum
905 3167 1095 3231 futura,
1130 3167 1268 3223 sicut
1292 3169 1541 3239 quzelibet
1564 3172 1883 3239 schismata;

312 3254 403 3309 sed
436 3256 486 3309 in
517 3257 765 3312 universo
787 3258 984 3313 mundo
1010 3260 1371 3315 fructificando
1391 3272 1548 3332 atque
1572 3265 1883 3333 crescendo,

310 3362 477 3415 usque
508 3347 573 3401 ad
603 3347 746 3417 ipsos
768 3348 1062 3419 fEthiopes,
1088 3360 1357 3407 extremos
1380 3352 1624 3409 videlicet
1646 3364 1700 3410 et
1727 3365 1889 3411 teter-

310 3438 472 3492 rimos
496 3439 787 3506 hominum,
818 3450 1154 3511 perventura.

380 3533 466 3586 13.
497 3530 657 3604 [vers.
688 3533 752 3587 10
772 3576 787 3599 ,
821 3534 930 3606 1L]
981 3534 1137 3606 Reges
1164 3535 1374 3591 Tltarsis
1401 3547 1447 3593 et
1474 3539 1653 3593 insula:
1677 3557 1884 3594 munera

308 3620 547 3687 offerent;
574 3641 713 3695 reges
739 3626 957 3679 Arabum
980 3637 1026 3679 et
1056 3627 1193 3682 Saba
1217 3629 1350 3681 dona
1375 3629 1643 3683 adducent.
1668 3630 1735 3684 Et
1760 3632 1888 3684 ado-

309 3713 491 3765 rabunt
518 3730 630 3767 eunt
654 3732 822 3769 omnes
847 3734 984 3786 reges
1006 3728 1182 3781 terrm;
1205 3735 1375 3772 omnes
1398 3731 1565 3790 gentes
1586 3723 1795 3776 servient
1819 3724 1884 3777 ei.

313 3806 424 3861 Hoc
446 3807 554 3875 jam
585 3823 689 3862 non
716 3811 1093 3879 cspositorem,
1123 3811 1215 3864 sed
1240 3814 1711 3881 contemplatorem
1738 3814 1883 3881 desi-

309 3897 496 3962 derat;
531 3898 636 3952 imo
663 3913 768 3952 non
798 3899 969 3953 solum
996 3900 1287 3954 hetantium
1320 3902 1573 3968 fidelium,
1605 3903 1698 3958 sed
1724 3905 1882 3959 etiam

312 3987 602 4044 inlidelinm
640 3990 964 4059 gementium
1011 3988 1238 4046 infertur
1264 3993 1603 4061 aspectibus:
1630 3995 1728 4048 nisi
1772 3993 1885 4050 for-

313 4092 452 4137 tasse
480 4081 823 4153 quaerendum
850 4093 932 4138 est
960 4083 1086 4153 quid
1115 4083 1315 4138 dictum
1341 4084 1429 4151 sit,
1455 4086 1588 4139 dona
1614 4087 1882 4141 adducent.

312 4173 386 4228 Ea
433 4174 629 4243 quippe
674 4173 865 4229 adduci
912 4176 1120 4240 solent,
1157 4191 1277 4245 qnze
1319 4175 1590 4231 ambulare
1636 4188 1881 4248 possunt.

312 4265 697 4335 Numquidnam
720 4282 848 4337 ergo
870 4266 935 4321 de
959 4266 1293 4321 immolandis
1310 4267 1536 4322 victimis
1555 4267 1656 4324 diei
1684 4270 1886 4337 potuit?

311 4357 463 4411 Absit
491 4368 547 4412 ut
577 4358 695 4413 talis
721 4359 923 4413 oriatur
951 4358 1001 4412 in
1031 4358 1217 4413 diebus
1245 4359 1361 4428 ejus
1390 4359 1613 4429 jnstitia.
1649 4358 1754 4415 Sed
1787 4362 1884 4416 ista

310 4448 448 4502 dona
490 4465 608 4521 qua:
649 4449 956 4507 adducenda
998 4450 1249 4521 praedicta
1292 4460 1438 4519 sunt,
1467 4451 1712 4525 homines
1757 4454 1885 4508 mihi

310 4542 556 4597 videntur
599 4542 935 4613 signiﬁcare,
984 4558 1117 4613 quos
1170 4543 1221 4597 in
1271 4544 1577 4601 societatem
1628 4545 1885 4601 Ecclesiae

310 4630 505 4686 Christi
556 4649 740 4703 regum
793 4632 1011 4688 adducit
1060 4634 1385 4697 auctoritas;
1437 4636 1681 4705 quamvis
1730 4652 1885 4705 rcges

310 4722 469 4776 etiam
518 4734 897 4795 persequentes
935 4724 1073 4779 dona
1119 4725 1435 4780 adduxerim
1459 4768 1474 4791 ,
1513 4742 1616 4781 non
1657 4727 1885 4783 scientes

308 4814 433 4884 quid
466 4814 700 4870 facerent
728 4827 941 4871 sanctos
966 4829 1226 4888 martyres
1256 4818 1600 4873 immolando.

386 4906 470 4958 M.
500 4903 786 4980 [vers.19..]
823 4905 953 4963 Cum
983 4924 1110 4964 vero
1138 4921 1429 4977 exponeret
1472 4925 1659 4965 causas
1698 4927 1793 4966 cur
1834 4914 1883 4967 ei

310 5004 489 5050 tantus
530 4996 702 5052 honor
726 4997 1025 5054 deferretur
1048 5016 1078 5053 a
1105 5002 1320 5071 regibus
1342 5044 1357 5067 ,
1395 5002 1550 5073 eique
1593 5005 1884 5064 serviretur

308 5088 375 5139 ab
396 5089 640 5143 omnibus
660 5092 904 5159 gentibus
930 5110 942 5146 :
969 5092 1101 5160 Quia
1123 5094 1374 5159 liberavit,
1400 5096 1591 5165 inquit,
1621 5114 1830 5169 egenum
1852 5116 1884 5152 a

309 5187 525 5247 potente,
556 5190 604 5233 et
633 5198 900 5252 pauperem
928 5184 1009 5235 cui
1039 5200 1137 5237 non
1166 5194 1275 5238 erat
1299 5186 1523 5257 adjutar.
1556 5187 1657 5243 Iste
1683 5204 1883 5258 egenus

305 5281 358 5324 et
387 5285 606 5341 pauper,
631 5274 855 5343 populus
876 5285 957 5328 est
980 5275 1307 5330 credentium
1333 5278 1383 5331 in
1407 5293 1550 5331 eum.
1584 5279 1637 5333 In
1668 5280 1767 5336 hoc
1791 5297 1883 5351 po-
1924 5348 1927 5349 ν

307 5364 431 5432 pulo
453 5372 578 5416 sunt
597 5363 756 5418 etiam
778 5380 930 5435 reges
953 5364 1236 5420 adorantes
1259 5384 1400 5422 eum.
1424 5368 1537 5424 Non
1564 5372 1705 5425 enim
1729 5374 1879 5441 egeni

308 5469 426 5507 esse
452 5454 804 5525 dedignantur
830 5471 884 5510 et
910 5471 1202 5525 pauperes,
1236 5456 1287 5511 id
1325 5468 1410 5512 est
1452 5458 1720 5515 humiliter
1754 5478 1879 5531 pec-

304 5556 421 5599 cata
465 5548 780 5602 conﬁtentes
800 5586 816 5612 ,
858 5555 914 5602 et
940 5555 1159 5616 egentes
1186 5546 1353 5617 gloria
1382 5557 1437 5604 et
1460 5550 1628 5618 gratia
1668 5552 1795 5615 Dei,
1826 5566 1881 5606 ut

302 5650 397 5690 eos
438 5651 531 5691 rex
576 5636 709 5705 ille,
752 5636 892 5694 ﬁlius
933 5637 1114 5710 Regis,
1146 5638 1335 5694 liberet
1378 5655 1407 5693 a
1456 5649 1691 5710 potente.
1735 5641 1876 5698 idem

306 5810 801 5931 praeﬁci-umque
831 5823 903 5867 Er.
946 5828 997 5870 et
1038 5824 1145 5868 uss.
1178 5823 1232 5868 At
1254 5817 1473 5880 proxime
1506 5820 1732 5883 sequenti
1756 5816 1877 5883 loco,

1412 391 1805 451 ENARRATIO
1843 389 1906 448 IN
1948 389 2264 453 l‘SALMUM
2307 392 2490 448 LXXI.

3474 408 3578 464 910

2009 505 2202 574 quippe
2228 516 2308 560 est
2347 516 2534 575 potens
2554 550 2568 573 ,
2599 508 2689 563 ille
2725 508 2813 578 qui
2851 512 3092 577 superius
3114 515 3464 573 calumniator
3492 534 3573 576 est

2004 594 2215 663 dictus:
2240 612 2395 666 quem
2428 608 2696 667 potentem
2744 601 2810 654 ad
2856 601 3100 658 homines
3135 607 3233 661 sibi
3271 610 3582 668 subdendos

2004 697 2059 741 et
2086 688 2136 741 in
2163 689 2468 758 captivitate
2492 691 2795 746 retinendos
2820 708 2924 747 non
2957 695 3124 751 virtus
3147 698 3260 762 eius
3286 699 3406 758 fecit
3429 745 3444 770 ,
3481 706 3574 761 sed

2004 778 2232 833 humana
2266 792 2500 850 peccata.
2548 784 2691 838 Idem
2720 785 2833 854 ipse
2858 796 2912 840 et
2937 785 3088 842 fortis
3113 798 3194 843 est
3220 789 3422 859 dictus;
3456 796 3577 853 ideo

2001 880 2056 925 et
2082 869 2166 925 hic
2192 881 2398 941 potens.
2436 872 2540 929 Sed
2568 876 2657 944 qni
2686 876 2981 931 bumiliavit
3006 879 3444 939 calumniatorem
3466 930 3480 954 ,
3523 895 3579 942 et

2002 962 2217 1016 intravit
2244 964 2293 1016 in
2322 963 2538 1018 domum
2570 965 2743 1031 fortis,
2776 977 2832 1020 ut
2858 983 2925 1043 eo
2954 968 3169 1039 alligato
3198 988 3320 1028 vasa
3346 976 3461 1044 ejus
3490 977 3565 1032 di-

1998 1054 2197 1122 riperet
2223 1053 2428 1125 (Matth.
2456 1071 2549 1120 xu,
2572 1056 2689 1127 9.9),
2716 1058 2803 1114 hic
2824 1057 3050 1114 liberavit
3077 1079 3282 1133 egenum
3303 1084 3334 1119 a
3363 1078 3571 1137 petente,

1998 1156 2044 1198 et
2072 1162 2340 1215 pauperem
2364 1149 2449 1201 cui
2487 1164 2585 1200 non
2621 1161 2725 1201 erat
2751 1151 2975 1218 adjutor.
3014 1152 3126 1206 Non
3159 1156 3299 1209 enim
3331 1157 3430 1213 hoc
3456 1158 3587 1223 cilia

1997 1250 2121 1289 cere
2151 1238 2320 1305 potuit
2344 1239 2425 1292 vel
2454 1240 2766 1309 cujusquam
2790 1241 2975 1304 virtus,
3005 1244 3088 1297 vel
3114 1246 3392 1315 quisquam
3416 1249 3577 1305 homo

1993 1327 2169 1396 justus
2190 1370 2203 1393 ,
2235 1329 2319 1383 vel
2367 1332 2558 1399 aliquis
2588 1332 2839 1402 Angelus.
2868 1332 3000 1388 Cum
3049 1351 3177 1407 ergo
3220 1340 3398 1395 nullus
3430 1354 3576 1399 esset

1996 1417 2228 1487 adjutor,
2261 1420 2376 1489 ipse
2399 1421 2687 1477 adveniens
2717 1424 2893 1478 salvos
2921 1425 3044 1480 fecit
3068 1442 3178 1482 eos.

2070 1512 2156 1566 15.
2184 1510 2331 1584 [vers.
2361 1512 2475 1587 15.]
2504 1515 2829 1571 Occurrebat
2863 1529 3039 1574 autem
3064 1563 3078 1585 ,
3108 1521 3164 1576 Si
3197 1531 3417 1593 propter
3446 1540 3573 1596 pec-

1996 1610 2111 1655 cata
2142 1600 2303 1655 homo
2331 1604 2612 1659 tenebatur
2636 1621 2665 1658 a
2691 1606 2924 1673 diabolo,
2952 1611 3332 1680 numquidnam
3359 1613 3577 1672 Christo

1996 1691 2087 1761 qui
2116 1692 2256 1747 eruit
2281 1707 2506 1763 egenum
2534 1710 2565 1748 a
2592 1706 2827 1766 potente,
2858 1709 3069 1766 peccata
3100 1703 3449 1770 placuerunt?
3476 1707 3576 1762 Ab-

1995 1781 2064 1834 sit
2089 1799 2102 1835 :
2131 1781 2245 1848 sed,
2278 1780 2460 1836 Parcet
2488 1784 2602 1853 ipse
2622 1785 2764 1856 inapi
2791 1796 2839 1841 et
2869 1791 3114 1859 pauperi;
3145 1790 3196 1845 id
3225 1800 3327 1856 est,
3356 1806 3574 1864 peccata

1994 1872 2225 1928 dimittet
2251 1874 2454 1943 humili,
2478 1884 2531 1931 et
2558 1892 2662 1931 non
2691 1878 2758 1933 de
2785 1880 2896 1933 suis
2920 1882 3126 1937 meritis
3146 1884 3455 1950 conﬁdenti,
3480 1898 3570 1942 aut

1994 1962 2062 2017 de
2086 1978 2179 2018 sua
2210 1965 2404 2022 virtn’te
2430 1967 2652 2022 salutem
2680 1970 2915 2041 speranti
2939 2012 2954 2035 ,
2999 1972 3093 2027 sed
3121 1974 3378 2045 indigenti
3398 1979 3572 2048 gratia

1994 2054 2288 2110 Salvatoris
2314 2057 2414 2111 sui.
2441 2058 2570 2111 Cum
2593 2070 2767 2113 autem
2788 2061 3026 2126 addidit,
3056 2063 3125 2118 Et
3150 2067 3346 2120 animos
3375 2085 3574 2139 paupe.

1992 2161 2105 2198 runt
2131 2146 2295 2201 salvas
2325 2147 2507 2219 faciet,
2542 2158 2826 2220 utrumque
2849 2152 3171 2221 adjutoriunt
3199 2157 3383 2226 gratia:
3425 2174 3575 2213 com-

1993 2237 2291 2304 mendavit;
2328 2249 2381 2294 et
2417 2241 2557 2311 quod
2590 2252 2667 2297 est
2698 2243 2751 2297 in
2779 2244 3149 2302 remissionem
3198 2262 3532 2318 peccatorum
3556 2295 3571 2315 .

1991 2344 2115 2385 cum
2142 2332 2237 2395 ait,
2261 2330 2447 2386 Parcet
2477 2334 2690 2403 pauperi
2713 2345 2758 2389 et
2783 2337 2953 2408 inapi;
2982 2349 3034 2393 et
3058 2340 3197 2410 quod
3228 2342 3381 2397 estin
3412 2338 3572 2413 parti-

1992 2424 2257 2493 cipatione
2278 2424 2519 2494 justitire,
2545 2443 2666 2482 cum
2692 2428 2915 2495 addidit,
2948 2430 3013 2484 Et
3055 2434 3251 2487 animas
3294 2452 3571 2504 pauperum

1993 2516 2158 2569 salvas
2188 2517 2354 2587 faciet.
2388 2516 2553 2572 Nemo
2580 2519 2723 2573 enim
2751 2521 2851 2575 sibi
2879 2535 2961 2578 est
2986 2523 3211 2579 idoneus
3230 2526 3297 2581 ad
3320 2528 3569 2594 salutent,

1991 2623 2110 2677 quae
2132 2610 2276 2663 salus
2298 2611 2314 2642 ¹
2338 2619 2418 2664 est
2452 2610 2683 2679 perfecta
2704 2611 2932 2682 justitia,
2958 2617 3061 2671 nisi
3090 2617 3187 2672 Dei
3214 2618 3431 2688 adjuvet
3452 2638 3572 2692 gra-

1994 2704 2094 2767 tia;
2124 2703 2243 2772 quia
2295 2703 2571 2773 plenitudo
2600 2705 2758 2777 Legis
2789 2723 2892 2763 non
2920 2719 3002 2764 est
3025 2710 3124 2766 nisi
3156 2712 3394 2769 cbarilas
3414 2757 3428 2779 ,
3453 2732 3572 2787 qna:

1994 2810 2098 2849 non
2126 2812 2154 2848 a
2187 2796 2342 2850 nobis
2371 2797 2553 2852 existit
2578 2798 2630 2853 in
2657 2799 2832 2866 nobis,
2863 2802 2955 2856 sed
2986 2802 3300 2861 diffunditur
3321 2808 3373 2862 in
3398 2809 3575 2864 cordi-

1993 2884 2089 2938 bus
2126 2887 2322 2940 nostris
2352 2902 2447 2957 per
2468 2887 2723 2959 Spiritum
2748 2903 2991 2947 sanetum
3013 2895 3103 2965 qui
3125 2895 3285 2955 datus
3308 2909 3391 2955 est
3418 2900 3573 2957 nobis

1992 2974 2166 3045 (Rom.
2194 2977 2346 3046 v.5).

2056 3066 2157 3123 46.
2190 3067 2340 3142 [vcrs.
2361 3069 2473 3144 14.]
2506 3069 2585 3125 Ea:
2609 3073 2776 3128 usuris
2802 3083 2847 3128 et
2873 3074 3133 3145 iniquitate
3153 3078 3363 3136 redimet
3375 3082 3573 3137 aniinas

1991 3174 2182 3213 eorum.
2217 3159 2345 3226 Qum
2369 3171 2493 3216 sunt
2514 3162 2630 3216 ista:
2651 3178 2845 3232 usurae,
2880 3165 2980 3221 nisi
3004 3179 3239 3236 peccata,
3263 3187 3382 3242 quae
3411 3175 3570 3230 etiam

1992 3250 2168 3306 debita
2217 3253 2560 3308 nominantur
2600 3253 2811 3324 (Matth.
2853 3272 2940 3323 vr,
2985 3259 3124 3330 ων
3166 3260 3363 3320 Usuras
3392 3277 3568 3322 autem

1989 3343 2281 3413 appellatas
2311 3354 2437 3414 puto
2462 3387 2477 3411 ,
2517 3346 2638 3416 quia
2667 3347 2786 3417 plus
2824 3348 2947 3403 mali
2980 3351 3248 3408 invenitur
3274 3356 3327 3410 in
3369 3360 3572 3429 suppli-

1988 3436 2085 3491 ciis
2104 3477 2120 3500 ,
2151 3453 2306 3507 quam
2335 3438 2676 3493 commissum
2706 3448 2790 3494 est
2830 3441 2883 3495 in
2912 3446 3159 3510 peccatis.
3205 3446 3337 3508 Nam
3366 3490 3380 3511 ,
3424 3452 3569 3506 verbi

1990 3528 2185 3597 gratia,
2231 3545 2352 3583 cum
2398 3528 2662 3584 homicida
2687 3546 2881 3600 corpus
2917 3542 3116 3588 tantum
3148 3536 3379 3592 hominis
3426 3544 3572 3609 peri-

1988 3627 2121 3683 mat,
2166 3619 2358 3672 anima:
2406 3630 2585 3674 autem
2634 3634 2828 3676 nocere
2877 3622 3006 3677 nihil
3052 3627 3248 3694 pushit;
3302 3629 3469 3698 ipsius
3515 3643 3572 3688 ct

1989 3711 2163 3762 anima
2191 3720 2245 3764 et
2270 3725 2462 3780 corpus
2489 3712 2724 3781 perditur
2753 3714 2803 3767 in
2841 3715 3101 3784 gehenna.
3136 3717 3359 3789 PrOptcr
3389 3721 3571 3792 hujus-

1990 3800 2132 3854 modi
2175 3810 2570 3872 contemptores
2612 3808 2885 3873 praasentis
2915 3808 3197 3880 praecepti,
3234 3823 3286 3866 et
3316 3812 3577 3871 irrisorcs.

1991 3890 2150 3944 futuri
2180 3892 2421 3960 supplicii
2458 3893 2654 3949 dictum
2697 3906 2778 3951 cst
2809 3914 2823 3951 :
2851 3896 2963 3969 Ego
2992 3902 3224 3969 veniens,
3260 3920 3373 3957 cum
3400 3910 3569 3964 usuris

1988 3981 2236 4051 exigerent
2277 3980 2385 4052 (Id.
2427 3999 2531 4038 xxv
2556 4026 2570 4049 ,
2614 3984 2729 4056 9.7).
2776 3986 2858 4041 Ab
2897 3987 2979 4043 his
3019 3992 3193 4047 usuris
3237 3995 3570 4053 redimuntur

1991 4071 2183 4125 animae
2206 4087 2497 4143 pauperum
2518 4115 2532 4139 ,
2578 4077 2833 4145 sanguine
2860 4079 2953 4134 illo
2981 4082 3067 4150 qui
3106 4082 3252 4139 fusus
3287 4096 3369 4141 est
3397 4087 3448 4142 in
3480 4105 3569 4144 re-

1992 4163 2298 4219 missionem
2332 4178 2689 4235 peccatorum.
2722 4170 2963 4227 ltedimct
2988 4188 3116 4243 ergo
3141 4176 3209 4229 ab
3240 4180 3444 4245 nsnris,
3476 4197 3566 4236 re-

1992 4258 2250 4314 mittendo
2278 4269 2511 4328 peccata,
2539 4278 2656 4330 qum
2687 4262 2951 4319 debebant
2979 4268 3233 4337 ampliora
3263 4273 3516 4342 supplicia
3552 4292 3565 4329 :

1989 4350 2215 4404 redimet
2242 4361 2417 4405 autem
2450 4352 2517 4406 ab
2542 4353 2845 4424 iniquitate,
2881 4358 3181 4427 adjuvando
3222 4377 3314 4429 per
3342 4365 3564 4433 gratiam

1989 4446 2146 4497 etiam
2173 4442 2238 4497 ad
2270 4444 2561 4498 faciendam
2591 4445 2869 4513 justitiam.
2900 4448 3097 4504 Eadem
3129 4452 3307 4522 itaque
3332 4453 3440 4508 duo
3479 4472 3567 4511 re~

1990 4535 2149 4603 petita
2180 4542 2305 4589 sunt
2331 4550 2447 4604 qua:
2486 4549 2642 4605 supra
2682 4535 2820 4591 dicta
2848 4548 3019 4593 erant.
3048 4540 3198 4608 Quod
3229 4543 3370 4597 enim
3408 4560 3567 4617 supra

1989 4638 2091 4696 est,
2122 4628 2303 4682 Parcet
2330 4629 2470 4699 inopi
2493 4640 2538 4683 et
2564 4631 2794 4699 pauperi,
2822 4630 2924 4686 hoc
2950 4633 3263 4705 intelligitur
3284 4679 3299 4703 ,
3333 4635 3418 4692 Ex
3442 4656 3563 4693 usu-

1988 4720 2059 4774 ris
2084 4736 2103 4773 .'
2130 4720 2269 4790 quod
2297 4735 2423 4775 vero
2449 4720 2517 4775 ibi
2556 4720 2721 4786 dicit,
2758 4721 2822 4775 Et
2847 4726 3044 4778 animas
3078 4744 3359 4796 pauperum
3398 4732 3569 4786 salvas

1988 4813 2179 4882 faciet;
2215 4814 2314 4867 hoc
2343 4813 2539 4867 dictum
2571 4814 2800 4875 videtur.
2834 4814 2913 4870 Ea:
2942 4818 3200 4888 iniquitate
3227 4835 3249 4875 :
3275 4830 3332 4875 ut
3358 4821 3568 4879 redimet

1987 4905 2052 4957 ad
2084 4915 2363 4980 utrumque
2388 4904 2752 4959 subandiatur.
2783 4906 2913 4960 Nam
2946 4910 3213 4977 parcendo
3246 4912 3474 4969 redimet
3499 4915 3566 4971 ab

1988 4995 2199 5059 usuris;
2259 4997 2439 5049 salvos
2478 5006 2652 5051 autem
2700 4996 2939 5052 faciendo
2989 4999 3213 5057 redimet
3254 5004 3324 5057 ab
3371 5004 3563 5076 iniqui-

1990 5097 2116 5141 tate.
2153 5086 2246 5150 lta,
2277 5102 2397 5148 cum
2436 5097 2601 5155 parcet
2632 5089 2842 5158 pauperi
2870 5099 2914 5142 et
2941 5087 3107 5161 inppi,
3134 5101 3179 5145 et
3207 5095 3403 5148 animas
3432 5112 3560 5164 pau-

1990 5194 2165 5248 perum
2203 5178 2369 5231 satvas
2408 5178 2593 5246 faciet;
2633 5179 2709 5232 sic
2750 5195 2811 5233 ea:
2836 5181 2999 5235 usuris
3042 5189 3091 5234 et
3124 5181 3388 5252 iniquitate
3424 5184 3560 5237 redi-

1987 5278 2083 5320 met
2110 5269 2304 5321 animas
2343 5284 2530 5320 eorum.
2573 5267 2637 5320 Et
2682 5268 2972 5324 honorabile
3015 5288 3195 5327 nomen
3240 5273 3348 5344 ejus
3393 5289 3560 5326 coram

1986 5360 2127 5428 ipsis.
2148 5359 2434 5413 Dantcnim
2465 5360 2716 5414 honorem
2746 5359 2942 5415 nomini
2972 5362 3086 5429 ejus
3104 5377 3198 5431 pro
3216 5362 3372 5416 tantis
3401 5362 3561 5417 bene-

1988 5452 2152 5515 ﬁciis,
2182 5452 2269 5521 qui
2304 5434 2623 5521 respondent
2654 5452 2867 5519 dignum
2896 5462 2951 5508 et
2981 5452 3183 5523 justunt
3214 5468 3334 5507 esse
3364 5454 3561 5522 gratias
3594 5532 3599 5533 γ

1984 5559 2140 5612 agerc
2169 5543 2393 5598 Domino
2434 5544 2541 5597 Deo
2567 5558 2683 5597 suo.
2715 5543 2808 5599 Vel
2833 5544 2975 5614 quod
3003 5544 3198 5598 habent
3222 5543 3434 5599 codices
3459 5545 3557 5597 ali-

1982 5637 2071 5704 qui
2094 5678 2107 5697 ,
2160 5634 2224 5689 Et
2265 5634 2554 5689 honorabili:
2598 5651 2778 5690 nomen
2815 5652 2989 5691 eorum
3022 5652 3192 5691 coram
3229 5635 3341 5706 ipsa
3375 5648 3398 5691 :
3438 5639 3561 5707 quia

1982 5728 2078 5780 etsi
2110 5726 2354 5781 videntur
2390 5726 2513 5782 huic
2542 5727 2739 5783 smcuio
2776 5728 3206 5798 contemptibiles
3233 5726 3518 5784 Christiani
3542 5770 3560 5793 ,

2034 5816 2239 5930 Etim,
2278 5816 2407 5869 satas
2451 5830 2545 5871 non
2589 5825 2660 5870 est
2702 5819 2913 5883 perfecta
2948 5818 3161 5884 justitia.
3212 5820 3387 5882 Abest,
3428 5831 3554 5882 non,

1982 5893 2140 5931 311$.
3526 5899 3535 5905 ’
