4020 6198
453 315 543 372 att
1593 355 1595 358 i
1674 307 1729 362 s.
1751 289 2132 364 'A‘UGDSTINI
2173 305 2475 362 EPlSCOPl

450 445 640 484 nomen
672 440 854 482 eorum
884 437 1060 480 coram
1091 422 1203 492 ipso
1228 429 1314 496 est
1345 419 1652 474 honorabile
1675 463 1690 486 ,
1727 420 1816 490 qni
1847 421 1924 475 eis
1951 421 2012 475 il-

451 522 540 578 lud
562 519 852 588 dedit,jam
882 533 986 572 non
1009 529 1214 570 memor
1236 513 1504 567 nominum
1535 512 1744 566 illorum
1773 526 1866 580 per
1889 512 2026 566 labia

449 628 544 670 sua
571 611 742 682 (Psat.
768 624 867 672 xv,
897 607 952 677 4)
971 648 985 670 ,
1010 605 1202 676 quibus
1233 613 1387 658 antea
1417 603 1761 662 vocabantur.
1791 617 1911 656 cum
1941 616 2025 656 es-

448 713 571 760 sent
601 701 887 757 Gentilium
916 697 1384 769 superstitionibus
1409 695 1623 766 obligati
1643 695 1779 762 ,.vel
1809 709 2024 749 suorum

453 796 713 854 malorum
751 794 1060 848 meritorum
1087 791 1275 861 signati
1303 788 1602 854 vocabulis,
1631 798 1912 857 antequam
1941 801 2027 841 es-

449 901 568 946 sent
598 889 868 945 christiani
901 905 914 943 :
945 887 1084 957 quod
1135 901 1327 940 nomen
1369 883 1676 938 honorabile
1716 891 1800 937 est
1843 896 2022 937 comm

450 984 586 1054 ipso,
613 982 710 1038 etsi
739 979 1133 1050 contemptibile
1161 976 1368 1032 videtur
1395 975 1640 1029 inimicis.

519 1075 605 1129 i7.
638 1071 785 1145 [vers.
828 1069 937 1142 15.]
967 1069 1032 1123 Et
1058 1072 1214 1134 vivet,
1255 1077 1300 1121 et
1329 1067 1526 1126 dabitur
1555 1069 1599 1120 ei
1632 1066 1694 1121 de
1729 1083 1854 1120 auro
1893 1066 2022 1118 Ara-

446 1164 559 1220 biae.
589 1165 702 1220 Non
733 1165 1029 1225 diceretur,
1061 1160 1128 1214 Et
1158 1163 1312 1224 vivet,
1345 1158 1431 1229 (de
1457 1173 1561 1227 quo
1589 1159 1730 1211 enim
1761 1173 1862 1211 non
1895 1170 2020 1225 pos-

447 1266 529 1310 set
556 1257 656 1309 dici
689 1255 788 1309 hoc
815 1253 1297 1323 quantulocumque
1322 1249 1492 1318 spatio
1521 1249 1772 1316 temporis
1811 1248 2020 1300 vivente

449 1349 502 1404 in
536 1352 631 1402 hac
658 1347 869 1416 terra?)
914 1346 1013 1400 nisi
1042 1345 1128 1399 illa
1155 1345 1260 1397 vita
1286 1341 1749 1397 commendaretur
1772 1381 1787 1400 ,
1828 1340 1878 1392 in
1919 1354 2020 1408 qua

441 1446 554 1514 jam
597 1458 696 1495 non
737 1443 984 1508 moritqr,
1028 1446 1080 1492 et
1122 1453 1256 1490 mors
1299 1435 1344 1488 ei
1371 1434 1501 1486 ultra
1545 1449 1646 1485 non
1683 1431 2022 1484 dominabitur

448 1536 624 1605 (Rom.
651 1549 698 1586 vI
725 1575 740 1597 ,
769 1532 848 1601 9).
879 1531 1049 1598 Atque
1077 1527 1195 1582 ideo
1228 1535 1272 1579 et
1301 1526 1424 1579 vivet
1463 1523 1547 1592 qui
1579 1531 1914 1586 contemptus
1940 1529 2022 1574 est

452 1625 684 1680 moriens
716 1640 729 1676 :
762 1620 1009 1692 quoniam
1033 1620 1169 1673 sicut
1188 1617 1323 1670 alius
1347 1613 1597 1684 propheta
1621 1613 1765 1675 dicit,
1797 1612 2020 1664 Tolletur

448 1717 510 1770 de
535 1726 666 1768 terra
691 1714 792 1767 vita
815 1713 923 1773 eius
950 1709 1097 1781 (Isai.
1127 1724 1236 1770 Llll,
1265 1707 1319 1764 8.
1352 1705 1468 1759 Vid.
1493 1706 1604 1757 Art.
1635 1720 1742 1762 vIII,
1775 1704 1887 1770 55).
1916 1701 2020 1756 Sed

450 1807 572 1877 quid
601 1814 720 1869 est,
767 1814 811 1858 et
856 1803 1056 1856 dabitur
1099 1801 1144 1854 ei
1180 1801 1244 1852 de
1279 1814 1404 1852 auro
1434 1795 1678 1849 Arabia’?
1708 1794 1835 1848 Nam
1879 1792 2020 1862 quod

446 1898 568 1952 Inde
595 1911 780 1949 aurum
804 1894 960 1948 etiam
991 1892 1079 1946 ille
1099 1891 1349 1945 Salomon
1375 1887 1596 1956 accepit,
1622 1886 1671 1938 in
1696 1885 1794 1938 hoc
1815 1884 2019 1953 psalmo

447 1991 670 2058 ﬁgurate
697 1985 1041 2054 transjectum
1069 1991 1151 2037 est
1180 1981 1229 2034 in
1252 1980 1410 2032 alium
1442 1993 1624 2030 verum
1655 1974 2016 2038 Salomonem,

445 2083 497 2136 id
524 2088 606 2135 est
635 2093 817 2134 verum
847 2075 1122 2146 paciﬁcum
1153 2089 1166 2126 :
1197 2086 1300 2125 non
1327 2070 1469 2124 enim
1497 2069 1583 2123 ille
1609 2066 1911 2121 dominatus
1936 2072 2020 2119 est

443 2190 476 2226 a
501 2171 708 2242 ﬂumine
734 2184 890 2238 usque
913 2166 980 2218 ad
1009 2164 1248 2226 terminos
1271 2161 1403 2216 orbis
1429 2169 1594 2214 terrai.
1624 2157 1712 2214 Sic
1743 2172 1870 2227 ergo
1906 2171 2022 2225 pro-

447 2266 716 2333 phetatum
742 2268 845 2324 est,
873 2258 1032 2313 etiam
1059 2256 1324 2325 sapientes
1347 2252 1503 2322 hujus
1525 2250 1705 2306 mundi
1729 2250 1780 2304 in
1807 2249 2018 2305 Christo

445 2356 607 2410 fuisse
630 2351 948 2407 credituros.
979 2347 1083 2403 Per
1108 2345 1356 2402 Arabiam
1387 2351 1562 2398 autem
1592 2341 1791 2398 Gentes
1823 2339 2020 2394 intelli-

442 2447 616 2517 gimus
645 2461 658 2496 :
693 2457 786 2512 per
812 2455 998 2496 aurum
1029 2438 1362 2508 sapientiam,
1390 2451 1508 2506 qua:
1540 2435 1610 2490 ita
1639 2433 1851 2489 excellit
1881 2432 2019 2487 inter

441 2553 630 2592 omnes
653 2534 954 2598 doctrinas,
983 2539 1040 2586 ut
1063 2545 1248 2585 aurum
1282 2530 1420 2583 inter
1446 2527 1690 2592 metalla;
1719 2526 1858 2580 unde
1882 2525 2020 2580 scri-

443 2639 588 2699 ptum
623 2634 705 2681 est
724 2665 739 2690 ,
769 2623 992 2694 Accipite
1027 2619 1346 2692 prudentiam
1370 2617 1496 2697 sicut
1521 2627 1785 2688 argentum
1805 2655 1820 2679 ,
1852 2626 1900 2669 et
1934 2632 2018 2669 sa-

441 2719 680 2789 pientiam
706 2716 835 2770 sicut
873 2728 1056 2767 aurum
1083 2710 1348 2782 probatum
1374 2707 1550 2780 (Prov.
1584 2723 1671 2760 vm
1694 2747 1710 2773 ,
1755 2705 1823 2761 10
1847 2747 1862 2771 ,
1896 2707 2012 2777 il).

440 2808 509 2866 Et
533 2808 743 2863 orabunt
769 2806 833 2860 de
869 2805 980 2876 ipso
1018 2817 1233 2872 semper.
1260 2799 1412 2868 Quod
1456 2798 1615 2852 habet
1641 2811 1881 2867 grtecus,
1912 2807 2017 2866 περὶ

435 2909 614 2966 αὐτοῦ,
646 2900 806 2971 aliqui
844 2895 1180 2968 interpretati
1206 2903 1369 2960 sunt,
1414 2892 1478 2945 de
1508 2892 1650 2960 ipso;
1687 2889 1881 2960 aliqui,
1921 2905 2014 2960 pro

438 2996 570 3065 ipso,
610 2993 690 3048 vel
719 3009 810 3062 pro
843 3007 921 3045 eo.
948 2987 1083 3057 Quid
1109 2995 1194 3042 est
1232 2994 1408 3040 autem
1436 3025 1449 3048 ,
1481 2983 1545 3038 de
1575 2985 1685 3052 ipso
1706 3022 1722 3048 ,
1752 2982 1853 3038 nisi
1881 2983 2015 3037 forte

440 3085 580 3154 quod
611 3097 824 3136 oramus
850 3080 1126 3135 dicentes:
1149 3077 1393 3130 Adveniat
1416 3090 1622 3144 regnum
1642 3083 1781 3126 tuum
1803 3069 2011 3142 (Matth.

439 3193 511 3240 vI,
549 3177 634 3245 10)
656 3175 679 3227 ?
700 3172 896 3226 Christi
929 3183 1156 3238 namque
1183 3167 1440 3221 adventus
1468 3165 1808 3235 prtesentabit
1835 3166 1851 3196 ί
1885 3164 2006 3219 lide-

441 3268 579 3319 libus
608 3277 828 3333 regnum
858 3261 971 3314 Dei.
1006 3257 1111 3312 Pro
1137 3274 1193 3310 eo
1218 3271 1348 3311 vero
1375 3253 1644 3324 quomodo
1671 3253 2010 3321 intelligatur,

438 3366 720 3427 angustum
761 3363 876 3416 est;
923 3350 1025 3406 nisi
1070 3349 1192 3419 quia
1235 3362 1356 3402 cum
1385 3355 1566 3400 oratur
1605 3360 1700 3414 pro
1732 3344 1966 3399 Ecclesia
1993 3386 2008 3410 ,

439 3467 536 3521 pro
565 3463 681 3517 Ipso
723 3454 924 3505 oratur,
973 3441 1094 3511 quia
1142 3454 1336 3508 corpus
1379 3447 1460 3492 est
1505 3436 1636 3506 ejus.
1687 3430 1759 3490 De
1800 3434 2014 3490 Christo

437 3555 632 3610 qmppe
659 3547 714 3593 et
739 3534 977 3592 Ecclesia
1009 3533 1339 3604 praemissum
1369 3539 1451 3584 est
1485 3535 1874 3583 sacramentum
1909 3542 2014 3580 ma-

437 3648 598 3702 gnum
632 3648 644 3683 :
681 3627 843 3682 Erunt
868 3627 968 3679 duo
997 3625 1050 3677 in
1077 3634 1229 3677 carne
1260 3638 1361 3675 una
1404 3619 1616 3691 (Ep/tes.
1646 3635 1678 3673 v
1702 3659 1716 3680 .
1745 3617 1815 3674 32
1837 3659 1852 3682 ,
1895 3616 2009 3688 5|).

438 3724 554 3777 .lam
582 3735 710 3775 vero
736 3716 877 3788 quod
903 3715 1175 3784 sequitur,
1205 3710 1334 3766 Tota
1369 3711 1477 3776 dic,
1516 3710 1567 3765 id
1605 3719 1689 3765 est
1732 3718 1842 3765 toto
1887 3718 2014 3765 tem-

438 3830 585 3886 pore,
613 3811 904 3866 benedicent
929 3810 996 3876 ei,
1025 3807 1156 3862 satis
1182 3816 1423 3875 apertum
1449 3812 1550 3858 est.

509 3909 598 3963 18.
627 3904 777 3978 [vers.
809 3900 922 3975 16.]
949 3899 1017 3954 Ει
1039 3902 1130 3955 erit
1151 3900 1520 3968 ﬁrmamentum
1548 3896 1599 3949 in
1627 3905 1780 3963 terra,
1803 3895 1856 3948 in
1884 3912 2014 3949 sum-

435 4002 533 4057 mis
569 3999 832 4053 montium.
878 3993 1243 4050 Omnes-enim
1290 3989 1646 4060 promissiones
1696 3987 1788 4042 Dei
1826 3988 1880 4041 in
1921 3986 2012 4040 illo

440 4093 608 4147 Etiam
637 4090 702 4161 (ll
729 4087 846 4143 Cor.
889 4101 937 4150 ι,
981 4084 1076 4153 20)
1100 4123 1115 4146 .
1143 4081 1196 4138 id
1219 4091 1323 4146 est,
1354 4080 1407 4134 in
1439 4080 1528 4133 illo
1555 4081 1575 4109 ¹
1604 4077 1822 4132 ﬁrmatae
1849 4087 2008 4142 sunt;

435 4185 558 4255 quia
590 4182 643 4236 in
673 4179 762 4233 illo
789 4177 1062 4246 impletum
1092 4183 1175 4228 est
1212 4169 1466 4242 quidquid
1506 4184 1602 4238 pro
1631 4169 1804 4223 salute
1830 4181 2011 4222 nostra

451 4273 822 4345 prophetatum
854 4275 954 4322 est.
987 4264 1119 4319 Nam
1150 4275 1352 4318 summa
1396 4260 1653 4314 montium
1675 4301 1688 4325 ,
1721 4258 2013 4327 Scriptura-

438 4383 556 4422 rutn
583 4363 883 4420 divinarum
911 4363 1178 4420 auctores,
1207 4352 1258 4406 id
1280 4361 1380 4417 est,
1409 4366 1503 4421 per
1531 4365 1665 4420 quos
1701 4349 2011 4404 ministrata:

439 4467 597 4526 sunt,
644 4453 940 4523 intelligere
967 4445 1242 4510 convenit;
1275 4446 1326 4498 in
1353 4443 1544 4511 quibus
1574 4444 1754 4512 utique
1793 4442 1905 4511 ipse
1932 4449 2014 4495 est

438 4551 854 4608 ﬁrmamentum,
882 4538 1130 4612 quoniam
1157 4535 1222 4590 ad
1254 4534 1401 4588 illum
1424 4533 1600 4587 omnia
1623 4547 1740 4602 qua:
1764 4531 2012 4586 divinitus

441 4641 635 4709 scripta
669 4645 814 4701 sunt,
846 4631 1168 4688 referuntur.
1201 4625 1313 4680 Hoc
1338 4633 1512 4677 autem
1541 4623 1593 4676 in
1625 4631 1765 4677 terra
1790 4637 1908 4677 esse
1928 4637 2013 4676 vo-

442 4733 557 4792 luit,
587 4729 710 4797 quia
736 4733 956 4797 propter
979 4733 1073 4776 cos
1101 4717 1191 4788 qui
1219 4717 1270 4770 in
1299 4723 1437 4768 terra
1474 4720 1630 4778 sunt,
1663 4713 1750 4766 illa
1779 4712 2014 4767 conscri-

442 4832 529 4895 pta
558 4830 680 4876 sunt
707 4837 720 4872 :
753 4819 894 4874 unde
921 4825 977 4872 et
1004 4815 1119 4884 ipse
1143 4812 1196 4866 in
1227 4819 1421 4864 terram
1450 4805 1627 4871 venit,
1655 4812 1713 4858 ut
1735 4820 1794 4859 ea
1822 4814 2013 4859 cuncta

443 4918 707 4977 ﬁrmaret,
740 4911 790 4965 id
816 4919 897 4966 est
920 4951 934 4973 ,
967 4910 1018 4962 in
1048 4917 1109 4961 se
1135 4909 1456 4959 monstraret
1489 4897 1714 4966 impleri.
1747 4917 1765 4948 ‹
1799 4896 2014 4966 Oporte-

442 5010 530 5063 bat
555 5005 716 5062 enitn,
753 5020 771 5052 ι
807 4999 994 5068 inquit,
1031 5016 1049 5049 ι
1089 4994 1298 5064 impleri
1327 4991 1504 5046 omnia
1529 5005 1645 5059 quae
1672 4988 1864 5057 scripta
1893 4997 2014 5042 sunt

443 5100 492 5153 in
521 5097 659 5165 Lege
683 5103 736 5146 et
760 5090 1038 5158 Prophetis
1067 5095 1120 5141 et
1150 5084 1374 5141 Psalmis
1400 5081 1466 5136 de
1496 5096 1582 5135 me
1613 5097 1632 5130 ›
1665 5077 1814 5148 (Luc.
1844 5094 1971 5132 xItIv
1992 5119 2008 5142 ,

441 5193 572 5260 £4);
606 5185 655 5240 id
687 5193 790 5243 est,
827 5200 846 5233 ι
881 5182 931 5233 in
960 5177 1183 5233 summis
1211 5176 1491 5230 montium.
1535 5193 1553 5225 ι
1588 5171 1677 5226 Sic
1701 5169 1844 5224 enim
1871 5169 2013 5260 venit

444 5303 464 5336 tt
503 5283 556 5338 in
587 5273 888 5334 novissimis
917 5267 1246 5336 temporibus
1266 5263 1576 5319 manifestus
1597 5275 1749 5316 mons
1778 5259 2008 5325 Domini,

502 5434 520 5466 ι
545 5425 618 5481 Sic
638 5425 804 5493 crebre
825 5423 1176 5493 aetates-ﬂ“
1353 5412 1677 5493 ρτέξὲῖὲἐαέπᾉ

501 5496 524 5528 ι
546 5475 685 5541 is}:
704 5475 766 5539 id
784 5490 853 5536 est
875 5481 925 5532 in
947 5477 1150 5541 Christo.
1183 5477 1236 5541 Id
1273 5475 1566 5541 capros-sus
1587 5475 1776 5541 omittit.
1805 5481 1866 5541 _At
1903 5480 2009 5524 Mss.

443 5527 903 5619 ensi-03.123323?
911 5527 1386 5619 'iteétgiit.i!£€:..§i€
1405 5535 1590 5619 @2132?
1604 5535 2012 5619 ῨἾΨᾸίίΞΨὶἒῊΣ

479 5597 670 5666 lﬁthﬁs‘
687 5597 1089 5670 b—icinterpretarj
1112 5597 1578 5670 particulat_n,_'etimn
1599 5609 1615 5645 :
1650 5610 1735 5656 pro
1757 5611 1851 5656 qua
1883 5610 2014 5670 pune

441 5657 773 5738 in"i§ii§5t5'it
789 5657 965 5726 ἑοικί,
991 5666 1049 5714 20
1072 5657 1270 5738 legitur;
1280 5665 1380 5738 ξεί.
1404 5657 1482 5705 Illa
1505 5657 2015 5738 augetn‘respondebat

437 5717 784 5796 Grteéifiownai
806 5717 830 5783 :—
842 5717 964 5796 ante
989 5741 1080 5777 vox
1120 5717 1262 5791 apud
1278 5729 1462 5771 Graecos
1484 5717 1800 5769 conﬁrmantis
1826 5727 1916 5778 est,
1943 5727 2014 5778 ut,

443 5795 612 5858 Amen,
637 5797 762 5857 apud
782 5795 1021 5845 Hebraeos.

1717 5916 1780 5932 ,δι-Ι.

3606 310 3708 367 912

2139 417 2350 490 paratus
2394 424 2443 474 in
2485 421 2757 476 cacumine
2788 422 3045 475 montium
3080 439 3098 473 ι
3133 421 3282 488 (lsai.
3317 439 3350 478 ll
3375 467 3388 487 ,
3434 425 3525 494 2);
3566 430 3708 496 quod

2134 513 2218 567 hic
2244 514 2337 573 ait,
2375 532 2393 564 ι
2428 515 2478 567 in
2506 515 3032 568 summisnntontinm.
3065 514 3522 583 Supercxtolletur
3549 537 3711 589 super

2132 603 2388 658 Libanum
2422 605 2618 659 fructus
2664 605 2797 674 ejus.
2837 623 2858 656 ι
2891 604 3148 660 Libanum
3182 607 3419 661 solemus
3463 611 3712 680 aecipcre

2129 695 2289 749 veluti
2338 694 2493 764 lmjus
2530 696 2707 750 saeculi
2751 695 3091 766 dignitatem;
3139 697 3387 766 quoniam
3433 715 3587 754 mons
3627 711 3710 755 est

2129 785 2364 840 Libanus
2387 786 2624 840 excelsas
2656 787 2873 842 arbores
2913 786 3153 856 habens,
3193 799 3250 845 et
3291 805 3484 844 nomen
3534 790 3709 860 ipsum

2130 865 2503 945 interpretatur
2525 877 2856 934 Candidatio.
2881 879 3015 948 Quid
3045 881 3184 935 enim
3219 881 3433 948 mirum,
3473 885 3517 937 si
3545 901 3712 954 super

2129 967 2288 1036 hujus
2313 969 2490 1022 surculi
2531 969 2843 1038 prteclarum
2872 987 3030 1026 omne
3056 972 3324 1044 fastigium
3366 977 3568 1030 fruetus
3611 993 3705 1032 su-

2127 1059 2492 1126 perextollitur
2515 1059 2748 1126 Christi,
2788 1061 2942 1132 cujus
2981 1062 3182 1118 fructus
3208 1054 3494 1122 dilectores
3523 1069 3710 1122 omnia

2126 1153 2400 1207 saecularia
2430 1153 2662 1209 culmina
2692 1159 3167 1226 contempserunt?
3192 1157 3248 1213 Si
3275 1169 3453 1214 autem
3479 1160 3532 1214 in
3567 1161 3712 1216 bono

2125 1241 2416 1310 accipimus
2445 1243 2721 1309 Libanum,
2750 1256 2964 1316 propter
2987 1248 3177 1303 cedros
3200 1248 3382 1306 Libani
3408 1267 3533 1320 quas
3558 1251 3711 1320 plun-

2127 1333 2244 1387 tavit
2274 1333 2441 1406 (Psul.
2471 1351 2582 1400 cut,
2615 1338 2734 1406 1(5);
2769 1338 2886 1407 quis
2931 1339 3065 1393 alius
3092 1342 3290 1396 fructus
3332 1343 3712 1415 intelligendus

2124 1434 2239 1492 est,
2268 1427 2359 1496 qui
2388 1442 2548 1496 super
2575 1428 2713 1482 hunc
2737 1429 2996 1484 Libanum
3035 1433 3326 1499 extollitur,
3369 1435 3467 1489 nisi
3507 1435 3575 1490 de
3603 1453 3712 1506 quo

2126 1520 2412 1588 Apostolus
2439 1521 2568 1574 dicit
2590 1519 2655 1575 de
2682 1520 2938 1575 charitate
2961 1536 3053 1576 sna
3087 1524 3352 1578 locuturus
3382 1543 3395 1578 :
3428 1525 3611 1580 Adhuc
3633 1545 3714 1580 su-

2126 1610 2508 1679 percntinentcm
2536 1610 2666 1664 viam
2705 1612 2839 1665 vobis
2875 1612 3160 1666 demonstro
3199 1613 3240 1685 (Ι
3272 1613 3390 1669 Cor.
3420 1632 3492 1670 xu
3516 1657 3530 1681 ,
3574 1617 3714 1688 5|)?

2126 1699 2250 1756 litec
2276 1701 2417 1756 enim
2461 1713 2514 1757 et
2552 1703 2603 1757 in
2643 1703 2812 1773 primo
2851 1707 3159 1774 preponitur
3186 1723 3464 1785 munerum
3495 1709 3712 1764 divino-

2126 1810 2264 1859 rum,
2290 1796 2375 1849 ubi
2396 1796 2488 1855 ait.
2513 1794 2731 1850 Fructus
2754 1806 2920 1850 autem
2943 1800 3152 1866 spiritus
3177 1811 3247 1853 est
3268 1801 3488 1856 charitas
3506 1817 3526 1865 ;
3545 1815 3711 1873 atque

2127 1885 2250 1941 inde
2275 1896 2464 1941 etetera
2497 1887 2673 1957 utique
2701 1891 3079 1959 consequentia
3106 1905 3458 1947 contexuntur
3483 1893 3626 1964 (Gal.
3652 1911 3708 1957 ν.

2124 1975 2237 2047 22).
2262 1974 2328 2029 Ει
2348 1979 2595 2047 ﬂorebunt
2616 1980 2678 2032 de
2701 1980 2897 2034 civitate
2919 1983 3043 2034 sicut
3064 1983 3233 2049 fenum
3257 1995 3420 2040 terras.
3444 1988 3709 2052 Quoniam

2124 2070 2369 2140 ambigue
2397 2072 2562 2138 posita
2589 2082 2671 2127 est
2695 2074 2878 2128 civitas
2902 2116 2917 2138 ,
2963 2090 3060 2129 nec
3089 2077 3394 2147 adjunctum
3435 2089 3520 2134 est
3549 2081 3666 2150 ejus
3689 2122 3709 2146 ,

2124 2169 2216 2214 aut
2243 2161 2368 2226 Dei;
2395 2177 2498 2215 non
2529 2163 2669 2216 enim
2695 2163 2890 2220 dictum
2916 2176 3016 2226 est,
3047 2166 3113 2220 de
3134 2168 3344 2224 civitate
3372 2170 3510 2238 ejus,
3539 2173 3617 2225 vel
3641 2173 3709 2226 de

2123 2253 2338 2308 civitate
2363 2252 2475 2318 Dei,
2503 2251 2597 2308 sed
2629 2261 2830 2309 tantum
2856 2255 2920 2309 de
2951 2257 3183 2320 civitate;
3209 2259 3258 2312 in
3285 2260 3426 2313 bono
3454 2260 3709 2330 intelligi-

2124 2355 2229 2411 tur,
2263 2356 2320 2400 ut
2345 2345 2412 2400 de
2437 2345 2649 2401 civitate
2677 2346 2804 2413 Dei,
2844 2347 2947 2402 hoc
2971 2358 3072 2412 est,
3115 2350 3180 2403 de
3208 2350 3442 2406 Ecclesia
3484 2353 3709 2407 ﬂoreant

2124 2436 2261 2492 sicut
2297 2437 2512 2503 fenum;
2553 2436 2648 2492 sed
2691 2436 2868 2492 fenum
2899 2427 3264 2505 fructifcrnm,
3295 2443 3447 2498 sicuti
3483 2453 3569 2498 est
3597 2445 3707 2498 frn-

2125 2528 2288 2582 menti
2325 2544 2339 2580 :
2371 2543 2491 2582 nam
2517 2537 2572 2583 et
2602 2527 2702 2582 hoc
2725 2528 2902 2585 fenum
2930 2532 3227 2601 appellatur
3260 2533 3312 2588 in
3343 2549 3526 2588 saneta
3558 2537 3709 2589 Scri-

2125 2629 2307 2689 ptura;
2337 2620 2473 2674 sicut
2515 2621 2564 2674 in
2595 2619 2786 2676 Genesi
2819 2621 3027 2690 jussum
3067 2634 3149 2679 est
3184 2625 3480 2694 producere
3506 2635 3706 2681 terram

2122 2727 2282 2767 omne
2307 2705 2508 2782 ilignum
2533 2722 2586 2768 et
2611 2726 2770 2769 omne
2800 2713 2976 2769 fenum
3005 2714 3156 2784 (Gen.
3183 2732 3218 2781 I,
3257 2715 3365 2788 ll),
3397 2733 3499 2772 nec
3524 2719 3705 2789 δήμιος

2123 2813 2264 2856 ctum
2291 2812 2374 2858 est
2398 2845 2410 2867 ,
2441 2819 2598 2858 omne
2629 2803 2980 2868 frumentum;
3012 2806 3151 2876 quod
3181 2809 3361 2876 procul
3391 2809 3549 2863 dubio
3593 2827 3704 2866 non

2124 2893 2485 2963 pra~teriretur
2515 2896 2611 2948 nisi
2657 2895 2760 2949 feni
2795 2897 3007 2951 nomine
3042 2898 3201 2954 etiam
3234 2897 3336 2952 hoc
3376 2899 3704 2970 intelligere.

2124 2995 2238 3048 tur;
2263 2995 2316 3039 et
2344 2985 2393 3038 in
2426 2985 2603 3039 multis
2631 2987 2748 3040 aliis
2777 2987 3167 3056 Scripturarutn
3195 2989 3324 3044 locis
3364 2991 3466 3046 hoc
3493 2990 3705 3046 inveni-

2124 3087 2224 3131 tur.
2271 3077 2324 3132 Si
2353 3088 2528 3132 autem
2559 3078 2636 3132 sic
2665 3078 3028 3147 accipiendum
3056 3091 3137 3134 est
3158 3121 3172 3143 ,
3207 3079 3270 3133 Et
3294 3081 3548 3150 ﬂorebunt
3572 3085 3706 3137 sicut

2123 3171 2293 3238 fenum
2319 3179 2486 3235 terrae,
2517 3168 2962 3238 quemadmodum
2989 3169 3189 3224 dictum
3219 3182 3300 3224 est
3319 3213 3333 3236 ,
3370 3171 3548 3226 Omnis
3577 3190 3700 3226 caro

2121 3265 2292 3331 fenum
2316 3304 2331 3325 ,
2372 3271 2419 3314 et
2456 3262 2658 3316 claritas
2701 3262 2916 3316 hominis
2940 3263 3066 3316 sicut
3094 3265 3192 3332 ﬂos
3219 3265 3354 3334 feni;
3383 3263 3624 3335 profecto
3649 3276 3707 3321 et.

2121 3353 2306 3406 civitas
2330 3353 2414 3406 illa
2442 3354 2778 3424 intelligenda
2807 3364 2903 3419 cst,
2936 3371 3054 3424 qua:
3081 3356 3258 3410 srecnli
3293 3355 3446 3426 hujus
3474 3358 3705 3412 societa-

2121 3452 2224 3496 tem
2253 3445 2514 3513 signiticat
2543 3462 2556 3497 :
2589 3461 2692 3498 non
2724 3446 2865 3500 enim
2904 3446 3095 3499 frustra
3130 3447 3328 3516 primus
3355 3447 3484 3500 Cain
3515 3450 3702 3502 condi-
3784 3480 3792 3486 -

2119 3533 2193 3588 dit
2223 3534 2487 3589 civitatem
2512 3533 2621 3605 (Id.
2650 3552 2718 3601 Iv,
2751 3537 2860 3605 i7).
2890 3535 3132 3590 Esaltato
3159 3538 3332 3607 itaque
3355 3539 3522 3591 fructu
3543 3538 3703 3594 Citri-

2118 3626 2187 3680 sti
2213 3641 2372 3696 super
2399 3625 2653 3680 Libanum
2675 3669 2689 3692 ,
2720 3627 2769 3681 id
2796 3638 2876 3682 est
2903 3642 3062 3696 super
3091 3629 3308 3683 arbores
3337 3629 3614 3684 diuturnas
3644 3641 3702 3686 et

2118 3717 2254 3786 ligna
2301 3717 2680 3786 imputribilia,
2744 3718 2865 3787 quia
2920 3718 3008 3772 ille
3052 3718 3249 3773 lructus
3293 3729 3526 3774 atternus
3579 3731 3696 3785 est;

2119 3809 2292 3862 omnis
2321 3808 2533 3862 claritas
2565 3807 2794 3862 hominis
2821 3809 3108 3863 secundum
3144 3813 3485 3879 temporalem
3516 3814 3698 3867 seculi

2117 3898 2484 3954 celsitudinem
2525 3898 2647 3953 leno
2671 3910 3006 3968 comparatur
3031 3940 3047 3965 ,
3087 3903 3335 3970 quoniam
3379 3918 3408 3955 a
3439 3903 3706 3957 credenti-

2118 3992 2216 4047 bus
2245 4003 2297 4047 et
2323 3993 2481 4046 vitam
2512 4001 2764 4046 aeternam
2789 3992 2898 4060 jam
2927 3992 3264 4062 sperantibus
3291 3996 3562 4063 spernitur
3593 3995 3710 4049 l‘eii-

2118 4085 2250 4139 citas
2287 4083 2590 4152 temporalis
2615 4124 2630 4151 ,
2677 4093 2733 4137 ut
2771 4084 3052 4151 impleatur
3092 4085 3233 4154 quod
3274 4086 3528 4154 scriptum
3568 4097 3653 4141 est
3684 4127 3698 4139 .

2122 4177 2298 4231 Omnis
2322 4194 2439 4231 caro
2467 4180 2656 4248 fenum,
2687 4186 2732 4231 et
2753 4178 2914 4230 omnis
2935 4178 3136 4230 claritas
3157 4179 3322 4233 contis
3351 4189 3405 4231 ut
3431 4180 3528 4246 ﬂos
3553 4181 3659 4249 feni
3681 4196 3703 4233 :

2119 4273 2289 4340 fenum
2314 4269 2464 4334 aruit,
2498 4269 2592 4338 ﬂos
2621 4268 2825 4322 decidit.
2865 4265 3074 4321 Verbum
3101 4279 3267 4321 autem
3293 4266 3502 4320 Domini
3529 4279 3705 4323 manet

2118 4359 2169 4410 in
2199 4369 2437 4411 attentum
2461 4356 2609 4427 (lsai.
2645 4373 2730 4423 XL,
2763 4357 2890 4426 6-8).
2923 4357 2995 4411 lbi
3025 4368 3101 4412 est
3132 4359 3330 4411 fructus
3357 4359 3472 4426 ejus
3490 4359 3704 4412 exalta—

2121 4457 2204 4502 tus
2229 4463 2389 4517 super
2420 4448 2698 4502 Libanum.
2726 4449 2948 4516 Semper
2972 4449 3111 4502 enim
3142 4463 3265 4502 caro
3295 4450 3474 4503 fenum
3504 4451 3622 4511 fuit.
3647 4460 3706 4504 et

2118 4539 2331 4594 claritas
2355 4540 2528 4593 carnis
2557 4549 2609 4594 ut
2645 4539 2742 4593 ﬂos
2784 4538 2886 4592 feni
2921 4557 2934 4592 :
2967 4539 3064 4594 sed
3091 4541 3212 4610 quia
3243 4556 3345 4594 non
3372 4539 3706 4595 demonstra-

2119 4633 2274 4686 batur
2311 4649 2429 4702 qua:
2468 4632 2638 4686 fuerat
2669 4631 2907 4701 eligenda
2945 4641 3000 4686 et
3040 4633 3394 4702 praeponenda
3427 4633 3654 4689 felicitas
3683 4677 3701 4701 ,

2121 4726 2219 4780 ﬂos
2250 4725 2355 4781 feni
2398 4741 2494 4795 pro
2537 4741 2727 4795 magno
2755 4726 3074 4792 habebatur;
3122 4741 3221 4780 nec
3259 4726 3430 4780 solum
3476 4727 3705 4782 minime

2119 4820 2573 4884 contetnnebatur,
2599 4820 2691 4873 sed
2715 4821 2871 4872 etiam
2897 4821 3123 4874 maxime
3145 4820 3511 4890 appetebatur.
3535 4822 3702 4890 Quasi

2119 4924 2247 4980 ergo
2276 4920 2401 4964 tunc
2431 4910 2500 4963 ita
2525 4924 2644 4964 esse
2672 4913 2894 4977 cmperit
2914 4951 2928 4974 ,
2959 4911 3169 4980 quando
3199 4925 3443 4965 aversum
3474 4912 3490 4943 ¹
3519 4923 3606 4966 est
3631 4921 3704 4966 at~

2121 5007 2622 5072 que'contemptum
2667 5001 2922 5071 quidquid
2968 5002 3190 5056 ﬂorebat
3237 5003 3286 5058 in
3336 5003 3572 5065 sse-culo.
3628 5005 3699 5058 ita

2119 5095 2316 5150 dictum
2339 5105 2440 5159 e5l,
2466 5093 2900 5164 Supercxtolletta'
2918 5111 3066 5163 super
3088 5092 3330 5147 Libanum
3353 5101 3548 5164 [ructus
3570 5097 3697 5165 ejus,

2121 5198 2166 5241 et
2192 5185 2437 5256 ﬂorebunt
2467 5186 2528 5238 de
2547 5186 2744 5238 civitate
2773 5188 2900 5238 sicut
2927 5188 3098 5256 fenum
3123 5195 3267 5240 terra:
3296 5201 3316 5240 :
3345 5185 3396 5240 id
3419 5197 3519 5251 est,
3547 5187 3701 5243 diffa-

2121 5279 2350 5332 mabitur
2387 5292 2546 5347 super
2571 5277 2747 5329 omnia
2775 5276 2914 5344 quod
2944 5277 2994 5330 in
3041 5286 3296 5331 aeternum
3328 5278 3662 5346 promittitur
3683 5321 3700 5345 ,

2121 5381 2176 5427 et
2211 5370 2604 5440 comparabitur
2629 5368 2750 5424 l'eno
2784 5379 2936 5424 terra:
2962 5368 3213 5438 quidquid
3253 5385 3350 5440 pro
3389 5386 3582 5441 magno
3612 5372 3704 5426 ha-

2120 5462 2274 5518 betur
2299 5461 2352 5514 in
2382 5459 2600 5514 saeculo.

2193 5551 2278 5610 19.
2320 5551 2466 5624 [vers.
2507 5549 2617 5621 17.]
2646 5550 2726 5605 Sit
2764 5566 2891 5622 ergo
2925 5568 3104 5607 nomen
3145 5554 3255 5624 ejus
3298 5555 3612 5609 benedictum
3648 5560 3702 5615 in

2121 5645 2307 5701 sarcula
2337 5659 2354 5697 :
2384 5651 2498 5695 ante
2534 5643 2690 5695 solent
2731 5652 2989 5710 permanet
3015 5659 3194 5698 nomen
3237 5646 3366 5720 ejus.
3401 5647 3506 5702 Per
3533 5647 3704 5703 solem

2193 5781 2209 5811 ι
2236 5783 2307 5828 Er.
2335 5786 2384 5829 et
2403 5784 2532 5839 uss,
2571 5775 2969 5828 animadversum.
