4020 6198
313 388 414 446 915

313 515 550 572 tempora
580 496 870 570 signiﬁcata
897 501 1017 548 sunt
1045 511 1059 548 :
1089 505 1215 562 ergo
1245 491 1296 544 in
1325 499 1580 542 :cternum
1607 483 1878 553 permanet

319 610 512 651 nomen
543 593 692 661 ejus;
734 600 990 645 internum
1016 585 1154 640 enim
1185 580 1449 636 antecedit
1478 589 1714 648 tempora
1737 616 1752 640 ,
1782 586 1878 626 nec

311 687 574 743 clauditur
604 694 859 751 tempore.
907 679 971 733 Et
1003 677 1351 730 benedicentur
1375 671 1428 725 in
1452 671 1560 740 ipso
1592 684 1760 721 omnes
1786 665 1879 717 tri-

317 779 406 832 bus
431 785 597 828 terra.
638 774 692 826 lu
725 773 838 841 ipso
877 770 1067 839 quippe
1095 766 1343 836 impletur
1379 761 1519 833 quod
1563 758 1877 830 promissum

313 876 398 922 est
425 863 670 921 Abrahaa.
707 881 724 915 ι
757 862 868 916 Νοιι
904 880 922 912 ι
952 860 1148 914 0111111⁸(
1176 857 1323 922 dicit,
1350 855 1404 909 ln
1432 852 1743 915 seminibus,
1767 857 1879 902 tan-

315 974 471 1030 quam
503 958 552 1010 in
584 955 793 1018 multis;
825 951 919 1007 sed
948 962 1192 1019 tanquam
1221 949 1270 1002 in
1304 962 1429 1013 uno,
1466 947 1529 999 Et
1553 942 1739 997 semini
1767 950 1876 1002 tuo,

317 1049 458 1120 quod
483 1056 564 1102 est
586 1046 824 1100 Christus
854 1064 872 1096 ι
905 1043 1043 1114 (Gal.
1069 1059 1144 1108 ιιι,
1176 1041 1282 1109 16).
1310 1038 1534 1094 Abrahae
1555 1046 1730 1090 autem
1753 1033 1881 1087 diei-

318 1151 405 1195 tur
454 1156 467 1192 :
524 1157 543 1192 ι
589 1137 643 1190 ln
689 1137 890 1191 semine
940 1145 1028 1188 tuo
1068 1133 1446 1187 benedicentur
1490 1143 1672 1182 onmcs
1716 1127 1882 1180 tribus

316 1217 473 1286 terra:
496 1248 514 1282 ι
543 1229 692 1300 (Gen.
713 1245 839 1293 χιιι,
855 1228 965 1298 18).
989 1247 1006 1278 r
1025 1227 1205 1296 Neque
1233 1226 1320 1279 lilii
1338 1223 1636 1287 carnis,sed
1651 1223 1737 1275 lilii
1763 1236 1882 1289 pro-

318 1321 587 1376 missionis
601 1321 916 1390 deputanlur
940 1321 990 1372 in
1008 1321 1209 1372 semine
1229 1338 1247 1369 ι
1271 1317 1439 1386 (Rom.
1458 1333 1527 1381 Ix,
1546 1316 1620 1385 8).
1644 1333 1662 1365 ε
1685 1313 1879 1366 Omnes

318 1425 503 1484 gentes
546 1413 954 1484 tnaguilicabunt
1001 1427 1142 1466 eum.
1184 1429 1201 1462 ι
1253 1409 1524 1478 Tanquam
1569 1405 1882 1474 exponendo

316 1507 600 1575 repetitum
623 1503 861 1574 estquod
887 1519 1042 1572 supra
1065 1503 1258 1556 dictum
1287 1511 1385 1556 est.
1409 1500 1536 1564 Quia
1559 1499 1697 1553 enim
1721 1497 1880 1551 benc-

318 1595 561 1650 diccntur
582 1595 634 1649 in
654 1609 738 1660 eo,
763 1593 1171 1662 magniﬁcabunt
1193 1608 1310 1646 eum
1343 1611 1355 1645 :
1385 1605 1488 1644 non
1515 1588 1613 1659 ipsi
1644 1586 1882 1666 iaciendo

320 1699 380 1742 ut
406 1703 624 1758 magnus
650 1687 740 1750 sit,
763 1686 853 1756 qni
882 1702 976 1755 per
1003 1686 1233 1753 seipsum
1259 1697 1478 1750 magnus
1504 1689 1619 1744 est;
1646 1679 1736 1733 sed
1764 1679 1879 1731 lau-

319 1779 495 1833 dando
533 1787 585 1832 et
613 1793 859 1848 magnum
901 1775 1132 1831 fatendo.
1179 1774 1266 1829 Sic
1309 1774 1449 1826 enim
1489 1769 1885 1840 magniﬁcamus

321 1868 520 1934 Deum;
558 1868 635 1923 sic
672 1869 828 1922 etiam
864 1869 1088 1922 dicimus
1117 1883 1129 1920 :
1159 1867 1512 1934 Sancti/icetttr
1536 1880 1713 1916 nomen
1743 1870 1882 1915 tuum

320 1957 531 2031 (Matth.
555 1975 626 2024 γι,
652 1957 739 2028 9);
774 1959 912 2028 quod
943 1973 1152 2026 semper
1182 1958 1360 2026 utique
1389 1967 1626 2008 sanctum
1655 1962 1754 2008 est.

388 2051 479 2105 20.
511 2048 661 2122 [ναι-ε.
703 2049 814 2121 18.]
846 2049 1143 2103 Benedictus
1174 2047 1416 2100 Dominus
1440 2088 1454 2110 ,
1496 2045 1634 2101 Deus
1675 2045 1880 2111 Israel,

315 2146 400 2211 qui
431 2142 551 2209 facit
590 2141 839 2194 mirabilia
875 2140 1031 2194 solus.
1059 2139 1416 2194 Consideratis
1455 2138 1697 2191 omnibus
1722 2153 1881 2206 supra

318 2230 474 2284 dictis
523 2239 792 2284 eructatur
838 2229 1100 2300 hymnus,
1147 2240 1199 2284 ct
1248 2229 1575 2282 bcuedicitur
1627 2228 1881 2282 Dominus

319 2321 457 2376 Deus
499 2320 679 2376 lsrael.
723 2321 975 2390 [inpletur
1001 2322 1140 2375 enim
1177 2319 1318 2388 quod
1356 2319 1420 2372 ad
1466 2320 1605 2372 illam
1644 2321 1881 2374 sterilem

315 2412 514 2465 dictum
537 2420 636 2475 est,
674 2410 736 2464 Et
763 2412 850 2481 qui
870 2411 996 2463 eruit
1019 2420 1082 2472 te,
1104 2410 1210 2479 ipse
1239 2408 1502 2469 Dominus,
1535 2407 1670 2461 Deus
1699 2407 1878 2474 Israel,

318 2506 558 2558 universa:
587 2516 733 2557 terra:
757 2503 1008 2556 vocabitur
1033 2501 1180 2571 (lsai.
1213 2517 1316 2565 Ltv.
1345 2498 1416 2562 5).
1456 2500 1568 2568 Ipse
1598 2501 1716 2570 facit
1739 2499 1884 2551 mira-

317 2594 438 2648 bilia
481 2596 618 2647 solus
641 2609 660 2647 :
686 2593 934 2662 quoniam
960 2593 1277 2661 quicumque
1306 2590 1500 2644 faciunt
1523 2631 1538 2657 ,
1563 2590 1687 2658 ipse
1727 2589 1776 2642 in
1803 2588 1882 2643 eis

317 2696 585 2755 Operatur,
619 2687 703 2756 qui
732 2685 851 2752 facit
882 2683 1129 2735 mirabilia
1162 2683 1318 2735 solus.

388 2777 477 2830 “ll.
507 2774 657 2847 [vers.
687 2772 798 2847 19.]
829 2773 892 2827 Et
920 2775 1224 2827 benedictum
1251 2788 1427 2824 nomen
1457 2770 1630 2840 gloria:
1655 2771 1762 2840 ejus
1786 2771 1801 2801 ¹
1829 2769 1881 2822 in

315 2877 555 2920 wternum
581 2907 596 2932 ,
623 2867 741 2918 etin
769 2865 1005 2918 sarculum
1031 2863 1218 2916 swculi.
1261 2861 1396 2930 Quid
1439 2861 1576 2915 aliud
1613 2860 1758 2914 latini
1800 2859 1883 2912 in—

319 2969 580 3026 terpretes
617 2958 877 3020 dicerent,
920 2955 1006 3026 qui
1038 2971 1140 3008 non
1173 2965 1388 3024 possent
1415 2953 1609 3014 dicere,
1641 2954 1691 3007 in
1723 2963 1880 3006 teter-

321 3068 467 3118 num,
497 3052 628 3105 etin
655 3060 908 3104 :eternum
931 3050 1112 3103 interni
1129 3051 1154 3101 ’ί
1177 3049 1332 3114 Quasi
1359 3049 1498 3102 enim
1523 3049 1660 3102 aliud
1684 3047 1879 3102 dictum

319 3144 423 3204 sit,
447 3143 775 3203 inwternum,
821 3129 873 3194 ἐι
898 3139 1039 3193 aliud
1068 3140 1117 3192 in
1152 3140 1391 3193 swculum
1414 3180 1429 3206 ,
1467 3139 1546 3192 ita
1564 3149 1708 3193 sonat
1740 3157 1754 3193 :
1785 3138 1880 3193 scd

318 3222 521 3305 ειη-ωε
552 3235 726 3297 habet,
755 3243 818 3295 εἰς
845 3242 919 3288 τὸν
939 3244 1104 3297 αἰῶνα,
1136 3239 1216 3287 καὶ
1245 3244 1306 3296 εἷς
1325 3243 1400 3288 τὸν
1427 3244 1575 3286 αἰῶνα
1601 3237 1682 3288 τεῧ
1695 3243 1880 3296 αἰῶνος,

319 3327 458 3396 quod
487 3328 618 3381 forte
654 3326 981 3380 commodius
1005 3327 1302 3391 diceretur,
1331 3327 1387 3380 in
1415 3326 1662 3380 sarculum
1691 3367 1704 3390 ,
1747 3335 1798 3379 et
1829 3326 1881 3378 in

320 3417 570 3471 saeculum
600 3418 776 3472 seculi
803 3434 817 3480 ;
859 3427 914 3471 ιιι
942 3418 992 3471 in
1015 3419 1252 3472 sarculum
1279 3417 1678 3487 intelligeretur,
1716 3430 1883 3485 quan-

321 3516 428 3562 ttnn
477 3509 574 3563 hoc
604 3510 856 3564 sa‘culum
897 3509 1080 3574 durat;
1111 3510 1164 3562 in
1197 3511 1432 3563 swculum
1468 3517 1640 3562 autem
1680 3507 1880 3572 swculi,

317 3599 455 3668 quod
486 3609 601 3668 post
630 3600 785 3667 hujus
829 3599 985 3653 linem
1031 3599 1261 3652 futurum
1300 3600 1641 3666 promittitur.
1692 3596 1758 3649 Et
1799 3613 1883 3650 re-

320 3690 531 3758 plebitur
577 3689 738 3758 gloria
779 3690 887 3756 ejus
923 3689 1084 3740 omnis
1120 3699 1250 3760 terra
1282 3704 1300 3740 :
1327 3689 1440 3752 fiat,
1485 3688 1594 3754 ﬁat.
1632 3685 1840 3739 Jussisti
1865 3726 1880 3749 ,

319 3779 574 3844 Domine,
614 3779 683 3830 ita
714 3778 796 3840 ﬁt;
840 3778 908 3830 ita
941 3778 1016 3841 lit,
1039 3777 1208 3830 donec
1241 3776 1366 3830 illud
1387 3775 1524 3845 quod
1543 3775 1702 3843 cmpit
1729 3775 1881 3844 aﬂu-

319 3871 472 3931 miue,
497 3869 765 3937 perveniat
785 3867 999 3922 omnino
1027 3885 1179 3950 usque
1207 3867 1274 3919 ad
1299 3869 1531 3930 terminos
1562 3867 1692 3920 orbis
1719 3875 1880 3920 terrai.

319 4001 534 4015 —_

736 4073 817 4132 IN
859 4071 1238 4133 PSALMUM
1268 4071 1502 4131 LXXII

903 4192 1312 4248 ENAllRATlO.

947 4321 1118 4361 sentio
1150 4306 1248 4377 (a).

390 4421 440 4473 1.
501 4418 650 4492 [vers.
699 4419 775 4492 1.]
815 4420 1036 4484 Audite,
1083 4418 1258 4473 audite
1299 4418 1635 4473 dilectissima
1680 4418 1881 4472 viscera

315 4511 551 4579 corporis
592 4509 820 4574 Christi,
862 4525 1083 4579 quorum
1114 4525 1236 4578 spes
1267 4509 1515 4562 Dominus
1545 4509 1679 4562 Deus
1709 4518 1884 4562 vester

314 4612 398 4655 est
420 4644 434 4664 ,
467 4613 520 4654 et.
546 4618 647 4655 nou
679 4602 937 4670 respicitis
969 4603 1018 4655 in
1053 4601 1306 4654 vanitates
1333 4610 1379 4653 et
1411 4601 1638 4653 insanias
1669 4600 1883 4652 menda-

313 4706 405 4746 ces
435 4692 600 4759 (Psal.
642 4708 836 4755 χχχιιι,
869 4693 922 4762 5)
946 4709 960 4756 ;
992 4701 1045 4746 et
1072 4693 1156 4760 qui
1184 4691 1354 4745 adhuc
1381 4691 1640 4759 respicitis
1663 4732 1676 4754 ,
1705 4690 1882 4744 audite

314 4799 382 4837 ne
422 4784 732 4851 respiciatis.
772 4784 1009 4838 Psalmus
1047 4786 1146 4838 iste
1184 4784 1575 4850 inscriptionem
1608 4783 1798 4847 habet,
1830 4783 1878 4838 id

312 4884 395 4928 est
434 4877 672 4938 titulum,
717 4874 1012 4944 Defecernnt
1036 4877 1206 4944 hymni
1239 4873 1430 4940 David,
1461 4871 1554 4942 lilii
1581 4872 1722 4927 Jesse
1752 4877 1824 4945 (b)
1861 4891 1879 4929 :

316 4964 550 5018 Psalmus
574 4965 668 5033 ipsi
692 4965 882 5034 Asaph.
915 4965 1015 5018 Tot
1045 4965 1294 5018 habemus
1325 4965 1553 5034 psalmus
1579 4965 1628 5016 in
1655 4981 1877 5034 quorum

313 5057 477 5109 titulis
506 5058 754 5124 scriptum
783 5067 865 5111 est
891 5072 1076 5109 nomen
1109 5057 1266 5110 David
1292 5097 1306 5122 ,
1342 5071 1594 5125 nusquam
1623 5066 1703 5108 est
1729 5057 1877 5110 addi-

312 5155 420 5201 ttun
449 5148 544 5214 ﬁlii
569 5146 747 5212 Jesse',
781 5147 877 5201 nisi
905 5148 955 5200 in
987 5147 1086 5200 hoc
1112 5147 1243 5200 solo.
1275 5145 1424 5213 Quod
1453 5145 1770 5200 credendum
1797 5156 1877 5200 est

375 5282 389 5312 ³
419 5281 586 5330 Plures
603 5295 633 5331 e
658 5282 1000 5331 vetustioribus
1021 5288 1149 5337 Mss.,
1174 5279 1433 5336 maiestatis
1447 5279 1567 5340 ejus.

373 5344 444 5401 (a)
468 5353 633 5391 Sermo
656 5343 712 5391 ad
739 5345 936 5406 plebem
958 5343 1144 5406 habitus
1168 5342 1292 5391 forte
1315 5355 1391 5390 an.
1417 5342 1526 5406 411,
1553 5343 1599 5390 in
1625 5343 1876 5406 pervigilio

306 5411 350 5451 s.
378 5406 608 5466 (miriani,
635 5418 696 5454 ex
723 5404 863 5466 (Epist.
887 5405 991 5463 110,
1008 5404 1064 5451 ad
1082 5411 1384 5466 Honoratum,
1409 5416 1451 5452 c.
1479 5405 1526 5462 5,
1553 5417 1600 5450 ιι.
1622 5404 1873 5466 15.έ

307 5462 637 5515 .tudoeneusis
671 5473 722 5516 et
755 5462 952 5515 Claram.
979 5465 1158 5515 addunt
1193 5467 1239 5514 in
1265 5462 1401 5514 titulo
1437 5477 1712 5514 sermonem
1749 5465 1876 5514 hunc

307 5526 520 5575 habitum
545 5541 656 5577 esse
681 5529 726 5576 in
746 5527 935 5576 Basilica
960 5528 1202 5576 Restituta.
1266 5531 1323 5574 Μ.

370 5589 440 5650 (b)
465 5595 512 5637 In
537 5589 749 5639 editione
788 5589 1043 5638 Bibliorum
1078 5588 1274 5650 vigata
1317 5588 1376 5636 ad
1405 5586 1671 5650 superioris
1705 5585 1874 5650 Psalnii

309 5646 454 5712 ﬁnem
499 5652 713 5712 pertinet
749 5651 842 5701 iste
884 5646 1477 5712 versiculiis."1)efecerunt
1504 5646 1670 5712 [ignari
1691 5647 1866 5706 David,

309 5709 397 5776 filii
417 5708 550 5776 .Iesse
577 5723 764 5776 :_qnem
789 5713 1059 5776 Ambrosius
1079 5724 1186 5760 eum
1213 5708 1469 5774 Augustino
1491 5708 1714 5760 similiter
1734 5721 1870 5761 accc-

311 5774 378 5832 pit
406 5785 493 5834 pro
517 5773 655 5824 titulo
677 5775 819 5836 hujus
842 5774 1004 5823 l’b‘alllll
1025 5787 1136 5824 uti.
1287 5773 1297 5774 ί
1518 5823 1534 5836 ,
1721 5805 1724 5807 λ

1386 362 1780 428 ENARRATIO
1818 357 1882 415 ΙΝ
1923 357 2235 419 PSALMUM
2277 365 2480 420 LXXII.

3447 367 3548 423 9H

1985 485 2086 525 nou
2111 472 2300 528 frustra
2331 475 2522 530 factum
2543 518 2557 541 ,
2583 489 2748 545 neque
2777 475 3004 530 inaniter
3032 492 3044 527 :
3075 475 3267 546 tibique
3280 479 3418 537 enim
3449 494 3549 532 no-

1981 564 2062 619 bis
2088 566 2252 618 innuit
2277 567 2440 628 Dt‘US,
2466 578 2516 621 et
2535 568 2599 621 ad
2628 568 2946 623 intellectum
2977 579 3132 622 vocat
3156 569 3293 638 pitun
3321 571 3550 624 studium

1982 654 2272 708 charitatis.
2321 655 2452 724 Quid
2501 666 2621 724 est,
2663 657 2961 725 Defeoerunt
2997 657 3171 728 hymni
3216 658 3408 720 David,
3457 661 3551 728 filii

1980 743 2167 800 Iesse?
2209 747 2396 818 llymni
2440 748 2620 803 laudes
2662 759 2782 802 sunt
2817 749 2904 802 Dei
2935 756 3053 802 cum
3085 750 3289 802 cantico
3323 767 3334 800 :
3371 749 3549 820 hymni

1982 849 2167 893 cantus
2209 850 2331 893 sunt
2372 841 2699 894 continentes
2747 841 2948 894 laudem
2996 841 3107 894 Dei.
3151 840 3203 895 Si
3231 840 3295 894 sit
3324 840 3471 905 laus,
3498 852 3553 897 ct

1984 946 2090 984 non
2117 932 2185 985 sit
2215 931 2304 984 Dei
2325 972 2338 992 ,
2370 948 2477 986 non
2499 944 2572 987 est
2603 933 2828 1002 hymnus
2861 951 2874 987 :
2905 933 2948 985 si
2975 931 3042 985 sit
3064 932 3196 997 laus,
3225 941 3278 985 et
3299 931 3392 986 Dei
3416 932 3549 998 laus,

1983 1030 2036 1075 et
2061 1038 2162 1075 non
2189 1031 2428 1075 cantetur
2451 1065 2466 1086 ,
2493 1039 2592 1075 non
2617 1034 2696 1076 est
2725 1023 2968 1094 hymnus.
3001 1020 3220 1092 Oportet
3243 1037 3368 1091 ergo
3398 1033 3474 1088 ut,
3495 1022 3553 1078 si

1983 1115 2052 1166 sit
2085 1116 2340 1183 hymnus,
2372 1114 2559 1168 habeat
2589 1114 2702 1167 lucc
2731 1119 2826 1167 tria
2859 1131 2870 1166 :
2903 1125 2954 1168 et
2987 1113 3188 1166 laudem
3215 1156 3229 1178 ,
3262 1121 3318 1165 et
3345 1113 3469 1176 Dei,
3501 1121 3554 1170 et

1983 1204 2262 1258 caudeam.
2307 1205 2439 1272 Quid
2469 1214 2551 1258 est
2578 1219 2730 1273 ergo,
2766 1205 3062 1272 Defecerunt
3088 1205 3261 1274 hymni
3281 1205 3306 1257 .9
3335 1204 3553 1258 Defece-

1941 1316 1944 1318 ·
1984 1302 2107 1348 runt
2136 1294 2313 1348 laudes
2338 1311 2454 1364 qua:
2478 1306 2754 1348 curuantur
2780 1295 2829 1347 in
2860 1295 3044 1347 Deum.
3076 1295 3343 1348 Molestam
3368 1310 3479 1348 rem
3501 1305 3556 1349 et

1984 1387 2129 1454 qttasi
2173 1388 2459 1440 luctuosam
2511 1387 2716 1439 videtur
2763 1387 3022 1440 nuntiare.
3064 1385 3162 1453 Qui
3204 1385 3343 1438 enim
3379 1395 3556 1440 cantat

1985 1477 2228 1543 laudem,
2270 1493 2372 1531 nou
2417 1479 2585 1532 solum
2632 1477 2841 1544 laudat,
2878 1477 2968 1531 sed
3000 1479 3156 1530 etiam
3187 1476 3422 1531 hilariter
3448 1479 3555 1530 lau-
3649 1488 3651 1491 '

1983 1568 2072 1622 dat
2117 1586 2130 1622 :
2175 1570 2262 1639 qui
2304 1578 2479 1623 cantat
2523 1570 2758 1636 laudem,
2802 1585 2904 1623 non
2940 1571 3108 1623 solum
3138 1579 3350 1634 cantat,
3381 1569 3474 1625 sed
3503 1579 3556 1624 ct

1983 1669 2125 1713 amat
2149 1677 2266 1714 eum
2291 1677 2444 1730 quem
2471 1671 2664 1714 cantat.
2695 1661 2747 1713 In
2771 1661 2923 1714 laude
2943 1660 3241 1716 Conﬁtentis
3263 1668 3344 1713 est
3368 1659 3556 1730 prmdi-

1984 1750 2122 1804 catio
2165 1769 2178 1802 :
2225 1752 2276 1804 in
2317 1752 2522 1805 cantico
2562 1752 2785 1804 amantis
2827 1751 3054 1805 all'ectio.
3101 1751 3394 1821 Ι)ε[εειινιιηι
3428 1766 3555 1820 ergo

1985 1843 2159 1912 hymni
2199 1843 2393 1906 David,
2437 1844 2508 1897 ait
2555 1862 2568 1897 :
2609 1852 2663 1898 et
2701 1844 2931 1906 addidit,
2959 1843 3235 1912 ﬁliiJcsse.
3265 1843 3392 1896 Erat
3413 1844 3553 1896 enim

1943 1933 2148 1992 eDavid
2199 1951 2294 1988 rex
2317 1933 2482 1988 lsrael
2501 1975 2516 2000 ,
2545 1933 2682 1987 ﬁlius
2708 1935 2854 1989 Jesse
2879 1935 2920 2005 (1
2953 1935 3077 2004 Reg.
3105 1950 3190 1987 xu
3215 1975 3230 1999 ,
3261 1934 3347 2004 18)
3372 1974 3386 1997 ,
3418 1943 3553 1986 tem-

1983 2039 2112 2094 pore
2150 2025 2376 2095 quodam
2414 2026 2612 2079 Veteris
2649 2025 3010 2091 Testamenti;
3049 2040 3154 2094 quo
3191 2033 3426 2093 tempore
3450 2022 3556 2077 No-

1983 2133 2104 2172 vum
2132 2118 2523 2173 Testamentum
2553 2119 2869 2173 occultatum
2902 2119 2969 2172 ibi
3000 2127 3147 2183 erat,
3177 2125 3423 2186 tauquam
3447 2115 3556 2169 fru-

1983 2219 2098 2264 ctus
2128 2210 2178 2264 in
2200 2210 2393 2266 radice.
2424 2210 2476 2265 Si
2498 2210 2638 2263 enim
2667 2223 2872 2278 quaeras
2891 2205 3117 2264 fructum
3137 2208 3189 2262 iu
3219 2207 3420 2278 radice,
3447 2222 3553 2261 non

1984 2302 2256 2366 invenies;
2301 2317 2399 2355 nec
2425 2310 2596 2356 tamen
2627 2301 2863 2355 invenies
2893 2300 2944 2354 in
2975 2301 3136 2354 ramis
3165 2299 3421 2363 fructum,
3454 2298 3555 2353 nisi

1983 2393 2071 2460 qui
2101 2391 2168 2445 de
2207 2391 2380 2446 radice
2420 2393 2755 2460 processerit.
2787 2391 2882 2446 lllo
2905 2407 3030 2462 ergo
3058 2399 3329 2461 tempore,
3359 2391 3556 2462 populo

1985 2483 2156 2552 primo
2185 2482 2413 2536 venienti
2439 2497 2502 2536 ex
2530 2483 2732 2537 semine
2759 2482 2984 2536 Abrahm
3011 2483 3325 2547 carnaliter;
3357 2497 3475 2536 nam
3501 2491 3556 2537 et

1986 2573 2210 2641 populus
2239 2572 2498 2627 secundus
2525 2573 2795 2642 pertinens
2818 2573 2882 2627 ad
2913 2572 3114 2626 Novum
3136 2572 3552 2638 Testamentum,

1983 2665 2048 2718 ad
2072 2680 2256 2719 semen
2287 2666 2510 2720 Abraba:
2533 2667 2756 2735 pertinet
2779 2707 2793 2732 ,
2821 2665 2911 2720 sed
2937 2665 3043 2734 jam
3069 2663 3406 2735 spiritualiter
3433 2683 3448 2718 :
3481 2665 3555 2720 illi

1983 2771 2108 2825 ergo
2140 2757 2331 2825 populo
2362 2756 2528 2825 primo
2557 2755 2728 2810 adhuc
2755 2756 2973 2818 carnali,
2998 2755 3084 2810 ubi
3111 2756 3258 2824 pauci
3287 2755 3555 2825 propheta:

1983 2846 2346 2914 intelligebant
2381 2855 2433 2900 et
2467 2845 2589 2916 quid
2619 2846 3010 2900 desideraretur
3035 2860 3065 2899 a
3096 2846 3233 2910 Deo,
3267 2854 3320 2900 et
3344 2844 3554 2914 quando
3618 2855 3620 2858 '

1987 2939 2200 2994 haberet
2245 2938 2454 3010 publice
2501 2937 2813 3008 praedicari,
2854 2939 3340 3007 prmnuntiaverunt
3382 2937 3552 2991 futura

1986 3031 2099 3086 lucc
2130 3043 2362 3101 tempora
2387 3071 2406 3098 ,
2434 3040 2488 3086 et
2513 3031 2794 3085 adventuum
2825 3031 3028 3085 Domini
3055 3030 3218 3084 nostri
3243 3031 3365 3085 .lesu
3395 3029 3552 3085 Chri-

1985 3125 2071 3178 sti.
2096 3124 2158 3177 Et
2179 3121 2616 3192 quemadmodum
2641 3115 2881 3177 Christus
2903 3123 3012 3192 ipse
3031 3122 3317 3176 secundum
3337 3136 3550 3183 carnem

1987 3218 2279 3273 nasciturus
2301 3259 2315 3282 ,
2347 3216 2398 3271 in
2424 3216 2600 3270 radice
2623 3223 2737 3270 erat
2763 3215 3004 3270 occultus
3020 3216 3070 3269 in
3093 3215 3296 3270 semine
3320 3213 3553 3269 Patriar-

1983 3308 2199 3363 charum
2225 3351 2240 3374 ,
2269 3307 2570 3377 etquodam
2594 3315 2828 3374 tempore
2853 3305 3165 3360 revelandus
3185 3313 3430 3372 tanquam
3451 3302 3555 3358 fru-

1983 3409 2068 3455 etu
2111 3409 2429 3469 apparente,
2475 3398 2612 3452 sicut
2647 3397 2902 3466 scriptum
2942 3405 3055 3458 est,
3098 3394 3296 3448 Floruit
3329 3395 3467 3464 virga
3489 3394 3556 3449 de

1983 3487 2154 3544 radice
2172 3489 2318 3544 Jesse
2345 3487 2494 3558 (lsai.
2526 3504 2606 3551 ιι,
2635 3487 2724 3555 1)-;
2753 3488 2829 3540 sic
2851 3487 3009 3540 etiam
3033 3486 3202 3555 ipsum
3225 3484 3425 3538 Novum
3443 3485 3551 3540 Te-

1984 3589 2332 3647 stamentum,
2363 3578 2499 3647 quod
2531 3578 2582 3631 in
2609 3575 2818 3632 Christo
2833 3583 2914 3630 est
2935 3575 3194 3643 prioribus
3221 3574 3320 3628 illis
3350 3584 3552 3643 tempe.

1984 3671 2129 3724 ribus
2171 3671 2431 3724 occultum
2476 3677 2626 3734 erat,
2674 3667 2803 3721 solis
2850 3665 3130 3732 Pr0phetis-
3161 3665 3428 3734 cognitum
3452 3705 3468 3729 ,
3498 3674 3552 3719 et

1985 3760 2314 3830 paucissimis
2345 3759 2471 3828 piis,
2503 3774 2606 3812 non
2635 3773 2700 3811 ex
2730 3755 3150 3810 manilestatione
3174 3756 3508 3824 prarsentium
3529 3795 3547 3818 ,

1985 3851 2077 3906 sed
2121 3867 2184 3906 ex
2230 3851 2547 3905 revelatioue
2589 3849 2901 3902 futurorum.
2947 3847 3076 3901 Nam
3117 3846 3244 3917 quid
3276 3839 3373 3900 sibi
3401 3847 3550 3912 vult,

1986 3945 2176 4000 fratres
2197 3986 2214 4011 ,
2242 3952 2298 3997 ut
2320 3959 2478 3997 unum
2500 3942 2744 4013 quiddam
2767 3953 3198 4000 commemorem.
3221 3938 3364 4009 quod
3387 3937 3553 3992 Abra-

1986 4038 2107 4090 ham
2149 4037 2361 4088 mittens
2386 4049 2594 4088 servum
2622 4047 2771 4086 suum
2800 4031 3010 4086 ﬁdelem
3035 4029 3102 4085 ad
3127 4027 3550 4097 desponsandam

1986 4141 2208 4182 uxorem
2252 4126 2407 4180 unico
2453 4123 2559 4178 l‘r‘lio
2588 4137 2684 4178 suo
2705 4163 2718 4185 ,
2751 4121 2873 4177 facit
2896 4135 3016 4175 eum
3041 4119 3221 4190 iurare
3243 4118 3381 4185 sibi,
3415 4127 3470 4174 et
3496 4118 3551 4172 in

1979 4219 2281 4288 juramcntu
2315 4213 2441 4270 dicit
2466 4215 2516 4270 ei
2544 4231 2556 4266 :
2590 4212 2729 4267 Pone
2755 4228 2958 4265 manum
2985 4212 3076 4265 sub
3100 4212 3287 4274 femore
3315 4226 3458 4274 meo,
3503 4219 3552 4263 et

1975 4309 2098 4380 jura
2140 4307 2288 4377 (Gen.
2329 4320 2480 4372 xxtv,
2517 4304 2618 4374 2)?
2657 4303 2790 4371 Quid
2830 4311 2943 4357 erat
2983 4301 3036 4356 in
3065 4302 3263 4356 feruore
3287 4299 3508 4355 Abrahae
3532 4340 3548 4363 ,

1986 4399 2072 4453 ubi
2117 4399 2202 4452 ille
2246 4412 2457 4451 manum
2501 4395 2676 4464 posuit
2712 4393 2933 4463 iurans?
2971 4392 3104 4460 Quid
3149 4392 3221 4446 ibi
3263 4400 3407 4454 erat,
3451 4389 3552 4445 nisi

1983 4489 2122 4557 quod
2162 4497 2214 4541 et
2253 4494 2377 4542 tunc
2415 4486 2463 4540 ei
2507 4484 2821 4554 promissum
2855 4491 2978 4538 est:
3007 4481 3071 4535 In
3096 4482 3282 4535 semine
3306 4490 3391 4534 tuo
3416 4480 3552 4533 bene-

1985 4581 2212 4634 dicentur
2233 4594 2402 4632 omnes
2429 4586 2595 4645 gentes
2619 4575 2729 4645 (Id.
2761 4590 2867 4629 χχιι
2886 4573 3046 4643 ,“’18).
3075 4572 3312 4627 choris
3337 4571 3550 4625 nomine

1983 4683 2109 4723 caro
2144 4665 2489 4737 signiﬁcatur.
2526 4666 2599 4721 De
2624 4679 2787 4721 carne
2812 4663 3036 4719 Abrahae
3053 4704 3070 4730 ,
3101 4679 3194 4733 per
3217 4662 3360 4718 isaac
3386 4671 3440 4716 et
3463 4663 3556 4716 .la.

1983 4759 2083 4814 θυι)
2104 4799 2120 4826 ,
2164 4766 2218 4812 et
2258 4772 2326 4812 ne
2367 4757 2528 4810 multa
2553 4770 3029 4810 commemoremus
3047 4795 3062 4822 ,
3088 4770 3182 4825 per
3205 4754 3420 4809 Mariam
3450 4754 3554 4809 Do-

1983 4853 2156 4907 minus
2185 4859 2364 4905 noster
2382 4849 2536 4904 Jesus
2561 4848 2815 4904 Christ-us.
3222 4845 3226 4849 ’

2051 4943 2104 4996 9.
2132 4943 2262 5006 Quia
2290 4957 2415 4996 vero
2440 4940 2588 4994 radix
2617 4939 2804 4994 eratin
2830 4937 3178 5002 Patriarchis,
3208 4937 3346 4994 unde
3368 4947 3548 4993 osten-

1981 5033 2208 5088 demus?
2237 5032 2450 5086 Paulum
2483 5031 2884 5099 interrogemus.
2917 5028 3113 5083 Gentes
3137 5045 3242 5097 1am
3271 5029 3547 5084 credentes

1983 5124 2032 5176 in
2063 5122 2326 5177 Christum
2353 5161 2368 5185 ,
2397 5128 2452 5174 et
2479 5120 2626 5188 quasi
2653 5119 2923 5187 superbire
2951 5119 3222 5188 cupientes
3244 5132 3425 5174 contra
3454 5119 3546 5174 .lu-

1980 5212 2124 5266 dzeos
2152 5212 2237 5280 qui
2265 5209 2646 5264 cruciﬁxerunt
2671 5207 2934 5263 Christum
2959 5224 2975 5273 ;
3001 5223 3120 5263 eum
3144 5219 3198 5262 et
3221 5210 3288 5264 de
3313 5210 3424 5279 ipso
3455 5223 3546 5278 po-

1981 5303 2102 5372 pqu
2125 5300 2325 5355 venerit
2351 5300 2484 5353 alius
2512 5299 2684 5368 paries
2703 5341 2716 5362 ,
2746 5313 3028 5353 occurrens
3053 5299 3102 5352 in
3131 5300 3351 5368 angulo,
3385 5297 3546 5352 idest

1980 5396 2030 5449 in
2063 5395 2176 5463 ipso
2210 5392 2452 5457 Christo,
2483 5391 2550 5446 de
2573 5391 2780 5446 diverso
2805 5391 3027 5446 venienti
3058 5392 3238 5461 parieti
3270 5390 3507 5460 praeputii
3531 5430 3546 5451 ,

1979 5485 2030 5540 id
2051 5494 2132 5539 est
2157 5483 2401 5538 Gentium
2434 5497 2587 5538 :cum
2613 5497 2740 5552 ergo
2767 5483 3034 5552 erigerent
3061 5498 3118 5537 sc
3141 5489 3322 5552 gentes
3339 5519 3356 5546 ,
3378 5480 3455 5533 sic
3483 5480 3546 5532 il-

1979 5575 2056 5629 las
2094 5574 2333 5645 reprimit
2375 5592 2388 5627 :
2427 5575 2486 5628 Si
2519 5574 2649 5627 enim
2680 5584 2730 5626 tu
2753 5617 2766 5637 ,
2803 5574 3002 5644 inquit,
3031 5589 3093 5626 ex
3117 5571 3334 5624 naturali
3362 5572 3544 5626 incisus

1977 5671 2188 5732 oleastro
2211 5709 2226 5728 ,
2266 5657 2481 5722 insertus
2517 5683 2568 5720 es
2606 5667 2656 5719 in
2687 5667 2816 5728 illis,
2847 5666 2949 5719 noli
2975 5664 3180 5733 gloriari
3207 5664 3439 5716 adversus
3463 5680 3542 5714 ra-

1980 5778 2102 5816 mos.
2138 5758 2269 5813 Nam
2302 5761 2341 5814 si
2369 5759 2600 5830 gloriaris
2631 5774 2648 5812 :
2676 5774 2773 5812 non
2801 5769 2852 5811 tu
2884 5759 3098 5810 radicem
3121 5765 3326 5824 portas,
3351 5758 3435 5808 sed
3459 5771 3534 5808 rae
