4020 6198
432 311 538 368 9l5

431 427 523 481 dia:
566 437 632 482 te.
681 425 817 496 Ergo
859 423 927 478 de
964 422 1138 477 radice
1177 420 1600 477 Patriareltarum
1646 418 1775 474 dicit
1817 416 2011 473 fractos

429 520 687 588 quosdam
718 531 896 571 ramos
919 523 1133 584 prepter
1151 513 1548 576 inﬁdelitatem,
1574 518 1630 567 et
1655 509 1910 564 insertum
1942 507 2011 561 ibi

431 611 754 669 oleastrum,
793 616 850 660 ut
893 615 1036 661 esset
1069 603 1347 686 particeps
1372 601 1707 674 piuguedinis
1743 601 1934 665 olivae,
1961 598 2011 652 id

432 711 543 764 est,
577 699 864 754 Ecclesiam
894 714 958 754 ex
988 698 1247 754 Gentibus
1271 698 1593 752 venientem.
1629 695 1692 748 lit
1719 693 1838 764 quis
1868 693 2012 747 inse-

433 793 499 845 rit
540 791 830 844 oleastrum
866 790 920 844 in
945 787 1128 844 oliva?
1155 788 1302 843 Oliva
1329 787 1465 842 solet
1494 787 1545 840 in
1571 786 1838 847 oleastro;
1865 783 2012 837 olea-

431 894 598 937 strum
629 884 681 937 in
706 882 842 936 oliva
873 898 1140 950 nunquam
1170 881 1417 936 vidimus.
1449 879 1578 934 Nam
1609 877 1846 948 quisquis
1873 875 2014 931 fece-

428 975 536 1040 rit,
586 990 691 1029 non
733 975 966 1030 inveniet
991 974 1179 1028 baccas
1205 974 1304 1026 nisi
1330 972 1563 1026 oleastri.
1592 967 1742 1038 Quod
1768 967 2016 1023 enimio-

429 1065 653 1131 seritur,
696 1063 799 1120 hoc
837 1065 1065 1130 crescit,
1109 1070 1163 1117 et
1207 1062 1321 1132 ejus
1362 1061 1437 1116 rei
1474 1059 1673 1115 fruetus
1700 1053 2013 1114 invenitur:

431 1156 697 1211 invenitur
725 1171 828 1212 non
857 1156 1050 1211 radicis
1075 1156 1274 1209 fructus
1292 1194 1306 1216 ,
1335 1152 1426 1207 sed
1451 1152 1671 1207 surculi.
1699 1151 1812 1206 iloc
1837 1160 2014 1205 osten-

430 1245 563 1302 dens
609 1247 897 1315 Apostolus
938 1244 1318 1313 omnipotentia
1366 1257 1458 1296 sua
1507 1242 1671 1295 Demu
1701 1239 1926 1302 fecisse,
1959 1249 2016 1296 ut

430 1337 663 1394 oleaster
688 1338 738 1392 in
771 1337 999 1392 radicem
1031 1337 1188 1390 oliva:
1218 1335 1543 1390 insereretur
1565 1374 1582 1400 ,
1613 1341 1667 1387 et
1693 1347 1794 1385 non
1827 1331 2014 1386 baccas

432 1428 706 1484 silvestres
728 1467 745 1494 ,
789 1427 883 1482 sed
919 1427 1110 1482 olivam
1137 1425 1325 1491 daret;
1356 1425 1421 1478 ad
1452 1424 1887 1492 omnipotentiam
1919 1421 2013 1476 Dci

433 1536 691 1576 revocans
723 1522 823 1576 hoc
859 1520 1145 1590 Apostolus
1173 1519 1247 1572 ait
1278 1535 1290 1572 :
1325 1517 1386 1574 Si
1413 1525 1466 1570 tu
1492 1533 1557 1570 ea:
1583 1516 1802 1569 naturali
1828 1514 2016 1568 incisus

432 1628 486 1666 es
526 1613 771 1679 oleastro,
817 1621 860 1665 et
898 1623 1071 1665 contra
1107 1619 1339 1664 naturam
1376 1610 1590 1663 insertus
1626 1625 1678 1661 es
1716 1608 1768 1660 in
1792 1607 1971 1660 bonam
1993 1605 2015 1641 ⁸

435 1705 653 1771 olivam,
683 1705 787 1758 noli
811 1707 1052 1774 gloriari,
1087 1705 1285 1773 inquit,
1318 1703 1555 1757 adversus
1583 1719 1770 1756 ramos.
1803 1701 1906 1756 Sed
1934 1701 2016 1754 di-

433 1797 505 1849 cis
523 1837 538 1861 ,
568 1798 641 1848 ait
669 1811 688 1849 :
717 1794 891 1848 Fracti
917 1805 1034 1848 sunt
1062 1794 1190 1847 rami
1213 1835 1230 1860 ,
1261 1804 1313 1846 ut
1340 1810 1429 1864 ego
1457 1794 1670 1847 inserar.
1697 1790 1867 1854 Bene;
1894 1807 2016 1860 pro-

435 1900 545 1959 pter
569 1888 972 1943 incredulitatem
998 1889 1144 1958 fracti
1171 1898 1285 1941 sunt
1309 1903 1328 1942 :
1351 1897 1403 1940 tu
1427 1897 1594 1940 autem
1617 1887 1717 1955 ﬁde
1740 1898 1816 1940 sta
1836 1887 1856 1917 ⁸
1875 1903 1894 1948 ;
1915 1886 2018 1940 noli

435 1983 593 2035 altum
617 1997 825 2050 sapere,
853 1980 940 2034 sed
961 1981 1096 2034 time.
1124 1979 1257 2048 Quid
1284 1980 1423 2035 enim
1453 1988 1534 2034 est
1557 2020 1572 2044 ,
1600 1977 1723 2033 Noli
1748 1979 1907 2032 altum
1930 1995 2016 2032 sa-

436 2076 598 2144 pere?
635 2074 750 2129 Noli
794 2073 1068 2144 superbire
1092 2113 1107 2138 ,
1148 2073 1268 2142 quia
1298 2071 1528 2127 insertus
1554 2087 1647 2137 es;
1679 2071 1770 2126 sed
1801 2071 1926 2124 time
1952 2084 2018 2125 ne

439 2167 700 2240 lrangaris
725 2184 820 2238 per
847 2168 1209 2223 inﬁdelitatem
1230 2206 1246 2232 ,
1272 2166 1410 2220 sicut
1436 2164 1514 2218 illi
1536 2162 1686 2218 fracti
1713 2173 1855 2218 sunt.
1887 2159 2019 2216 Pro-

443 2275 552 2335 pter
592 2264 939 2332 infidelitatem
963 2303 978 2327 ,
1021 2259 1223 2331 inquit,
1261 2258 1410 2328 fracti
1446 2267 1562 2310 sunt
1590 2272 1610 2311 :
1633 2265 1687 2320 tu
1715 2265 1878 2310 autem
1919 2254 2032 2323 ﬁde‘

441 2369 519 2413 sta
543 2375 562 2423 ;
586 2357 692 2412 noli
715 2359 874 2410 altum
897 2343 1074 2424 sapere
1093 2394 1106 2416 ,
1131 2352 1217 2407 sed
1236 2352 1372 2404 time.
1399 2347 1537 2403 Nam
1551 2349 1596 2404 si
1621 2347 1756 2402 Deus
1777 2347 2021 2400 naturali-

441 2452 532 2505 bus
573 2449 726 2514 ramis
753 2465 853 2503 non
888 2447 1142 2518 pepercit,
1173 2460 1330 2514 neque
1352 2443 1442 2497 tibi
1471 2450 1659 2512 parcet.
1690 2441 1757 2496 Et
1782 2441 2022 2509 sequitur

440 2542 608 2596 bonus
654 2541 833 2606 locus,
882 2547 937 2594 et
979 2538 1345 2600 necessarius,
1393 2548 1446 2589 et
1487 2541 1628 2588 totus
1668 2528 1962 2586 audiendus
2003 2546 2016 2582 :

451 2631 603 2686 Vides
640 2629 792 2702 ergo,
837 2629 1046 2700 inquit,
1083 2627 1351 2682 bonitatem
1387 2632 1434 2680 et
1468 2623 1778 2678 severitatem
1804 2621 1897 2676 Dei
1927 2637 1944 2673 :
1969 2621 2020 2686 in

445 2743 528 2780 eas
555 2724 754 2794 quidem
777 2723 865 2793 qui
889 2722 1040 2792 fracti
1064 2729 1179 2775 sunt
1202 2761 1218 2787 ,
1241 2718 1549 2773 severitatem
1571 2733 1590 2782 ;
1615 2717 1666 2793 in
1689 2726 1736 2768 te
1754 2725 1918 2768 autem
1937 2714 2021 2780 qui

440 2820 657 2872 insertus
692 2834 744 2872 es
781 2816 1083 2878 bonitatem,
1112 2813 1155 2867 si
1185 2811 1512 2883 permanseris
1536 2810 1588 2863 in
1616 2809 1871 2871 bonitate;
1895 2805 2026 2860 alio-

440 2909 582 2978 quin,
610 2908 661 2964 id
684 2918 785 2970 est,
813 2906 857 2961 si
886 2921 989 2960 non
1010 2902 1364 2974 permanseris
1388 2901 1440 2954 in
1465 2898 1720 2962 bonitate,
1751 2906 1794 2950 et
1819 2905 1871 2949 tu
1886 2895 2026 2948 exci—

443 3001 577 3054 deris
616 3015 636 3055 :
669 3007 719 3054 et
754 2997 833 3054 illi
866 2999 910 3053 si
943 3013 1043 3052 non
1072 2994 1434 3065 permanserint
1456 2993 1507 3046 in
1533 2989 1867 3060 infidelitate,
1893 2987 2026 3041 inse-

443 3101 615 3146 rentur
635 3090 813 3159 (Rom.
838 3105 889 3144 XI
909 3129 924 3153 ,
956 3086 1152 3156 17-24).

515 3185 572 3239 5.
591 3182 852 3251 Tempore
876 3179 1036 3250 igitur
1056 3177 1263 3232 Veteris
1285 3173 1605 3258 Testamenti
1626 3213 1641 3237 ,
1669 3172 1878 3235 fratres,
1902 3185 2025 3239 pro-

447 3276 727 3332 missiones
765 3289 796 3328 a
842 3273 952 3328 Deo
997 3281 1179 3324 nostro
1223 3267 1420 3336 populo
1457 3266 1530 3320 illi
1576 3262 1772 3318 carnali
1805 3271 2026 3316 terrena:

447 3377 601 3423 erant
639 3374 695 3421 et
731 3362 1070 3434 temporales.
1115 3358 1438 3415 Promissum
1482 3363 1566 3410 est
1603 3369 1822 3424 regnum
1863 3361 2027 3407 terre-

448 3477 573 3515 num
600 3477 616 3527 ;
658 3456 916 3530 promissa
947 3462 1029 3510 est
1053 3462 1192 3509 terra
1222 3449 1309 3504 illa
1329 3490 1346 3514 ,
1377 3449 1428 3503 in
1457 3462 1616 3518 quam
1642 3445 1800 3500 etiam
1829 3443 2026 3497 inducti

448 3561 567 3607 sunt
612 3549 680 3604 ab
707 3547 940 3618 Egypto
966 3541 1173 3598 liberati
1203 3557 1218 3594 :
1250 3554 1345 3609 per
1368 3537 1546 3593 Jesmn
1575 3535 1717 3590 Nave
1747 3531 2028 3587 introducti

449 3650 572 3696 sunt
619 3640 669 3694 in
714 3647 910 3694 terram
957 3631 1360 3704 promissionis,
1402 3627 1489 3684 ubi
1533 3627 1693 3683 etiam
1736 3625 2028 3681 Jerusalem

450 3743 659 3790 terrena
684 3729 938 3786 mdiﬁeata
965 3735 1080 3787 est,
1107 3724 1194 3778 ubi
1223 3719 1460 3792 regnavit
1487 3717 1670 3774 David.
1701 3718 2033 3786 Acceperunt

453 3837 678 3889 terram,
702 3818 910 3877 liberati
933 3834 996 3872 ex
1020 3815 1252 3887 [Egypto
1273 3854 1289 3879 ,
1321 3817 1653 3882 transeuntes
1674 3823 1767 3877 per
1790 3807 2029 3861 Rubrum

453 3932 601 3972 mare
626 3931 642 3979 ;
687 3912 845 3967 ﬁnitis
869 3908 1192 3964 anfractibus
1219 3914 1274 3959 et
1299 3901 1571 3958 erroribus
1597 3899 1618 3931 ³
1649 3897 1988 3953 solitudinum
2011 3937 2028 3965 ,

453 4013 769 4076 acceperunt
797 4012 992 4057 terram
1018 4038 1035 4065 ,
1064 4003 1380 4065 acceperunt
1405 4006 1624 4062 regnum
1649 4008 1664 4045 :
1695 3989 1886 4044 deinde
1914 3998 2034 4057 post

451 4113 673 4170 regnum
714 4103 985 4163 acceptum
1012 4133 1028 4158 ,
1073 4089 1193 4161 quia
1231 4097 1440 4142 terrena
1476 4090 1819 4152 acceperant,
1850 4096 2032 4151 cmpe-

450 4201 578 4248 runt
615 4188 802 4244 merito
842 4194 1175 4255 peccatorum
1218 4193 1436 4235 suorum
1479 4173 1816 4257 oppugnari,
1863 4187 2032 4244 expu-

452 4282 636 4354 gnari.
667 4277 918 4348 eaptivari
943 4293 958 4342 ;
987 4273 1055 4329 ad
1073 4280 1364 4328 extremum
1390 4282 1574 4323 eversa
1596 4273 1750 4350 estet
1775 4264 1885 4333 ipsa
1909 4264 2036 4317 civi-

453 4387 552 4429 tas.
593 4372 748 4428 Tales
785 4375 940 4423 erant
977 4372 1032 4420 et
1062 4363 1165 4419 illa:
1193 4358 1572 4432 promissioncs
1597 4372 1702 4411 non
1731 4370 2037 4426 persevera-

455 4476 627 4529 turre,
675 4477 768 4531 per
809 4473 940 4530 quas
985 4465 1160 4510 tamen
1203 4452 1554 4521 ﬁgurarentur
1595 4447 1785 4502 futura:
1813 4446 2036 4516 promis-

455 4558 636 4618 siones
662 4557 1076 4623 perseveratum
1101 4562 1115 4609 ;
1146 4553 1199 4598 ut
1231 4542 1318 4597 ille
1343 4540 1517 4595 omnis
1544 4539 1801 4594 decursus
1831 4547 2034 4606 tempo—

457 4648 645 4700 ratium
687 4641 1098 4714 promissionum
1139 4638 1301 4706 ﬁgura
1347 4644 1527 4695 esset,
1572 4629 1889 4701 etquaadam
1917 4645 2039 4698 pro-

458 4738 634 4808 phetia
665 4737 980 4789 futurorum.
1010 4731 1188 4798 itaque
1213 4742 1332 4782 cum
1358 4722 1483 4778 illud
1505 4737 1722 4791 regnum
1745 4720 2034 4786 deﬁceret,

457 4827 546 4882 ubi
573 4827 808 4895 regnavit
836 4821 1018 4887 David,
1048 4821 1186 4875 ﬁlius
1207 4818 1380 4882 Iesse,
1413 4814 1461 4868 id
1487 4822 1586 4876 est,
1618 4811 1777 4866 homo
1801 4810 2033 4880 quidam,

456 4919 556 4975 etsi
587 4916 840 4986 propheta
861 4956 877 4981 ,
908 4915 1005 4969 etsi
1035 4923 1247 4968 sanctus
1265 4948 1282 4975 ,
1313 4907 1433 4978 quia
1460 4904 1673 4960 videbat
1696 4911 1747 4956 et
1775 4901 2039 4972 prrevide-

460 5011 550 5065 bat
591 5005 859 5061 Christum
904 5015 1181 5059 venturum
1207 5044 1222 5069 ,
1273 5000 1340 5056 de
1367 4997 1518 5067 cujus
1543 4995 1744 5050 semine
1772 4993 1930 5049 etiam
1956 5007 2040 5046 se-

458 5099 690 5156 cundum
715 5110 929 5148 carnem
953 5095 1248 5148 nasciturus
1273 5101 1386 5146 erat
1411 5106 1425 5153 ;
1457 5099 1630 5143 tamen
1661 5087 1836 5149 homo,
1864 5094 2038 5138 tamen

461 5189 696 5246 nondum
738 5183 1010 5249 Christus,
1045 5193 1217 5236 tamen
1249 5181 1480 5237 nondum
1510 5195 1601 5234 rex
1635 5188 1844 5243 noster,
1877 5174 2041 5230 Filius

464 5285 589 5351 Dei,
627 5279 719 5337 sed
759 5294 854 5334 rex
893 5276 1087 5338 David,
1121 5275 1258 5329 lilius
1283 5274 1432 5328 Jesse
1460 5291 1472 5325 :
1503 5272 1623 5342 quia
1649 5285 1776 5340 ergo
1801 5266 2040 5322 delectu-

461 5392 576 5431 rnm
618 5382 735 5429 erat
778 5367 902 5424 illud
946 5381 1195 5436 regnum,
1243 5379 1336 5433 per
1360 5362 1498 5432 quod
1523 5377 1739 5430 regnum
1767 5368 2039 5428 acceptum

464 5470 772 5526 laudabatur
819 5473 944 5520 tunc
984 5459 1125 5515 Deus
1152 5473 1181 5512 a
1210 5455 1545 5521 carnalibus;
1576 5454 1676 5509 hoc
1700 5453 1869 5509 solum
1899 5451 2040 5507 enim

529 5643 544 5674 ι
571 5649 689 5699 vox,
925 5635 1066 5686 abest
1087 5645 1115 5683 a
1138 5638 1241 5681 Mss.

527 5705 548 5734 ι
573 5697 698 5752 unus
710 5709 812 5760 δίδη
830 5697 929 5764 ﬁde
944 5703 1058 5764 stas.
1209 5756 1221 5764 _
1240 5755 1251 5764 _
1395 5759 1405 5764 _
1552 5749 1562 5764 ,

531 5765 551 5798 ³
574 5767 644 5815 sic
665 5751 768 5813 tres
793 5751 894 5812 iiiis.
918 5759 1002 5811 Alii
1030 5772 1138 5810 cum
1161 5755 1292 5817 Edd,
1312 5767 1368 5805 ac
1388 5751 1664 5807 terroribus.

1621 303 1678 361 S.
1723 301 2086 360 AUGUSTINI
2129 302 2427 361 EPISCOPI

3591 305 3689 361 ωε

2120 433 2216 488 pro
2241 435 2434 490 magno
2459 419 2718 476 habebant
2739 463 2755 488 ,
2782 421 2904 492 quia
2927 420 3134 478 liberati
3157 429 3312 477 erant
3336 421 3689 491 temporalitet

2117 508 2186 561 ab
2225 508 2306 563 bis
2346 524 2377 565 a
2413 512 2603 581 quibus
2633 512 3099 581 opprimebantur,
3131 522 3187 568 et
3214 520 3494 568 evaserant
3517 511 3694 568 hostes

2117 611 2496 670 persequentes
2540 617 2632 671 per
2670 618 2817 657 mare
2851 603 3085 658 Rubrum
3107 645 3124 669 ,
3162 614 3218 658 et
3249 603 3395 659 ducti
3424 614 3578 658 erant
3605 621 3692 674 per

2117 689 2456 746 solitudinem
2477 731 2494 756 ,
2535 700 2589 746 et
2627 691 2931 770 invenerant
2961 694 3180 762 patriam
3207 703 3260 748 et
3282 711 3502 764 regnum
3528 711 3544 759 ;
3578 695 3696 750 hinc

2117 782 2292 837 solum
2323 783 2605 838 laudabant
2630 783 2792 838 Deum
2816 825 2832 848 ,
2860 784 3093 838 nondum
3120 785 3476 856 intelligentes
3496 787 3619 855 quid
3642 789 3697 837 in

2119 871 2224 927 illis
2253 872 2434 944 ﬁguris
2459 875 2800 945 praesignaret
2819 884 2874 930 et
2898 875 3226 945 promitteret
3247 876 3388 931 Deus
3411 895 3423 930 :
3447 875 3700 931 deﬁcien-

2120 961 2261 1019 tibus
2301 979 2429 1036 ergo
2472 965 2631 1020 rebus
2671 979 2766 1036 pro
2791 965 2984 1035 quibus
3011 965 3256 1020 laudabat
3283 965 3446 1020 Deum
3473 966 3703 1037 pepulus

2118 1056 2378 1122 carnalis,
2419 1057 2502 1112 cui
2547 1058 2787 1127 regnavit
2822 1057 2910 1113 ille
2955 1058 3150 1124 David,
3197 1059 3485 1131 defecerunt
3525 1059 3702 1132 hymni

2118 1143 2286 1200 Dauid
2302 1161 2322 1211 ,'
2357 1163 2461 1227 non
2487 1147 2601 1202 Filii
2632 1149 2762 1216 Dei,
2792 1149 2884 1204 sed
2916 1150 3012 1211 ﬁlii
3034 1148 3198 1205 Iesse.
3230 1151 3590 1206 Periculosum
3623 1152 3703 1206 lo-

2117 1251 2238 1292 cum
2281 1239 2417 1294 tituli
2459 1241 2642 1310 psalmi
2684 1243 2991 1312 przcsentis,
3034 1244 3170 1298 sicut
3214 1243 3469 1298 Dominus
3493 1246 3702 1310 voluit,

2121 1332 2447 1399 przctervecti
2469 1347 2651 1386 sumus
2677 1351 2691 1383 :
2719 1334 2996 1403 accepistis
3019 1349 3182 1404 quare
3201 1333 3398 1390 dictum
3419 1337 3487 1390 sit
3505 1377 3519 1399 ,
3551 1335 3707 1406 Defe-

2119 1431 2290 1473 cerunt
2316 1420 2489 1492 hymni
2513 1419 2678 1474 David
2700 1465 2716 1487 ,
2744 1423 2838 1490 lilii
2865 1422 3026 1478 Iesse.

2187 1514 2244 1568 4.
2268 1511 2427 1583 Cujus
2449 1530 2546 1568 vox
2567 1522 2650 1570 est
2665 1515 2903 1570 Psalmus
2918 1515 2975 1570 ‘?
2997 1517 3184 1589 Asaplt.
3213 1517 3348 1585 Quid
3368 1527 3470 1584 est,
3491 1519 3663 1589 Asaph
3678 1520 3710 1573 7

2120 1606 2268 1662 Sicut
2311 1609 2605 1663 invenimus
2644 1610 2694 1663 in
2741 1609 3264 1678 interpretationibus
3300 1625 3367 1665 ex
3397 1611 3576 1682 lingua
3603 1611 3703 1665 be-

2093 1699 2260 1776 braza
2289 1699 2341 1754 in
2368 1715 2614 1770 graecam,
2643 1709 2698 1756 et
2721 1715 2783 1755 ex
2813 1716 2984 1772 graeca
3013 1701 3166 1756 nobis
3194 1702 3243 1754 in
3275 1701 3488 1756 latinam
3519 1711 3704 1757 trans-

2122 1789 2284 1857 latis,
2330 1791 2504 1860 Asaph
2549 1791 2823 1863 Synagoga
2866 1791 3263 1862 interpretatur.
3300 1791 3415 1847 Vox
3461 1805 3542 1848 est
3576 1810 3708 1864 ergo

2123 1882 2435 1954 Synagogae.
2481 1883 2584 1939 Sed
2627 1893 2683 1938 tu
2723 1899 2847 1940 cum
2892 1884 3125 1940 audieris
3171 1884 3502 1956 Synagogam
3529 1927 3545 1953 ,
3596 1888 3705 1942 noli

2121 1973 2373 2031 continuo
2410 1973 2664 2029 detestari
2695 1981 2844 2046 quasi
2879 1976 3284 2030 interfectricem
3313 1976 3544 2030 Domini.
3573 1977 3708 2032 Erat

2122 2064 2334 2134 quidem
2373 2065 2460 2121 illa
2485 2064 2759 2137 Synagoga
2792 2067 3114 2122 interlectrix
3144 2053 3346 2121 Domini
3371 2083 3386 2131 ;
3417 2083 3576 2122 nemo
3603 2068 3704 2123 dn-

2123 2157 2255 2212 bitat
2283 2175 2295 2210 :
2324 2157 2416 2213 sed
2447 2168 2714 2214 memento
2739 2158 2808 2213 de
2833 2157 3106 2229 Synagoga
3138 2159 3298 2213 fuisse
3320 2159 3539 2222 arietes,
3567 2175 3701 2229 quo-

2123 2266 2240 2305 rum
2281 2249 2370 2304 ﬁlii
2400 2266 2604 2306 sumus.
2634 2250 2786 2307 Unde
2815 2251 3008 2306 dicitur
3033 2251 3084 2305 in
3113 2251 3315 2319 psalmo
3342 2268 3357 2304 :
3383 2250 3578 2318 Aﬂ'erte
3600 2250 3712 2307 Do-

2124 2342 2258 2394 mino
2299 2342 2432 2411 ﬁlios
2464 2341 2674 2396 arietum
2707 2341 2874 2412 (Psal.
2899 2357 3081 2404 xxvtu,
3105 2342 3179 2411 1).
3202 2341 3302 2409 Qui
3329 2341 3452 2396 inde
3476 2342 3710 2398 arietes?

2123 2431 2313 2487 Petrus
2333 2472 2349 2497 ,
2377 2432 2610 2487 Joannes
2633 2473 2648 2498 ,
2674 2432 2903 2487 Jacobus
2925 2472 2939 2494 ,
2969 2431 3230 2497 Andreas,
3258 2431 3709 2499 Bartbolomzeus,

2123 2534 2180 2579 et
2203 2526 2378 2580 caeteri
2407 2525 2665 2594 Apostoli.
2701 2525 2831 2579 lliuc
2858 2535 2912 2579 et
2939 2525 3051 2593 ipse
3073 2525 3245 2595 primo
3271 2523 3462 2577 Saulus
3486 2567 3502 2588 ,
3527 2534 3712 2593 postea

2125 2618 2358 2675 Paulus:
2405 2618 2455 2672 id
2498 2627 2620 2680 est,
2670 2617 2842 2686 primo
2886 2616 3149 2694 superbus
3178 2658 3194 2681 ,
3242 2625 3426 2687 postea
3472 2616 3711 2676 humilis.

2124 2710 2249 2766 Saftl
2279 2711 2418 2765 enim
2439 2750 2454 2774 ,
2479 2710 2620 2764 unde
2648 2709 2846 2764 dictum
2868 2717 2950 2764 est
2978 2724 3172 2764 nomen
3195 2708 3380 2776 Sauli,
3406 2709 3571 2764 nostis
3587 2710 3712 2778 quia

2125 2817 2219 2856 rex
2257 2801 2517 2871 superbus
2541 2810 2596 2856 et
2624 2801 2844 2856 infrenis
2867 2799 2986 2855 fuit.
3013 2800 3127 2856 Non
3157 2800 3307 2872 quasi
3331 2801 3578 2870 jactantia
3607 2801 3714 2854 ali-

2125 2910 2227 2964 qua
2274 2909 2466 2949 nomen
2507 2893 2607 2948 sibi
2638 2892 2861 2948 mutavit
2889 2893 3173 2962 Apostolus
3197 2909 3211 2956 ;
3240 2892 3334 2948 sed
3362 2907 3426 2946 ex
3455 2893 3614 2948 Saulo
3638 2889 3715 2944 fa-

2127 2996 2245 3040 ctus
2283 2994 2366 3040 est
2411 2985 2604 3040 Paulus
2628 3027 2644 3049 ,
2673 3000 2737 3041 ex
2769 2984 3002 3054 superbo
3029 2983 3291 3039 modicus.
3322 2983 3542 3038 Paulum
3565 2984 3716 3037 enim

2126 3080 2388 3135 Modicum
2433 3090 2535 3135 est.
2558 3077 2657 3134 Vis
2690 3092 2848 3132 nosse
2875 3076 2999 3147 quid
3026 3077 3098 3132 sit
3125 3076 3354 3132 Saulus?
3380 3075 3555 3146 Ipsum
3588 3075 3718 3130 audi

2126 3173 2234 3243 jam
2282 3174 2498 3229 Paulum
2550 3171 2915 3227 recordantem
2958 3168 3081 3239 quid
3125 3167 3284 3224 fuerit
3326 3183 3420 3238 per
3458 3167 3717 3222 malitiam

2130 3284 2278 3324 suam
2307 3307 2322 3330 ,
2362 3275 2415 3320 et
2452 3264 2575 3336 quid
2617 3264 2726 3332 jam
2769 3262 2842 3318 sit
2884 3276 2976 3329 per
3012 3259 3233 3330 gratiam
3267 3259 3393 3325 Dei;
3432 3259 3554 3313 audi
3591 3275 3720 3326 quo-

2131 3359 2290 3413 modo
2316 3356 2475 3411 fuerit
2500 3355 2692 3411 Saulus
2715 3393 2730 3414 ,
2759 3363 2813 3407 et
2829 3351 3104 3422 quomodo
3132 3351 3202 3405 sit
3225 3350 3418 3404 Paulus
3447 3368 3460 3403 :
3493 3350 3591 3416 Qui
3614 3351 3714 3420 fui,

2133 3451 2338 3520 inquit,
2383 3449 2522 3519 prius
2561 3446 2910 3513 blasphemus,
2953 3453 2998 3498 et
3033 3453 3344 3512 persecutor,
3369 3452 3415 3495 et
3443 3443 3722 3511 injuriasus

2137 3542 2178 3614 (I
2208 3540 2342 3595 Tim.
2371 3555 2383 3592 ι
2409 3581 2425 3605 ,
2454 3539 2562 3607 15).
2586 3537 2792 3591 Audisti
2813 3534 3028 3591 Saulutn
3051 3551 3064 3599 ;
3091 3533 3213 3588 audi
3237 3543 3291 3588 et
3313 3533 3528 3586 Paulum
3556 3551 3569 3584 :
3604 3531 3720 3603 Ego

2137 3635 2263 3689 enim
2293 3649 2402 3687 sum
2422 3672 2438 3698 ,
2466 3629 2664 3700 inquit,
2697 3628 2932 3681 minimus
2961 3626 3332 3696 Apostolorum.
3359 3624 3494 3690 Quid
3520 3624 3725 3682 081ml-

2135 3727 2308 3780 nimus
2329 3765 2344 3788 ,
2396 3723 2494 3777 nisi
2537 3735 2636 3790 ego
2671 3735 2789 3774 sum
2819 3716 3055 3773 Paulus?
3086 3717 3149 3771 Et
3177 3718 3416 3785 sequitur
3442 3733 3454 3769 :
3492 3715 3590 3781 Qui
3618 3732 3723 3770 non

2134 3835 2246 3871 sum
2286 3817 2468 3886 dignus
2506 3812 2673 3866 vocari
2697 3810 2974 3880 apostolus.
3003 3807 3214 3876 Quare?
3241 3807 3372 3874 Quia
3405 3806 3476 3860 fui
3505 3806 3719 3861 Saulus.

2135 3910 2271 3978 Quid
2309 3917 2429 3974 est,
2475 3906 2546 3960 l'ui
2584 3903 2813 3960 Saulus?
2857 3901 2987 3970 lpse'
3013 3901 3156 3955 dicat
3199 3917 3214 3954 :
3261 3897 3394 3963 Quia
3431 3909 3725 3968 persecutus

2135 4021 2247 4058 sum
2269 4046 2283 4067 ,
2311 4001 2480 4072 inquit
2499 4041 2516 4066 ,
2549 3997 2821 4052 Ecclesium
2849 3993 2946 4048 Dei
2966 4009 2986 4058 ,'
3013 3991 3102 4047 scd
3125 3992 3290 4063 gratia
3315 3989 3440 4054 Dei,
3469 3989 3543 4044 ait
3565 4031 3581 4054 ,
3610 4007 3726 4042 smn

2135 4097 2190 4151 id
2216 4095 2350 4165 quod
2377 4110 2490 4147 sum
2520 4091 2560 4164 (I
2590 4088 2708 4145 Cor.
2737 4103 2802 4142 xv
2823 4128 2837 4152 ,
2870 4087 2904 4141 9
2929 4125 2944 4148 ,
2977 4083 3091 4154 10).
3119 4082 3347 4138 Abstulit
3373 4080 3474 4135 sibi
3503 4096 3726 4134 omnem

2137 4187 2483 4259 granditatem
2541 4197 2727 4245 suam;
2782 4178 3032 4232 minimus
3083 4175 3190 4245 jam
3250 4174 3302 4228 in
3355 4188 3448 4238 se,
3505 4173 3731 4243 grandis

2140 4283 2190 4335 in
2244 4279 2474 4334 Christo.
2519 4275 2586 4330 Et
2625 4273 2724 4327 iste
2767 4271 2963 4326 Paulus
3002 4267 3128 4338 quid
3171 4265 3344 4321 dicit?
3387 4263 3506 4317 Non
3533 4264 3730 4332 repulit

2139 4372 2282 4427 Deus
2324 4369 2512 4441 plebem
2558 4381 2734 4426 suam,
2770 4363 2838 4418 de
2883 4361 3038 4432 plebe
3084 4373 3151 4414 ex
3195 4356 3393 4412 Judaiis
3434 4357 3727 4413 veniente,

2141 4467 2327 4537 plebem
2373 4477 2553 4522 snam,
2600 4457 2802 4527 inquit,
2853 4470 3001 4523 quam
3043 4451 3288 4521 prazscivit
3327 4465 3346 4501 .'
3383 4464 3499 4501 nam
3541 4457 3587 4499 et
3635 4463 3732 4515 ego

2141 4536 2376 4611 Israelita
2417 4568 2529 4607 sum
2566 4565 2628 4603 ea:
2662 4549 2847 4601 semine
2883 4544 3162 4603 Abraham,
3203 4541 3265 4593 de
3302 4539 3429 4592 tribu
3452 4536 3732 4607 Benjamin

2143 4649 2319 4721 (Rom.
2350 4661 2404 4700 si
2429 4686 2444 4708 ,
2470 4644 2506 4697 2
2531 4690 2545 4712 ,
2573 4643 2647 4708 1).
2681 4641 2816 4709 Ergo
2840 4646 2894 4692 et
2919 4637 3110 4691 Paulus
3136 4633 3288 4688 nobis
3311 4632 3378 4686 de
3405 4631 3682 4700 Syuagnga
3710 4646 3729 4694 ;

2142 4754 2196 4798 et
2225 4743 2411 4797 Petrus
2434 4748 2488 4792 et
2515 4736 2602 4790 alii
2627 4732 2859 4803 Apostoli
2880 4730 2946 4784 de
2967 4729 3264 4799 Synagnga.
3293 4723 3468 4792 Itaque
3491 4738 3616 4777 cum
3640 4738 3731 4774 au-

2144 4833 2342 4888 dieris'l
2383 4843 2564 4884 vocem
2606 4826 2931 4896 Synagogzc,
2974 4819 3079 4872 noli
3121 4815 3392 4871 attendere
3431 4813 3685 4867 meritum
3710 4854 3727 4877 ,

2145 4925 2236 4980 sed
2268 4920 2480 4979 intende
2505 4927 2732 4988 partum.
2768 4913 3027 4983 Loquitur
3053 4925 3180 4978 ergo
3201 4909 3252 4962 in
3279 4908 3376 4961 hoc
3402 4905 3612 4974 psalmo
3638 4906 3732 4976 Sy-

2146 5031 2344 5087 nagoga
2369 5053 2385 5078 ,
2431 5008 2794 5065 deﬁcientibus
2839 5003 3050 5075 hymnis
3090 4998 3254 5054 David
3282 5039 3296 5063 ,
3330 4997 3416 5050 ﬁlii
3446 4993 3596 5051 Jesse
3628 5016 3642 5054 ;
3679 4996 3729 5050 id

2146 5120 2227 5165 est
2250 5104 2610 5162 deﬁcientibus
2632 5100 2788 5154 rebus
2819 5093 3214 5163 temporalibus,
3250 5106 3343 5160 per
3357 5105 3493 5158 quas
3513 5089 3730 5142 solebat

2147 5219 2174 5256 a
2203 5199 2397 5256 carnali
2430 5195 2622 5266 populo
2652 5191 2853 5246 laudari
2886 5189 3041 5243 Deus.
3075 5186 3250 5253 Quare
3278 5192 3452 5235 autem
3483 5181 3588 5234 illze
3630 5181 3725 5233 de-

2150 5294 2418 5351 iecerunt,
2459 5287 2556 5341 nisi
2601 5294 2658 5338 ut
2699 5283 2814 5336 alia:
2836 5276 3242 5350 qumrereutnr?
3275 5274 3342 5329 Ut
3359 5283 3731 5342 quaererentur

2148 5381 2306 5452 quat?
2331 5357 2462 5444 Quze
2487 5376 2556 5430 ibi
2585 5390 2687 5428 non
2716 5371 2908 5427 erant?
2931 5367 3046 5423 Non
3072 5383 3086 5425 :
3118 5365 3211 5420 sed
3240 5380 3357 5433 qum
3383 5363 3453 5417 ibi
3484 5362 3736 5430 tegeltan-

2151 5487 2236 5531 tur
2276 5470 2454 5542 ﬁguris
2483 5485 2496 5521 :
2525 5482 2630 5521 non
2661 5480 2778 5533 qua:
2803 5462 2911 5532 jam
2941 5460 3010 5513 ibi
3043 5473 3148 5512 non
3176 5465 3364 5514 erant;
3396 5453 3488 5508 sed
3518 5453 3588 5506 ibi
3608 5464 3736 5510 tan-

2149 5583 2305 5641 quam
2334 5566 2387 5619 in
2412 5561 2588 5618 radice
2613 5555 3005 5612 occultabantur
3038 5548 3347 5620 quibusdam
3377 5546 3600 5600 secretis
3621 5545 3732 5615 my-

2216 5681 2230 5712 ι
2257 5677 2432 5739 Regius
2452 5679 2555 5727 Μεος
2581 5664 2772 5739 Ρδςιέιηί·
2904 5664 2932 5739 ς

2217 5743 2238 5773 ³
2261 5723 2370 5789 Si?
2386 5723 2572 5817 lassarit
2593 5730 2702 5781 ωδ.
2725 5763 2740 5792 ,
2765 5739 2872 5778 cum
2893 5723 3034 5776 audis
3059 5723 3227 5774 retcrt's
3256 5731 3413 5770 vocem
3448 5728 3723 5782 synagoga.
