4020 6198
282 344 386 401 917

275 461 558 516 steriorum
578 500 594 524 ,
622 473 743 530 qua:
758 498 776 523 ,
799 457 968 526 lnquit
987 454 1100 526 ipse
1124 455 1407 525 Apostolus
1429 496 1443 519 .
1469 454 1647 525 ﬁgura:
1667 463 1861 509 nostra

276 555 490 610 fuerunt
514 552 561 623 (I
590 551 709 608 Cor.
744 566 811 616 x,
842 550 922 615 6).
1120 558 1145 577 ο

348 647 403 702 5.
432 644 498 701 Et
519 642 778 698 attendite
793 641 902 712 iam
926 639 1165 695 breviter
1182 637 1347 708 ipsam
1365 638 1583 707 ﬁguram
1603 646 1860 690 nostram.

280 736 519 806 Populus
550 734 707 790 Israel
736 733 835 787 sub
862 730 1154 787 Pharaonis
1202 738 1256 783 et
1292 727 1663 799 Egyptiorum
1685 726 1861 781 domi-

282 828 534 897 natione(
567 827 731 882 Exod.
761 842 798 890 ι,
850 824 919 881 It)
948 824 967 894 )
995 840 1010 887 ;
1044 822 1271 893 populus
1312 819 1643 875 Christianus
1673 859 1690 885 ,
1742 828 1865 873 ante

282 920 442 973 ﬁdem
466 917 867 988 przedestinatus
888 917 997 984 jam
1046 914 1170 977 Deo,
1203 921 1256 968 et
1277 911 1454 967 adhuc
1483 911 1722 966 serviens
1750 910 1863 964 dae-

282 1009 534 1064 monibus
562 1017 617 1062 et
664 1006 879 1060 diabolo
936 1005 1159 1076 principi
1213 1019 1399 1059 eorum
1426 1022 1443 1058 :
1470 1018 1597 1058 ecce
1639 1001 1867 1071 populus

191 1094 197 1105 “
282 1101 593 1171 subjugatus
647 1096 914 1167 Egyptiis
944 1137 961 1162 ,
1010 1095 1251 1149 serviens
1291 1095 1523 1164 peccatis
1577 1093 1687 1147 suis
1717 1108 1733 1157 ;
1761 1106 1865 1145 non

282 1194 426 1247 enim
453 1191 554 1246 nisi
576 1206 673 1261 per
695 1184 905 1259 peccata
924 1197 1105 1241 nostra
1128 1194 1302 1257 potest
1317 1184 1563 1249 diabolus
1583 1183 1865 1239 dominari.

286 1285 564 1339 Liberatur
586 1281 812 1352 populus
837 1280 905 1335 ab
945 1278 1209 1349 Egyptiis
1236 1293 1333 1349 per
1372 1277 1585 1350 Moysen
1612 1292 1625 1341 ;
1680 1277 1871 1330 libera-

285 1386 372 1430 tur
410 1375 637 1447 populus
665 1388 694 1426 a
723 1372 987 1441 prasterita
1041 1370 1146 1423 vita
1195 1378 1531 1438 peccatorum
1564 1382 1659 1437 per
1687 1366 1866 1421 Domi-

286 1482 413 1521 num
444 1476 682 1520 nostrum
710 1462 892 1517 Iesum
935 1458 1227 1514 Christum.
1274 1458 1486 1512 Transit
1530 1458 1753 1527 populus
1782 1456 1871 1511 ille

292 1573 387 1627 per
406 1572 551 1611 mare
572 1554 839 1615 Rubrum;
872 1551 969 1605 iste
997 1566 1093 1619 per
1134 1550 1479 1619 Baptismnm.
1503 1548 1799 1603 Moriuntur
1816 1548 1869 1600 in

290 1650 424 1703 mari
450 1649 625 1703 Rubro
647 1660 833 1700 omnes
864 1644 1061 1698 inimici
1087 1643 1263 1712 populi
1311 1642 1486 1711 illius(
1517 1640 1603 1694 Id.
1639 1656 1749 1706 xiv,
1776 1639 1869 1706 22,

289 1739 433 1812 23);
465 1738 759 1793 moriuntur
780 1740 831 1789 in
885 1734 1154 1807 Baptismo
1193 1735 1369 1787 omnia
1426 1740 1636 1802 peccata
1669 1742 1870 1787 nostra.

290 1830 567 1892 lntendite,
602 1829 810 1883 fratres.
854 1827 981 1881 Post
1012 1840 1156 1880 mare
1185 1825 1310 1879 illud
1341 1823 1579 1878 Rubrum
1612 1839 1717 1877 non
1743 1838 1874 1877 con-

289 1924 438 1976 tinuo
456 1920 623 1990 patria
653 1920 831 1984 datur,
856 1932 954 1985 nec
1002 1926 1248 1987 tanquam
1291 1916 1399 1985 jam
1454 1916 1635 1970 hostes
1672 1915 1867 1980 desint,

287 2029 477 2069 secure
508 2012 902 2080 triumphatur;
945 2008 1040 2063 sed
1093 2018 1256 2062 restat
1285 2007 1449 2061 eremi
1499 2007 1754 2068 solitudo,
1786 2021 1873 2061 re-

286 2115 429 2160 stant
450 2104 631 2159 hostes
678 2100 985 2157 insidiantes
1037 2100 1247 2153 invia:
1298 2098 1376 2152 sic
1416 2105 1473 2152 et
1522 2106 1642 2167 post
1699 2096 1875 2167 Bapti-

287 2213 462 2252 smunt
494 2205 660 2251 restat
707 2196 810 2248 vita
853 2193 1142 2249 christiana
1172 2192 1223 2245 in
1271 2191 1669 2246 tenL'ttionibus.
1704 2189 1756 2244 In
1786 2189 1874 2246 illa

287 2305 474 2345 eremo
525 2288 887 2358 suspirabatur
946 2285 1133 2354 patria:
1203 2282 1485 2353 promissa:
1514 2299 1530 2346 ;
1563 2280 1874 2351 quidaliud

280 2380 574 2434 Christiani
600 2378 868 2448 suspirant
890 2375 999 2445 jam
1047 2374 1210 2429 abluti
1264 2372 1576 2444 Baptismo?
1610 2370 1873 2440 Numquid

290 2472 397 2542 iam
451 2478 673 2540 regnant
723 2484 844 2522 cum
890 2466 1143 2521 Christo?
1174 2463 1417 2518 Nondum
1454 2473 1667 2517 ventum
1699 2461 1872 2517 estad

292 2574 486 2617 terram
534 2549 900 2630 promissionis
941 2565 1218 2622 nostram;
1249 2554 1341 2609 sed
1380 2569 1486 2609 non
1529 2553 1874 2620 defecturam,

293 2671 401 2708 non
428 2652 568 2707 enim
596 2650 666 2705 ibi
710 2649 963 2704 delicient
995 2646 1175 2717 hymni
1229 2644 1413 2699 David.
1442 2645 1553 2700 lloc
1601 2644 1760 2699 modo
1784 2659 1878 2697 au-

291 2745 442 2797 diant
482 2756 669 2795 omnes
696 2738 881 2793 fideles
910 2754 925 2802 ;
952 2738 1123 2791 sciant
1144 2736 1233 2791 ubi
1254 2737 1359 2790 sint
1389 2754 1403 2789 ε
1434 2736 1486 2790 in
1504 2750 1687 2791 eremo
1715 2744 1874 2800 sunt;

294 2835 478 2905 pall‘lll:
507 2832 795 2902 suspirant.
827 2830 1015 2885 Μοτιυὶ
1062 2838 1187 2883 sunt
1232 2828 1412 2884 hostes
1464 2828 1515 2882 in
1560 2827 1875 2896 Baptismo;

284 2927 389 2982 sed
417 2927 756 2994 insequentes
776 2937 805 2975 a
839 2932 1005 2992 tergo.
1032 2919 1169 2986 Quid
1199 2931 1301 2983 est,
1347 2919 1687 2989 insequentes
1710 2933 1739 2971 a
1768 2928 1878 2972 ter-

294 3019 407 3089 go?
438 3021 573 3071 Ante
602 3014 790 3071 faciem
818 3012 993 3068 futura
1023 3013 1310 3076 habemus;
1335 3027 1362 3063 a
1388 3025 1534 3081 tergo
1563 3010 1828 3080 praeterita
1852 3026 1868 3063 :

297 3112 473 3166 uiiinia
505 3108 769 3180 practerita
813 3115 1029 3177 peccata
1077 3105 1251 3160 deleta
1302 3104 1501 3158 suntin
1561 3103 1875 3172 Baptismo;

298 3205 488 3274 quibus
504 3202 661 3255 modo
679 3207 964 3263 tentamur,
998 3211 1149 3250 nona
1193 3207 1339 3265 tergo
1380 3195 1748 3262 insequuntur,
1779 3192 1878 3246 sed

288 3296 353 3349 vin
385 3294 465 3348 via
489 3292 819 3346 insidiantur.
856 3288 1005 3344 Unde
1033 3286 1339 3355 Apostolus,
1393 3285 1566 3339 adhuc
1593 3286 1642 3338 in
1676 3284 1756 3337 via
1780 3283 1879 3339 ltu-

301 3383 384 3452 ins
414 3382 577 3437 eremi
607 3381 942 3441 constitutus,
968 3378 1096 3442 Quae
1127 3388 1281 3443 retro,
1306 3377 1492 3445 inquit,
1516 3377 1716 3441 oblitus,
1744 3377 1795 3428 in
1822 3392 1880 3429 ea

300 3492 412 3546 φιτ
435 3484 552 3529 ante
575 3482 691 3528 sunt
729 3481 977 3535 extentus,
1024 3470 1299 3524 secundum
1349 3470 1672 3523 intentionem
1702 3484 1882 3537 sequor

299 3568 368 3620 ad
418 3572 637 3636 patrnam
679 3579 910 3635 superate
954 3564 1224 3616 vocationis
1252 3561 1348 3615 Dei
1373 3563 1390 3632 (
1417 3561 1649 3631 Philipp.
1680 3577 1756 3626 III,
1790 3562 1878 3627 15,

304 3660 372 3713 Η
398 3662 415 3728 )
443 3675 458 3723 ;
483 3668 729 3725 tanquam
767 3655 989 3719 diceret,
1026 3653 1105 3708 Ad
1138 3653 1357 3722 patriam
1386 3668 1629 3721 superna:
1658 3651 1882 3720 promis-

304 3750 472 3804 sionis
500 3748 616 3801 Dei.
644 3748 713 3800 Et
750 3746 820 3799 ibi
871 3746 1002 3813 jam,
1058 3747 1266 3808 fratres,
1314 3745 1366 3797 in
1408 3759 1589 3799 eremo
1628 3742 1883 3812 quidquid

306 3854 495 3911 passus
520 3846 604 3892 est
637 3837 726 3891 ille
754 3836 998 3905 populus,
1028 3844 1082 3889 et
1107 3828 1358 3903 quidquid
1387 3834 1465 3887 eis
1494 3835 1631 3889 Deus
1667 3834 1885 3903 largitus

286 3944 386 3995 .est
409 3950 423 3999 ;
450 3945 799 4003 quzecumque
827 3930 910 3983 illa
943 3928 1144 3998 ﬂagella
1164 3926 1395 3991 fuerunt,
1417 3942 1763 3996 quaecumque
1788 3925 1885 3979 do-

307 4044 396 4092 na,
424 4024 833 4098 signiﬁcationes
853 4032 974 4076 sunt
1004 4037 1179 4076 rerum
1208 4036 1339 4091 quas
1387 4020 1438 4074 in
1467 4020 1567 4073 hac
1601 4018 1886 4074 solitudine

310 4120 466 4188 hujus
489 4118 628 4180 vitae,
652 4115 984 4170 ambulantes
1006 4115 1058 4167 in
1075 4112 1308 4179 Christo,
1323 4122 1621 4182 quaerentes
1643 4112 1885 4180 patriam,

309 4223 363 4265 et
387 4209 675 4280 accipimus
716 4206 780 4261 ad
833 4207 1273 4269 consolationem,
1306 4213 1358 4258 et
1408 4204 1637 4272 patimur
1665 4203 1732 4257 ad
1763 4218 1887 4272 pro-

312 4302 599 4358 bationem.
626 4302 739 4357 Non
770 4316 897 4373 ergo
944 4301 1135 4355 tnirum
1171 4299 1291 4369 quia
1338 4297 1464 4353 illud
1506 4297 1698 4352 defecit
1745 4296 1887 4367 quod

314 4396 571 4467 ﬁgurabat
616 4396 865 4451 futurum.
913 4393 1044 4448 Nam
1093 4392 1378 4462 perductus
1419 4400 1501 4445 est
1545 4389 1771 4460 populus
1811 4388 1878 4442 ad

314 4489 535 4556 patriam
584 4486 981 4557 promissionis;
1013 4482 1269 4553 numquid
1340 4497 1552 4551 semper
1593 4480 1889 4534 staturam?

313 4580 367 4633 Si
399 4580 501 4635 hoc
535 4590 696 4645 esset,
732 4595 835 4634 non
884 4588 1030 4632 esset
1075 4576 1261 4645 figura,
1310 4574 1401 4628 sed
1433 4590 1540 4629 res.
1595 4573 1729 4641 Quia
1764 4588 1891 4627 vero

316 4670 479 4740 figura
503 4680 639 4733 erat,
665 4670 729 4723 ad
758 4669 1046 4739 temporale
1094 4666 1342 4736 quiddam
1394 4664 1675 4735 perductus
1697 4674 1777 4719 est
1804 4664 1893 4719 ille

316 4762 561 4832 populus.
584 4760 641 4815 Si
698 4759 761 4813 ad
818 4758 1116 4829 temporale
1153 4756 1402 4826 quiddam
1452 4754 1738 4825 perductus
1782 4762 1886 4820 est,

313 4852 593 4920 oportebat
635 4860 690 4904 ut
708 4850 977 4911 deﬁceret,
1006 4856 1060 4902 et
1082 4842 1293 4903 delectu
1323 4862 1419 4902 suo
1436 4856 1715 4917 cogeretur
1742 4862 1891 4915 qua:-

314 4958 435 4997 rere
459 4941 599 5012 quod
626 4956 888 5010 nunquam
915 4938 1187 4993 deﬁceret.
1262 4981 1269 4985 .

388 5034 442 5087 6.
478 5032 753 5105 Synagoga
788 5047 934 5102 ergo,
968 5030 1018 5085 id
1045 5040 1146 5095 est,
1178 5030 1269 5101 qui
1316 5030 1480 5084 Deum
1527 5028 1599 5083 ibi
1650 5029 1734 5098 pie
1752 5030 1895 5085 cole-

315 5125 467 5191 bant,
496 5124 591 5179 sed
620 5132 796 5178 tamen
833 5130 1053 5192 prepter
1094 5130 1334 5175 terrenas
1386 5133 1494 5183 res,
1548 5128 1763 5188 prOpter
1793 5121 1892 5174 ista

318 5218 599 5290 przesentia
634 5236 646 5271 :
679 5227 801 5271 sunt
838 5216 980 5271 enim
1005 5214 1151 5283 impii
1200 5213 1288 5285 qui
1336 5212 1672 5281 prtesentium
1715 5229 1892 5267 rerum

316 5316 453 5368 bona
517 5326 545 5363 a
598 5307 924 5363 darmonihus
976 5312 1263 5375 quierunt;
1298 5302 1382 5356 hic
1446 5311 1621 5355 autem
1671 5304 1896 5372 pepulus

320 5406 440 5459 ideo
459 5402 647 5457 melior
673 5406 788 5454 erat
812 5398 1091 5463 Gentibus,
1142 5394 1283 5465 quod
1319 5393 1560 5463 quamvis
1606 5396 1887 5463 praesentia

319 5497 457 5551 bona
479 5501 534 5549 et
560 5490 887 5561 temporalia,
915 5498 1091 5543 tamen
1127 5486 1197 5541 ab
1218 5500 1324 5539 uno
1346 5484 1453 5540 Deo
1495 5485 1785 5555 quwrebat,
1808 5484 1897 5555 qui

324 5596 404 5641 est
422 5594 632 5640 creator
653 5581 908 5646 omnium,
930 5587 985 5634 et
1014 5577 1386 5649 Spiritualium,
1413 5584 1468 5631 et
1497 5575 1851 5644 corporalium
1877 5594 1891 5630 :

326 5694 443 5731 rum
466 5690 594 5747 ergo
624 5675 693 5729 illi
733 5672 803 5743 pii
854 5671 1144 5727 secundum
1193 5686 1409 5727 carnem
1461 5668 1815 5732 attenderent,
1845 5669 1898 5725 id

329 5779 428 5833 est,
460 5769 543 5825 illa
570 5767 841 5839 Synagoga
872 5779 989 5834 qua:
1009 5772 1121 5820 erat
1142 5763 1191 5818 in
1224 5762 1394 5829 bonis,
1414 5777 1509 5832 pro
1540 5772 1776 5832 tempore
1802 5761 1897 5818 bo-

414 5885 446 5902 Α

1337 338 1731 393 ΕΧΑΒΒΑΤΙΟ
1772 332 1836 391 IN
1880 334 2199 393 PSALMUM
2244 337 2454 398 LXXII.

3430 360 3536 423 9l8

1973 455 2057 509 nis
2082 455 2122 520 ',
2147 471 2253 512 non
2281 452 2663 542 spiritualibt'ts,
2714 459 2901 529 quales
2944 470 3100 518 erant
3122 461 3194 518 ibi
3250 464 3545 535 l’rOphetze.

1966 547 2153 617 quales
2201 549 2351 617 pauci
2404 549 2763 606 intellectores
2817 552 2964 623 regni
3009 554 3263 621 coalestis,
3312 559 3547 623 aeterni;

1967 654 2095 710 ergo
2123 639 2210 693 illa
2235 639 2512 712 Synagoga
2539 641 2910 698 animadvertit
2936 660 3055 715 qua:
3077 646 3345 714 acceperit
3368 663 3395 699 a
3414 649 3541 712 Deo,

1968 742 2023 786 et
2045 747 2162 802 qua:
2189 735 2494 802 promiserit
2524 736 2663 790 Deus
2700 736 2895 806 pepulo
2919 736 3015 804 illi,
3068 736 3442 791 abundantiam
3470 756 3553 793 re-

1969 837 2086 877 rum
2109 833 2460 891 terrenarum,
2512 825 2757 896 patriam,
2787 841 2991 896 pacem,
3038 826 3342 882 felicitatem
3377 837 3549 882 terre-

1970 927 2092 968 nam
2123 930 2139 968 :
2169 914 2261 969 sed
2284 916 2338 971 in
2366 916 2447 970 his
2465 917 2713 972 omnibus
2739 918 2919 989 ﬁgura:
2945 928 3097 973 erant
3124 935 3139 982 ;
3186 930 3242 975 et
3268 934 3371 973 non
3398 920 3553 973 intel-

1969 1003 2139 1074 ligens
2165 1006 2290 1075 quid
2322 1007 2390 1060 ibi
2419 1007 2606 1063 lateret
2629 1009 2683 1064 in
2711 1010 2869 1064 rebus
2917 1010 3172 1079 ﬁguratis,
3227 1010 3427 1080 putavit
3456 1010 3555 1079 hoc

1972 1112 2071 1167 pro
2099 1114 2290 1169 magno
2318 1100 2447 1155 dare
2475 1101 2664 1165 Deum,
2694 1098 2792 1158 nec
2811 1102 3009 1158 habere
3039 1103 3228 1157 melius
3255 1103 3394 1174 quod
3424 1102 3554 1157 dare

1974 1199 2148 1258 posset
2170 1189 2509 1260 diligentibus
2524 1207 2582 1246 se
2608 1200 2664 1246 et
2681 1193 3034 1247 servientibus
3055 1192 3176 1247 sibi.
3204 1192 3465 1256 Attendit,
3494 1204 3548 1247 et

1972 1281 2378 1352 viditquosdam
2407 1293 2732 1353 peccatores,
2800 1283 3009 1353 impios,
3063 1284 3556 1354 blaSphemos,ser-

1974 1390 2070 1429 vos
2098 1376 2418 1443 daemonum,
2453 1377 2586 1430 filios
2614 1376 2828 1441 diaboli,
2856 1377 3101 1431 viventes
3139 1377 3190 1430 in
3233 1392 3417 1446 magna
3452 1392 3557 1430 ne-

1974 1470 2137 1539 quitia
2156 1478 2209 1525 et
2229 1469 2501 1539 superbia,
2555 1469 2824 1524 abundare
2866 1460 3026 1524 rebus
3075 1469 3265 1522 talibus
3308 1470 3555 1531 terrenis,

1978 1558 2373 1628 temporalibus,
2402 1575 2498 1628 pro
2515 1560 2760 1629 qualibus
2786 1560 2945 1613 rebus
2968 1559 3079 1628 ipsa
3104 1559 3215 1613 Deo
3244 1558 3511 1612 serviebat
3540 1576 3554 1611 :

1975 1660 2030 1705 et
2055 1659 2175 1705 nata
2197 1660 2279 1705 est
2314 1651 2569 1720 cogitatio
2610 1651 2836 1719 pessima
2872 1651 2922 1704 in
2960 1648 3142 1711 corde,
3192 1665 3311 1718 qua:
3360 1648 3559 1703 faceret.

1978 1751 2168 1798 nutare
2194 1742 2378 1813 pedes,
2411 1752 2466 1797 et
2495 1757 2661 1812 prope
2700 1742 2801 1796 labi
2852 1758 2880 1795 a
2925 1742 3016 1795 Dei
3055 1741 3159 1794 via.
3210 1739 3278 1795 Et
3305 1754 3430 1794 ecce
3458 1741 3554 1793 ista

1975 1834 2225 1903 Cogitatio
2247 1834 2297 1887 in
2328 1834 2521 1901 popqu
2548 1845 2662 1888 erat
2693 1833 2903 1888 Veteris
2944 1832 3270 1887 Testameuti
3304 1848 3320 1885 :
3356 1831 3557 1885 utinam

1978 1940 2081 1978 non
2110 1927 2178 1978 sit
2211 1924 2263 1977 in
2293 1924 2595 1979 carnalibus
2622 1923 2871 1978 fratribus
2892 1923 3108 1985 nostris,
3127 1937 3247 1976 cum
3274 1923 3382 1989 jam
3401 1937 3559 1990 aper-

1978 2025 2030 2071 te
2058 2016 2374 2085 przedicatur
2428 2015 2651 2069 felicitas
2692 2014 2823 2069 Novi
2869 2013 3386 2079 TestamentilQnid
3418 2013 3559 2067 enim

1975 2105 2109 2161 dixit
2137 2106 2223 2158 illa
2270 2116 2395 2159 tunc
2446 2105 2719 2176 Synagoga
2742 2103 2769 2157 ἳ
2792 2103 2916 2172 quid
2948 2103 3094 2157 dixit
3155 2102 3243 2156 ille
3291 2101 3563 2170 populus?

1978 2196 2085 2250 Nos
2122 2196 2384 2251 servimus
2411 2196 2540 2262 Deo,
2570 2206 2623 2250 et
2637 2195 2975 2263 corripimur,
3032 2193 3388 2264 ﬁagellamur;
3431 2192 3561 2246 sub-

1978 2288 2244 2343 ducuntur
2264 2288 2420 2343 nobis
2434 2303 2494 2341 ea
2525 2302 2643 2357 qua:
2689 2286 2978 2357 diligimus,
3030 2295 3083 2341 et
3109 2300 3227 2354 qua:
3249 2300 3345 2354 pro
3373 2299 3563 2354 magno

1978 2396 2008 2434 a
2032 2380 2145 2434 Deo
2172 2392 2548 2448 acceperamus
2571 2394 2585 2442 ;
2616 2376 2689 2430 illi
2723 2386 2898 2431 autem
2925 2377 3165 2432 scelerati
3198 2376 3447 2431 homines
3462 2391 3560 2429 ne-

1979 2470 2242 2541 quissimi,
2257 2469 2491 2539 superbi,
2516 2468 2830 2538 blasphemi.
2856 2468 3095 2538 inquieti,
3112 2467 3382 2523 abundant
3400 2468 3564 2521 omni-

1981 2562 2079 2617 bus
2100 2561 2280 2626 rebus,
2302 2572 2522 2631 propter
2536 2575 2669 2631 quas
2684 2574 2784 2614 nos
2830 2560 2941 2614 Deo
2964 2559 3226 2613 servimus
3249 2577 3264 2613 :
3293 2570 3419 2627 puto
3445 2558 3564 2615 siue

1980 2669 2138 2709 causa
2163 2655 2396 2708 servitur
2422 2654 2554 2709 Deo.
2588 2653 2683 2707 llic
2702 2667 2895 2707 sensus
2919 2661 3003 2707 est
3030 2650 3245 2716 Psalmi,
3266 2651 3563 2708 deﬁcientis

1980 2738 2160 2815 populi
2188 2755 2243 2801 et
2266 2746 2537 2800 nutantis:
2569 2745 2695 2799 dum
2725 2743 3024 2799 considerat
3044 2743 3182 2797 bona
3205 2753 3411 2799 terrena
3439 2759 3565 2814 pro.

1983 2846 2102 2907 pter
2124 2852 2241 2906 qua:
2263 2836 2526 2892 serviebat
2553 2836 2682 2899 Deo,
2713 2836 2987 2891 abundare
3016 2834 3098 2889 his
3130 2835 3218 2905 qui
3262 2850 3365 2889 non
3396 2833 3564 2892 servi-

1983 2938 2103 2983 rent
2125 2930 2257 2997 Deo,
2283 2940 2453 2996 nutat,
2483 2939 2539 2985 et
2587 2946 2754 3001 prope
2806 2930 3037 2988 labitur:
3067 2940 3121 2985 et
3170 2945 3290 2985 cum
3348 2930 3562 3002 hymnis

1984 3022 2087 3076 illis
2112 3022 2307 3085 deﬁcit,
2326 3023 2444 3092 quia
2463 3023 2514 3077 in
2535 3023 2729 3077 talibus
2753 3022 3001 3079 cordibus
3027 3021 3207 3094 hymni
3224 3023 3561 3079 deﬁciebant.

1984 3112 2121 3179 Quid
2152 3122 2254 3178 est,
2313 3113 2365 3167 in
2415 3113 2607 3168 talibus
2660 3113 2911 3168 cordibus
2962 3113 3146 3186 hymni
3197 3114 3564 3185 deﬁciebant?

1983 3204 2114 3270 Quia
2140 3203 2248 3273 jam
2272 3203 2392 3257 talia
2423 3203 2742 3274 cogitabant,
2775 3204 2939 3257 Demn
2968 3220 3072 3259 non
3100 3205 3400 3259 laudabant.
3428 3204 3566 3273 Quo-
3612 3197 3621 3205 ’

1984 3293 2145 3348 modo
2181 3294 2324 3348 enim
2352 3293 2626 3348 laudarent
2655 3293 2841 3356 Deum,
2870 3293 3062 3363 quibus
3085 3296 3235 3364 quasi
3283 3310 3565 3365 perversos

1984 3383 2279 3444 videbatur.
2304 3385 2435 3443 dans
2480 3385 2654 3454 impiis
2707 3392 2909 3439 tantam
2958 3384 3282 3452 felicitatem,
3325 3396 3379 3442 et
3416 3386 3563 3442 anfe-

1986 3490 2112 3529 rcns
2138 3490 2254 3528 eam
2283 3491 2313 3528 a
2340 3475 2693 3530 servientibus
2726 3466 2860 3529 sibi?
2886 3474 2998 3529 Non
3044 3475 3149 3530 illis
3203 3476 3372 3530 honus
3416 3477 3563 3532 vide-

1986 3567 2142 3620 batur
2164 3566 2300 3619 Dcns
2333 3584 2347 3620 :
2387 3575 2441 3620 et
2474 3567 2668 3634 quibus
2716 3566 2852 3620 Dens
2892 3565 3064 3620 bonus
3117 3583 3220 3620 non
3262 3568 3562 3635 videbatur,

1988 3670 2091 3708 non
2115 3654 2292 3722 utique
2330 3654 2398 3707 ab
2445 3656 2523 3707 eis
2567 3653 2957 3718 Iaudabatur;a
2985 3655 3175 3724 quibus
3203 3664 3380 3709 antem
3428 3658 3566 3712 Deus

1989 3759 2093 3797 non
2127 3742 2453 3806 laudabatur,
2481 3743 2791 3797 defecerunt
2820 3744 2873 3798 in
2903 3744 3005 3798 illis
3026 3744 3229 3816 hymni.
3252 3732 3443 3801 I‘ostea
3474 3764 3567 3803 ve-

1990 3851 2050 3890 ro
2073 3836 2295 3906 populus
2326 3836 2422 3890 iste
2454 3835 2714 3891 intellexit
2755 3836 2880 3906 quid
2907 3852 3028 3891 eum
3080 3837 3388 3906 admoneret
3429 3840 3567 3896 Deus

1988 3941 2246 3997 quaerere,
2275 3941 2394 3980 cum
2419 3927 2516 3980 ista
2544 3929 2851 3995 temporalia
2882 3928 3219 3982 subtraheret
3242 3902 3410 3985 servis
3429 3935 3562 3997 suis,

1990 4028 2044 4069 et
2071 4014 2294 4070 donaret
2331 4031 2391 4071 ea
2422 4016 2647 4071 inimicis
2689 4018 2823 4082 suis,
2856 4017 3205 4086 blasphemis,
3228 4019 3402 4090 impiis
3430 4039 3445 4075 :
3474 4023 3569 4076 ad-

1991 4108 2222 4162 monitus
2249 4108 2510 4163 intellexit
2544 4110 2664 4179 quia
2696 4126 2803 4178 pne
2830 4110 3078 4165 omnibus
3105 4127 3224 4181 quae
3261 4115 3353 4167 dat
3404 4115 3564 4180 licus,

1990 4208 2047 4254 et
2074 4197 2244 4261 bonis,
2274 4210 2327 4253 ct
2368 4200 2543 4265 malis,
2596 4208 2651 4254 et
2687 4200 2971 4271 aliquando
3021 4202 3219 4270 aufert,
3242 4214 3295 4259 et
3321 4205 3492 4271 bonis,
3515 4217 3569 4261 ct

1992 4290 2165 4355 malis,
2200 4305 2309 4359 pra:
2350 4290 2595 4345 omnibus
2632 4302 2807 4345 servat
2847 4293 3043 4363 aliquid
3081 4294 3248 4348 bouis.
3295 4296 3428 4361 Quid
3463 4306 3565 4362 est,

1992 4394 2167 4441 servat
2190 4385 2386 4455 aliquid
2414 4385 2602 4440 bouis?
2629 4386 2756 4456 quid
2780 4389 2882 4443 illis
2909 4390 3130 4444 servat?
3155 4392 3420 4460 Seipsum.
3450 4393 3566 4448 Jam

1991 4486 2244 4546 quantum
2267 4476 2515 4540 arbitror,
2537 4479 2767 4531 curritur
2809 4480 2860 4534 in
2894 4481 3143 4547 I’saltno;
3174 4481 3471 4537 intellectus
3489 4496 3570 4539 est

1994 4568 2046 4623 in
2077 4570 2288 4623 nomine
2319 4568 2544 4624 Domini.
2576 4570 2711 4625 Audi
2744 4572 3109 4631 recordantem
3133 4584 3186 4629 et
3218 4576 3563 4643 panitentcm

1993 4662 2083 4730 qui
2112 4671 2399 4725 erraverat,
2462 4663 2693 4732 putando
2738 4663 2905 4719 Deum
2953 4680 3055 4718 non
3106 4666 3299 4720 bonum
3350 4670 3437 4738 qui
3479 4669 3571 4723 dat

1993 4752 2131 4808 bona
2161 4762 2365 4808 terrena
2395 4754 2570 4821 malis,
2597 4764 2651 4809 et
2674 4754 2846 4810 aufert
2883 4756 2966 4810 illa
2987 4772 3016 4809 a
3044 4758 3213 4811 servis
3243 4761 3369 4813 suis.
3419 4760 3571 4815 Intel-

1997 4845 2283 4900 lexitenim
2305 4845 2426 4915 quid
2470 4846 2606 4900 Deus
2632 4856 2866 4901 servaret
2907 4847 3075 4902 servis
3103 4850 3250 4914 suis;
3288 4860 3344 4907 et
3365 4855 3571 4923 recogi-

1997 4946 2135 5001 tans,
2160 4951 2321 5007 seque
2343 4938 2606 5006 castigans
2631 4938 2807 5007 erupit
2832 4937 2932 4993 hoc
2950 4939 3127 4993 modo.

2069 5030 2121 5082 7.
2149 5029 2315 5095 Quam
2365 5030 2521 5084 bonus
2569 5029 2707 5085 Deus
2750 5029 2913 5086 Israel
2941 5032 2964 5087 Ι
2995 5032 3100 5087 Sed
3154 5034 3379 5104 quibus?
3405 5036 3571 5090 Raetis

1999 5119 2183 5185 corde.
2214 5119 2485 5174 Perversis
2527 5121 2692 5189 quid?
2720 5122 3005 5177 Perversus
3060 5124 3285 5179 videtur.
3334 5128 3420 5182 Sic
3443 5129 3570 5183 etin

1998 5211 2102 5263 alio
2120 5210 2320 5278 psalmo
2354 5206 2482 5264 dicit
2506 5228 2519 5255 ε
2548 5210 2671 5264 Cum
2692 5221 2862 5265 sancto
2884 5222 3084 5268 sanctas
3119 5218 3236 5279 eris,
3268 5228 3316 5269 et
3340 5234 3449 5270 cum
3495 5219 3572 5270 vi-

1999 5316 2056 5352 ro
2076 5300 2335 5354 innocente
2365 5301 2605 5355 innocens
2641 5301 2758 5367 eris,
2796 5312 2844 5356 et
2883 5320 2997 5357 cum
3047 5322 3274 5374 perverso
3317 5324 3573 5375 perversa:

2001 5391 2137 5459 eris(
2167 5389 2309 5443 Psal.
2336 5407 2424 5458 xv,
2449 5391 2539 5457 26,
2571 5391 2642 5445 27
2669 5390 2711 5463 ).
2742 5392 2876 5461 Quid
2916 5406 3016 5459 est,
3064 5414 3320 5467 perversa:
3341 5399 3438 5451 eris
3457 5414 3570 5452 cum

1937 5550 1947 5565 ι
2002 5497 2228 5550 perverso
2254 5481 2279 5535 ?
2325 5481 2635 5537 Perversum
2666 5493 2716 5538 te
2743 5487 2942 5553 putabit
2970 5503 3264 5556 perversos.
3293 5485 3407 5542 Non
3428 5491 3568 5558 quod

2002 5574 2111 5629 ullo
2136 5574 2294 5629 modo
2331 5584 2663 5645 pervcrtatur
2710 5578 2866 5633 Deus.
2915 5580 3064 5634 Absit
3104 5579 3283 5648 :quod
3330 5591 3431 5644 est,
3454 5592 3557 5636 est.

2004 5707 2084 5820 "is!
2113 5708 2185 5757 sic
2208 5705 2421 5758 melioris
2445 5716 2571 5758 nota:
2608 5714 2713 5758 Mss.
2755 5707 2818 5757 Ad
2843 5708 2951 5758 ald.
2972 5741 2989 5766 .
3010 5720 3101 5772 pro
3135 5706 3471 5771 temporalibus
3500 5712 3556 5763 bs
