4020 6198
475 320 579 379 919

474 439 581 497 Sed
611 432 1053 510 quemadmodum
1077 428 1179 494 sol,
1208 427 1593 495 oculospurcs,
1622 435 1801 483 salios,
1830 427 2048 488 vegetos

476 535 641 590 fortes
670 527 906 594 habenti,
933 522 1250 592 tranquillus
1272 527 1509 590 apparet,
1543 518 1596 571 iu
1644 514 1829 571 oculos
1871 521 2048 566 autem

481 628 648 697 lippos
674 622 825 692 quasi
855 618 959 675 tela
1009 631 1197 688 aspera
1239 614 1502 683 jaculatur
1531 628 1547 676 ;
1577 610 1869 663 intuentem
1901 604 2046 658 illum

479 694 700 787 vegetat,
724 713 864 767 hunc
878 709 1166 771 excruciat,
1187 721 1290 760 non
1311 711 1566 767 mutatus,
1587 699 1682 755 sed
1705 705 1963 751 mutatum
1994 694 2009 725 ¹
2032 710 2047 745 :

476 782 698 873 siceum
723 804 953 875 coeperis
982 816 1101 858 esse
1127 782 1429 869 pervorsus,
1460 803 1513 849 et
1540 794 1629 849 tibi
1676 792 1816 846 Deus
1845 803 2052 875 perver-

475 919 566 957 sus
592 874 857 955 videbitur
879 913 894 961 ;
915 907 969 950 tu
994 902 1222 949 mutatus
1267 906 1344 954 es,
1397 904 1503 942 non
1530 887 1636 941 ille.
1670 884 1784 939 Erit
1802 896 1929 952 ergo
1957 874 2051 937 tibi

473 1007 654 1061 pmna,
685 989 823 1061 quod
845 987 998 1045 bonis
1040 983 1306 1055 gaudium.
1332 980 1557 1035 lloeiste
1598 975 1859 1039 recolens,
1889 972 2054 1037 Quam

475 1085 652 1146 bonus,
686 1080 876 1150 inquit.
901 1077 1035 1131 Deus
1060 1074 1225 1129 Israel
1249 1072 1395 1126 rectis
1407 1068 1601 1123 corde!

478 1194 479 1199 ‘
547 1174 601 1229 8.
624 1170 794 1246 [oers.
818 1168 917 1242 2.]
946 1167 1080 1236 Quid
1097 1174 1272 1220 autem
1301 1162 1392 1217 tibi
1419 1161 1443 1212 ?
1473 1160 1755 1214 Meiautem
1771 1171 1894 1246 pene
1916 1170 2057 1246 coms

475 1266 600 1319 moti
618 1243 735 1318 sunt
760 1260 929 1333 pedes.
974 1256 1196 1326 Quando
1247 1251 1495 1308 commoti
1551 1256 1675 1304 sunt
1720 1245 1904 1316 pedes,
1953 1243 2054 1298 nisi

465 1355 692 1426 quando
723 1368 827 1408 non
846 1359 960 1406 erat
989 1357 1190 1402 rectum
1212 1344 1348 1399 eor?
1379 1341 1528 1398 Unde
1572 1354 1677 1393 non
1709 1346 1824 1392 erat
1850 1344 2053 1391 rectum

479 1448 615 1502 cor?
644 1446 777 1500 Audi
800 1461 814 1496 :
847 1439 1203 1495 Paulo'minus
1223 1435 1371 1503 emisi
1388 1445 1500 1488 sunt
1522 1447 1719 1503 gressus
1746 1430 1859 1483 mei.
1903 1426 2053 1494 Quod

474 1524 631 1598 dixit,
678 1549 841 1605 pene;
870 1531 972 1585 hoc
1010 1529 1163 1593 dixit,
1205 1526 1357 1596 paulo
1409 1524 1692 1577 minus:et
1737 1518 1878 1588 quod
1901 1518 2053 1583 dixit,

480 1643 607 1698 pene
634 1626 755 1680 moti
778 1632 894 1679 sunt
916 1620 1103 1690 pedes;
1133 1618 1234 1673 hoc
1271 1615 1422 1673 dixit.
1475 1611 1622 1680 e/fusi
1675 1619 1790 1665 sunt
1833 1624 2053 1680 gressus.

480 1722 624 1777 Pone
650 1718 779 1772 moti
823 1723 947 1770 sunt
974 1712 1156 1783 pedes,
1184 1723 1320 1778 pene
1339 1704 1488 1760 cﬂ'usi
1521 1710 1644 1758 sunt
1671 1714 1903 1772 gressus.
1929 1699 2058 1752 Moti

483 1812 633 1884 pedes
664 1827 683 1864 :
710 1808 801 1863 sed
830 1806 990 1870 unde,
1020 1804 1139 1858 moti
1162 1800 1333 1869 pedes,
1384 1808 1431 1851 et
1472 1795 1617 1862 elfu’si
1665 1809 1863 1864 gressus
1890 1790 2060 1845 Hloti

482 1904 653 1974 pedes,
676 1901 741 1956 ad
770 1898 1053 1955 errandum
1082 1912 1099 1962 ;
1148 1892 1295 1960 e/Iusi
1329 1905 1549 1962 gressus.
1579 1887 1645 1941 ad
1687 1888 1926 1955 lapsum;
1952 1898 2058 1938 non

481 1994 719 2056 omnino,
737 1991 833 2047 sed
864 2006 1006 2061 pene.
1034 1986 1170 2055 Quid
1202 1985 1341 2040 enim
1372 1991 1455 2037 est
1478 1982 1502 2034 ?
1525 1980 1640 2034 Jam
1664 1979 1804 2034 ibam
1826 1977 1877 2031 in
1906 1990 2059 2030 erres

483 2101 620 2150 rem,
652 2098 757 2138 non
788 2083 951 2136 ieram
986 2098 998 2131 :
1022 2079 1132 2147 jam
1178 2074 1453 2136 eadebam,
1481 2086 1585 2127 non
1635 2068 1957 2124 eecideram.

553 2177 610 2232 9.
633 2173 655 2248 [
678 2190 806 2228 vers.
829 2170 931 2260 5.1]
962 2170 1066 2226 Sed
1092 2182 1258 2238 quare
1273 2175 1328 2221 et
1347 2167 1368 2197 ⁸
1398 2164 1497 2219 hoc
1525 2162 1550 2217 ?
1597 2162 1730 2230 Quia
1776 2160 1954 2224 zelavi,
1980 2159 2062 2213 in-

481 2270 618 2339 quit,
649 2267 703 2322 in
720 2255 1080 2334 peccatoribus,
1098 2277 1270 2327 pacem
1292 2265 1605 2328 peccatorum
1630 2255 1846 2309 intuens.
1881 2255 2065 2307 Atten-

482 2361 536 2415 di
581 2367 925 2432 peceatores;
955 2352 1063 2408 vidi
1106 2352 1227 2406 illos
1278 2349 1475 2405 habere
1520 2361 1724 2417 pacem.
1751 2344 1919 2412 Quam
1966 2358 2063 2413 pa-

484 2452 638 2509 cem?
666 2448 1054 2519 Temporalem,
1079 2443 1294 2509 ﬂuxam,
1315 2441 1565 2497 caducam
1588 2449 1746 2509 atque
1763 2446 2059 2500 terrenam;

484 2545 580 2600 sed
612 2553 786 2598 tamen
808 2538 1200 2610 taleurqualem
1222 2545 1276 2591 et
1315 2549 1414 2605 ego
1441 2548 1473 2588 a
1524 2532 1631 2586 Deo
1673 2529 2061 2586 desiderabam.

487 2635 603 2689 Vidi
632 2634 752 2690 illos
780 2632 977 2687 habere
1021 2629 1111 2700 qui
1153 2642 1256 2682 non
1298 2623 1603 2682 serviebant
1637 2622 1768 2685 Deo,
1800 2620 1939 2691 quod
1967 2635 2065 2690 ego

486 2726 854 2783 desiderabam
876 2732 934 2778 ut
955 2721 1209 2779 servirem
1223 2719 1361 2784 Deo;
1387 2727 1441 2773 et
1462 2716 1590 2773 moti
1609 2721 1733 2771 sunt
1752 2712 1913 2784 pedes
1934 2711 2062 2776 mei,

486 2833 540 2879 et
571 2837 705 2893 pene
723 2819 875 2876 effusi
904 2826 1024 2873 sunt
1045 2829 1261 2889 gressus
1280 2813 1405 2868 mei.

560 2913 645 2968 10.
665 2910 815 2985 [υεη.
849 2909 915 2973 4,
940 2906 1018 2980 5.]
1041 2907 1216 2976 Quare
1243 2914 1418 2960 autem
1457 2902 1560 2958 hoc
1603 2900 1801 2956 habent
1826 2912 2068 2970 peceato-

486 3020 595 3069 res,
614 3003 745 3058 dicit
768 3000 998 3056 breviter
1023 3017 1038 3053 :
1085 2996 1218 3063 Quia
1242 3012 1343 3051 non
1361 3004 1433 3050 est
1447 2994 1717 3067 declinatio
1745 2993 1917 3046 mortis
1937 2992 1958 3024 ³
1984 3007 2069 3046 eo-

486 3111 638 3158 rum;
665 3101 710 3147 et
739 3070 1107 3161 ﬁrmamentum
1149 3089 1201 3142 in
1239 3084 1445 3158 ﬂagello
1485 3101 1676 3139 eorum.
1706 3083 1773 3137 In
1819 3081 2067 3137 laboribus

488 3182 747 3237 hominum
761 3197 861 3234 non
877 3187 1015 3242 sunt,
1038 3186 1083 3231 et
1106 3193 1219 3231 cum
1232 3175 1514 3229 hominibus
1529 3190 1629 3228 non
1653 3173 2064 3245 flagellabantur.

487 3273 604 3329 Jam
637 3266 889 3333 intellexi,
916 3267 1109 3338 inquit,
1130 3281 1294 3337 quare
1324 3265 1396 3320 illi
1421 3264 1614 3319 habent
1642 3278 1845 3334 pacem,
1885 3272 1940 3318 et
1967 3263 2067 3317 ﬂo-

491 3374 610 3420 rent
626 3364 679 3418 in
706 3373 878 3428 terra;
910 3360 1030 3431 quia
1055 3359 1210 3415 morti
1245 3372 1430 3413 eorum
1478 3371 1583 3411 non
1626 3364 1711 3412 est
1760 3355 2061 3420 declinatio,

483 3452 542 3509 id
570 3462 670 3518 est,
699 3451 820 3522 quia
848 3459 993 3507 certa
1031 3465 1174 3503 mors
1197 3455 1252 3504 et
1281 3455 1475 3503 aeterna
1497 3461 1590 3502 eos
1614 3454 1812 3511 manet,
1825 3461 1944 3516 qua:
1968 3463 2067 3502 nec

489 3545 720 3601 declinat
755 3542 824 3597 ab
848 3542 947 3606 eis,
966 3556 1064 3596 nec
1083 3540 1181 3611 ipsi
1207 3539 1275 3594 ab
1299 3536 1639 3594 eadeclinare
1662 3546 1904 3607 possunt.
1935 3537 2068 3603 Quia

490 3654 591 3692 non
618 3646 691 3690 est
706 3635 972 3690 declinatio
995 3633 1168 3688 mortis
1193 3648 1365 3687 eorum
1386 3649 1405 3697 ;
1426 3640 1471 3685 et
1496 3631 1869 3700 ﬁrmamentum
1886 3630 1940 3683 in
1972 3632 2069 3700 ﬂa-

490 3729 621 3800 gella
645 3745 833 3783 eorum.
860 3727 926 3782 Et
951 3734 1034 3782 est
1061 3725 1447 3781 firmamentum
1498 3724 1548 3777 in
1599 3723 1803 3793 ﬂagello
1841 3738 2065 3781 eorum:

495 3835 600 3875 non
618 3831 695 3873 est
713 3818 855 3874 enim
878 3816 1168 3888 temporale
1197 3814 1458 3885 ﬂagellum
1480 3828 1683 3877 eorum,
1718 3812 1813 3868 sed
1856 3813 2066 3868 firmum

491 3913 548 3968 in
568 3909 968 3978 sempitemum.
1020 3907 1239 3975 Propter
1286 3904 1400 3960 hzrc
1454 3920 1581 3975 ergo
1621 3904 1758 3959 mala
1800 3920 1919 3975 qua:
1964 3904 2069 3959 illis

492 4010 691 4055 aeterna
712 3999 884 4054 futura
900 4005 1042 4061 sunt,
1073 3996 1232 4052 modo
1244 3996 1369 4067 quid
1389 3996 1411 4050 ?
1440 3994 1508 4049 In
1532 3995 1782 4050 laboribus
1808 3995 2067 4050 hominum

492 4108 596 4146 non
621 4100 753 4153 sunt,
777 4100 823 4144 et
859 4107 970 4144 cum
996 4089 1276 4143 hominibus
1314 4105 1414 4143 non
1445 4087 1855 4159 ﬂagellabantur.
1901 4088 2067 4143 Num-

492 4180 618 4252 quid
645 4191 699 4235 et
726 4180 838 4250 ipse
876 4180 1118 4235 diabolus
1145 4195 1263 4234 cum
1283 4179 1584 4233 hominibus
1613 4194 1717 4233 non
1748 4178 2064 4249 ﬂagellatur,

492 4276 576 4330 cui
605 4283 778 4328 tamen
801 4282 1054 4327 aitermnn
1085 4271 1399 4340 supplicium
1420 4270 1787 4339 praeparatur?

565 4365 653 4420 ll.
684 4362 704 4437 [
732 4380 857 4418 vers.
886 4362 939 4417 6.
967 4360 988 4434 ]
1015 4358 1298 4431 Propterea
1321 4359 1445 4429 quid
1499 4360 1622 4416 hinc
1661 4360 1766 4425 isti,
1812 4359 1936 4414 dum
1959 4376 2064 4416 non

493 4456 838 4528 ﬂagellantur,
862 4454 988 4509 dum
1017 4469 1121 4508 non
1145 4452 1385 4507 laborant
1410 4466 1528 4507 eum
1545 4451 1846 4507 hominibus
1868 4451 1892 4504 ?
1917 4451 2063 4517 Ideo,

492 4548 675 4617 inquit,
700 4547 909 4603 obtinuit
932 4561 1016 4600 eos
1051 4543 1299 4614 superbia.
1347 4542 1574 4599 Attende
1625 4543 1742 4598 illos
1787 4545 2064 4613 superbos,

495 4640 956 4710 indisciplinatos;
1000 4638 1215 4692 attende
1264 4644 1469 4691 taurum
1523 4635 1771 4692 devotum
1814 4637 2062 4703 vietimze,

494 4733 809 4801 permissum
825 4748 1004 4789 errare
1028 4732 1212 4793 libere,
1236 4739 1290 4784 et
1309 4738 1515 4784 vastare
1540 4744 1659 4799 qua:
1686 4738 1878 4799 potest,
1902 4746 2067 4800 usque

494 4821 559 4877 ad
587 4821 1183 4880 diemoceisionisJam
1226 4821 1420 4876 bonum
1467 4829 1569 4885 est,
1616 4819 1824 4885 fratres,
1854 4821 1905 4873 in
1936 4820 2066 4889 ipsis

495 4913 773 4981 Propheta:
815 4916 990 4971 verbis
1030 4916 1309 4971 audiamus
1361 4913 1501 4968 hunc
1538 4914 1686 4983 quasi
1738 4922 1942 4967 taurum
1998 4913 2067 4968 de

495 5021 601 5076 quo
627 5004 753 5059 dixi.
776 5006 863 5061 Sic
879 5007 1018 5062 enim
1037 5009 1181 5062 illum
1211 5017 1265 5063 et
1292 5006 1414 5061 alibi
1441 5005 1712 5075 Scriptura
1738 5020 2064 5060 commemo-

493 5106 609 5153 rat:
639 5094 768 5150 dicit
794 5110 887 5149 eos
913 5104 1157 5166 tanquam
1207 5097 1272 5151 ad
1303 5096 1574 5152 victimam
1620 5103 1959 5165 prmparatos,
2007 5103 2066 5149 et

495 5189 638 5262 parci
668 5189 745 5244 eis
764 5187 828 5240 ad
860 5188 1053 5242 malam
1082 5188 1376 5244 libertatem
1403 5188 1422 5260 (
1452 5186 1606 5242 Prov.
1634 5202 1727 5252 vu,
1751 5185 1823 5241 22
1847 5185 1888 5259 ).
1917 5185 2062 5251 Ideo,

461 5282 646 5358 glisit,
676 5278 885 5333 obtinuit
910 5292 992 5329 eos
1025 5278 1275 5342 superbia.
1298 5277 1432 5345 Quid
1458 5287 1559 5341 est,
1596 5278 1809 5331 obtinuit
1856 5293 1938 5330 eos
1979 5294 2067 5330 su-

494 5373 666 5445 perbia
686 5371 713 5426 7
748 5368 1115 5425 Circumamicti
1143 5376 1258 5420 sunt
1300 5369 1563 5437 iniquitate
1603 5379 1651 5421 et
1676 5370 1929 5439 impietate
1946 5385 2058 5422 sua.

478 5466 610 5531 Non
639 5464 793 5529 dixit,
816 5461 939 5523 tacti
970 5479 984 5528 ;
1015 5458 1129 5526 sed,
1157 5459 1538 5525 circumamicti,
1571 5461 1803 5530 undique
1828 5461 2062 5531 cooperti

557 5643 571 5669 '
599 5647 727 5697 Mss,
749 5650 842 5688 non
862 5641 1092 5693 mutatur,
1109 5632 1197 5685 sed
1213 5637 1377 5697 mutet.

558 5705 579 5734 ³
600 5703 674 5764 sic
697 5692 766 5750 ιξιο.
789 5709 843 5750 et
860 5707 963 5749 Mss.
990 5706 1046 5748 At
1067 5692 1198 5756 t.ov.,
1221 5694 1306 5745 sed
1321 5704 1477 5764 quare
1489 5692 1555 5742 ad
1573 5692 1677 5764 hoe.

557 5763 778 5827 ‘Aliquot
795 5769 900 5812 Mss.
926 5768 1201 5814 constanter
1224 5759 1503 5823 prail'eruut,
1525 5759 1680 5806 morti.

1608 319 1615 323 '
1669 306 1727 362 S.
1769 299 2132 364 AUIIUSTINI
2168 296 2469 355 EPISCOPI

3620 297 3726 354 910

2157 414 2428 483 impietate
2467 428 2582 468 sua.
2626 412 2814 469 Merito
2837 411 3031 493 miseri
3057 426 3157 469 nec
3186 412 3387 477 vident,
3425 427 3525 469 nec
3547 412 3731 467 viden-

2157 516 2259 570 tur,
2287 506 2409 575 quia
2442 506 2821 561 circumamicti
2850 516 2992 568 sunt,
3022 520 3120 560 nec
3172 506 3421 560 videntur
3456 506 3732 562 interiora

2154 611 2359 651 eorum.
2390 596 2521 651 Nam
2549 595 2790 666 quisquis
2814 597 3071 651 malorum
3103 596 3398 672 hominum,
3440 598 3591 668 quasi
3611 598 3735 653 fcli-

2154 689 2294 742 cium
2320 687 2610 742 secundum
2643 697 2871 755 tempus,
2899 688 3148 743 interiora
3174 689 3511 758 conspiceret
3539 705 3554 755 ;
3587 691 3737 759 quis—

2154 786 2272 856 quis
2296 800 2481 840 eorum
2503 785 2703 840 videret
2737 794 2911 841 truces
2936 785 3288 841 conscientias
3308 823 3327 848 ,
3355 781 3596 853 quisquis
3618 782 3739 836 ani-

2156 891 2272 932 mas
2297 893 2481 932 eorum
2510 887 2689 946 posset
2730 877 2991 946 inspicere
3026 875 3353 931 diverberari
3406 874 3568 928 tantis
3617 887 3740 940 pcr-

2158 967 2544 1023 turlratiuuibus
2594 967 2936 1037 cupiditatum
2988 976 3042 1023 et
3069 967 3345 1029 timorum,
3381 964 3589 1019 videret
3617 962 3739 1018 illos

2097 1108 2103 1125 ,
2154 1058 2400 1121 miseros,
2422 1068 2478 1113 et
2492 1058 2704 1129 quando
2723 1057 2901 1114 felices
2916 1067 3188 1113 vocantur.
3212 1055 3316 1112 Sed
3333 1056 3454 1126 quia
3474 1055 3737 1108 circuma-

2157 1151 2294 1204 micti
2321 1161 2439 1204 sunt
2478 1151 2739 1215 iniquitate
2782 1161 2832 1206 et
2883 1151 3138 1221 impietate
3194 1166 3308 1214 sua,
3360 1163 3469 1203 non
3508 1148 3738 1207 vident;

2157 1236 2252 1296 sed
2285 1256 2383 1296 nec
2404 1242 2667 1296 videntur.
2700 1241 2929 1298 Noverat
2974 1242 3096 1298 illos
3120 1241 3349 1312 Spiritus
3403 1240 3494 1310 qui
3531 1239 3602 1294 de
3628 1239 3741 1295 illis

2159 1332 2257 1387 ista
2285 1332 2414 1388 dicit
2439 1350 2453 1398 ;
2480 1342 2624 1388 eteo
2664 1334 2820 1388 oculo
2846 1334 2976 1388 tales
3004 1332 3275 1388 debemus.
3307 1332 3596 1401 inspicere,
3626 1346 3736 1400 quo

2159 1424 2357 1480 scimus
2384 1426 2584 1490 videre,
2615 1427 2659 1482 si
2680 1427 2831 1481 nobis
2877 1425 3146 1482 auferatur
3191 1426 3258 1480 ab
3283 1425 3451 1480 oculis
3489 1434 3743 1495 tegumen

2160 1515 2465 1584 impietatis.
2500 1516 2783 1571 Videamus
2829 1517 2998 1580 istos;
3025 1525 3078 1571 et
3118 1530 3241 1569 cum
3272 1514 3451 1569 felices
3488 1524 3634 1575 sunt,
3662 1513 3743 1566 fn-

2161 1608 2476 1677 giamus;et
2500 1624 2622 1663 eum
2673 1608 2856 1664 felices
2897 1618 3039 1673 sunt,
3086 1624 3192 1662 non
3245 1607 3559 1661 imitemur:
3591 1622 3743 1661 neea

2164 1700 2387 1755 Domino
2409 1701 2516 1755 Deo
2537 1710 2722 1755 nostro
2747 1701 2869 1755 talia
2898 1701 3052 1755 nobis
3079 1715 3174 1768 pro
3195 1714 3391 1768 magno
3408 1708 3662 1768 optemus
3698 1700 3739 1753 ³.

2161 1794 2334 1864 qualia
2364 1794 2606 1863 accipere
2632 1774 2942 1848 meruerunt
2967 1793 3056 1863 qui
3075 1793 3145 1846 illi
3176 1808 3281 1847 non
3300 1792 3558 1845 serviunt.
3584 1790 3746 1844 Aliud

2162 1885 2412 1955 quiddam
2458 1896 2677 1950 servat;
2706 1885 2846 1941 aliud
2886 1883 3300 1940 desiderandum
3347 1880 3623 1951 cst:quid
3676 1883 3749 1934 sit

2163 1986 2362 2042 autem,
2396 1976 2595 2031 audite.

2237 2067 2324 2122 12.
2365 2066 2515 2140 [νινε.
2557 2066 2635 2139 7.]
2682 2067 2861 2122 Primo
2912 2065 2995 2122 isti
3040 2064 3428 2120 describantur.
3485 2062 3695 2137 Prodiet
3724 2066 3747 2095 ³

2163 2160 2307 2228 quasi
2336 2175 2398 2213 ea:
2419 2160 2569 2229 adipe
2592 2158 2829 2226 iniquitas
2857 2174 3049 2213 eorum.
3075 2157 3209 2212 Vide
3236 2159 3281 2212 si
3311 2173 3414 2212 non
3442 2165 3630 2211 taurus
3655 2157 3749 2210 ille

2164 2254 2376 2320 agnitus
2410 2260 2511 2304 est.
2557 2248 2784 2312 A’udite,
2831 2249 3021 2303 fratres
3063 2263 3205 2303 :non
3247 2247 3749 2317 quomodocumque

2166 2342 2546 2398 transeundum
2593 2352 2677 2398 est
2715 2342 2855 2413 quod
2886 2341 3055 2408 dixit,
3086 2340 3295 2395 Prodiet
3330 2342 3477 2411 quasi
3503 2358 3571 2394 ea:
3595 2342 3749 2406 adipe

2165 2435 2402 2505 iniquitas
2442 2450 2634 2488 eorum.
2680 2433 2819 2489 Sunt
2854 2434 2995 2488 enim
3044 2433 3199 2498 mali,
3231 2432 3324 2487 sed
3363 2432 3534 2487 macie
3579 2433 3746 2495 mali;

2154 2526 2287 2581 .ideo
2338 2526 2496 2589 mali,
2527 2526 2649 2595 quia
2696 2524 2893 2587 macri,
2937 2524 2987 2578 id
3027 2534 3109 2580 est
3154 2523 3598 2594 exiles,cxigui,
3625 2525 3751 2579 tabe

2170 2619 2395 2690 quadam
2424 2619 2446 2651 ³
2475 2619 2808 2675 necessitatis
2848 2618 3064 2675 affecti:
3094 2628 3149 2673 et
3187 2618 3286 2689 ipsi
3339 2619 3502 2681 mali,
3551 2628 3609 2673 et
3652 2618 3749 2672 da-

2168 2711 2416 2778 mnandi;
2460 2712 2673 2767 ferenda
2702 2720 2784 2767 est
2811 2713 2952 2767 enim
2990 2712 3158 2783 magis
3192 2713 3369 2767 omnis
3413 2713 3747 2775 necessitas,

2166 2818 2325 2875 quam
2353 2804 2700 2874 perpetranda
2730 2804 2901 2875 aliqua
2947 2805 3217 2875 iniquitas.
3244 2803 3447 2858 Tamen
3475 2803 3615 2857 aliud
3662 2813 3750 2858 est

2169 2898 2236 2954 de
2262 2896 2580 2953 necessitate
2604 2900 2865 2968 peccare;
2896 2896 3039 2951 aliud
3071 2897 3121 2951 in
3162 2895 3504 2951 abundantia.
3534 2894 3753 2961 Pauper

2166 2990 2442 3046 mendicus
2465 2989 2663 3045 furtum
2694 2987 2857 3056 facit;
2884 2986 2948 3043 ei:
2991 2988 3159 3043 macie
3181 2988 3441 3058 processit
3467 2986 3749 3055 iniquitas:

2168 3081 2316 3137 dives
2335 3081 2613 3137 abundans
2636 3079 2794 3137 rebus
2819 3079 3001 3145 tantis,
3022 3094 3186 3149 quare
3203 3078 3387 3147 diripit
3403 3092 3491 3132 res
3519 3078 3752 3133 alienas?

2170 3173 2317 3228 Illius
2363 3173 2613 3242 iniquitas
2635 3187 2698 3227 ex
2751 3173 2955 3230 macie:
2989 3171 3147 3240 hujus
3186 3185 3252 3226 ex
3280 3162 3437 3240 adipe
3461 3170 3747 3239 processit.

2168 3261 2294 3317 ldeo
2321 3274 2503 3318 macro
2530 3276 2650 3317 eum
2679 3262 2814 3317 dicis
2850 3280 2864 3314 :
2892 3260 3067 3328 Quare
3095 3259 3197 3315 hoc
3233 3259 3439 3315 fecisti?
3466 3260 3752 3315 Humiliter

2167 3350 2396 3406 afﬂictus
2436 3360 2492 3407 et
2540 3351 2776 3421 ahjeetus
2824 3350 3109 3420 respondet
3154 3369 3168 3404 :
3214 3349 3519 3406 Necessitas
3574 3350 3752 3418 coegit

2169 3458 2275 3498 me.
2306 3442 2481 3512 Quare
2508 3458 2613 3497 non
2636 3442 2855 3497 timuisti
2878 3443 3073 3498 Deum?
3098 3443 3316 3514 Egestas
3353 3443 3625 3511 compulit.
3653 3442 3753 3498 Dic

2168 3532 2321 3588 diviti
2357 3551 2370 3588 :
2402 3534 2576 3602 Quare
2620 3533 2735 3588 htec
2765 3532 2923 3599 facis,
2958 3541 3013 3587 et
3052 3547 3157 3588 non
3186 3514 3343 3587 times
3372 3532 3572 3587 Deum!
3594 3532 3638 3585 si
3666 3540 3753 3585 ta-

2168 3640 2291 3680 men
2322 3633 2500 3679 tantus
2540 3639 2600 3679 es
2618 3624 2706 3694 qui
2736 3623 2906 3694 possis
2933 3623 3133 3678 dicere.
3172 3622 3305 3677 Vide
3326 3623 3372 3677 si
3394 3622 3476 3677 vel
3503 3622 3751 3692 dignatur

2167 3716 2384 3781 audire;
2412 3717 2535 3771 vide
2579 3716 2624 3769 si
2655 3729 2760 3769 non
2786 3715 2947 3769 etiam
2982 3715 3115 3768 inte
3143 3714 3257 3783 ipso
3282 3714 3360 3784 (a)
3388 3714 3600 3783 prodiet
3644 3716 3750 3768 ini-

2123 3832 2126 3836 λ
2169 3808 2342 3878 quitas
2370 3823 2436 3863 ex
2456 3806 2611 3877 adipe
2631 3806 2764 3876 ejus.
2787 3805 2906 3860 Jam
2936 3804 3077 3860 enim
3103 3805 3524 3874 praeceptoribus
3548 3815 3605 3860 et
3627 3821 3752 3860 cor-

2169 3900 2469 3970 reptoribus
2493 3899 2604 3954 suis
2628 3897 2930 3952 inimicitias
2958 3896 3247 3961 .iudieunt;
3279 3904 3333 3949 et
3377 3896 3512 3949 fiunt
3551 3896 3754 3954 inimici

2169 4006 2351 4046 verum
2374 3989 2673 4045 dicentibus
2691 4028 2709 4055 ,
2733 3978 2847 4057 jam‘
2872 3987 3009 4042 sueti
3051 3986 3377 4057 compalpari
3414 3988 3594 4042 verbis
3614 3986 3754 4041 adu-

2170 4082 2413 4147 lantium,
2439 4096 2569 4135 aure
2593 4080 2734 4135 molli
2759 4119 2775 4143 ,
2805 4079 2969 4135 corde
3011 4093 3117 4132 non
3159 4093 3306 4133 sano.
3337 4078 3466 4146 Quis
3494 4078 3641 4134 dicat
3665 4079 3756 4134 di-

2170 4176 2261 4230 viti
2295 4194 2310 4229 :
2343 4174 2477 4230 Male
2516 4173 2684 4229 fecisti
2732 4187 2922 4242 rapere
2967 4186 3056 4226 res
3099 4170 3341 4226 alienas?
3370 4172 3475 4225 Aut
3511 4171 3651 4226 forte
3706 4173 3753 4226 si

2169 4282 2331 4321 ausus
2358 4264 2515 4320 fuerit
2544 4262 2733 4332 aliquis
2760 4262 2977 4328 dicere,
3003 4272 3059 4316 et
3084 4260 3206 4314 talis
3231 4269 3313 4316 est
3331 4262 3414 4314 cui
3444 4276 3552 4315 non
3580 4262 3754 4330 possit

2170 4358 2261 4414 ille
2304 4357 2591 4421 resistere,
2631 4353 2757 4423 quid
2803 4352 3127 4423 respondet?
3157 4352 3347 4407 Totum
3396 4353 3448 4407 in
3496 4363 3751 4407 content-

2170 4461 2319 4519 ptum
2342 4448 2430 4503 Dei
2458 4446 2708 4516 loquitur.
2739 4444 2937 4511 Quare?
2956 4443 3088 4510 Quia
3117 4444 3376 4512 superbus
3400 4452 3505 4497 est.
3531 4443 3754 4510 Quare?

2168 4545 2299 4611 Quia
2329 4541 2535 4612 pinguis
2557 4549 2659 4595 est.
2687 4539 2888 4604 Quare?
2928 4537 3060 4604 Quia
3099 4535 3324 4591 devotus
3365 4535 3433 4590 ad
3474 4535 3753 4591 vietiumnt

2168 4644 2269 4690 est.
2304 4631 2511 4686 Prodiet
2535 4631 2679 4699 quasi
2708 4646 2769 4684 ea:
2804 4629 2954 4697 adipe
2969 4627 3205 4696 iniquitas
3232 4643 3421 4680 eorum.

2242 4726 2326 4780 l5.
2375 4723 2703 4777 Transierunt
2744 4722 2797 4774 in
2824 4720 3204 4790 dispositionem
3243 4718 3426 4772 cordis.
3475 4718 3553 4773 lbi
3608 4719 3754 4774 intus

2168 4817 2509 4872 transierunt.
2537 4814 2671 4881 Quid
2717 4821 2799 4868 est
2835 4810 3182 4865 transierunt?
3222 4810 3598 4879 Prmtergressi
3625 4822 3751 4866 sunt

2168 4908 2325 4963 viam.
2354 4906 2489 4975 Quid
2533 4914 2614 4960 est
2661 4900 3390 4958 transierunt?Excesserunt
3434 4910 3610 4955 metas
3653 4901 3752 4955 hn-

2169 5002 2311 5054 mani
2335 4998 2583 5069 generis;
2617 4996 2857 5051 homines
2882 5010 2940 5050 se
2978 5008 3132 5063 pares
3159 4993 3368 5071 ueteris
3398 5010 3505 5047 non
3536 5005 3744 5062 putant.

2169 5089 2533 5152 Transierunt,
2562 5086 2800 5154 inquam,
2824 5095 2992 5140 metas
3014 5084 3231 5140 humani
3254 5084 3490 5152 generis.
3521 5085 3747 5149 Quando

2168 5182 2301 5237 dicis
2328 5181 2418 5236 tali
2468 5180 2705 5234 homini:
2734 5178 2922 5232 Frater
2961 5186 3083 5231 tuus
3120 5186 3203 5231 est
3229 5179 3329 5230 iste
3356 5191 3593 5246 pauper;
3627 5195 3746 5230 eos.

2168 5274 2287 5333 dem
2317 5281 2561 5343 parentes
2589 5269 2847 5326 habuistis
2869 5310 2885 5335 ,
2919 5268 3085 5323 Adam
3107 5276 3161 5322 et
3190 5267 3357 5322 Evam
3390 5284 3405 5321 :
3434 5269 3544 5322 noli
3573 5277 3746 5323 atten-

2231 5430 2247 5474 ι
2270 5429 2340 5476 sic
2355 5432 2460 5475 Mss.
2479 5423 2589 5473 Edd.
2607 5435 2743 5482 vero,
2770 5427 3000 5482 petamus.

2231 5492 2251 5520 ²
2278 5488 2408 5544 F.dd.,
2432 5483 2627 5551 prodiit.
2666 5479 2967 5551 At'plerique
3011 5488 3065 5532 et
3085 5482 3301 5544 potiores
3332 5486 3462 5539 uss,
3499 5479 3684 5536 modici
3722 5493 3744 5531 :

2165 5552 2303 5612 juxta
2326 5544 2473 5612 Graec.
2500 5553 2624 5604 LXX,
2651 5544 2957 5612 egreleusetai.

2171 5601 2205 5724 LI
2234 5613 2254 5643 ³
2277 5614 2349 5661 sic
2383 5609 2478 5672 aliq
2496 5615 2564 5658 tot
2596 5601 2759 5670 proba:
2793 5614 2919 5657 nota:
2943 5613 3049 5656 Mss.
3086 5611 3141 5656 At
3172 5603 3305 5665 Edd.,
3329 5601 3591 5666 exiguitate
3622 5615 3743 5666 qna-

2206 5685 2302 5724 am.
2436 5690 2445 5704 ι

2206 5685 2302 5724 (πη.
2436 5690 2445 5704 ³

2234 5756 2307 5819 (a)
2323 5761 2479 5815 Forte,
2515 5751 2563 5807 in
2585 5758 2629 5803 te
2644 5751 2818 5817 ipsum.
