4020 6198
355 332 454 391 921

351 453 482 507 dere
508 458 769 505 tumorem
795 456 972 504 tuum.
1001 444 1108 498 noli
1131 440 1400 497 attendere
1430 441 1646 508 tybhum
1677 442 1728 491 in
1754 451 1909 509 quem

352 546 523 599 elatus
542 554 640 605 es;
671 540 769 595 etsi
798 548 848 592 te
870 538 1176 591 circumstat
1202 534 1418 596 familia,
1450 533 1549 589 etei
1577 542 1916 583 numerosum

346 634 537 691 aurum
558 642 614 689 et
637 636 933 702 argentum,
957 628 1055 683 etsi
1083 627 1274 681 domus
1300 616 1617 678 marmorata
1644 620 1915 682 continet,

332 729 451 785 'etsi
483 734 620 782 tecta
650 724 887 793 laqueata
916 702 1231 789 contegunt,
1258 714 1416 771 simul
1458 726 1510 769 te
1553 722 1607 768 et
1632 725 1915 782 pauperem

351 816 605 887 contegit»
631 825 829 870 tectum
877 811 1057 866 mundi
1101 810 1328 870 etelum;
1374 806 1467 861 sed
1512 805 1757 859 diversus
1799 816 1859 857 es
1885 816 1915 855 a

355 922 584 978 paupere
610 904 769 960 rebus
798 918 901 957 non
930 902 1033 955 tuis
1052 942 1065 962 ,
1092 899 1422 955 extrinsecus
1464 896 1717 965 appositis
1748 914 1761 949 :
1792 903 1842 947 te
1863 894 1914 948 in

351 1001 455 1057 illis
474 998 614 1058 vide,
648 1011 751 1049 non
780 994 898 1049 illas
922 992 973 1046 in
995 999 1069 1045 te.
1102 990 1329 1045 Attende
1355 989 1577 1058 teipsum
1597 1028 1612 1053 ,
1635 986 1724 1057 qui
1754 987 1827 1041 sis
1848 986 1913 1040 ad

350 1107 634 1162 pauperem
658 1107 674 1156 ;
702 1091 951 1159 teipsum,
981 1104 1083 1142 non
1109 1085 1247 1157 quod
1277 1084 1460 1140 habes.
1488 1083 1625 1152 Quid
1653 1083 1792 1136 enim
1821 1081 1916 1134 de-

348 1183 510 1250 spicis
531 1182 769 1236 fratrem?
794 1179 851 1234 In
873 1178 1163 1233 visceribus
1186 1186 1411 1230 matrum
1442 1182 1734 1227 vestrarum
1757 1170 1914 1224 ambo

350 1273 471 1326 mnli
500 1272 692 1327 fuistis.
721 1270 879 1327 Certe
896 1270 1054 1325 etiam
1088 1283 1208 1322 cum
1237 1268 1303 1321 de
1325 1267 1420 1320 ista
1450 1265 1555 1318 vita
1582 1262 1833 1323 cxieritis,
1859 1270 1915 1316 et

348 1364 463 1419 ista:
509 1377 725 1429 carnes,
771 1362 1012 1416 exhalata
1041 1360 1287 1423 ‘anima,
1332 1356 1524 1411 fuerint
1572 1353 1909 1424 putrefacta},

346 1458 725 1526 dignoscantur
761 1469 879 1509 ossa
907 1454 1083 1507 divitis
1108 1462 1162 1507 et
1202 1434 1475 1520 pauperis!
1506 1449 1579 1502 De
1610 1447 1911 1502 conditione

347 1549 536 1617 loquor
571 1547 789 1616 mquali,
823 1546 889 1601 de
924 1546 1035 1614 ipsa
1063 1554 1205 1599 sorte
1229 1543 1441 1613 generis
1482 1540 1695 1594 humani
1726 1540 1778 1593 in
1806 1553 1910 1607 qua

346 1652 530 1690 omnes
579 1645 867 1690 nascuntur
894 1655 907 1690 :
937 1646 989 1688 et
1010 1634 1156 1688 dives
1181 1649 1299 1687 cum
1331 1632 1418 1687 hic
1459 1632 1558 1695 sit,
1586 1641 1639 1686 et
1673 1645 1904 1700 pauper,

351 1744 456 1781 non
491 1742 700 1794 semper
740 1726 825 1780 hic
850 1728 984 1787 erit;
1025 1734 1077 1779 et
1100 1725 1237 1777 sicut
1259 1724 1410 1777 dives
1438 1738 1542 1777 non
1574 1722 1717 1775 venit
1737 1720 1904 1781 dives,

345 1821 421 1873 sic
472 1834 568 1872 nec
591 1818 738 1872 dives
768 1818 1001 1872 abscedit
1032 1834 1045 1871 :
1078 1816 1215 1870 idem
1248 1816 1360 1885 ipse
1398 1823 1481 1870 est
1504 1815 1779 1883 utriusque
1824 1812 1907 1865 in-

346 1909 555 1971 troilus,
585 1916 638 1961 ct
668 1923 762 1976 par
789 1908 979 1961 exitus.
1005 1906 1153 1960 Addo
1179 1905 1318 1975 quod
1351 1905 1486 1958 forte
1532 1903 1800 1957 mutabilis
1825 1901 1906 1955 vi-

341 2015 452 2054 ces.
499 1999 615 2055 Jam
670 2000 859 2069 ubique
906 1999 1246 2068 Evangelium
1311 1994 1907 2066 pr-.edicatur:atlende

275 2120 285 2129 -
340 2090 621 2161 quemdam
655 2106 936 2160 pauperem
968 2091 1262 2143 ulcerosum
1289 2089 1373 2158 qui
1423 2088 1627 2155 jaeebat
1669 2096 1792 2141 ante
1825 2086 1906 2155 ja-

342 2199 501 2236 nuam
532 2183 726 2247 divitis,
769 2191 823 2235 et
862 2180 1105 2250 cupiebat
1132 2181 1356 2235 saturari
1404 2180 1473 2235 de
1499 2180 1649 2233 micis
1677 2196 1792 2249 qua:
1817 2194 1907 2232 ca-

339 2275 536 2329 debant
573 2274 641 2329 de
683 2290 865 2328 mensa
919 2274 1120 2334 divitis;
1151 2274 1364 2329 attende
1408 2283 1461 2327 et
1500 2273 1642 2326 illum
1676 2287 1851 2341 parem
1882 2272 1904 2302 ⁸

342 2378 490 2420 tuum
520 2368 607 2437 qui
639 2367 950 2422 induebatur
974 2383 1203 2437 purpura
1232 2377 1285 2421 et
1304 2368 1496 2438 bysso,
1525 2375 1578 2420 et
1596 2364 1905 2434 epulabatur

338 2459 574 2529 quotidie
588 2459 878 2528 splendide.
896 2459 1125 2529 Contigit
1143 2474 1332 2528 nempe
1351 2458 1484 2513 meri
1505 2457 1712 2525 inopem
1734 2457 1902 2522 illum,

339 2560 394 2603 et
421 2538 615 2606 auferri
644 2550 713 2604 ab
754 2550 971 2620 Angelis
997 2551 1048 2605 in
1096 2550 1267 2604 sinum
1312 2549 1536 2603 Abraha:
1565 2566 1580 2603 :
1612 2548 1699 2603 ille
1725 2556 1902 2601 autem

340 2655 583 2697 mortuus
607 2651 691 2696 est
713 2684 727 2706 ,
756 2653 809 2697 et
840 2643 1079 2712 sepultus
1103 2651 1214 2706 est;
1241 2656 1360 2696 nam
1392 2641 1533 2695 illius
1558 2639 1691 2694 forte
1718 2638 1900 2708 sepul-

342 2742 511 2807 turam
538 2748 697 2787 nemo
720 2730 929 2787 curavit
956 2752 969 2781 :
999 2743 1053 2787 et
1079 2747 1198 2786 cum
1228 2731 1367 2801 apud
1396 2729 1594 2786 inferos
1617 2729 1709 2784 ille
1754 2728 1905 2783 dives

341 2824 392 2876 in
421 2825 694 2877 tormentis
719 2832 876 2887 esset,
902 2837 1078 2877 nonne
1102 2822 1326 2877 elevavit
1352 2819 1536 2876 oculos
1555 2833 1682 2874 suos
1698 2856 1715 2884 ,
1744 2828 1798 2873 et
1821 2818 1903 2872 vi-

338 2915 416 2968 dit
443 2915 493 2968 in
521 2914 727 2968 infinito
762 2912 953 2983 gaudio
990 2928 1108 2966 eum
1134 2926 1293 2981 quem
1330 2910 1648 2978 contempsit
1668 2917 1791 2963 ante
1816 2908 1901 2975 ja-

342 3019 498 3057 nuam
528 3018 676 3059 suam
701 3044 715 3067 ,
741 3014 796 3058 et
822 3003 890 3057 de
936 3001 1100 3072 digito
1127 3002 1240 3069 ejus
1279 3014 1430 3070 aqum
1471 2999 1667 3053 stillam
1694 2997 1902 3054 deside-

341 3096 506 3155 ravit,
535 3080 620 3164 qui
642 3095 708 3148 de
729 3108 906 3147 mensa
936 3093 1050 3161 ejus
1078 3091 1326 3146 cadentes
1360 3090 1524 3145 micas
1562 3088 1900 3143 desiderave-

339 3185 462 3238 rat?
492 3183 737 3244 Fratres,
768 3182 918 3236 labor
941 3181 1029 3236 ille
1060 3180 1304 3249 pauperis
1342 3187 1567 3249 quantus
1592 3176 1729 3231 fuit?
1758 3177 1899 3231 Deli-

338 3275 436 3329 ciae
477 3274 581 3328 illa:
629 3273 806 3327 divitis
847 3287 1006 3342 quam
1044 3270 1215 3340 longa:
1254 3269 1499 3325 fuerunt?
1535 3267 1685 3334 Quod
1722 3276 1897 3323 autem

339 3375 713 3445 inritaverunt,
760 3374 1071 3434 perpetuum
1113 3373 1215 3418 est.
1264 3362 1406 3416 Illius
1452 3375 1579 3430 ergo
1626 3359 1745 3428 quia
1790 3375 1896 3413 non

338 3467 454 3511 erat
473 3456 753 3510 declinatio
780 3455 830 3508 in
866 3465 1063 3518 morte,
1093 3462 1147 3508 et
1169 3453 1553 3508 firmamentum
1578 3461 1692 3506 erat
1720 3449 1772 3503 in
1798 3448 1896 3503 tla-
1932 3508 1941 3513 _

339 3548 478 3615 gello
526 3547 640 3615 ejus
665 3564 680 3611 ;
710 3547 761 3599 in
793 3547 1059 3601 laboribus
1094 3546 1361 3600 hominum
1389 3560 1492 3599 non
1538 3544 1657 3609 fuit,
1682 3554 1736 3599 et
1758 3544 1898 3599 inter

344 3637 581 3689 homines
623 3636 911 3703 ﬂagellatus
949 3651 1052 3689 non
1104 3645 1224 3689 est:
1257 3635 1344 3687 ille
1392 3643 1565 3687 autem
1607 3634 1897 3702 ﬂagellatus

341 3727 447 3790 hic,
476 3728 731 3793 requievit
762 3728 865 3789 ibi;
898 3713 1018 3796 quia
1057 3726 1284 3795 ﬂagellat
1304 3740 1516 3778 omnem
1549 3724 1710 3777 filium
1739 3738 1895 3791 quem

338 3818 524 3887 recipit
565 3817 745 3885 (Hebr.
774 3833 875 3878 xu,
909 3818 985 3884 6).
1018 3816 1120 3871 Sed
1164 3816 1248 3871 cui
1294 3815 1426 3870 dicis
1473 3814 1609 3868 ista?
1648 3813 1896 3880 Epulanti

339 3909 633 3977 splendide,
662 3917 716 3962 et
741 3906 979 3961 induenti
1018 3922 1077 3961 se
1103 3906 1339 3975 quotidie
1384 3921 1609 3974 purpura
1637 3912 1690 3958 et
1715 3904 1889 3972 bysSo.

336 3999 429 4052 Cui
453 3998 624 4053 dicis?
646 3998 745 4067 Qui
774 3997 981 4052 transiit
1005 3998 1055 4050 in
1095 3997 1465 4064 dispositionem
1502 3995 1684 4047 cordis.
1712 3993 1895 4047 Merito

335 4105 456 4141 sero
477 4089 709 4143 dicturus
754 4099 835 4144 est
858 4131 873 4153 ,
907 4087 1050 4142 Mitte
1088 4087 1374 4152 Lazarum;
1399 4088 1532 4141 dicat
1557 4088 1631 4140 vel
1658 4084 1895 4156 fratribus

336 4180 456 4232 meis
486 4179 632 4248 (Luc.
681 4196 800 4242 χιιι,
843 4178 1053 4249 19-51);
1092 4177 1303 4249 quando
1343 4179 1391 4232 ei
1438 4193 1542 4231 non
1587 4177 1894 4231 conceditur

334 4271 537 4325 fructus
566 4273 909 4341 paenitentiae.
932 4271 1047 4326 Non
1072 4270 1210 4326 enim
1237 4270 1560 4340 paenitentia,
1592 4284 1694 4322 non
1717 4268 1888 4332 datur;

334 4362 427 4416 scd
473 4364 791 4431 sempiterna
843 4364 937 4417 erit
984 4364 1286 4432 paenitentia
1329 4371 1383 4417 et
1412 4362 1551 4415 nulla
1584 4362 1726 4415 salus
1774 4370 1894 4429 post

336 4455 717 4520 paenitentiam.
772 4455 913 4524 Ergo
957 4456 1041 4509 isti
1091 4455 1391 4509 transierunt
1426 4456 1480 4508 in
1523 4454 1893 4524 dispositionem

300 4536 309 4551 “
330 4545 516 4597 cordis.
1158 4538 1171 4545 ’

405 4634 490 4688 14.
524 4632 673 4704 [uers.
697 4633 775 4705 8.]
815 4634 1162 4705 flagitaverunt
1188 4644 1233 4689 et
1273 4635 1424 4689 locuti
1462 4646 1577 4688 sunt
1606 4634 1893 4705 malignita-

332 4736 450 4777 tem.
480 4723 582 4778 Sed
613 4725 898 4793 loquuntur
920 4726 1297 4793 malignitatem
1328 4725 1567 4779 homines
1596 4733 1649 4779 et
1679 4740 1797 4779 cum
1828 4725 1893 4777 ti-

330 4829 479 4867 more
503 4855 518 4876 ,
544 4814 626 4867 isti
657 4823 830 4867 autent
877 4816 1179 4883 quomodo?
1201 4814 1519 4885 Iniquitatent
1552 4818 1604 4868 in
1628 4816 1784 4867 altum
1810 4816 1889 4868 lo-

328 4904 432 4955 cuti
485 4914 615 4973 sunt.
662 4905 773 4958 Non
823 4906 991 4959 solum
1038 4906 1194 4960 locuti
1243 4915 1367 4961 sunt
1404 4906 1889 4974 iniquitatem;scd

330 4997 489 5050 etiam
514 4998 676 5062 clare,
708 4996 1043 5051 audientibus
1070 4998 1314 5052 omnibus
1336 5040 1350 5062 ,
1383 4998 1607 5066 Superbe
1635 5016 1647 5050 :
1682 4998 1790 5067 Ego
1815 4997 1891 5051 fa-

328 5086 434 5149 cio,
467 5102 565 5156 ego
598 5087 857 5150 ostendo;
891 5089 1087 5141 senties
1113 5104 1231 5141 cum
1273 5103 1376 5157 quo
1401 5088 1596 5153 habes,
1628 5089 1809 5143 vivere
1839 5098 1890 5143 te

332 5193 437 5230 non
463 5178 631 5231 sinam
650 5179 704 5229 ³.
738 5178 833 5231 Vel
856 5179 1114 5248 cogitares
1143 5194 1224 5241 ea,
1246 5195 1348 5231 non
1374 5180 1530 5232 etiam
1556 5178 1885 5233 ell‘underes:

250 5276 259 5286 ‘
328 5268 411 5321 vel
435 5269 567 5321 intra
598 5268 823 5322 claustra
855 5270 1185 5337 cogitationis
1229 5270 1363 5322 mala
1391 5270 1643 5337 cupiditas
1670 5286 1889 5325 coerce-

326 5370 494 5423 retur,
522 5360 600 5412 vel
634 5361 921 5414 reirenaret
971 5376 1086 5415 eam
1130 5362 1261 5414 intra
1308 5362 1673 5428 cogitationem
1717 5378 1884 5417 suam.

326 5455 541 5521 Quare?
567 5467 631 5505 an
683 5453 814 5506 forte
856 5468 1034 5507 macer
1061 5453 1182 5507 est?
1212 5451 1415 5507 Prodiet
1457 5454 1599 5524 quasi
1644 5471 1706 5508 ea:
1741 5456 1889 5525 adipe

390 5629 404 5658 ¹
441 5629 514 5679 Sic
538 5626 701 5687 plures
718 5632 823 5674 Mss.
854 5627 936 5675 Alii
958 5641 1065 5676 cum
1088 5627 1218 5687 Edd.,
1242 5634 1401 5678 exuta.

389 5690 408 5719 ι
444 5689 624 5743 Aliquot
646 5695 773 5745 Mss,
793 5694 991 5749 patrem.

389 5751 409 5781 ³
442 5752 523 5800 Hic
546 5751 593 5801 iu
619 5750 724 5799 lidd.
752 5751 1070 5814 praemittitur,
1092 5750 1292 5815 superbe
1321 5764 1337 5803 :
1361 5752 1484 5815 quod
1504 5765 1531 5803 a
1554 5760 1655 5803 Mss.
1683 5752 1831 5805 abest.

1403 318 1797 378 ΕΝΑΒΒΑΤῙΟ
1836 322 1899 378 IN
1941 324 2257 386 PSALMUM
2295 330 2506 387 LXX".

3464 344 3585 399 £322

2019 439 2255 508 iniquitas
2316 461 2505 497 eorum.
2560 445 2877 516 Iniquitatem
2926 454 2999 509 in,
3038 451 3194 505 altum
3245 426 3401 506 locuti
3438 467 3576 508 sunt.

2096 532 2175 585 15.
2202 532 2347 603 iners.
2377 533 2455 606 9.]
2475 533 2753 589 Posucrunt
2790 540 2840 591 in
2861 538 3037 592 cretum
3078 558 3131 594 os
3150 558 3313 609 suum,
3336 555 3378 596 et
3404 546 3577 614 lingua

2016 639 2190 676 eorum
2211 626 2402 678 transiit
2422 642 2572 696 super
2595 637 2794 681 terram.
2814 630 2947 697 Quid
2967 640 3045 685 est
3073 631 3193 699 hoc,
3216 636 3411 687 transiit
3428 654 3577 704 super

2023 715 2242 768 (errant?
2264 713 2412 780 Quod
2429 716 2624 771 dictum
2646 727 2745 783 est,
2771 718 3054 775 Posuerunt
3069 723 3118 775 in
3136 722 3313 777 cazlum
3330 741 3385 778 os
3404 742 3570 780 suum.

2022 802 2133 857 Hoc
2159 812 2240 857 est
2264 806 2422 881 enim,
2445 809 2641 861 transiit
2664 826 2813 877 super
2842 820 3042 876 terram,
3067 821 3343 867 transeunt
3369 824 3576 881 terrena

2020 892 2216 946 omnia.
2235 880 2368 959 Quid
2390 905 2489 959 est,
2511 900 2730 952 transire
2752 909 2957 954 terrena
2978 902 3179 956 omnia?
3193 904 3303 958 Non
3318 921 3376 960 se
3387 880 3577 976 COgitat

2019 984 2284 1040 hominem
2298 986 2473 1040 subito
2484 990 2615 1043 mori
2632 1004 2803 1058 posse,
2820 1007 2937 1045 cum
2953 993 3197 1062 loquitur:
3214 997 3358 1062 quasi
3371 1012 3579 1067 semper
3598 1060 3601 1067 ι

2019 1076 2255 1131 victurus
2277 1079 2505 1133 minatur
2528 1098 2540 1133 :
2562 1083 2882 1136 transcendit
2898 1088 3141 1153 cogitatio
3160 1086 3297 1140 illius
3314 1098 3574 1144 terrenam

2018 1167 2366 1238 fragilitatem;
2383 1171 2549 1224 nescit
2562 1172 2697 1240 quali
2712 1189 2835 1247 vaga
2851 1186 3128 1244 coopertus
3145 1188 3244 1242 est,
3260 1182 3577 1251 neseitquod

2015 1260 2269 1327 scriptum
2297 1269 2378 1315 est
2401 1262 2504 1315 alio
2535 1261 2649 1318 loco
2669 1262 2755 1317 de
2781 1264 2968 1319 talibus
2996 1282 3011 1321 :
3036 1264 3182 1319 Exiet
3202 1268 3408 1335 spiritus
3431 1272 3538 1340 ejus
3558 1313 3573 1335 ,

2015 1361 2060 1405 ct
2084 1363 2350 1407 revertetur
2369 1355 2421 1407 in
2457 1362 2643 1409 terram
2667 1373 2843 1421 suam;
2868 1358 2918 1409 in
2947 1358 3037 1410 illa
3058 1358 3138 1411 die
3162 1360 3386 1426 peribunt
3407 1378 3576 1415 omnes

2014 1442 2337 1512 cogitationes
2354 1446 2461 1510 ejus
2487 1443 2657 1515 (Psal.
2689 1462 2845 1509 CXLV,
2877 1446 2951 1511 Α).
2991 1448 3096 1503 Sed
3145 1449 3231 1503 isti
3271 1449 3409 1503 diem
3455 1452 3575 1504 ulti‘

2013 1548 2156 1585 nmm
2182 1548 2333 1586 suum
2372 1549 2477 1587 non
2520 1534 2841 1605 cogitantes,
2872 1538 3156 1609 loquuntur
3189 1542 3485 1609 superbiam
3521 1544 3572 1605 ¹;

2012 1636 2065 1679 et
2092 1626 2141 1678 in
2169 1627 2361 1681 ctelnm
2384 1637 2585 1696 ponunt
2606 1644 2665 1682 os
2695 1645 2845 1683 suum
2865 1672 2880 1695 ,
2904 1642 2958 1685 et
2989 1632 3328 1686 trascen'dunt
3356 1642 3567 1688 terram.

2009 1714 2063 1770 Si
2113 1716 2350 1770 ultimum
2378 1733 2528 1771 suum
2554 1718 2694 1773 diem
2740 1736 2842 1773 non
2887 1722 3181 1790 cogitaret,
3214 1723 3262 1776 id
3286 1734 3365 1777 est
3387 1724 3568 1792 judicii

2011 1806 2088 1859 sui
2131 1807 2371 1861 ultimum
2418 1808 2556 1863 diem
2583 1851 2598 1873 ,
2632 1810 2763 1863 latro
2804 1810 2994 1865 missus
3024 1812 3072 1864 in
3103 1827 3400 1876 carcerem,
3444 1814 3570 1869 nihil

2008 1896 2100 1950 illo
2143 1909 2284 1953 esset
2333 1899 2644 1964 immanius;
2675 1913 2724 1955 et
2768 1914 2937 1955 tamen
2969 1913 3145 1970 posset
3177 1904 3424 1973 effugere.
3456 1906 3571 1970 Quo

2008 1988 2145 2060 fugis
2172 2006 2238 2046 ne
2279 1994 2555 2047 moriaris?
2578 1996 2762 2049 Certus
2796 1997 2895 2050 erit
2933 1997 3019 2050 ille
3046 1997 3179 2051 dies.
3209 1998 3340 2064 Quid
3373 2010 3453 2053 est
3481 2000 3569 2053 diu

2007 2081 2144 2151 quod
2173 2083 2403 2138 victurus
2423 2086 2512 2138 es?
2532 2086 2794 2151 Quantum
2825 2096 2906 2143 est
2930 2088 3019 2141 diu
3049 2089 3185 2158 quod
3210 2090 3365 2145 habet
3387 2091 3566 2156 ῐίιιυηι,

2007 2173 2106 2226 etsi
2134 2173 2222 2227 diu
2244 2176 2424 2230 esset?
2456 2175 2568 2230 lluc
2605 2177 2809 2232 accedit
2848 2178 2966 2247 quia
2992 2194 3096 2232 non
3132 2189 3247 2233 est:
3279 2192 3331 2233 et
3358 2197 3459 2234 non
3489 2192 3570 2236 est

2007 2261 2095 2315 diu
2118 2303 2133 2328 ,
2161 2272 2209 2316 et
2255 2264 2512 2318 incertum
2538 2276 2619 2319 est
2644 2267 2812 2335 ipsum
2851 2266 2990 2336 quod
3023 2268 3216 2323 dicitur
3252 2270 3362 2323 ditt.
3394 2271 3567 2338 Quare

2008 2351 2108 2406 hoc
2135 2368 2237 2407 non
2269 2355 2504 2423 cogitat?
2532 2354 2662 2420 Quia
2696 2358 2867 2424 posuit
2896 2359 2946 2411 in
2980 2360 3176 2413 coelum
3206 2374 3267 2413 os
3291 2374 3443 2415 suum
3468 2402 3482 2426 ,
3515 2373 3568 2416 et

2007 2443 2179 2511 lingua
2205 2444 2317 2513 ejus
2342 2446 2546 2499 transiit
2567 2463 2726 2516 super
2749 2458 2960 2502 terram.

2078 2539 2163 2593 16.
2207 2537 2352 2607 [vers.
2392 2537 2649 2609 10.]!ch
2688 2550 2955 2594 revertetur
3000 2542 3098 2595 huc
3138 2543 3353 2613 papulas
3405 2562 3560 2598 meus.

2005 2629 2119 2684 Jam
2146 2632 2259 2699 ipse
2285 2632 2454 2701 Asaplt
2476 2634 2754 2687 revertitur
2780 2633 2898 2688 huc.
2936 2635 3072 2707 Vidit
3100 2636 3238 2689 enim
3271 2637 3367 2690 ista
3394 2638 3562 2690 abun-

2006 2720 2131 2774 dare
2152 2720 2360 2791 iniquis,
2379 2721 2803 2792 viditsuperbis:
2832 2723 2967 2778 redit
2989 2724 3053 2777 ad
3085 2726 3270 2788 Demn,
3301 2737 3354 2779 et
3386 2727 3566 2794 incipit

2005 2825 2241 2879 qua'rcre
2269 2819 2321 2865 et
2348 2811 2633 2881 disputare.
2661 2814 2764 2869 Sed
2791 2815 3035 2884 quando?
3059 2816 3182 2870 Cum
3202 2818 3306 2871 dies
3330 2819 3462 2887 pleni
3483 2821 3565 2871 in-

2006 2902 2260 2955 venientur
2286 2904 2339 2955 in
2366 2904 2454 2956 eis.
2487 2904 2620 2971 Quid
2652 2914 2733 2960 est
2752 2945 2770 2971 ,
2800 2905 2904 2959 dics
2944 2905 3119 2974 pleni?
3145 2906 3267 2960 Cum
3294 2916 3459 2961 autem
3483 2924 3563 2961 ve-

2005 2994 2076 3045 nit
2097 2991 2350 3061 plenitudo
2393 2996 2625 3063 temporis
2646 3037 2660 3061 ,
2688 2996 2821 3048 misit
2857 2996 2993 3051 Deus
3016 2996 3203 3050 Filium
3234 3014 3389 3051 suum
3420 2998 3559 3068 (Gal.

2003 3099 2072 3148 tv,
2102 3081 2181 3151 4).
2214 3083 2327 3153 Ipsa
2355 3094 2437 3139 est
2472 3086 2740 3155 plenitudo
2770 3087 3017 3156 temporis
3036 3128 3052 3153 ,
3080 3088 3289 3157 quando
3317 3091 3455 3143 venit
3477 3089 3564 3143 ille

2004 3175 2310 3243 temporalia
2351 3175 2542 3231 docere
2587 3179 2890 3241 contemni,
2934 3194 3036 3233 non
3082 3179 3272 3236 habere
3317 3197 3560 3251 magnum

2000 3252 2250 3338 quidquid
2297 3269 2417 3322 mali
2447 3268 2685 3324 homines
2727 3270 2974 3341 cupiunt;
3017 3273 3117 3343 pati
3145 3272 3393 3344 quidquid
3439 3275 3559 3328 mali

2002 3358 2243 3415 homines
2266 3369 2523 3416 metuunt.
2569 3362 2759 3418 Factus
2787 3374 2866 3417 est
2890 3365 2968 3417 via
2989 3405 3005 3428 ,
3035 3367 3299 3419 revocavit
3322 3365 3387 3420 ad
3417 3367 3560 3435 cogi-

2001 3452 2250 3505 tationem
2280 3452 2513 3505 intimam
2537 3492 2553 3516 ,
2589 3453 2855 3507 admonuit
2887 3452 3010 3521 quid
3035 3469 3063 3506 a
3091 3453 3199 3507 Dco
3222 3455 3558 3523 quaerendum

2000 3550 2158 3595 esset.
2191 3541 2251 3593 Et
2289 3541 2408 3594 vide
2434 3542 2500 3594 de
2540 3558 2639 3610 qua
2666 3542 2980 3610 cogitatione
3022 3544 3352 3597 reverberata
3384 3546 3434 3597 in
3461 3560 3518 3598 se
3541 3587 3556 3610 ,

2001 3641 2053 3684 et
2081 3630 2469 3699 quodammodo
2494 3641 2769 3685 revocante
2798 3632 2985 3686 ﬂuctus
3011 3633 3235 3702 impetus
3259 3634 3360 3699 sui,
3387 3646 3558 3688 trans-

2002 3722 2104 3774 itur
2140 3720 2205 3774 ad
2249 3736 2371 3775 vera
2410 3721 2672 3789 eligenda.
2704 3721 2829 3775 Ideo
2878 3734 3141 3778 revertetur
3178 3726 3393 3794 populus
3422 3721 3559 3781 nieus

1999 3814 2095 3867 ltuc
2118 3831 2136 3879 ;
2164 3823 2211 3868 et
2241 3815 2344 3868 dies
2365 3815 2497 3884 pleni
2526 3816 2828 3870 invenientur
2852 3819 2902 3872 iu
2923 3820 3011 3873 eis.

2072 3907 2157 3958 l7.
2208 3905 2355 3977 [vers.
2383 3905 2494 3979 H.]
2534 3907 2603 3961 Et
2633 3908 2864 3962 dixerunt
2898 3928 2910 3964 :
2938 3910 3194 3975 Quomodo
3220 3912 3359 3965 scivit
3387 3913 3520 3966 Deus
3539 3955 3554 3977 ,

1999 4006 2043 4047 et
2087 3997 2129 4048 si
2157 4006 2226 4050 est
2246 3997 2449 4049 scientia
2476 3999 2527 4050 in
2556 3999 2845 4052 Altissinto?
2876 4000 3004 4054 Vide
3046 4017 3138 4069 per
3164 4018 3318 4071 quam
3360 4005 3556 4071 cogita-

2000 4086 2193 4139 tionem
2225 4096 2511 4141 transeunt.
2545 4088 2679 4147 Ecce
2700 4089 2860 4158 iniqui
2907 4090 3081 4144 felices
3108 4102 3247 4155 sunt,
3275 4110 3377 4146 non
3408 4107 3555 4147 curat

2001 4177 2136 4230 Deus
2187 4192 2272 4231 res
2316 4177 2587 4232 humanas.
2627 4179 2756 4234 Vere
2804 4180 2901 4235 scit
2939 4180 3059 4250 quid
3094 4185 3341 4251 agamus?
3374 4183 3554 4238 Videte

1997 4284 2113 4335 qua:
2140 4268 2402 4322 dicuntur.
2433 4269 2697 4338 Rogamus
2720 4310 2735 4333 ,
2765 4268 3113 4339 fratres;jam
3143 4273 3418 4327 Christiani
3449 4292 3550 4328 non

1996 4356 2172 4410 dicant
2201 4375 2212 4410 :
2247 4357 2505 4424 Quomodo
2543 4359 2681 4412 scivit
2710 4357 2872 4426 Deus,
2912 4369 2957 4413 et
2997 4361 3040 4415 si
3064 4371 3135 4415 est
3161 4364 3363 4416 scientia
3388 4364 3439 4417 in
3466 4366 3555 4417 Al-

1996 4449 2202 4501 tissime.

2069 4541 2153 4595 18.
2211 4540 2356 4612 [υρνε.
2389 4539 2499 4614 12.]
2552 4541 2703 4597 Unde
2729 4543 2867 4597 enim
2921 4543 3009 4598 tibi
3042 4544 3248 4603 videtur
3285 4562 3387 4599 non
3419 4547 3553 4602 seire
3634 4608 3641 4620 ί

1998 4631 2182 4690 Deum,
2215 4643 2267 4684 et
2293 4648 2392 4686 non
2436 4648 2553 4687 esse
2583 4632 2851 4687 scientiam
2890 4635 2940 4688 in
2972 4635 3284 4690 Altissimo?
3311 4636 3551 4705 Respon-

1995 4723 2085 4778 det
2114 4742 2126 4777 :
2161 4724 2284 4778 Ecce
2309 4725 2406 4794 ipsi
2442 4736 2755 4794 peccatores,
2787 4735 2831 4778 et
2854 4726 3156 4780 abundantes
3180 4728 3231 4780 in
3257 4727 3437 4781 sa'culo
3462 4726 3575 4780 ob?

1998 4816 2481 4869 tinueruntdivitias.
2514 4816 2580 4870 Et
2621 4825 2919 4884 peceatores
2954 4825 3103 4879 sunt,
3134 4825 3187 4871 et
3229 4818 3551 4872 abundantes

1996 4906 2202 4961 divitias
2240 4908 2290 4961 in
2339 4908 2532 4961 smculo
2573 4904 2927 4962 obtinuerunt.
2973 4909 3250 4985 Confessus
3297 4920 3378 4965 est
3430 4912 3548 4978 quia

1995 4998 2114 5053 ideo
2144 4999 2354 5053 nolebat
2389 5013 2507 5053 esse
2548 5008 2811 5067 peccator,
2836 5006 2892 5052 ut
2917 4999 3130 5055 haberet
3168 5000 3394 5055 divitias.
3423 5000 3549 5055 Car-

1997 5090 2129 5142 nalis
2178 5090 2348 5142 anima
2379 5089 2665 5141 visibilibus
2705 5089 2862 5144 rebus
2886 5102 2938 5144 et
2985 5091 3203 5146 terrenis
3244 5091 3549 5145 vendiderat

1991 5180 2244 5247 justitiam
2289 5195 2457 5233 suam.
2505 5179 2899 5249 Qualisjnstitia
2924 5224 2938 5246 ,
2968 5199 3083 5251 qua:
3119 5194 3332 5252 prepter
3364 5197 3546 5235 aurum

1996 5270 2250 5336 habetur;
2280 5270 2425 5339 quasi
2454 5273 2731 5339 pretiosius
2773 5272 2841 5324 sit
2868 5288 3050 5325 aurum
3081 5289 3233 5342 quam
3264 5273 3369 5340 ipsa
3392 5271 3545 5338 justi-

1999 5364 2087 5426 tia,
2117 5372 2201 5415 aut
2231 5377 2349 5415 cum
2386 5363 2656 5430 quisquam
2686 5374 2838 5432 negat
2890 5379 2974 5416 res
2999 5368 3213 5423 alienas,
3242 5377 3407 5427 majus
3450 5361 3545 5415 da-

1994 5470 2171 5515 mnum
2192 5454 2420 5522 patiatur
2442 5454 2524 5506 cui
2552 5463 2726 5522 negat,
2746 5470 2899 5522 quam
2920 5454 3005 5508 ille
3028 5454 3113 5522 qni
3146 5455 3215 5507 illi
3246 5455 3430 5521 negat!
3457 5451 3548 5507 Ille

1995 5545 2163 5615 perdit
2204 5557 2400 5597 vestem
2425 5585 2439 5607 ,
2472 5545 2570 5598 iste
2619 5545 2791 5598 fidem.
2840 5543 2970 5597 Ecce
3014 5545 3112 5611 ipsi
3160 5554 3469 5612 peccatores,
3501 5556 3549 5599 et

1991 5636 2295 5689 abundantes
2324 5636 2373 5687 in
2413 5635 2595 5689 sa'culo
2635 5635 2945 5689 obtinuerunt
2987 5634 3203 5689 divitias.
3256 5633 3378 5691 Inde
3423 5653 3548 5707 ergo

2054 5752 2066 5781 ί
2092 5744 2221 5811 Mss,
2247 5747 2467 5813 superba.
