4020 6198
475 357 588 421 ωδ
1547 348 1578 390 ‘

470 477 653 536 nescit
679 476 836 536 Deus.
867 481 922 529 et
947 471 1068 528 inde
1093 485 1198 526 non
1226 475 1309 525 est
1336 464 1554 523 scientia
1585 461 1638 518 in
1670 458 1977 517 Altissimo!

553 569 642 626 i9.
695 567 847 641 [uers.
901 563 1017 638 15.]
1043 563 1110 618 Et
1134 563 1243 618 dixi
1272 577 1290 616 :
1325 559 1467 632 Ergo
1492 560 1510 592 '
1542 557 1650 612 sine
1675 569 1828 610 causa
1857 550 2055 623 justi/i-

479 665 590 718 caui
611 678 696 716 cor
713 675 898 715 meum.
927 657 1148 728 Quando
1174 654 1348 712 servio
1369 653 1502 717 Deo,
1522 660 1577 706 et
1599 650 1700 704 ista
1721 661 1824 702 non
1851 644 2052 708 habeo;

473 767 587 807 non
616 751 856 805 serviunt
893 749 1003 811 iiii,
1049 757 1104 802 et
1128 747 1212 800 his
1237 743 1550 799 abundant:
1588 737 1727 810 Ergo
1772 737 1880 791 sine
1903 747 2056 788 causa

479 840 746 911 iustiﬁcam
797 856 884 893 cor
925 854 1090 892 meum
1109 879 1124 902 ,
1151 845 1196 890 et
1242 834 1340 889 lavi
1366 834 1421 888 in
1461 827 1802 886 innocentibus
1825 827 1848 858 '
1877 839 2057 878 manus

479 948 633 985 meas.
664 930 776 986 Hoc
799 930 917 985 sine
942 944 1100 985 causa
1126 927 1242 982 feci.
1273 925 1373 983 Ubi
1416 932 1502 980 est
1529 935 1732 977 merces
1753 919 1907 974 bonae
1935 916 2056 970 vine

479 1024 650 1079 mete?
682 1024 766 1079 ubi
787 1033 870 1078 est
896 1022 1166 1092 prtemium
1185 1017 1451 1074 servitutis
1472 1013 1640 1070 mete?
1668 1013 1810 1067 Bene
1833 1009 1972 1071 vivo,
2003 1015 2058 1061 et

479 1129 644 1185 egeo;
672 1125 728 1171 et
774 1113 986 1184 iniquus
1012 1111 1034 1144 ³
1057 1110 1308 1165 abundat.
1361 1106 1432 1162 Et
1477 1104 1590 1160 lavi
1619 1105 1674 1158 in
1713 1099 2058 1156 innocentibus

481 1222 663 1260 manus
690 1222 846 1261 meas.
1223 1199 1253 1244 '

555 1297 646 1353 20.
675 1295 824 1370 [vers.
857 1292 971 1368 14.]
1001 1293 1065 1348 Et
1089 1292 1162 1365 fui
1189 1291 1474 1362 ﬂagellatus
1505 1296 1608 1342 tota
1632 1285 1730 1340 die.
1761 1283 1804 1339 A
1836 1298 1924 1339 me
1948 1295 2054 1337 non

485 1390 742 1447 recedunt
787 1387 993 1458 ﬂagella
1033 1385 1147 1440 Dei.
1187 1385 1329 1438 Bene
1354 1381 1558 1446 servio;
1586 1388 1639 1436 et
1661 1377 1921 1449 ﬂageiiur,
1951 1392 2056 1430 non

485 1481 670 1547 servit,
719 1487 773 1534 et
816 1486 1054 1533 ornatur.
1097 1474 1334 1545 Magnam
1379 1471 1726 1542 qumstionem
1770 1467 1869 1523 sibi
1909 1465 2054 1521 fecit.

487 1574 726 1644 Agitatur
769 1572 966 1634 anima;
999 1569 1186 1624 transit
1221 1567 1395 1622 anima
1443 1563 1726 1620 transitura
1770 1559 1836 1615 ad
1874 1568 2057 1614 conte-

486 1664 716 1720 mnenda
747 1673 954 1718 terrena
989 1669 1044 1716 et
1070 1656 1489 1729 concupiscenda
1513 1665 1734 1710 interna.
1781 1650 2059 1739 Transitus

485 1767 569 1813 est
610 1757 775 1828 ipsius
814 1755 1004 1809 anima:
1042 1753 1092 1806 in
1130 1751 1229 1806 hac
1254 1749 1612 1821 cogitatione:
1642 1745 1729 1801 ubi
1760 1743 1976 1798 ﬂuctuat
2006 1741 2056 1796 in

485 1849 712 1921 quadam
760 1855 1094 1916 tempestate,
1138 1853 1453 1914 perventura
1490 1848 1572 1895 est
1598 1838 1676 1912 ad
1721 1847 1950 1908 portum.
1995 1833 2060 1888 Et

488 1939 755 2010 quomodo
778 1938 955 1994 solent
980 1936 1128 2008 aegri,
1151 1935 1238 2006 qui
1265 1933 1457 1988 lentius
1479 1939 1736 2002 tegrotant
1759 1943 1879 1983 cum
1917 1925 2060 1981 sani-

487 2039 568 2086 tas
590 2031 744 2099 ionge
769 2036 850 2083 est
866 2069 882 2092 ,
907 2027 1076 2082 vicina
1105 2026 1328 2079 sanitate
1354 2022 1472 2093 plus
1499 2027 1724 2076 mstuant
1751 2035 1765 2071 :
1793 2015 2058 2072 accessio-

487 2136 609 2176 nem
638 2119 890 2174 creticam
910 2116 932 2149 ⁸
959 2115 1146 2171 medici
1173 2124 1382 2177 vocant,
1415 2127 1509 2181 per
1534 2125 1691 2181 quam
1711 2108 1966 2164 transitur
1992 2106 2059 2160 ad

489 2211 803 2275 sanitatem;
832 2208 1001 2277 major
1024 2206 1094 2261 ibi
1120 2215 1308 2270 aestus,
1337 2203 1428 2259 sed
1455 2203 1654 2257 ducens
1691 2199 1757 2254 ad
1797 2199 2056 2263 salutem;

494 2303 662 2373 major
692 2302 762 2357 ibi
793 2301 952 2356 ardor
971 2342 984 2363 ,
1019 2300 1114 2356 sed
1143 2299 1310 2354 vicina
1339 2296 1558 2353 refectio
1590 2312 1604 2350 :
1630 2296 1707 2350 sic
1739 2301 1868 2364 ergo
1896 2302 1948 2347 et
1976 2290 2060 2346 hic

487 2403 695 2449 aestuat.
741 2393 872 2449 Nam
901 2392 1189 2463 periculosa
1218 2390 1374 2446 verba
1397 2397 1540 2452 sunt,
1572 2388 1781 2452 fratres,
1814 2385 2058 2449 molesta,

408 2523 412 2526 -
487 2496 541 2541 et
565 2501 702 2557 pene
729 2484 1055 2554 blaspiiema,
1088 2481 1350 2549 Quomodo
1377 2479 1516 2534 scivit
1552 2475 1729 2531 Deus?
1767 2475 1877 2530 Hoc
1899 2483 1982 2530 est
2007 2482 2063 2528 et

490 2595 614 2648 pene
644 2595 663 2632 :
691 2593 796 2632 non
833 2577 996 2641 dixit,
1033 2573 1266 2630 Nescivit
1303 2573 1472 2637 Deus;
1502 2585 1611 2626 non
1642 2567 1810 2632 dixit,
1839 2565 1954 2621 Non
1979 2573 2063 2621 est

489 2671 708 2726 scientia
740 2669 790 2723 in
820 2668 1088 2723 Aitissimo
1117 2683 1134 2720 τ
1165 2665 1257 2722 sed
1285 2665 1433 2737 quasi
1467 2678 1747 2736 qumrens,
1775 2659 2058 2725 hmsitans,

488 2761 732 2817 dubitans
785 2759 897 2814 [loc
939 2768 1021 2815 est
1063 2758 1200 2829 quod
1237 2758 1312 2812 ait
1353 2757 1512 2828 paulo
1536 2763 1702 2811 ante:
1737 2751 1875 2809 Pcne
1914 2749 2062 2819 e/fusi

487 2861 603 2908 sunt
631 2868 826 2923 gressus
852 2851 968 2904 mei.
993 2849 1255 2915 Quomodo
1283 2849 1423 2904 scivit
1440 2847 1601 2910 Deus,
1627 2846 1740 2900 etsi
1759 2854 1832 2900 est
1856 2845 2064 2899 scientia

488 2947 543 3001 in
569 2943 865 3000 Altissimo?
902 2943 1014 2998 Non
1038 2943 1346 3007 conﬁrmat;
1376 2941 1470 2996 sed
1498 2941 1608 3010 ipsa
1632 2938 1892 2994 dubitatio
1923 2937 2065 3008 peri-

488 3041 668 3096 culosa
695 3049 796 3094 est.
837 3038 940 3092 Per
969 3035 1257 3107 periculum
1283 3033 1473 3088 transit
1495 3031 1558 3088 ad
1581 3031 1885 3086 sanitatem.
1925 3028 2062 3084 Audi

490 3132 595 3203 jam
625 3131 902 3185 sanitatem
932 3145 946 3181 :
973 3127 1107 3196 Ergo
1132 3126 1183 3178 in
1207 3116 1388 3178 uanuin
1407 3123 1675 3190 iustiﬁcaui
1695 3137 1782 3176 cor
1807 3135 1994 3184 meum,
2017 3127 2064 3172 et

493 3222 592 3276 lavi
619 3221 748 3274 inter
773 3219 1058 3272 innocentes
1082 3232 1262 3268 manus
1282 3231 1415 3267 meas
1443 3229 1462 3267 :
1482 3222 1528 3268 et
1549 3213 1626 3282 [ui
1652 3211 1937 3282 ﬂagellatus
1959 3221 2064 3264 tota

492 3314 605 3379 die,
630 3321 677 3368 et
701 3310 898 3380 argutia
926 3325 1035 3362 mea
1062 3306 1114 3360 in
1139 3307 1462 3359 matutinum.
1502 3304 1721 3374 Argutio
1743 3343 1759 3370 ,
1799 3301 2064 3372 correptio

491 3414 574 3462 at
603 3423 619 3460 :
646 3403 734 3474 qui
762 3401 1018 3472 arguitur,
1047 3398 1348 3468 corripitur.
1371 3395 1504 3465 Quid
1532 3403 1632 3460 est,
1657 3394 1709 3449 in
1726 3394 2064 3448 matutinum?

492 3499 607 3556 Non
627 3499 888 3554 differtur.
915 3496 1163 3550 Diii'ertur
1179 3493 1495 3563 impiorum;
1523 3498 1637 3545 mea
1661 3505 1767 3544 non
1788 3487 2060 3543 differtur:

494 3593 580 3649 illa
601 3606 742 3658 sera,
765 3590 848 3646 vei
879 3589 1019 3644 nulla
1043 3597 1158 3653 est;
1189 3601 1305 3642 mea
1331 3586 1385 3638 in
1419 3583 1738 3638 matutinum.
1779 3581 1844 3635 Et
1869 3581 1944 3652 [ui
1967 3582 2067 3652 ﬂa-

494 3684 711 3756 gellatus
734 3691 838 3736 tota
867 3681 966 3743 die,
994 3689 1040 3733 et
1068 3677 1264 3749 argutia
1293 3693 1403 3729 mea
1431 3675 1485 3729 in
1507 3674 1827 3727 matutinum.

565 3773 654 3829 2i.
687 3771 836 3846 [vers.
862 3766 974 3843 15.]
1005 3769 1068 3825 Si
1093 3767 1338 3833 dicebam,
1368 3765 1606 3820 Narrabo
1629 3764 1702 3819 sic
1728 3780 1747 3817 :
1769 3763 1818 3818 id
1839 3771 1940 3829 est,
1971 3763 2066 3818 do-

495 3864 628 3920 cebo
647 3863 744 3919 sic.
772 3861 1050 3932 Quomodo
1069 3859 1321 3915 docturus
1341 3857 1435 3913 es?
1459 3856 1590 3924 Quia
1616 3870 1720 3911 non
1745 3864 1827 3911 est
1846 3854 2066 3910 scientia

479 3956 551 4012 in
579 3956 882 4011 Altissimo?
920 3955 1041 4024 quia
1085 3967 1187 4008 non
1229 3952 1328 4006 scit
1369 3948 1541 4006 Deus?
1581 3949 1726 4004 lianc
1751 3948 2066 4004 sententiam

497 4047 577 4101 vis
608 4045 863 4116 proferre,
894 4045 1015 4115 quia
1043 4045 1158 4099 sine
1191 4058 1347 4099 causa
1386 4041 1528 4111 juste
1569 4041 1755 4096 vivunt
1799 4041 1887 4111 qui
1925 4039 2068 4110 juste

503 4138 707 4201 vivunt,
732 4136 852 4206 quia
888 4133 1118 4206 perdidit
1147 4135 1307 4188 homo
1331 4133 1504 4203 justus
1541 4131 1849 4187 servitutem
1878 4145 2028 4187 suam
2046 4170 2064 4199 ,

498 4230 620 4300 quia
644 4228 810 4298 magis
839 4227 977 4282 Deus
997 4225 1149 4281 malis
1173 4224 1333 4287 favet,
1359 4231 1451 4278 aut
1475 4223 1738 4278 neminem
1762 4222 1945 4278 curat?
1967 4226 2068 4279 hoc

497 4321 578 4376 vis
621 4319 820 4382 dicere,
867 4316 970 4372 hoc
1019 4315 1272 4370 narrare?
1320 4313 1581 4384 Reprimit
1631 4328 1710 4378 se,
1757 4314 2068 4368 auctoritate

498 4417 888 4482 compcscente.
927 4407 1036 4475 Qua
1063 4404 1408 4462 auctoritate?
1444 4404 1570 4459 Vult
1605 4402 1767 4460 homo
1789 4403 2068 4475 aliquando

443 4565 448 4568 _
499 4516 778 4572 erumpere
814 4499 866 4554 in
899 4499 1052 4553 istam
1081 4496 1438 4561 sententiam;
1479 4494 1572 4551 sed
1611 4507 1888 4550 revocatur
1923 4493 2068 4550 Scri-

500 4593 669 4662 pturis
693 4589 992 4646 dicentibus
1019 4597 1074 4643 ut
1101 4601 1311 4657 semper
1335 4587 1470 4642 bene
1501 4586 1705 4640 vivatur
1722 4627 1737 4653 ,
1774 4585 2069 4641 dicentibus

499 4682 622 4750 quia
664 4684 801 4739 Deus
840 4690 989 4738 curat
1031 4695 1117 4736 res
1159 4678 1437 4746 humanas,
1482 4679 1602 4750 quia
1641 4679 1895 4734 discernit
1933 4679 2070 4735 inter

501 4775 644 4844 pium
684 4783 737 4829 ct
770 4774 1010 4845 impium.
1046 4773 1187 4844 Ergo
1211 4781 1266 4828 et
1294 4771 1392 4826 iste
1415 4770 1600 4825 volens
1623 4771 1730 4839 jam
1761 4771 1911 4824 istam
1943 4785 2069 4840 pro-

503 4863 642 4918 ferre
665 4865 998 4931 sententiam,
1023 4870 1234 4918 revocat
1252 4875 1330 4918 se.
1363 4859 1430 4916 Et
1458 4858 1580 4930 quid
1606 4859 1716 4914 ait?
1743 4859 1804 4915 Si
1823 4859 2068 4926 dicebam,

505 4952 741 5009 Narrabo
759 4955 830 5008 sic
856 4970 876 5009 :
904 4971 1012 5011 ecce
1034 4954 1404 5027 generationem
1424 4944 1643 5022 filiorum
1676 4960 1874 5005 tuorum
1897 4967 2071 5021 repro-

505 5045 635 5102 baoi.
681 5043 973 5114 Reprobavi
1019 5046 1414 5118 generationem
1461 5042 1685 5098 ﬁliorum
1734 5052 1940 5097 tuorum
1966 5085 1982 5109 ,
2025 5042 2069 5097 si

508 5138 736 5197 narrabo
754 5136 833 5192 sic
855 5154 868 5190 :
890 5139 1282 5208 generationem
1299 5137 1563 5208 justorum
1583 5133 1901 5206 reprobabo.
1922 5133 2068 5189 Sicut

504 5241 560 5289 ει
585 5226 823 5302 quaedam
853 5224 1047 5282 habent
1072 5227 1392 5298 exemplaria
1433 5243 1448 5281 :
1477 5225 1613 5281 Ecce
1636 5224 1943 5295 generationi
1963 5223 1984 5255 ⁸
2010 5224 2074 5293 ﬁ-

509 5325 692 5379 liorum
714 5329 914 5373 tuorum
939 5317 1022 5370 cui
1045 5319 1314 5372 concinui?
1360 5317 1412 5373 id
1453 5325 1556 5385 est,
1587 5318 1670 5373 cui
1699 5316 1927 5371 filiorum
1959 5325 2072 5371 tuo—

568 5436 585 5467 ι
621 5439 740 5488 Vox,
762 5439 894 5494 ergo,
915 5427 1009 5476 hoc
1027 5425 1134 5476 loco
1146 5426 1291 5476 deest
1315 5427 1364 5474 in
1379 5431 1451 5494 Er.
1468 5435 1520 5494 et
1534 5429 1580 5494 in
1595 5433 1701 5477 Mss.

566 5497 587 5527 ³
619 5495 693 5544 sic
716 5487 926 5552 stssfjuv
931 5497 975 5537 ta
992 5494 1137 5537 Grazc.
1161 5494 1371 5552 unt.“
1391 5487 1520 5544 cdd,
1551 5488 1676 5552 inter
1698 5487 1979 5552 innocentes.
2009 5509 2021 5522 -

567 5557 589 5588 ³
620 5558 692 5604 Sic
715 5561 769 5603 Er
814 5547 867 5605 et
887 5549 1070 5613 aliquot
1091 5557 1195 5598 Mss.
1219 5547 1304 5596 Alii
1326 5561 1433 5613 cum
1451 5554 1578 5606 i.ov.,
1597 5548 1831 5598 inimicus.

569 5617 590 5648 ι
624 5624 673 5664 tn
695 5614 805 5686 md.
851 5609 1087 5664 criticum.
1122 5617 1176 5660 At
1197 5613 1245 5659 in
1268 5609 1490 5658 omnibus
1532 5617 1637 5659 Mss.
1663 5622 1750 5672 per
1787 5622 1813 5658 e
1847 5609 2076 5672 scriptum

506 5687 600 5735 est,
619 5683 862 5728 creticum.
1562 5729 1572 5740 .

569 5741 588 5770 ³
623 5741 693 5788 sic
715 5739 930 5789 melioris
952 5744 1074 5787 notae
1099 5741 1204 5786 uss.
1233 5729 1314 5783 alii
1361 5736 1616 5796 generatio.
1643 5737 1698 5785 At
1719 5727 1852 5792 add,
1881 5742 2078 5794 genera-

506 5804 694 5852 tiattcttt.

1691 346 1752 403 S.
1791 335 2149 402 AUGUSTINI
2189 335 2483 396 EPISCOPI

3597 331 3733 389 ‘92!

2163 469 2280 509 rum
2306 452 2586 510 concinuit
2619 453 2670 508 id
2697 459 2798 520 est,
2825 451 2911 508 cui
2931 450 3170 523 congrui,
3192 449 3278 506 cui
3299 453 3736 510 accommodatus

2159 549 2318 601 sum?
2364 545 2604 601 Dissonui
2647 545 2714 600 ab
2753 545 3020 611 omnibus,
3047 545 3093 602 si
3131 543 3211 599 sic
3249 542 3439 598 doceo.
3487 540 3735 596 Concinit

2159 637 2300 693 enim
2346 641 2435 707 qui
2478 645 2767 703 consonat;
2815 634 2902 707 qui
2948 645 3127 691 autem
3171 650 3278 690 non
3321 642 3600 694 consonat.
3625 648 3733 687 non

2157 729 2409 789 concinit.
2447 729 2599 783 Aliud
2628 729 2870 784 dicturus
2897 743 3014 784 sum
3041 743 3199 799 quam
3238 728 3374 783 dixit
3416 727 3688 782 Abraham
3715 769 3729 783 .

2159 837 2318 892 quam
2361 821 2492 876 dixit
2533 821 2705 888 isaac,
2737 837 2893 892 quam
2923 821 3056 877 dixit
3077 820 3264 886 Iacob,
3294 836 3454 891 quam
3482 820 3736 875 dixerunt

2161 914 2484 985 Propheth
2513 914 2589 969 liii
2616 915 2756 970 enim
2783 929 2973 970 omnes
2996 914 3246 970 dixerunt
3262 916 3384 986 quia
3409 925 3563 970 curat
3596 916 3735 968 Deus

2160 1022 2249 1061 res
2269 1007 2528 1061 humanas
2554 1024 2571 1062 :
2596 1021 2697 1077 ego
2724 1005 2966 1062 dicturus
2990 1022 3105 1061 sum
3132 1007 3254 1078 quia
3281 1021 3386 1061 non
3412 1007 3604 1062 curat?
3627 1007 3737 1061 Ma-

2154 1097 2310 1166 jorne
2332 1097 2381 1150 in
2403 1111 2489 1152 me
2513 1097 2810 1166 prudentia,
2837 1114 2992 1169 quam
3024 1099 3239 1154 iuiilis?
3266 1100 3506 1168 majorne
3533 1098 3740 1154 intelle-

2160 1199 2275 1243 ctus
2305 1188 2355 1242 in
2387 1204 2472 1244 me
2498 1204 2654 1259 quam
2693 1190 2746 1245 in
2781 1191 2924 1246 iiiis?
2946 1190 3306 1247 Saluberrima
3335 1191 3626 1247 auctoritas
3651 1207 3738 1247 re-

2158 1284 2365 1339 vocavit
2389 1286 2761 1356 cogitationem
2795 1287 2862 1341 ab
2893 1286 3183 1356 impietate.

2227 1375 2317 1429 ἓξ.
2355 1375 2503 1448 [oers.
2534 1374 2646 1451 16.]
2686 1377 2751 1432 Et
2781 1377 2906 1448 quid
2948 1369 3217 1449 sequitur?
3247 1378 3580 1441 Sidicebam.
3617 1399 3739 1435 nar-

2159 1467 2283 1521 rabo
2305 1469 2378 1523 sic
2403 1484 2423 1522 :
2444 1485 2556 1523 ecce
2578 1470 2944 1538 generationem
2973 1471 3196 1540 ﬁliorum
3216 1481 3417 1526 tuorum
3444 1475 3731 1542 reprobavi.

2161 1560 2299 1632 Ergo
2326 1577 2391 1616 ne
2418 1563 2745 1631 rcprnbaret,
2769 1563 2892 1634 quid
2917 1563 3084 1620 fecit?
3115 1564 3180 1618 Et
3200 1567 3400 1634 suscepi
3413 1584 3734 1637 cognoscere.

2159 1653 2404 1723 Suscepit
2443 1669 2765 1725 cognoscere
2794 1673 2808 1709 :
2837 1656 2976 1712 Deus
3021 1657 3094 1711 illi
3131 1657 3286 1721 adsit,
3328 1665 3386 1712 ut
3425 1671 3737 1729 cognoscat.

2161 1741 2396 1805 interim.
2426 1743 2647 1804 fratres.
2692 1762 2720 1798 a
2761 1761 2953 1816 magno
2995 1747 3146 1816 lapsu
3188 1758 3486 1812 revocatur,
3516 1751 3733 1819 quando

2161 1838 2267 1891 no'n
2297 1851 2357 1891 se
2393 1837 2500 1906 jam
2538 1839 2790 1894 scientem
2822 1839 3095 1909 prtesumit
3113 1883 3128 1905 ,
3157 1840 3250 1896 sed
3277 1843 3513 1912 suscepit
3539 1858 3742 1908 Cogno-

2162 1943 2312 1984 scere
2339 1930 2478 1999 quod
2506 1930 2797 1986 nesciebat.
2839 1930 2955 1985 iam
2983 1932 3124 1986 enim
3149 1932 3361 1987 volebat
3387 1935 3536 2002 quasi
3564 1937 3741 1989 Sciens

2160 2019 2350 2082 videri,
2380 2029 2434 2074 et
2463 2020 2749 2089 prmdicare
2779 2021 2975 2075 nullam
3000 2037 3120 2077 esse
3146 2023 3258 2077 Deo
3279 2039 3460 2078 curam
3486 2025 3556 2079 de
3577 2026 3740 2080 rebus

2163 2109 2428 2164 humanis.
2476 2111 2630 2165 Facta
2661 2122 2743 2166 est
2768 2113 2908 2168 enim
2952 2113 3049 2167 ista
3081 2106 3380 2183 iniquorum
3413 2117 3738 2185 nequissima

2161 2209 2219 2256 et
2246 2201 2404 2271 impia
2431 2202 2690 2256 doctrina.
2735 2203 2946 2271 Sciatis,
2979 2203 3188 2269 fratres,
3217 2206 3412 2260 multos
3437 2207 3737 2277 disputare,

2163 2303 2216 2347 ει
2234 2293 2411 2349 dicere
2437 2296 2558 2365 quia
2586 2297 2725 2351 Deus
2761 2312 2848 2352 res
2878 2297 3137 2354 immanas
3170 2315 3274 2354 non
3303 2310 3474 2368 curat,
3502 2303 3625 2372 quia
3652 2319 3739 2357 ca-

2162 2386 2309 2441 sihus
2335 2396 2589 2457 reguntur
2625 2389 2799 2443 omnia
2823 2431 2838 2454 ,
2875 2391 2958 2445 vei
2985 2391 3108 2462 quia
3134 2391 3306 2447 stellis
3333 2392 3594 2461 subjectzc
3618 2405 3741 2448 sunt

2168 2479 2466 2533 voluntates
2495 2488 2711 2558 nostrae,
2741 2483 2861 2550 quia
2882 2483 3246 2554 unusquisque
3275 2498 3381 2538 non
3408 2499 3508 2554 pro
3535 2487 3740 2540 meritis

2164 2569 2358 2638 agitur,
2403 2569 2494 2624 sed
2541 2571 2855 2627 necessitate
2894 2573 3162 2628 stellarum
3210 2588 3425 2628 suarum
3454 2592 3470 2628 :
3499 2573 3740 2631 doctrina

2164 2661 2301 2715 mala
2322 2693 2336 2718 .
2367 2659 2608 2716 doctrina
2649 2662 2840 2733 impia!
2891 2663 2944 2717 in
2988 2664 3100 2718 haec
3139 2664 3238 2719 iste
3267 2665 3403 2728 ibat,
3436 2668 3590 2734 mritis
3621 2686 3742 2736 pene

2163 2753 2398 2806 commoti
2430 2761 2544 2806 sunt
2577 2754 2726 2824 pedes
2745 2796 2761 2820 ,
2804 2763 2858 2810 et
2895 2755 3045 2825 cujus
3071 2757 3222 2826 paulo
3245 2762 3414 2813 minus
3449 2759 3598 2826 effusi
3625 2771 3739 2814 sunt

2163 2861 2394 2913 gressus;
2423 2845 2474 2900 in
2506 2848 2643 2900 hunc
2672 2847 2781 2901 ibat
2804 2863 3039 2903 errorem
3064 2866 3080 2903 :
3109 2849 3201 2904 sed
3223 2852 3342 2920 quia
3367 2867 3467 2906 non
3489 2853 3741 2908 concine-

2165 2936 2599 3007 batgenerationi
2630 2937 2858 2994 filiorum
2901 2938 3016 3005 Dei,
3043 2941 3273 3011 suscepit
3297 2957 3652 3012 cognoscere;
3682 2954 3742 2999 ει

2135 3034 2138 3036 ⁷
2164 3027 2432 3082 damnavit
2455 3017 2727 3084 scientiam
2755 3029 2804 3083 iu
2832 3044 2934 3101 qua
2956 3030 3116 3100 justis
3143 3032 3232 3088 Dei
3254 3047 3358 3087 non
3388 3035 3738 3104 congruebat.

2165 3119 2230 3173 Et
2267 3119 2392 3190 quid
2424 3120 2560 3175 dicat
2587 3119 2895 3188 audiamus;
2939 3122 3059 3191 quia
3102 3123 3332 3192 suscepit
3368 3139 3735 3197 cognoscere,

2165 3217 2220 3263 et
2252 3209 2462 3279 adjutus
2501 3221 2600 3276 est,
2632 3219 2684 3267 et
2709 3211 2892 3267 didicit
2927 3213 3223 3284 aiiquid,et
3265 3215 3514 3270 indicavit
3562 3217 3737 3273 nobis.

2167 3290 2235 3357 Et
2259 3304 2482 3373 suscepi,
2513 3305 2698 3375 inquit,
2729 3321 3040 3376 cognoscere.
3084 3305 3198 3361 Hoc
3231 3307 3372 3362 iabor
3399 3319 3472 3363 est
3495 3320 3616 3363 ante
3639 3327 3738 3365 me.

2165 3393 2304 3451 Vere
2345 3411 2565 3466 magnus
2612 3397 2789 3463 labor,
2835 3413 3156 3468 cognoscere
3200 3401 3466 3469 quomodo
3507 3412 3560 3458 et
3597 3403 3741 3460 Deus

2166 3497 2316 3543 curet
2342 3503 2428 3544 res
2456 3489 2730 3558 lmmanas,
2760 3499 2814 3546 et
2842 3490 2977 3547 bene
3003 3492 3072 3546 sit
3095 3493 3265 3558 malis,
3295 3505 3348 3548 ει
3375 3494 3612 3550 labant-nt
3633 3497 3738 3550 bo-

2167 3579 2249 3634 nil
2289 3579 2470 3650 Magna
2497 3581 2578 3636 vis
2605 3583 2947 3652 quaestionis!
2994 3583 3114 3638 ideo
3136 3626 3152 3651 ,
3197 3583 3311 3639 Hoc
3348 3585 3493 3640 labor
3518 3596 3589 3640 est
3622 3599 3744 3644 ante

2167 3687 2264 3725 me.
2291 3672 2448 3740 Quasi
2474 3681 2577 3726 stat
2601 3674 2728 3728 mihi
2757 3674 2806 3728 in
2830 3673 2960 3731 facie
2983 3691 3164 3731 murus
3187 3677 3398 3747 quidam
3423 3695 3435 3730 :
3459 3679 3551 3733 sed
3574 3678 3738 3736 habes

2166 3775 2352 3818 vocem
2377 3764 2581 3834 psalmi,
2615 3764 2679 3819 In
2705 3764 2810 3820 Deo
2836 3782 2945 3821 meo
2973 3768 3312 3840 transgredior
3328 3785 3528 3824 murum
3549 3771 3570 3844 (
3595 3771 3738 3827 Psal.

2169 3869 2294 3920 xvu,
2322 3855 2392 3910 50
2406 3853 2447 3926 ).
2479 3854 2590 3909 Hoc
2618 3855 2760 3910 labor
2775 3865 2846 3912 est
2869 3867 2985 3911 ante
3008 3875 3104 3912 me.

2142 3953 2148 3958 ‘
2185 4010 2191 4016 _
2237 3946 2326 4002 25.
2357 3945 2505 4018 [vers.
2532 3945 2643 4020 i7.]
2687 3948 2877 4003 Verum
2903 3948 3035 4005 dicis
3062 3966 3076 4004 :
3102 3950 3250 4006 labor
3268 3961 3349 4008 est
3377 3963 3501 4009 ante
3533 3963 3620 4019 te;
3648 3955 3742 4009 sed

2168 4047 2290 4093 ante
2339 4039 2502 4094 Deum
2548 4055 2653 4094 non
2697 4051 2779 4096 est
2825 4041 2973 4097 labor
3013 4060 3025 4096 :
3070 4043 3152 4099 fac
3188 4053 3241 4100 te
3282 4055 3404 4102 ante
3445 4046 3615 4102 Deum
3654 4048 3744 4103 ubi

2169 4145 2274 4185 non
2312 4139 2395 4186 est
2435 4131 2616 4196 labor,
2647 4140 2701 4187 et
2734 4147 2833 4187 nec
2862 4132 2952 4188 tibi
2982 4133 3082 4190 erit
3107 4135 3273 4191 labor.
3322 4136 3388 4191 Et
3429 4137 3554 4193 fecit
3602 4138 3746 4205 hoc;

2169 4234 2290 4274 nam
2317 4220 2442 4276 dicit
2468 4221 2718 4292 quamdiu
2772 4223 2920 4278 labor
2947 4234 3071 4280 ante
3103 4240 3164 4281 se
3190 4243 3204 4280 :
3228 4225 3399 4282 Donec
3425 4229 3673 4283 introeant
3693 4233 3748 4285 in

2169 4314 2509 4367 sanctuarium
2536 4313 2650 4378 Dei,
2675 4324 2722 4368 et
2746 4315 3022 4387 intelligam
3043 4319 3095 4371 in
3113 4319 3398 4373 novissima.
3425 4319 3613 4391 Magna
3638 4338 3746 4388 res,

2171 4403 2377 4460 fratres.
2408 4404 2525 4461 Jam
2549 4405 2638 4460 ditt
2668 4407 2871 4472 laboro,
2903 4407 3091 4478 inquit,
3123 4419 3176 4464 et
3199 4420 3321 4466 ante
3350 4409 3537 4466 faciem
3569 4428 3748 4470 meam

2171 4493 2405 4550 laborem
2433 4495 2711 4566 quemdam
2737 4498 2882 4568 quasi
2913 4498 3325 4555 inextricabilem
3352 4501 3508 4556 video
3526 4543 3543 4568 ,
3569 4513 3629 4557 ut
3652 4519 3748 4559 co-

2170 4600 2418 4656 gnoscam
2444 4587 2708 4657 quomodo
2733 4596 2789 4642 et
2806 4587 2978 4658 jusms
3005 4590 3073 4644 sit
3099 4590 3258 4658 Deus,
3283 4600 3338 4646 et
3363 4607 3450 4647 res
3482 4593 3748 4650 humanas

2171 4687 2342 4745 curet,
2384 4687 2439 4733 ει
2478 4694 2584 4734 non
2626 4679 2696 4734 sit
2737 4678 2964 4750 iniquus,
2993 4681 3132 4751 quod
3165 4693 3439 4752 peccantes
3464 4696 3519 4739 et
3542 4688 3746 4741 scelera

2174 4769 2424 4827 facientes
2464 4772 2760 4828 felicitatem
2788 4773 2984 4829 habent
3005 4775 3056 4828 in
3085 4775 3182 4830 hac
3223 4785 3388 4840 terra;
3425 4777 3495 4846 pii
3531 4794 3662 4833 vero
3695 4788 3748 4834 et

2173 4862 2284 4918 Deo
2308 4863 2599 4920 servientes
2622 4865 2674 4919 in
2704 4866 3079 4921 tentationibus
3105 4868 3414 4938 plerumque
3434 4878 3488 4923 et
3513 4869 3566 4924 in
3599 4871 3746 4927 labo-

2173 4955 2320 5010 ribus
2347 4954 2628 5027 fatigantur
2666 4973 2680 5009 :
2713 4971 2900 5026 magna
2924 4957 3206 5012 difficultas
3225 4969 3306 5013 est
3329 4959 3428 5014 hoc
3451 4962 3592 5016 scire
3614 4980 3628 5025 ;
3653 4962 3745 5016 sed

2175 5046 2331 5099 donec
2357 5045 2598 5101 introeam
2623 5047 2675 5101 in
2694 5049 3032 5101 sanctuarium
3057 5048 3170 5102 Dei.
3204 5049 3258 5104 in
3279 5053 3582 5107 sanctuario
3605 5056 3744 5109 enim

2175 5137 2270 5192 Dei
2295 5137 2418 5208 quid
2446 5127 2538 5192 iibi
2567 5147 2868 5207 praesuttur,
2898 5147 2955 5193 ut
2992 5139 3125 5196 hanc
3160 5140 3335 5196 solvas
3358 5147 3749 5212 quaestionem?

2176 5227 2243 5282 Et
2267 5229 2560 5300 intelligant,
2592 5229 2776 5299 inquit,
2805 5230 2858 5283 in
2885 5231 3186 5296 novissima;
3229 5247 3333 5286 non
3359 5232 3411 5287 in
3441 5237 3746 5302 praesemia.

2177 5321 2307 5392 Ego,
2337 5322 2524 5390 inquit,
2564 5321 2630 5376 de
2670 5323 2970 5377 sanctuario
3004 5323 3094 5378 Dei
3126 5322 3344 5379 intendo
3363 5325 3573 5380 oculum
3606 5327 3658 5381 in
3688 5329 3751 5380 ti-

2178 5427 2333 5477 nem;
2365 5411 2642 5482 praesentia
2669 5412 3044 5483 transgredior.
3084 5411 3274 5468 Totum
3302 5413 3402 5469 hoc
3422 5415 3562 5486 quod
3589 5431 3749 5470 voca-

2179 5513 2265 5558 tur
2305 5503 2588 5558 humanum
2628 5518 2830 5573 genus,
2867 5504 3038 5558 omnis
3078 5503 3176 5558 ista
3214 5519 3388 5560 massa
3414 5507 3751 5564 mortalitatis

2181 5605 2396 5650 ventura
2426 5603 2507 5649 est
2531 5594 2594 5649 ad
2625 5610 2868 5663 examen,
2893 5605 3114 5651 ventura
3154 5606 3237 5653 est
3277 5597 3344 5653 ad
3389 5595 3614 5664 libram;
3657 5615 3752 5670 ap.

2183 5685 2476 5757 pendentur
2515 5685 2582 5739 ibi
2615 5701 2772 5755 opera
2815 5687 3109 5742 hominum.
3149 5688 3348 5743 Cuncta
3385 5688 3543 5742 modo
3583 5691 3753 5745 nubes

2186 5778 2432 5842 involvit;
2460 5777 2552 5834 sed
2576 5777 2686 5835 Deo
2711 5780 2918 5850 cognita
2944 5783 3067 5836 sunt
3093 5779 3278 5834 merita
3306 5779 3651 5851 singulorum.
3686 5781 3753 5837 Et
