4020 6198
274 346 403 403 .925

296 454 593 527 intelligam,
625 451 794 520 inquit
811 495 828 522 ,
862 454 913 508 in
943 452 1208 509 novissima
1236 467 1259 507 .'
1287 452 1381 509 sed
1417 467 1521 507 non
1548 466 1576 505 a
1602 466 1721 517 me;
1744 465 1871 504 nam

297 557 421 602 ante
446 562 531 601 me
557 546 705 600 labor
727 555 829 601 cst.
869 544 1021 602 Unde
1048 547 1325 617 intelligam
1358 546 1412 598 in
1451 545 1753 599 novissima?
1788 542 1871 597 ln-

298 650 433 695 trem
461 638 513 693 in
541 637 900 693 sanctuarium
945 637 1057 693 Dei.
1098 636 1171 692 lbi
1200 650 1325 708 ergo
1350 634 1632 701 intellexit,
1659 644 1713 689 et
1736 634 1872 689 unde

299 731 457 786 inndo
484 729 567 785 isti
593 728 800 786 felices.

366 822 458 876 2L.
487 819 639 893 [vers.
669 818 781 893 18.]
817 818 1163 874 Verumtamen
1201 830 1405 890 propter
1425 817 1741 873 dolositatem
1781 833 1873 888 po-

295 915 438 970 suisti
475 915 566 967 eis.
608 912 739 980 Quia
768 911 938 967 dolosi
968 920 1111 977 sunt,
1138 911 1190 965 id
1232 920 1314 966 est
1355 900 1711 975 fraudulenti;
1747 908 1872 978 quia

296 1005 465 1060 dolosi
495 995 637 1069 Sunt,
665 1003 815 1058 dolos
846 1003 1132 1073 patiuntur.
1160 1001 1293 1071 Quid
1319 1011 1399 1056 est
1430 1001 1550 1066 hoc,
1576 1000 1699 1072 quia
1731 999 1873 1054 frau-

296 1098 499 1152 dulcnti
525 1107 669 1162 sunt,
700 1095 936 1150 fraudem
962 1095 1269 1165 patiuntur?
1294 1094 1557 1150 Fraudem
1586 1092 1768 1147 volunt
1792 1091 1871 1146 fa-

295 1203 419 1244 cere
441 1187 622 1258 generi
656 1186 888 1240 humano
925 1186 977 1240 in
1010 1185 1258 1239 omnibus
1283 1184 1529 1255 nequitiis
1552 1183 1693 1247 suis;
1726 1180 1872 1237 frau-

295 1281 419 1337 dem
449 1290 502 1334 et
540 1279 638 1348 ipsi
668 1278 954 1348 patiuntur,
980 1284 1274 1341 ut,terrena
1300 1274 1433 1329 bona
1464 1275 1680 1345 eligant,
1706 1283 1760 1327 et
1783 1289 1872 1328 re-

297 1374 537 1445 linquant
574 1381 794 1427 mterna.
841 1370 1014 1440 Ergo,
1052 1367 1263 1434 fratres,
1290 1368 1344 1423 in
1367 1383 1435 1423 eo
1461 1367 1603 1437 quod
1634 1366 1870 1421 fraudem

297 1467 518 1532 faciunt,
544 1464 780 1520 fraudem
803 1463 1087 1533 patiuntur.
1110 1460 1262 1530 Quod
1278 1460 1590 1530 jamdudum
1616 1459 1745 1526 dixi,
1769 1460 1876 1514 ira—-

298 1568 447 1626 tres;
486 1559 640 1628 quale
664 1572 757 1612 cor
781 1555 958 1621 habet,
989 1555 1078 1625 qui
1108 1564 1164 1609 ut
1191 1554 1425 1609 lucretur
1448 1562 1674 1616 vestem,
1700 1551 1877 1621 perdit

300 1651 502 1705 fidem?
546 1649 636 1704 Ille
662 1648 745 1703 cui
775 1647 895 1701 tulit
923 1655 1122 1701 vestem
1158 1660 1350 1716 passus
1383 1653 1466 1699 est
1505 1643 1775 1707 fraudem,
1804 1658 1872 1698 an

297 1744 400 1799 iste
443 1743 530 1812 qui
570 1750 714 1795 tanto
756 1740 952 1795 damno
997 1737 1325 1809 percutitur?
1365 1735 1424 1792 Si
1469 1735 1754 1806 pretiosior
1790 1742 1876 1790 est

297 1835 462 1897 vestis
486 1848 642 1903 quam
669 1832 820 1895 ﬁdes,
846 1832 1049 1901 majore
1068 1830 1263 1886 damno
1292 1828 1383 1885 ille
1410 1827 1640 1882 afﬁcitur
1665 1844 1680 1882 :
1703 1827 1747 1881 si
1776 1841 1873 1881 att-

297 1937 403 1983 tem
450 1924 932 1996 incomparabiliter
972 1923 1105 2001 fides
1141 1922 1355 1979 excedit
1398 1930 1562 1976 totum
1593 1919 1870 1986 mundum,

296 2020 386 2075 ille
412 2017 677 2074 videbitur
702 2016 952 2071 damnum
978 2014 1141 2069 vestis
1167 2012 1369 2084 perpeti
1390 2030 1405 2075 ;
1426 2011 1559 2066 'huic
1584 2020 1758 2065 autem
1787 2009 1872 2064 di-

293 2112 450 2175 citur,
482 2109 616 2174 Quid
639 2108 838 2179 prodest
865 2106 1076 2172 homini,
1093 2107 1138 2160 si
1164 2115 1321 2159 totum
1345 2104 1587 2158 mundum
1617 2103 1873 2167 lucretur;

292 2205 479 2257 anima:
504 2213 669 2255 autem
692 2216 799 2255 sua:
824 2199 1063 2253 damnum
1092 2199 1313 2268 patiatur
1341 2196 1559 2269 (Matth.
1592 2211 1701 2262 xvt,
1728 2194 1873 2266 26)?

292 2296 439 2368 Ergo
466 2294 589 2365 quid
621 2295 726 2349 illis
766 2292 1025 2363 contigit?
1073 2290 1289 2361 Propter
1319 2290 1633 2344 dolasitatem
1664 2284 1873 2359 posuisti

291 2390 365 2442 eis
394 2404 415 2443 :
439 2387 660 2459 dejecisti
690 2402 773 2441 eos
797 2386 916 2438 dum
940 2383 1315 2439 extollerentur.
1338 2381 1451 2435 Non
1479 2381 1630 2446 dixit,
1665 2379 1871 2449 Dejcci-

294 2480 361 2534 sti
390 2494 501 2542 eos,
531 2478 651 2548 quia
680 2476 801 2531 elati
831 2483 957 2531 sunt
985 2492 998 2528 ε
1031 2489 1135 2528 non
1173 2473 1321 2544 quasi
1370 2482 1709 2541 posteaquam
1745 2469 1871 2524 elati

292 2581 418 2626 sunt
439 2612 456 2635 ,
495 2569 731 2638 dejeeisti
780 2568 931 2631 illos;
964 2566 1057 2622 sed
1090 2566 1141 2621 in
1170 2580 1236 2620 eo
1264 2564 1379 2635 ipso
1404 2562 1544 2634 quod
1573 2562 1694 2617 elati
1725 2570 1869 2626 sunt,

291 2663 480 2731 deiecti
511 2669 656 2716 sunt.
699 2660 786 2716 Sic
811 2660 952 2713 enim
980 2657 1176 2724 efferri,
1209 2656 1319 2727 jam
1344 2655 1537 2711 cadere
1564 2662 1648 2709 est
1674 2672 1686 2707 :
1716 2653 1870 2724 Deje-

290 2756 401 2809 cisti
428 2771 513 2809 eos
541 2754 659 2807 dum
688 2753 1056 2807 extolierentur.

361 2850 454 2906 252'.
486 2848 632 2921 [vers.
662 2846 771 2921 19.]
815 2845 1078 2914 Quomodo
1106 2845 1229 2916 facti
1264 2852 1383 2898 sunt
1422 2844 1474 2898 in
1516 2842 1874 2897 desolationem

291 2941 493 2997 subito!
520 2940 827 2995 Admiratur
853 2955 1015 3009 super
1036 2939 1135 3002 eis,
1161 2938 1457 3008 intelligens
1486 2938 1537 2991 iu
1563 2935 1869 2991 novissima.

294 3033 596 3102 ,l)e{ecerunt
624 3049 643 3087 :
663 3048 790 3089 vere
813 3032 1082 3102 quomodo
1110 3030 1303 3094 fumus,
1325 3031 1411 3100 qui
1433 3030 1557 3085 dum
1579 3028 1870 3095 extollitur,

293 3125 503 3189 deﬁcit,
541 3123 866 3177 defecerunt.
900 3121 1177 3190 Quomodo
1200 3121 1348 3182 dicit,
1381 3117 1874 3189 defecerunt?Qim—

296 3215 454 3269 modo
472 3214 558 3286 qui
577 3213 819 3284 intelligit
840 3213 890 3267 in
918 3212 1222 3266 novissima.
1248 3209 1549 3283 Defecerunt
1577 3224 1598 3264 :
1624 3209 1874 3279 perierunt

295 3315 502 3377 propter
529 3306 837 3372 iniquitatem
857 3318 1020 3357 suam.

355 3396 453 3453 26.
504 3394 651 3469 [vers.
690 3392 806 3467 20.]
856 3393 1025 3448 Veluti
1066 3392 1315 3447 somnium
1357 3391 1684 3463 exsurgentis.
1726 3387 1874 3457 Quo-

292 3488 452 3543 modo
492 3486 840 3542 delecerunt?
882 3483 1160 3554 Quomodo
1185 3483 1362 3539 deﬁcit
1386 3483 1651 3539 somnium
1686 3495 1875 3537 exsur-

292 3584 483 3651 gentis.
532 3581 638 3636 Fac
682 3581 948 3634 hominem
992 3579 1044 3633 in
1089 3579 1289 3632 somnis
1318 3576 1497 3632 videre
1523 3592 1583 3631 se
1612 3574 1877 3630 invenisse

294 3678 572 3737 thesauros
608 3689 623 3726 :
656 3671 803 3725 dives
845 3678 927 3725 est
949 3711 964 3733 ,
996 3668 1090 3724 sed
1133 3668 1303 3722 donec
1330 3667 1562 3736 cvigilct.
1604 3664 1767 3717 Veluti
1787 3680 1876 3718 so-

198 3812 206 3816 .
294 3761 819 3832 nmiumexsurgentis
843 3776 861 3813 :
878 3762 955 3815 sic
974 3757 1304 3820 defecerunt,
1322 3755 1590 3827 quomodo
1610 3755 1874 3809 somnium

293 3840 611 3925 cvigilantis‘.
653 3851 919 3920 Qua‘ritur
943 3850 1121 3917 igitur,
1150 3858 1204 3904 et
1232 3864 1337 3901 non
1368 3857 1450 3903 est
1482 3845 1648 3900 :nihil
1678 3846 1728 3898 in
1759 3858 1876 3898 ma-

296 3949 472 4012 nibus,
498 3945 626 3999 nihil
657 3944 707 3997 in
738 3942 896 3997 lecto.
945 3941 1154 4009 Pauper
1192 3938 1505 4001 dormierat,
1532 3936 1680 3991 dives
1710 3936 1761 3989 in
1790 3948 1901 3989 50-.

295 4039 437 4093 mnis
468 4038 633 4091 l'actus
669 4036 863 4098 fuerat;
910 4032 955 4087 si
995 4046 1099 4087 non
1137 4030 1433 4100 evigilasset
1455 4069 1469 4094 ,
1499 4028 1648 4083 dives
1684 4037 1828 4081 esset
1860 4043 1873 4079 :

295 4128 603 4199 evigilavit,
646 4124 848 4179 invenit
889 4136 1180 4177 aerumnam
1231 4135 1387 4191 quam
1436 4118 1708 4174 dimiserat
1752 4116 1879 4172 dor-

294 4220 487 4276 uiiens.
516 4218 581 4272 Et
607 4217 691 4273 isti
712 4217 727 4248 ι
761 4214 1030 4270 invenient
1050 4212 1317 4268 miseriam
1347 4226 1503 4281 quam
1535 4209 1632 4264 sibi
1663 4223 1880 4277 compa-

295 4317 577 4365 raverant:
606 4323 726 4362 cum
754 4304 1114 4377 evigilaverint
1140 4303 1208 4359 de
1238 4303 1335 4357 hac
1362 4302 1467 4357 vita
1489 4343 1503 4367 ,
1534 4300 1724 4356 transit
1748 4299 1879 4355 illud

250 4398 253 4399 ⁷
297 4401 434 4471 quod
463 4402 609 4471 quasi
638 4401 687 4454 in
721 4414 911 4454 somno
938 4395 1228 4460 tenebatur,
1259 4394 1410 4448 veluti
1432 4393 1679 4449 somnium
1702 4408 1879 4445 exsur-

294 4494 473 4565 gentis.
505 4493 570 4546 Et
595 4505 660 4546 ne
687 4490 953 4545 diceretur
977 4506 990 4542 :
1015 4487 1147 4556 Quid
1178 4488 1339 4556 ergo“!
1367 4500 1527 4555 parva
1555 4484 1647 4539 tibi
1674 4483 1881 4539 videtur

295 4584 510 4638 claritas
533 4598 741 4648 eorum,
768 4596 923 4649 parva
954 4581 1042 4635 tibi
1064 4579 1268 4632 videtur
1289 4591 1476 4646 pompa
1499 4591 1706 4640 eorum,
1732 4576 1877 4645 parvi

295 4677 390 4730 tibi
422 4675 667 4730 videntur
697 4672 867 4736 tituli,
899 4671 1175 4741 imagines,
1217 4678 1403 4722 statua:
1423 4709 1437 4733 ,
1470 4667 1679 4732 Iaudes,
1723 4666 1877 4722 cunei

297 4765 607 4821 clientium?
635 4763 868 4826 Domine,
896 4762 988 4826 ait,
1018 4763 1069 4813 in
1094 4760 1289 4813 civitate
1311 4769 1395 4812 tua
1422 4758 1690 4828 imaginem
1710 4760 1729 4790 ⁸
1758 4759 1878 4814 illo-

295 4874 411 4912 rum
430 4857 497 4909 ad
522 4857 731 4909 nihilum
756 4852 972 4923 redigcs.
1003 4851 1202 4921 Itaque,
1237 4849 1425 4904 fratres
1456 4849 1579 4914 mei,
1609 4848 1772 4905 libere
1799 4851 1878 4906 lo-

294 4963 465 5018 quens
506 4946 571 5001 de
601 4947 700 4999 hoc
726 4947 841 5000 1000
862 4986 875 5010 ,
901 4943 985 4998 vel
1011 4943 1149 4997 unde
1175 4942 1297 4997 licet
1317 4942 1373 5003 ³;
1402 4941 1526 5011 quia
1550 4941 1760 5009 quando
1789 4959 1884 4997 vo-

296 5038 381 5093 bis
410 5036 715 5100 miscemur,
744 5050 907 5104 magis
933 5048 1026 5088 vos
1054 5033 1270 5087 ferimus
1297 5047 1454 5102 quam
1483 5032 1735 5088 docemus
1769 5051 1783 5088 :
1828 5035 1878 5088 in

295 5129 514 5185 nomine
553 5127 746 5182 Christi
791 5136 844 5179 et
889 5126 943 5179 in
987 5124 1178 5179 timore
1217 5123 1331 5192 ejus
1370 5122 1778 5189 exhortor-vos,
1824 5133 1883 5180 ut

296 5224 617 5293 quicumque
642 5220 737 5274 ista
766 5234 867 5273 non
901 5217 1124 5280 habetis,
1147 5230 1249 5269 non
1280 5214 1534 5284 cupiatis;
1563 5217 1881 5286 quicumque

298 5311 526 5374 habetis,
558 5326 662 5364 non
691 5311 740 5364 in
763 5309 841 5363 eis
872 5306 1224 5377 praesumatis.
1256 5305 1393 5361 Ecce
1416 5305 1523 5359 dixi
1551 5308 1700 5361 vobis
1732 5325 1745 5361 :
1776 5323 1879 5363 non

301 5405 440 5467 dico,
471 5402 799 5457 Damnamini
821 5442 836 5465 ,
867 5400 987 5469 quia
1034 5398 1273 5461 habetis;
1315 5395 1431 5459 sed,
1461 5396 1806 5464 damnamini,
1836 5401 1881 5456 si

299 5496 367 5553 ole
394 5495 583 5551 talibus
613 5493 965 5564 prtesumatis,
995 5490 1040 5545 si
1065 5489 1133 5544 de
1161 5488 1354 5543 talibus
1383 5488 1661 5557 inllemini,
1685 5491 1729 5544 si
1761 5505 1882 5560 pro-

364 5629 376 5659 ί
416 5626 549 5677 Μὰ..
576 5637 667 5675 non
692 5621 941 5675 invenient.
970 5623 1134 5681 Abest,
1155 5633 1268 5679 non,
1291 5632 1317 5669 a
1338 5626 1443 5669 Mss.

362 5692 382 5722 ⁸
416 5697 487 5737 tir.
517 5698 568 5739 et
593 5687 812 5751 plerique
834 5685 1059 5751 Mss_.__hoe
1082 5679 1267 5751 tantum
1292 5679 1683 5751 luem-imagines.

365 5754 385 5783 ³
417 5755 487 5800 sic
508 5743 678 5803 begins
694 5743 867 5799 codex.
888 5745 971 5796 Λιὶὶ
995 5756 1123 5805 uss,
1142 5746 1213 5797 rel
1231 5746 1354 5795 unde
1370 5743 1498 5794 libet.
1516 5743 1626 5793 Edd.
1644 5746 1886 5808 vcro,t?el-

306 5812 377 5864 uti
404 5812 677 5865 undelibet.

1356 335 1748 395 ENARRA-TIO
1783 333 1851 390 ΙΝ
1888 332 2209 422 PSALMUM
2248 338 2477 396 LXXIII

3420 343 3556 400 .925

1979 460 2099 521 pter
2145 452 2265 508 talia
2310 453 2484 524 magni
2527 453 2679 511 vobis
2719 454 3038 523 videamini,
3079 456 3125 513 si
3156 466 3385 533 propter
3434 460 3553 513 talia

1977 557 2239 613 pauperes
2266 560 2370 598 non
2391 546 2689 616 agnoscatis
2707 589 2722 614 ,
2751 547 2795 602 si
2814 548 3024 618 generis
3046 546 3258 604 humani
3288 550 3553 605 conditio-

1970 648 2099 687 nem
2125 648 2459 691 communem
2489 645 2704 707 propter
2724 637 3077 695 excellentem
3101 638 3381 693 vanitatem
3414 639 3548 693 obli.

1976 724 2269 781 viscamini.
2298 726 2447 783 Tunc
2483 729 2623 784 enim
2663 729 2804 787 Deus
2842 744 3062 784 necesse
3088 738 3170 795 est
3204 730 3459 785 retribuat
3499 731 3550 785 in

1976 818 2283 882 novissima,
2305 820 2430 875 etin
2456 820 2669 877 civitate
2689 835 2783 876 sua
2809 821 3091 891 imaginem
3122 820 3301 876 talium
3327 821 3391 876 ad
3417 821 3549 876 nihi-

1976 906 2086 962 ium
2115 908 2337 979 redigat.
2380 911 2480 976 Qui
2522 920 2699 967 autem
2725 912 2874 968 dives
2902 922 3016 979 est,
3046 912 3146 968 hoc
3171 914 3337 971 modo,
3356 915 3425 967 sit
3448 930 3551 983 quo

1974 1001 2227 1069 praecepit
2257 1003 2543 1086 Apostolus
2576 1021 2589 1058 :
2625 1021 2645 1055 ε
2673 1003 2944 1075 Ρῑωοίρθ,
2971 1023 2990 1057 i
3022 1004 3222 1075 inquit,
3255 1023 3275 1057 ι
3303 1005 3555 1060 divitibus

1976 1089 2132 1162 hujus
2162 1094 2339 1149 mundi
2368 1110 2473 1149 non
2500 1095 2729 1167 superbe
2766 1111 2994 1167 sapere;
3032 1113 3203 1169 neque
3249 1112 3465 1169 sperare
3501 1098 3553 1152 in

1974 1183 2178 1240 incerto
2218 1186 2516 1244 divitiarum
2546 1205 2782 1253 suarum,
2809 1190 2902 1245 sed
2925 1191 2978 1245 in
3008 1190 3118 1246 Deo
3138 1191 3276 1258 vivo,
3301 1192 3391 1261 qui
3418 1206 3555 1261 pne-

1975 1275 2252 1331 stat'nobis
2280 1278 2456 1332 omnia
2482 1279 2815 1335 abundanter
2832 1280 2898 1334 ad
2928 1280 3227 1336 fruendum.
3254 1300 3274 1333 ι
3322 1281 3554 1335 Abstulit

1975 1367 2276 1436 superbiam
2316 1368 2574 1437 divitum;
2614 1370 2704 1426 dat
2733 1371 3031 1427 consilium.
3078 1373 3236 1438 Quasi
3267 1370 3502 1427 dicerent
3536 1388 3550 1425 :

1977 1457 2174 1514 Divites
2196 1474 2412 1527 sumus;
2454 1446 2728 1532 superbire
2754 1478 2851 1519 nos
2884 1462 3153 1533 prohibes,
3172 1464 3378 1530 jactare
3406 1478 3551 1532 pom-

1978 1562 2074 1617 pas
2096 1547 2397 1605 divitiarnm
2426 1563 2723 1607 nostrarum
2752 1562 2934 1619 vetas;
2961 1552 3085 1623 quid
3111 1568 3237 1623 ergo
3263 1552 3446 1608 facturi
3473 1569 3555 1606 su-

1977 1656 2095 1696 mus
2136 1641 2204 1696 de
2241 1642 2353 1696 istis
2392 1642 2622 1703 divitiis?
2664 1644 2842 1716 Usque
2869 1645 3005 1701 adeo
3032 1660 3135 1699 non
3162 1654 3244 1699 est
3267 1645 3407 1715 quod
3434 1644 3555 1699 inde

1978 1732 2208 1787 faciant?
2240 1732 2428 1788 Divites
2454 1736 2575 1802 sint,
2605 1737 2791 1806 inquit,
2820 1737 2871 1789 in
2912 1736 3141 1807 operibus
3182 1736 3356 1798 bonis;
3403 1736 3554 1805 facile

1978 1827 2216 1892 tribuant,
2243 1831 2630 1893 communicent.
2658 1832 2723 1886 Et
2750 1831 2874 1901 quid
2904 1832 3118 1901 prodest
3144 1830 3283 1886 hoc?
3320 1831 3553 1885 Thesau-

1975 1923 2133 1975 rizent
2155 1922 2251 1978 sibi
2274 1924 2656 1994 fundamentum
2691 1926 2873 1979 bonum
2904 1926 2955 1978 in
2992 1925 3219 1994 futurum
3241 1968 3255 1986 ,
3287 1935 3343 1979 ut
3372 1941 3552 1995 appre-

1977 2016 2195 2069 hendant
2217 2033 2382 2071 veram
2403 2018 2552 2072 vitam
2580 2018 2623 2086 (1
2643 2017 2776 2074 Tim.
2804 2036 2875 2083 vi,
2895 2020 2983 2085 l7,
3003 2019 3221 2092 18,19).
3242 2019 3340 2077 Ubi
3359 2020 3553 2075 debent

1974 2107 2073 2162 sibi
2118 2107 2514 2163 thesaurizare?
2557 2110 2673 2175 Quo
2710 2109 2854 2164 misit
2880 2110 2978 2164 iste
3007 2111 3238 2172 oculum,
3270 2111 3470 2166 intrans
3498 2113 3549 2164 in

1974 2198 2333 2252 sanctuarium
2376 2198 2486 2254 Dei.
2520 2199 2914 2254 Exhorrescant
2942 2215 3125 2255 omnes
3166 2200 3355 2255 fratres
3386 2200 3552 2255 nostri

1973 2287 2180 2353 divites,
2212 2288 2540 2345 abundantes
2580 2293 2820 2359 pecunia,
2856 2306 3007 2357 auro,
3046 2302 3287 2362 argento,
3329 2292 3549 2359 familia,

1975 2377 2299 2444 honoribus;
2329 2381 2707 2436 exhorrescant
2725 2383 2863 2451 quod
2890 2383 3049 2438 modo
3068 2384 3267 2438 dictum
3295 2393 3376 2440 est
3401 2402 3413 2437 :
3445 2384 3554 2437 Do-

1974 2470 2127 2537 mine,
2156 2470 2208 2524 in
2234 2471 2431 2525 civitate
2455 2480 2542 2525 tua
2580 2473 2845 2543 imaginem
2870 2474 3074 2528 illorum
3102 2475 3170 2530 ad
3193 2476 3405 2529 nihilum
3430 2478 3552 2531 red-

1973 2563 2097 2635 igas.
2120 2563 2308 2619 Nonne
2345 2564 2488 2634 digni
2519 2574 2642 2620 sunt
2685 2567 2799 2622 tunc
2836 2566 2981 2638 pati,
3010 2575 3069 2622 ut
3098 2566 3239 2639 Deus
3260 2570 3318 2622 in
3340 2569 3553 2625 civitate

1973 2669 2066 2709 sua
2114 2654 2396 2724 imaginem
2438 2656 2645 2711 illorum
2689 2657 2755 2713 ad
2801 2639 3022 2713 nihilum
3064 2658 3300 2730 redigat;
3340 2659 3461 2731 quia
3496 2672 3553 2717 et

1974 2744 2071 2815 ipsi
2097 2745 2150 2801 in
2179 2747 2389 2801 civitate
2414 2762 2505 2802 sua
2545 2756 2753 2804 terrena
2798 2748 3078 2820 imaginem
3117 2750 3209 2808 Dei
3237 2752 3301 2807 ad
3330 2754 3550 2809 nihilum

1974 2836 2329 2909 redegerunt?
2357 2836 2422 2893 In
2439 2839 2636 2893 civitate
2658 2850 2744 2894 tua
2760 2836 3030 2912 imaginem
3055 2858 3225 2899 eorum
3246 2844 3316 2898 ad
3340 2845 3553 2899 nihilum

1974 2927 2189 3000 rediges.

2044 3021 2135 3076 27.
2152 3019 2312 3094 Iners.
2338 3019 2455 3095 21.]
2481 3022 2614 3091 Quia
2655 3022 2953 3080 delectatum
2995 3035 3068 3081 est
3096 3042 3183 3081 cor
3203 3044 3385 3082 meum.
3419 3028 3556 3083 Dicit

1976 3112 2166 3182 quibus
2191 3113 2348 3168 rebus
2386 3122 2662 3169 tentatur:
2696 3114 2828 3183 Quia
2864 3117 3162 3171 delectatum
3185 3127 3293 3184 est,
3345 3120 3552 3187 inquit,

1975 3222 2063 3260 cor
2093 3214 2355 3271 meum;et
2376 3222 2521 3261 renes
2540 3209 2637 3261 mei
2661 3209 2839 3261 mutati
2862 3219 2997 3263 sunt.
3028 3210 3250 3276 Quando
3281 3227 3366 3267 me
3405 3212 3554 3269 dele—

1975 3305 2252 3353 ctaverunt
2281 3299 2590 3368 temporalia
2618 3298 2738 3365 ista,
2769 3301 2956 3355 mutati
2986 3312 3111 3356 sunt
3132 3318 3286 3358 rencs
3308 3304 3430 3359 mei.
3454 3305 3557 3358 Po-

1977 3380 2155 3444 test‘et
2182 3388 2259 3443 sic
2281 3389 2500 3460 intelligi
2525 3407 2539 3444 :
2574 3389 2705 3458 Quia
2733 3391 3031 3446 delectatum
3060 3403 3133 3447 est
3153 3410 3240 3447 cor
3273 3411 3469 3459 meum,
3501 3396 3554 3451 in

1976 3480 2180 3546 Deum;
2209 3490 2256 3534 et
2274 3497 2418 3534 renes
2436 3482 2532 3535 mei
2561 3483 2741 3535 mutati
2764 3493 2901 3550 sunt,
2926 3484 2977 3537 id
3000 3493 3083 3539 est
3102 3525 3117 3549 ,
3149 3485 3397 3541 libidines
3422 3503 3555 3543 mea:

1979 3580 2194 3627 mutata:
2238 3583 2362 3627 sunt
2385 3612 2401 3638 ,
2433 3582 2487 3628 et
2515 3583 2692 3629 castus
2731 3582 2872 3629 totus
2900 3573 3072 3631 factus
3097 3590 3236 3631 sum.
3271 3578 3438 3633 Renes
3461 3580 3558 3635 mei
3634 3616 3637 3617 ν

1979 3662 2157 3716 mutati
2175 3672 2309 3715 sunt.
2335 3662 2404 3717 Et
2422 3662 2541 3718 audi
2564 3663 2849 3733 quomodo.

2049 3753 2139 3808 28.
2169 3751 2319 3826 [vers.
2342 3752 2460 3828 22.]
2492 3752 2558 3807 Et
2578 3771 2670 3825 ego
2695 3755 2763 3808 ad
2806 3756 3021 3810 nihilum
3061 3757 3297 3811 redactus
3337 3774 3481 3826 sum,
3511 3768 3558 3815 et
3616 3828 3617 3831 η

1980 3861 2081 3898 non
2097 3845 2322 3915 cognovi.
2355 3844 2467 3915 Ego
2492 3845 2580 3901 ille
2599 3887 2612 3909 ,
2642 3846 2730 3915 qui
2762 3847 2920 3902 modo
2946 3848 3041 3902 ista
3062 3848 3182 3903 dico
3202 3848 3269 3902 de
3286 3849 3557 3915 divitibus,

1978 3935 2262 4006 aliquando
2288 3936 2410 3990 talia
2432 3936 2728 3994 desideravi
2753 3956 2767 3993 :
2788 3938 2908 3993 ideo
2933 3948 2981 3991 et
2996 3955 3085 4009 ego
3110 3940 3179 3992 ad
3202 3939 3416 4021 nihilum
3436 3940 3527 3994 red
3536 3972 3557 3982 -

1979 4038 2121 4084 actus
2163 4047 2310 4095 sum,
2342 4031 2554 4102 quando
2594 4048 2720 4102 pene
2771 4029 2923 4097 elfusi
2954 4042 3069 4085 sunt
3109 4048 3308 4103 gressus
3333 4033 3447 4087 mei.
3493 4032 3559 4086 Et

1981 4138 2071 4193 ego
2100 4121 2167 4175 ad
2215 4123 2427 4176 nihilum
2465 4122 2699 4177 redactus
2738 4139 2883 4188 sum,
2931 4132 2977 4177 et
3023 4140 3125 4178 non
3167 4124 3377 4194 cognovi
3397 4140 3416 4177 :
3451 4141 3558 4179 non

1980 4223 2221 4286 estergo
2246 4214 2634 4284 desperandum
2656 4222 2709 4270 et
2736 4214 2805 4270 de
2832 4214 2967 4281 illis,
3001 4215 3053 4269 in
3090 4230 3223 4287 quos
3256 4215 3375 4270 talia
3411 4214 3557 4271 dice-

1978 4306 2125 4361 bam.

2051 4397 2142 4454 29.
2170 4397 2319 4472 [vers.
2343 4395 2460 4472 25.]
2486 4397 2623 4467 Quid
2647 4407 2767 4463 est,
2808 4415 2909 4452 non
2935 4400 3145 4469 cognovi
3160 4399 3185 4453 Σ)
3224 4399 3382 4464 Quasi
3409 4416 3557 4467 pecus

1975 4496 2146 4563 ,factus
2164 4508 2276 4545 sum
2296 4491 2363 4559 ad
2390 4500 2467 4556 te;
2487 4499 2534 4543 et
2557 4506 2646 4561 ego
2665 4506 2858 4558 semper
2875 4499 3053 4544 tecum.
3086 4490 3305 4544 Multum
3337 4490 3558 4545 interest

1984 4584 2123 4637 inter
2145 4583 2303 4637 istum
2330 4593 2383 4637 et
2412 4582 2564 4636 alios.
2597 4580 2698 4636 lste
2722 4581 2869 4651 quasi
2901 4596 3061 4650 pecus
3106 4580 3274 4636 factus
3308 4591 3390 4635 est
3417 4582 3558 4636 desi-

1958 4674 2219 4729 derando
2245 4682 2487 4736 terrena,
2521 4671 2733 4743 quando
2770 4670 3015 4725 redactus
3061 4670 3126 4726 ad
3175 4670 3397 4725 nihilum
3452 4661 3558 4726 non

1986 4766 2232 4835 cognovit
2262 4773 2457 4819 aeterna
2490 4782 2503 4818 :
2535 4764 2628 4819 sed
2663 4779 2766 4817 non
2812 4764 3033 4819 recessit
3053 4778 3084 4816 a
3119 4762 3230 4818 Deo
3272 4778 3369 4817 suo
3391 4804 3405 4828 ,
3436 4765 3559 4832 quia

1987 4875 2091 4913 non
2129 4860 2212 4914 illa
2240 4857 2566 4913 desideravit
2608 4872 2639 4911 a
2690 4856 3051 4921 daemonibus,
3099 4871 3129 4910 a
3168 4855 3398 4911 diabolo.
3450 4860 3564 4913 lloc

1985 4950 2125 5005 enim
2150 4948 2258 5017 jam
2282 4947 2431 5002 vobis
2460 4946 2865 5002 commendavi:
2896 4962 2994 5000 vox
3022 4955 3103 5001 est
3128 4945 3455 5019 Synagogzze,
3503 4947 3558 5003 id

1987 5050 2071 5095 est
2091 5081 2104 5104 ,
2131 5040 2273 5094 illius
2299 5038 2476 5109 populi
2506 5039 2596 5108 qui
2624 5051 2729 5092 non
2775 5037 2997 5092 servivit
3035 5037 3211 5092 idolis.
3245 5039 3412 5095 Pecus
3436 5042 3560 5109 qui-

1985 5133 2106 5187 dem
2139 5132 2303 5187 iactus
2325 5146 2441 5186 sum
2465 5172 2479 5195 ,
2503 5146 2534 5184 a
2567 5130 2675 5184 Deo
2705 5144 2824 5184 meo
2851 5139 3060 5185 terrena
3086 5129 3430 5195 desiderans;
3460 5130 3555 5187 sed

1985 5240 2251 5294 nunquam
2280 5223 2474 5277 recessi
2498 5220 2564 5275 ab
2585 5221 2699 5290 ipso
2723 5220 2831 5277 Deo
2857 5235 2997 5277 meo.
3098 5222 3103 5229 '

2058 5316 2147 5371 50.
2180 5311 2329 5386 [vers.
2380 5309 2496 5385 24.]
2519 5311 2650 5380 Quia
2681 5326 2807 5381 ergo
2827 5352 2842 5377 ,
2871 5310 3109 5381 quamvis
3147 5310 3315 5365 factus
3354 5324 3511 5379 pecus
3536 5351 3556 5381 ,

1988 5422 2093 5461 non
2147 5404 2339 5459 recessi
2368 5419 2397 5458 a
2431 5404 2537 5458 Deo
2579 5417 2699 5457 meo
2719 5444 2734 5468 ,
2780 5404 3019 5473 sequitur
3050 5421 3063 5457 :
3096 5402 3321 5457 Tenuisti
3357 5415 3561 5454 orarium

1988 5498 2206 5551 dexterae
2235 5510 2372 5549 mew.
2404 5494 2517 5550 Non
2562 5494 2724 5560 dixit,
2758 5511 2970 5549 manum
3020 5495 3291 5550 dexteram
3345 5506 3556 5559 meam;

1988 5592 2119 5659 Sed,
2147 5606 2349 5643 manuni
2385 5590 2601 5644 dextera:
2654 5603 2793 5644 mete.
2853 5587 2906 5644 Si
2951 5589 3182 5643 dextera:
3226 5597 3413 5640 manus
3456 5594 3560 5651 est,

1990 5696 2178 5739 manus
2200 5681 2361 5738 habet
2386 5697 2601 5736 manum
2633 5680 2894 5734 :‘Manum
2925 5679 3125 5733 tenuisti
3162 5680 3377 5730 dextera:
3398 5692 3520 5731 meae
3543 5716 3562 5743 ,

1993 5789 2046 5833 ut
2090 5776 2379 5832 deduccrcs
2434 5789 2541 5829 me.
2594 5772 2729 5841 Quid
2782 5771 2986 5842 posuit,
3035 5769 3277 5824 manum?
3327 5769 3564 5825 Potesta—
