4020 6198
496 348 604 423 9‘21
1406 380 1426 409 .

492 494 622 541 tem.
646 481 758 538 Hoc
784 474 925 537 enim
954 473 1180 533 dicimus
1212 485 1533 546 quemquam
1559 467 1757 526 habere
1789 466 1844 524 in
1869 476 2028 521 manu
2046 501 2063 527 ,

492 575 635 648 quod
663 574 822 630 habet
849 570 902 628 in
933 576 1228 642 potestate;
1255 563 1521 639 quomodo
1540 561 1673 618 dixit
1694 558 1934 616 diabolus
1958 558 2070 614 Deo

494 667 564 723 de
589 666 690 722 Job
724 682 737 718 :
766 663 915 718 Mitte
936 678 1141 717 manum
1167 669 1337 724 tuam,
1368 667 1415 711 et
1444 654 1565 711 tolle
1608 668 1720 724 qua:
1749 651 1896 707 habet
1947 649 2069 725 (Job

494 773 514 814 ι
537 798 553 824 ,
583 754 695 827 ll).
722 754 860 824 Quid
887 761 1006 820 est,
1032 752 1171 806 mitte
1192 765 1395 804 manum
1418 747 1595 802 tuam?
1629 746 1702 800 Da
1731 750 2066 815 potestatem.
2138 801 2144 807 _

494 848 707 902 Manum
733 845 857 911 Dei,
887 852 1200 916 potestatem
1230 841 1324 896 Dei
1353 839 1513 905 dixit;
1545 838 1680 893 sicut
1717 836 1968 905 scriptum
1990 843 2072 889 est

494 936 601 992 alio
624 938 743 993 loco
766 954 788 1008 g:
818 935 960 991 Mors
986 945 1032 990 et
1056 935 1157 989 vita
1180 934 1231 988 in
1253 932 1483 987 manibus
1508 930 1694 1000 lingua:
1716 927 1894 997 (Prov.
1920 941 2070 990 xvut,

493 1026 614 1097 21).
643 1022 908 1097 Numquid
939 1026 1115 1096 lingua
1146 1024 1305 1078 habet
1334 1022 1561 1077 manus?
1591 1019 1696 1076 Sed
1726 1017 1850 1089 quid
1884 1026 1987 1082 est,
2018 1017 2072 1071 in

494 1118 729 1174 manibus
753 1116 983 1190 linguai?
1009 1117 1065 1173 lu
1113 1124 1376 1188 potestate
1416 1114 1625 1183 linguas.
1680 1110 1816 1180 Quid
1844 1119 1960 1175 est,
2017 1108 2070 1164 in

498 1217 767 1280 potestate
796 1208 1025 1279 lingute?
1057 1207 1136 1262 Ex
1155 1223 1240 1261 ore
1281 1216 1365 1260 tuo
1382 1202 1741 1276 justiﬁcaberis
1760 1244 1775 1268 ,
1806 1212 1852 1257 et
1887 1216 1948 1255 ea:
1986 1216 2075 1254 ore

500 1310 587 1357 tuo
611 1301 1017 1357 condemnaberis
1041 1298 1251 1371 (Matth.
1278 1313 1351 1352 xu
1373 1339 1387 1361 ,
1415 1297 1527 1366 '57).
1558 1293 1787 1349 Terruiin
1820 1309 1936 1363 ergo
1960 1307 2073 1344 ma-

486 1411 625 1450 num
673 1394 893 1449 dextera:
940 1408 1099 1457 mete,
1130 1398 1443 1461 potestatem
1474 1387 1706 1443 dexterae
1753 1400 1907 1439 mem.
1943 1376 2074 1448 Quae

502 1496 622 1542 erat
648 1485 866 1541 dextera
893 1484 1054 1539 mea?
1088 1484 1219 1553 Quia
1275 1498 1364 1553 ego
1393 1496 1588 1565 semper
1634 1488 1813 1551 tecum.
1843 1476 1897 1530 In
1941 1474 2073 1530 sini-

504 1586 672 1632 stram
705 1578 721 1610 ¹
753 1576 1043 1643 habebam,
1074 1577 1195 1647 quia
1227 1591 1376 1650 pecus
1402 1574 1563 1643 factus
1582 1569 1797 1635 sum;id
1822 1579 1923 1635 est,
1952 1569 2074 1640 quia

502 1677 713 1725 terrena
742 1671 794 1724 in
822 1685 907 1725 me
951 1668 1046 1724 luit
1091 1666 1516 1738 concupiscentia
1542 1682 1557 1719 :
1591 1664 1684 1719 sed
1715 1662 1933 1719 dextera
1958 1677 2074 1717 mea

503 1770 652 1828 erat,
683 1764 804 1835 quia
830 1777 1043 1832 semper
1071 1771 1245 1817 tecum
1274 1775 1440 1816 eram.
1486 1758 1652 1827 Hujus
1684 1756 1917 1811 dexterae
1944 1769 2076 1810 mere

505 1872 718 1912 tnanum
765 1855 1013 1921 tenuisti,
1057 1853 1108 1909 id
1145 1861 1264 1921 est,
1316 1860 1631 1922 potestatem
1675 1849 1877 1905 rexisti.
1908 1846 2076 1916 Quam

505 1956 820 2023 potestatem
840 1948 867 2002 ?
895 1947 1049 2002 Dedit
1067 1947 1138 2025 eis
1163 1954 1456 2019 potestatem
1477 1943 1611 2014 ﬁlios
1630 1942 1727 1998 Dei
1754 1941 1867 2013 ﬁeri
1893 1937 2072 2011 (Joan.

505 2055 563 2108 ι,
611 2039 704 2110 12)
729 2057 743 2094 :
768 2039 930 2109 cmpit
970 2053 1090 2095 esse
1114 2037 1222 2108 jam
1266 2037 1404 2091 inter
1444 2035 1579 2090 filios
1606 2032 1733 2102 Dei,
1763 2032 1831 2087 ad
1871 2031 2074 2086 Novum

505 2129 904 2188 Testamentum
933 2129 1224 2201 pertinens.
1252 2128 1387 2184 Vide
1438 2125 1704 2198 quomodo
1745 2133 1950 2181 retenta
1996 2133 2085 2179 est

509 2235 700 2276 manus
727 2219 959 2275 dexterae
984 2219 1120 2290 ejus.
1155 2217 1221 2272 In
1254 2217 1508 2272 voluntate
1552 2227 1639 2272 tua
1679 2214 1934 2271 deduxisti
1975 2230 2075 2269 me.

504 2311 643 2382 Quid
670 2320 752 2369 est
769 2354 785 2379 ,
814 2313 867 2367 in
890 2311 1144 2367 voluntate
1164 2313 1290 2367 tua?
1315 2311 1429 2367 Non
1449 2312 1500 2366 in
1529 2311 1734 2367 meritis
1757 2309 1907 2365 meis.
1941 2308 2078 2375 Quid

505 2411 624 2471 est,
646 2404 701 2459 in
721 2403 976 2458 voluntate
1001 2403 1126 2458 tua?
1153 2402 1289 2459 Audi
1315 2402 1648 2473 Apostolum,
1681 2403 1770 2473 qui
1798 2401 1893 2457 fuit
1918 2412 2079 2472 pecus

505 2497 679 2567 primo
703 2506 911 2552 terrena
931 2494 1240 2551 desiderans
1258 2536 1272 2559 ,
1300 2504 1355 2551 et
1376 2494 1664 2551 secundum
1688 2494 1851 2549 Vetus
1885 2494 2075 2550 Testa-

507 2595 746 2643 mentum
772 2587 992 2653 vivens;
1024 2585 1150 2658 quid
1174 2584 1284 2641 ait?
1320 2585 1419 2663 Qui
1438 2587 1599 2658 primo
1618 2584 1710 2660 [ui
1728 2585 2077 2656 blasphemus,

506 2687 556 2733 et
580 2687 865 2750 persecutor
882 2720 897 2744 ,
925 2687 972 2733 et
991 2678 1266 2749 injuriosus
1282 2692 1304 2743 ;
1320 2679 1408 2732 sed
1428 2678 1820 2733 misericordiam
1838 2694 2079 2733 consecu-

509 2777 591 2824 tus
610 2786 722 2823 sum
745 2769 787 2844 (l
815 2768 942 2825 Tim.
963 2785 1003 2837 ι,
1030 2769 1140 2841 i5).
1171 2768 1309 2839 Quid
1327 2778 1428 2838 est,
1450 2770 1503 2825 in
1522 2769 1773 2825 voluntate
1794 2779 1881 2825 tua
1906 2770 1931 2825 ?
1951 2769 2082 2826 Gra-

509 2861 583 2917 tia
604 2861 702 2918 ‘Dei
729 2879 842 2918 sum
868 2863 923 2919 id
946 2862 1082 2935 quod
1098 2879 1211 2920 sum
1239 2863 1279 2936 (Ι
1306 2862 1424 2920 Cor.
1450 2858 1521 2919 xv'
1541 2905 1556 2930 ,
1584 2862 1698 2937 10).
1729 2862 1798 2918 Et
1825 2880 1937 2920 cum
1964 2864 2079 2937 glo-

509 2956 628 3009 ria'
656 2956 973 3023 assumpsisti
999 2971 1097 3011 me.
1125 2954 1242 3011 Jam
1289 2971 1396 3027 quo
1431 2966 1737 3026 assumptus
1783 2966 1899 3025 est,
1943 2967 1999 3013 et
2025 2958 2079 3014 in

508 3060 610 3116 qua
635 3045 801 3117 gloria
826 3088 842 3115 ,
881 3046 1001 3118 quis
1023 3046 1282 3118 explicat?
1322 3046 1444 3118 quis
1479 3044 1650 3103 dicit?
1695 3046 2082 3120 Exspectemus

501 3137 613 3194 hoc
631 3177 651 3205 ,
678 3138 798 3209 quia
824 3138 877 3193 in
906 3140 1296 3196 resurrectione
1323 3139 1459 3208 erit;
1510 3140 1566 3196 in
1604 3140 1910 3197 novissimis
1932 3141 2036 3198 erit
2061 3158 2078 3197 :

508 3229 639 3287 Cum
662 3231 826 3302 gloria
841 3232 1155 3302 assumpsisti
1178 3249 1272 3288 me.

582 3321 671 3378 5i.
695 3320 843 3395 [sera
872 3320 989 3395 25.]
1022 3323 1085 3378 Et
1107 3323 1269 3394 coepit
1289 3322 1523 3395 cogitare
1569 3321 1873 3381 felicitatem
1911 3325 2081 3398 ipsam

510 3414 783 3471 caelestem
803 3456 820 3482 ,
847 3423 902 3469 et
920 3430 1142 3497 arguere
1170 3430 1227 3471 se
1249 3457 1266 3483 ,
1293 3416 1413 3487 quia
1437 3432 1600 3486 pecus
1624 3416 1756 3486 fuit,
1787 3426 1843 3475 et
1870 3427 2080 3497 terrena

466 3560 472 3571 ,
508 3505 849 3562 desideravit.
877 3505 1013 3574 Quid
1035 3494 1164 3561 enim
1209 3507 1335 3562 mihi
1359 3516 1431 3562 est
1454 3508 1509 3563 iu
1540 3509 1696 3575 εωιο,
1729 3518 1777 3564 et
1809 3526 1842 3563 a
1879 3494 1927 3565 te
1961 3511 2083 3581 quid

502 3598 648 3654 volui
686 3614 838 3669 super
858 3597 1081 3652 terram?
1116 3597 1194 3653 Ex
1235 3591 1385 3655 voce
1409 3608 1589 3655 vestra
1636 3599 1961 3657 intellexisse
1986 3616 2083 3658 vos

514 3688 690 3744 video.
718 3687 1059 3759 Comparavit
1085 3688 1341 3745 voluntati
1384 3705 1495 3745 sua:
1540 3698 1771 3748 terrente
1803 3692 2079 3763 praemium

508 3779 732 3836 caeleste
754 3778 895 3851 quod
920 3789 1230 3851 accepturus
1250 3788 1334 3837 est
1356 3796 1370 3847 ;
1397 3780 1529 3837 vidit
1555 3783 1680 3854 quid
1706 3782 1779 3839 ibi
1823 3784 1923 3841 sibi
1961 3802 2080 3841 ser-

504 3879 730 3927 varetur
746 3912 762 3935 ,
786 3879 842 3927 et
859 3872 1097 3942 cogitans
1117 3913 1133 3935 ,
1163 3881 1216 3928 et
1232 3882 1461 3928 aestuans
1485 3874 1537 3928 in
1562 3874 1881 3945 cogitatione
1905 3878 2086 3949 cujus-
2110 3892 2114 3899 ’

514 3960 636 4016 dam
659 3961 736 4016 rei
765 3960 1045 4017 inel'fabilis
1068 4004 1083 4029 ,
1109 3977 1266 4032 quam
1296 3979 1397 4019 nec
1414 3965 1600 4022 oculus
1628 3965 1786 4033 vidit,
1819 3983 1917 4023 nec
1941 3970 2087 4026 auris

515 4053 749 4117 audivit,
799 4069 898 4110 nec
945 4055 998 4109 in
1026 4069 1120 4110 cor
1164 4054 1394 4111 hominis
1443 4057 1681 4112 ascendit
1717 4056 1826 4131 (Id.
1859 4075 1929 4129 ll,
1980 4062 2083 4133 9),

517 4159 624 4201 non
650 4144 815 4213 dixit,
846 4144 978 4201 Illud
1001 4185 1017 4211 ,
1061 4153 1155 4200 aut
1201 4145 1328 4200 illud
1369 4145 1495 4201 mihi
1527 4158 1609 4203 est
1637 4148 1689 4203 in
1713 4150 1887 4214 etelo;
1940 4152 2033 4208 sed
2065 4193 2085 4218 ,

521 4237 659 4306 Quid
678 4236 800 4292 mihi
822 4245 894 4292 est
938 4238 994 4291 in
1032 4236 1196 4291 calo?
1219 4237 1355 4304 Quid
1386 4246 1469 4294 est
1489 4238 1614 4294 illud
1642 4240 1784 4311 quod
1813 4240 1986 4297 habeo
2033 4242 2086 4298 in

516 4329 694 4388 caelo?
716 4328 841 4401 quid
885 4328 1009 4384 est?
1037 4339 1289 4399 quantum
1335 4329 1451 4384 est?
1496 4330 1651 4400 quale
1673 4331 1797 4387 est?
1834 4331 1935 4399 Et,
1966 4347 2088 4389 cum

515 4439 624 4479 non
655 4421 841 4478 transit
863 4419 1003 4490 quod
1021 4419 1191 4475 habeo
1213 4420 1264 4474 in
1293 4420 1428 4476 etelo
1451 4461 1468 4490 ,
1499 4436 1531 4474 a
1560 4432 1608 4475 te
1626 4421 1747 4491 quid
1776 4424 1912 4477 votui
1937 4440 2091 4496 super

517 4511 743 4567 terram?
787 4510 981 4567 Servas
1008 4508 1138 4565 mihi
1176 4518 1272 4565 tu:
1302 4511 1379 4565 sic
1415 4510 1587 4567 dicam
1616 4519 1675 4568 ut
1712 4524 1957 4584 possum,
1996 4514 2091 4572 sed

519 4604 642 4661 dote
660 4604 868 4660 veniam
899 4620 915 4670 ;
951 4601 1175 4673 accipite
1226 4611 1472 4657 conatum
1518 4619 1725 4670 meum,
1754 4603 2091 4663 devotionem

520 4695 753 4762 nitendi;
776 4711 898 4751 nam
927 4691 1225 4765 eatplicandi
1250 4692 1393 4747 nulla
1422 4693 1642 4750 facultas
1661 4703 1745 4749 est
1770 4694 1828 4750 ’τ
1870 4710 2089 4765 servas,

522 4785 725 4857 inquit,
751 4786 880 4842 mihi
903 4795 959 4842 tu
1003 4786 1055 4842 in
1098 4785 1236 4842 cmlo
1261 4783 1470 4841 divitias
1515 4785 1875 4854 immortales,
1920 4796 1972 4843 te
2008 4788 2092 4859 ip-

523 4892 641 4933 sum
666 4894 681 4942 ;
707 4885 762 4932 et
785 4892 884 4949 ego
910 4878 1049 4935 volui
1078 4892 1108 4932 a
1129 4884 1184 4935 te
1211 4876 1265 4932 in
1295 4885 1437 4933 terra
1460 4877 1602 4948 quod
1630 4872 1826 4934 habent
1845 4888 1899 4934 et
1924 4880 2090 4951 impii,

521 4965 665 5039 quod
687 4965 884 5024 habent
907 4978 961 5023 et
980 4968 1134 5034 mali,
1164 4967 1306 5040 quod
1333 4967 1531 5024 habent
1554 4979 1609 5025 et
1647 4968 1970 5037 facinorosi;
2002 4987 2096 5041 pe-

522 5060 765 5125 cuniam,
794 5073 979 5115 aurum
999 5101 1015 5127 ,
1036 5070 1311 5132 argentum
1330 5101 1346 5128 ,
1377 5074 1645 5132 gemmas,
1673 5059 1931 5129 familias;
1954 5061 2096 5133 quod

524 5152 722 5210 habent
747 5159 803 5206 et
825 5149 1064 5207 scelerati
1087 5153 1259 5222 multi,
1288 5152 1430 5224 quod
1459 5153 1655 5209 habent
1676 5153 1858 5209 multae
1884 5153 2095 5211 femina:

526 5257 741 5317 turpes,
765 5241 916 5298 multi
940 5241 1036 5297 viri
1068 5252 1250 5312 turpes
1278 5261 1291 5297 :
1320 5245 1434 5300 haec
1458 5259 1553 5315 pro
1588 5259 1781 5316 magno
1801 5244 2097 5303 desideravi

524 5359 556 5398 a
589 5344 697 5401 Dea
719 5355 839 5400 meo
862 5354 1022 5411 super
1046 5349 1239 5397 terram
1260 5381 1275 5407 ,
1305 5356 1424 5397 cum
1445 5352 1625 5399 servet
1647 5358 1707 5399 se
1731 5343 1859 5397 mihi
1891 5344 1940 5398 in
1962 5344 2100 5400 cmlo

528 5436 671 5494 Deus
712 5450 881 5492 meus.
908 5432 1042 5502 Quid
1068 5434 1199 5488 enim
1225 5433 1349 5486 mihi
1385 5443 1455 5488 est
1495 5435 1549 5487 in
1598 5435 1763 5490 caelo?
1805 5434 2099 5517 Ostendere

530 5527 690 5584 habet
712 5526 882 5598 ipsum
911 5522 1058 5596 quid.
1081 5521 1152 5577 Et
1170 5539 1206 5578 α
1225 5532 1272 5578 te
1288 5522 1409 5590 quid
1429 5522 1564 5577 volui
1598 5540 1753 5595 super
1778 5526 1997 5581 terram?

591 5677 608 5709 ¹
632 5678 716 5732 Sic
731 5686 948 5734 melioris
968 5691 1097 5734 uotae
1118 5688 1225 5732 Mss.
1244 5688 1300 5732 At
1318 5679 1453 5739 uid,
1475 5679 1529 5732 in
1552 5679 1770 5735 sinistra.

591 5752 613 5811 ξ
644 5754 821 5796 Omnes
841 5753 947 5811 ηδε.
968 5745 1060 5811 hoc
1081 5743 1202 5811 loco,
1230 5741 1282 5794 in
1297 5743 1470 5811 gloria.

591 5806 613 5839 ³
642 5812 769 5871 Mss,
791 5807 969 5860 nullam
984 5806 1276 5870 facultatem.

1718 347 1779 407 s.
1811 339 2181 427 AUGUSTlNl
2219 341 2519 401 EPISCOPI

3645 342 3754 400 9‘18

2247 458 2336 515 32.
2358 458 2509 533 [vers.
2535 456 2651 534 26.]
2679 458 2875 531 Defecit
2891 473 2980 514 cor
3005 475 3170 515 meum
3207 468 3256 515 et
3278 473 3397 514 caro
3435 474 3546 515 mea
3564 501 3582 526 ,
3619 458 3753 514 Deus

2174 550 2341 605 cordis
2363 550 2481 606 mei.
2513 550 2622 607 Hoc
2645 566 2773 623 ergo
2793 551 2923 607 mihi
2948 561 3031 608 est
3050 553 3103 607 in
3122 551 3259 607 cmlo
3280 560 3545 606 servatum
3567 593 3582 614 ,
3609 548 3749 605 Deus

2174 641 2343 698 cordis
2367 644 2493 708 mei,
2514 652 2561 698 et
2586 660 2703 713 pars
2726 659 2837 697 mea
2863 642 2997 698 Deus
3016 659 3175 698 meus.
3201 641 3337 711 Quid
3363 650 3445 697 est
3468 682 3482 704 ,
3513 640 3752 696 fratres?

2176 733 2511 790 lnveniamus
2533 733 2745 790 divitias
2771 743 2979 789 nostras
3007 748 3022 797 ;
3052 733 3212 804 eligat
3237 731 3338 787 sibi
3368 740 3544 801 partes
3580 747 3748 801 genus

2176 822 2484 880 humanum.
2505 823 2788 881 Videamus
2818 823 3059 879 homines
3076 823 3419 894 cupiditatum
3443 823 3754 879 diversitate

2178 916 2363 973 laniari
2393 935 2406 972 :
2432 918 2628 988 eligant
2655 918 2742 972 alii
2765 917 3002 972 militiam
3022 957 3038 982 ,
3069 916 3155 971 alii
3185 904 3587 971 advocationem
3609 958 3625 982 ,
3660 915 3752 985 alii

2177 1008 2417 1065 diversas
2442 1010 2719 1080 variasque
2739 1001 3011 1066 doctrinas
3029 1050 3045 1073 ,
3070 1009 3157 1063 alii
3188 1004 3599 1080 negotiationem
3620 1050 3636 1072 ,
3662 1008 3750 1062 alii

2176 1102 2578 1172 agriculturam;
2607 1102 2736 1156 istas
2762 1109 2937 1172 partes
2958 1101 3055 1157 sibi
3082 1099 3273 1155 faciant
3292 1102 3359 1154 de
3385 1100 3541 1155 rebus
3562 1098 3755 1152 huma-

2176 1192 2261 1247 nis
2289 1211 2301 1247 :
2328 1193 2521 1250 clamet
2550 1195 2768 1265 populus
2794 1194 2888 1251 Dei
2913 1235 2929 1261 ,
2952 1191 3086 1249 Pars
3114 1211 3226 1248 utea
3255 1191 3394 1263 Deus
3438 1210 3601 1247 oretis.
3632 1192 3755 1247 Non

2177 1282 2244 1338 ad
2271 1291 2477 1354 tempus
2501 1299 2624 1354 pars
2651 1300 2766 1340 mea
2789 1300 2803 1344 :
2850 1283 2944 1339 sed
2975 1299 3111 1355 'pars
3137 1300 3245 1337 mea
3283 1282 3419 1337 Deus
3457 1284 3508 1336 in
3535 1284 3751 1336 smcula.

2178 1376 2376 1429 Aurum
2403 1377 2500 1430 etsi
2535 1389 2746 1446 semper
2783 1376 2987 1443 habeo,
3018 1374 3146 1446 quid
3174 1372 3387 1430 habeo?
3442 1375 3608 1428 Deum
3650 1375 3753 1428 etsi

2178 1480 2283 1519 non
2312 1479 2523 1536 semper
2547 1466 2796 1522 haberem
2826 1466 2874 1531 ί,
2923 1482 3079 1537 quam
3127 1479 3374 1535 magnum
3408 1456 3606 1519 bonum
3663 1466 3759 1518 ha-

2178 1554 2392 1611 berem!
2419 1556 2531 1611 llue
2554 1554 2757 1611 accedit
2780 1556 2903 1627 quia
2944 1557 3072 1611 mihi
3115 1556 3347 1625 seipsum
3378 1555 3674 1624 promittit,
3705 1563 3761 1609 et

2179 1645 2232 1700 id
2263 1660 2349 1701 me
2372 1645 2423 1700 in
2445 1655 2701 1701 aeternum
2736 1646 3037 1701 habiturum
3066 1646 3342 1715 promittit.
3378 1645 3606 1699 Tantum
3654 1645 3758 1697 ha-

2177 1736 2281 1793 beo
2303 1781 2319 1807 ,
2350 1747 2404 1793 et
2430 1754 2696 1810 nunquam
2727 1756 2832 1794 non
2857 1739 3059 1794 habeo!
3108 1724 3294 1807 Magna
3326 1736 3588 1792 felicitas!
3626 1736 3759 1790 Pars

2178 1846 2292 1885 mea
2328 1829 2486 1886 Deus.
2514 1830 2811 1899 Quamdiu?
2853 1830 2920 1884 In
2963 1831 3168 1885 sazcula.
3198 1829 3458 1896 Quoniam
3480 1843 3605 1882 ecce
3635 1829 3761 1882 vide

2179 1922 2448 1994 quomodo
2472 1924 2619 1978 illum
2660 1924 2891 1989 amavit;
2920 1923 3044 1978 fecit
3067 1937 3162 1976 cor
3185 1932 3388 1976 castum
3413 1937 3429 1974 :
3478 1919 3612 1973 Deus
3638 1936 3759 1972 τοι-

2181 2015 2259 2071 dis
2275 2018 2373 2071 mei
2390 2059 2406 2084 ,
2437 2026 2485 2071 et
2513 2034 2633 2087 pars
2655 2034 2762 2072 mea
2786 2015 2921 2071 Deus
2963 2017 3015 2069 in
3043 2014 3243 2069 stecula.
3288 2012 3507 2068 Factum
3539 2021 3619 2065 est
3661 2027 3762 2065 cor

2180 2119 2421 2175 castum;
2448 2108 2610 2180 gratis
2629 2109 2736 2180 jam
2768 2116 2974 2163 amatur
2999 2108 3138 2162 Dens
3160 2149 3175 2173 ,
3211 2123 3315 2161 non
3342 2104 3410 2161 ab
3436 2105 3763 2173 illo'pctitur

2181 2201 2324 2257 aliud
2362 2202 2654 2270 praemium.
2699 2202 2795 2270 Qui
2821 2200 2961 2256 aliud
2991 2200 3266 2270 praemium
3308 2199 3497 2269 petita
3528 2198 3669 2262 Deo,
3702 2207 3759 2252 et

2182 2303 2464 2365 propterea
2499 2295 2613 2349 vult
2658 2290 2860 2350 seivire
2906 2293 3049 2354 Deo.
3080 2291 3255 2347 carius
3290 2289 3413 2345 facit
3457 2289 3600 2360 quod
3646 2289 3759 2342 vult

2182 2387 2459 2457 accipere,
2515 2401 2674 2458 quam
2725 2386 2894 2455 ipsum
2938 2399 2967 2438 a
3025 2398 3131 2452 quo
3163 2383 3275 2436 vult
3303 2382 3571 2451 accipere.
3620 2380 3757 2448 Quid

2182 2479 2342 2549 ergo?
2368 2478 2567 2533 nullum
2591 2477 2863 2549 prtemium
2894 2476 3033 2530 Dei?
3060 2473 3270 2529 Nullum
3287 2515 3303 2539 ,
3339 2482 3536 2542 pnntcr
3561 2473 3755 2539 ipsum.

2183 2570 2463 2626 Praemium
2495 2569 2625 2638 Dei,
2656 2569 2769 2640 ipse
2792 2568 2929 2623 Deus
2952 2574 3053 2622 est.
3084 2565 3196 2621 lloc
3219 2575 3395 2630 amat,
3424 2564 3525 2619 hoc
3554 2564 3759 2633 diligit:

2182 2663 2227 2718 si
2252 2661 2391 2717 aliud
2420 2659 2701 2726 dilexerit,
2731 2674 2836 2715 non
2876 2658 2978 2715 erit
3016 2666 3192 2715 castus
3219 2673 3389 2712 amor.
3439 2656 3666 2710 Decedis
3689 2654 3762 2710 ab

2183 2756 2304 2826 igne
2344 2754 2660 2819 immortali;
2691 2753 2944 2824 frigesces
2966 2794 2982 2819 ,
3031 2749 3413 2821 corrumperis.
3451 2749 3566 2804 Noli
3610 2764 3761 2803 roceo

2183 2846 2343 2912 dere;
2374 2846 2642 2917 corruptio
2672 2853 2760 2901 tua
2786 2845 2889 2901 erit
2908 2887 2924 2912 ,
2953 2843 3230 2899 lornicatio
3257 2850 3342 2897 tua
3373 2842 3495 2898 erit.
3521 2840 3636 2896 iam
3656 2841 3763 2894 iste

2182 2936 2348 3005 redit,
2371 2937 2481 3008 jam
2511 2937 2670 2993 istum
2701 2935 2921 3007 poenitet
2942 2977 2957 3002 ,
2980 2935 3091 3005 jam
3120 2933 3487 3005 pmnitentiam
3534 2933 3634 2985 iste
3658 2931 3767 2985 eli-

2182 3030 2290 3102 git,
2314 3030 2422 3101 jam
2446 3029 2608 3096 dicit,
2641 3028 2773 3085 Pars
2797 3044 2905 3083 utea
2927 3027 3088 3085 Deus.
3117 3026 3182 3083 Et
3220 3024 3487 3096 quomodo
3522 3023 3762 3080 delecta-

2184 3130 2272 3176 tur
2298 3121 2351 3177 in
2374 3120 2490 3192 ipso
2511 3164 2527 3186 ,
2550 3136 2707 3189 quem
2733 3120 2834 3174 sibi
2863 3128 3066 3189 partem
3093 3118 3289 3187 elegit!

2254 3211 2344 3267 33.
2372 3209 2523 3284 [vers
2548 3209 2667 3285 27.]
2692 3209 2820 3265 Ecce
2854 3211 2940 3281 qui
2979 3208 3125 3281 longe
3149 3224 3203 3264 se
3244 3207 3437 3278 faciunt
3460 3223 3493 3260 α
3533 3215 3610 3272 te,
3641 3223 3762 3274 per-

2182 3301 2341 3360 ibunt.
2360 3302 2462 3358 Iste
2478 3316 2605 3373 ergo
2631 3301 2849 3358 recessit
2876 3317 2906 3356 a
2938 3301 3046 3356 Deo
3071 3341 3087 3368 ,
3116 3300 3209 3356 sed
3250 3315 3355 3356 non
3387 3299 3543 3371 longe
3576 3317 3592 3353 :
3634 3301 3761 3369 quia

2181 3396 2327 3465 quasi
2351 3411 2500 3467 pecus
2525 3395 2690 3466 factus
2712 3409 2825 3449 sum
2847 3437 2863 3459 ,
2887 3381 3055 3464 iitquit
3078 3435 3094 3459 ,
3125 3403 3173 3447 et
3207 3408 3300 3464 ego
3344 3386 3542 3462 semper
3571 3400 3761 3445 tecum.

2184 3486 2261 3542 illi
2292 3501 2422 3543 vero
2449 3486 2607 3557 longe
2635 3494 3007 3553 recesserunt,
3039 3485 3159 3555 quia
3215 3500 3321 3539 non
3348 3484 3518 3539 solum
3546 3493 3764 3536 terrena

2185 3577 2654 3644 desideraverunt,
2682 3576 2775 3633 sed
2803 3591 2863 3632 ea
2891 3591 2919 3630 a
2947 3575 3275 3643 daemonibus
3300 3581 3354 3630 et
3373 3588 3402 3627 a
3428 3572 3639 3629 diabolo
3662 3589 3764 3642 pe-
3838 3580 3857 3589 ’

2189 3672 2403 3729 tierunt.
2435 3670 2536 3736 Qui
2561 3671 2707 3743 longe
2729 3686 2782 3725 se
2811 3669 3003 3741 faciunt
3029 3686 3061 3722 a
3108 3669 3191 3733 te,
3238 3667 3493 3740 peribunt.
3539 3666 3607 3721 Et
3629 3666 3761 3737 quid

2188 3772 2304 3831 est,
2332 3764 2488 3835 longe
2512 3778 2539 3815 a
2573 3762 2680 3818 Deo
2702 3762 2855 3817 ﬁeri?
2886 3760 3162 3815 Perdidisti
3186 3777 3383 3815 omnem
3416 3760 3504 3831 qui
3546 3760 3767 3829 fornica-

2182 3866 2272 3931 tur
2288 3856 2377 3930 abs
2400 3867 2464 3910 te.
2494 3854 2626 3910 lluic
2652 3852 2983 3910 fornicationi
3013 3852 3312 3908 contrarius
3359 3862 3441 3908 est
3482 3868 3636 3907 amor
3670 3860 3764 3907 ca-

2189 3956 2322 4002 stus.
2353 3946 2485 4016 Quis
2521 3956 2603 4002 est
2643 3961 2794 4001 amor
2831 3945 3040 4001 castus?
3074 3946 3229 3999 Amat
3259 3942 3370 4014 jam
3406 3944 3583 3998 anima
3615 3960 3770 4013 sptin—

2191 4053 2307 4095 sum
2333 4053 2487 4094 suum
2518 4057 2531 4093 :
2555 4037 2681 4109 quid
2705 4037 2772 4092 ab
2801 4037 2890 4092 illo
2910 4038 3132 4108 quturit,
3162 4036 3229 4090 ab
3249 4049 3450 4105 sponso
3479 4051 3576 4091 suo
3606 4051 3766 4105 quem

2190 4129 2406 4202 diligit?
2434 4129 2595 4185 Forte
2619 4128 2886 4201 quomodo
2905 4128 3003 4184 sibi
3027 4128 3228 4199 eligunt
3252 4125 3496 4181 homines
3541 4135 3635 4178 aut
3674 4142 3772 4195 ειε-

2194 4237 2385 4291 neros,
2412 4231 2503 4277 aut
2530 4236 2754 4291 sponsos
2782 4220 3021 4287 feminae;
3062 4218 3207 4290 eligit
3256 4217 3391 4273 forte
3418 4216 3635 4273 divitias
3658 4259 3673 4281 ,
3719 4224 3776 4271 ct

2193 4331 2378 4371 aurum
2409 4316 2522 4386 ejus
2550 4322 2693 4370 amat
2716 4357 2730 4380 ,
2760 4322 2814 4369 et
2838 4312 3029 4369 t‘undos
3052 4355 3067 4379 ,
3098 4321 3153 4368 et
3184 4321 3498 4383 argentum,
3526 4320 3578 4364 et
3608 4325 3774 4379 pecu-

2195 4407 2335 4461 niam
2360 4447 2376 4471 ,
2401 4415 2453 4462 et
2478 4419 2646 4475 equos
2668 4446 2684 4472 ,
2713 4412 2769 4460 et
2785 4404 3032 4458 familiam
3058 4444 3075 4470 ,
3097 4411 3154 4458 et
3187 4411 3399 4456 etclam.
3441 4399 3592 4454 Absit
3625 4417 3639 4451 :
3676 4400 3778 4454 iste

2195 4498 2367 4569 ipsum
2389 4497 2558 4552 solum
2581 4505 2757 4559 amat,
2803 4495 2967 4566 gratis
2991 4501 3171 4559 amat;
3218 4495 3339 4563 quia
3371 4491 3424 4546 in
3453 4492 3569 4559 ipso
3614 4489 3779 4544 habet

2195 4588 2404 4655 omnia,
2436 4589 2556 4660 quia
2602 4603 2695 4658 per
2732 4588 2901 4658 ipsum
2954 4585 3089 4641 facta
3143 4593 3266 4639 sunt
3292 4582 3469 4637 omnia
3501 4580 3685 4652 (Imm.
3718 4598 3774 4649 t,

2196 4677 2274 4752 5).
2316 4678 2625 4743 Perdidisti,
2649 4678 2853 4747 inquit,
2883 4691 3080 4730 omnem
3103 4675 3187 4743 qui
3209 4675 3491 4744 fornicatur
3514 4671 3605 4727 abs
3634 4684 3700 4726 te.

2269 4769 2357 4825 54.
2387 4768 2539 4843 [vers.
2562 4766 2677 4840 9.8.]
2718 4766 2801 4821 fl‘u
2830 4774 3006 4822 autem
3034 4764 3159 4835 quid
3210 4762 3384 4819 facis?
3434 4761 3567 4815 Mihi
3610 4773 3778 4815 autem

2205 4860 2466 4917 adhwrere
2497 4860 2598 4915 Deo
2620 4861 2803 4914 bonum
2841 4867 2934 4912 est.
2964 4856 3078 4912 Hoc
3102 4865 3184 4911 est
3204 4864 3371 4910 totum
3400 4855 3622 4909 bonum.
3652 4853 3779 4907 Vqu

2202 4954 2271 5010 tis
2298 4952 2558 5024 amplius?
2582 4951 2746 5007 Doleo
2772 4950 3030 5005 volentes.
3058 4946 3279 5003 Fratres
3299 4987 3314 5012 ,
3337 4946 3462 5018 quid
3485 4946 3650 4999 vultis
3675 4960 3781 4998 am-

2199 5043 2379 5117 plius?
2403 5043 2511 5098 Deo
2531 5041 2806 5097 adhaerere
2831 5038 2959 5094 nihil
2985 5049 3069 5093 est
3109 5038 3298 5092 melius
3321 5079 3335 5103 ,
3391 5035 3606 5105 quando
3657 5050 3777 5088 eum

2201 5131 2497 5193 videbimus
2526 5133 2659 5188 facie
2684 5130 2750 5187 ad
2802 5130 2988 5184 faciem
3035 5126 3076 5201 (l
3107 5127 3222 5182 Cor.
3264 5142 3296 5181 ιι
3324 5142 3392 5188 ιι,
3450 5122 3565 5195 12).
3626 5124 3781 5179 Modo

2203 5244 2334 5299 ergo
2359 5226 2522 5299 quid?
2549 5225 2680 5293 Quia
2710 5223 2881 5278 adhuc
2897 5221 3204 5293 peregrinus
3226 5219 3416 5286 lnqunr
3443 5234 3457 5272 :
3489 5217 3781 5282 Adhaeret-.2,

2206 5320 2406 5391 inquit,
2437 5316 2542 5371 Deo
2566 5317 2747 5370 bonum
2776 5323 2887 5376 est;
2921 5312 3014 5367 sed
3046 5309 3204 5365 modo
3233 5310 3283 5362 in
3312 5306 3740 5379 peregrinatione
3764 5346 3781 5371 ,

2186 5398 2327 5487 “quia
2354 5410 2587 5468 nondum
2628 5409 2771 5464 venit
2815 5422 2924 5471 res,
2958 5404 3156 5459 Ponere
3192 5403 3245 5456 iu
3284 5401 3403 5454 Deo
3426 5415 3567 5470 spem
3596 5413 3780 5451 meum.

2209 5504 2470 5575 Quamdiu
2516 5516 2643 5572 ergo
2683 5499 2918 5555 nondum
2948 5493 3253 5559 adhaasisti,
3300 5492 3370 5547 ibi
3419 5506 3562 5561 pone
3609 5504 3785 5560 spem.

2210 5599 2490 5659 Fluctuas;
2519 5594 2783 5665 praemitte
2802 5590 2867 5647 ad
2888 5600 3082 5647 terram
3106 5599 3378 5641 ancoram.
3396 5580 3643 5637 Nondum
3670 5580 3792 5634 bae-

2216 5706 2301 5751 rcs
2331 5705 2425 5760 per
2449 5686 2813 5759 prtesentiam;
2841 5682 3039 5738 iubare
3063 5695 3158 5752 per
3179 5694 3349 5749 spem.
3376 5674 3577 5730 Ponere
3604 5674 3662 5727 in
3686 5672 3796 5728 Deo

2284 5805 2300 5837 ι
2335 5803 2406 5855 sic
2428 5801 2654 5857 meliores
2671 5806 2776 5850 Mss.
2800 5802 2853 5848 At
2866 5794 2999 5858 Edd.,
3017 5803 3162 5846 Deum
3173 5792 3214 5845 si
3225 5804 3406 5857 semper
3426 5786 3671 5849 haberem,
3697 5793 3797 5837 ets.

2246 5943 2281 5955 ,ν
