4020 6198
309 345 412 402 929
502 356 505 359 ’
670 389 697 407 .

306 476 441 528 spem
486 475 658 511 meam.
712 458 772 512 Et
799 456 927 527 quid
954 457 1037 511 hic
1065 471 1186 526 ages
1208 499 1219 519 ,
1255 470 1453 524 ponens
1483 457 1533 523 in
1568 456 1676 508 Deo
1717 468 1867 522 spem

308 553 487 603 tuam?
514 548 662 614 Quod
684 549 1068 617 eritncgotium
1103 558 1267 611 tuum,
1298 546 1395 598 nisi
1427 554 1482 598 ut
1504 545 1681 597 laudes
1710 558 1869 612 quem

306 642 478 707 diligis
500 681 512 704 ,
547 649 601 692 et
639 639 797 693 facias
842 649 1013 692 tecum
1062 648 1393 692 coamatorcs
1422 637 1536 705 ejus
1566 638 1624 690 '?
1658 636 1794 689 Ecce
1821 634 1867 687 si

307 748 511 784 amares
538 732 770 801 aurigam
793 772 807 795 ,
837 747 939 785 non
972 745 1181 799 raperes
1199 739 1420 784 caeteros
1441 739 1496 782 ιιι
1527 739 1695 783 tecum
1725 742 1868 780 ama-

305 835 422 877 rent
447 826 469 877 2’
499 828 713 877 Amator
739 824 935 894 aurigae
954 838 1280 892 quacumque
1315 822 1503 875 transit
1544 820 1773 889 loquitur
1801 816 1869 872 de

307 916 394 968 ilio
414 954 429 977 ,
460 924 513 965 ut
534 929 652 967 cum
675 913 763 967 illo
788 921 1102 968 eumameut
1122 921 1176 966 et
1203 912 1401 966 caeteri.
1433 909 1608 965 Gratis
1627 918 1869 963 amantur

308 1004 548 1072 llagitiosi
595 1001 865 1066 homines;
911 1013 963 1057 et
1015 1018 1042 1054 a
1086 1003 1191 1056 Dco
1219 1002 1491 1069 prmmium
1521 1001 1773 1068 qmcritur
1811 1009 1869 1053 ut

305 1103 511 1148 ametur
536 1094 549 1147 Ξ
575 1094 705 1145 Ama
733 1093 895 1146 Deum
924 1092 1118 1162 gratis;
1143 1092 1267 1145 nulli
1295 1091 1525 1144 invideas
1551 1090 1735 1143 Deum.
1767 1088 1889 1145 Ra-,

308 1187 416 1255 pile
441 1200 562 1237 eum
608 1192 863 1253 quotquot
907 1183 1154 1251 potestis,
1184 1192 1440 1252 quotquot
1465 1179 1754 1251 posscssuri
1780 1194 1866 1234 es-

307 1278 411 1331 tis:
446 1292 549 1330 non
582 1277 638 1330 lit
664 1286 948 1346 angustus;
981 1275 1153 1329 nullos
1184 1276 1233 1328 in
1266 1275 1353 1327 illo
1392 1274 1583 1327 limites
1627 1271 1863 1335 facietis;

306 1379 471 1423 totum
500 1370 687 1439 singuli
712 1368 1074 1437 possidebitis,
1097 1377 1150 1420 et
1177 1376 1342 1420 totum
1370 1380 1554 1420 omnes
1579 1364 1861 1417 habebitis.

308 1461 445 1528 l-Lrgo
475 1460 574 1513 hoc
604 1460 684 1513 lac
709 1474 826 1512 cum
860 1459 943 1511 hic
972 1473 1033 1512 es
1052 1499 1067 1520 ,
1097 1457 1146 1511 id
1182 1466 1263 1511 est
1288 1498 1303 1521 ,
1331 1473 1451 1511 cum
1496 1457 1646 1525 ponis
1676 1455 1726 1509 in
1758 1455 1868 1509 Deo

305 1566 451 1620 Spem
474 1561 632 1604 tuam.
659 1550 791 1618 Quid
819 1551 957 1604 enim
986 1550 1262 1617 sequitur?
1290 1547 1355 1602 Ut
1377 1549 1665 1601 annuntiem
1699 1561 1867 1599 omnes

306 1644 478 1697 laudes
514 1653 624 1695 tuas
668 1642 720 1693 in
757 1641 900 1693 atriis
949 1640 1071 1707 ﬁlia:
1097 1639 1240 1692 Sion.
1282 1638 1347 1693 Ut
1376 1638 1664 1691 annuntiem
1698 1651 1867 1689 omnes

307 1735 605 1788 laudestuas
627 1749 645 1786 :
667 1730 759 1786 sed
790 1730 912 1784 ubi?
943 1730 1009 1783 In
1030 1731 1171 1783 atriis
1200 1730 1321 1799 ﬁlia:
1342 1728 1507 1793 Sion;
1527 1728 1646 1797 quia
1678 1725 1867 1796 priedi-

302 1826 440 1879 catio
471 1823 560 1878 Dei
604 1833 792 1894 lil‘éBlel'
838 1822 1127 1876 Ecclesium
1179 1819 1348 1874 inanis
1392 1828 1490 1873 est.
1549 1818 1743 1871 Parnm
1787 1824 1869 1871 est

306 1917 521 1971 laudare
547 1916 709 1969 Deum
732 1957 746 1985 ,
777 1923 835 1967 et
855 1915 1166 1967 annuntiare
1196 1927 1380 1966 omnes
1403 1909 1586 1964 laudes
1606 1908 1720 1979 ejus
1753 1925 1765 1961 :
1802 1906 1866 1960 In

303 2010 447 2062 atriis
472 2010 595 2078 ﬁlia:
618 2008 743 2062 Sion
773 2006 1050 2059 annuntia.
1087 2004 1166 2058 Ad
1185 2004 1438 2057 unitatem
1466 2000 1619 2056 tende
1643 2002 1663 2032 ³
1689 2041 1705 2065 ,
1758 1998 1865 2053 noli

304 2099 540 2153 dividere
571 2097 852 2167 populum;
883 2094 974 2148 sed
1016 2109 1140 2162 rape
1183 2092 1249 2147 ad
1276 2108 1434 2145 unum
1455 2134 1472 2158 ,
1503 2100 1555 2167 et
1575 2090 1655 2145 fac
1678 2105 1861 2143 unum.

305 2193 511 2248 Oblitus
535 2164 653 2245 sani
675 2188 923 2259 quamdiu
953 2186 1082 2241 dixi.
1104 2185 1219 2239 Jam
1250 2184 1395 2237 linito
1440 2164 1689 2247 Psalmo,
1720 2190 1774 2235 et
1802 2195 1867 2235 ex

306 2282 406 2336 isto
427 2280 588 2334 odore
614 2280 634 2310 ³
668 2276 892 2347 conjirio
936 2292 1019 2329 me
1042 2274 1344 2328 diuturmtm
1390 2272 1637 2326 habuisse
1665 2285 1870 2323 sermo-

304 2388 424 2425 nem
455 2388 467 2423 :
497 2369 587 2423 sed
624 2368 810 2422 studiis
846 2366 1034 2420 vestris
1079 2381 1181 2417 non
1228 2362 1466 2426 sufficio;
1495 2359 1710 2415 violenti
1740 2359 1869 2414 estis

309 2463 508 2517 nimis:
543 2461 739 2515 utinam
790 2459 888 2513 ista
945 2457 1186 2512 violentia
1214 2456 1430 2527 rapiatis
1456 2470 1673 2524 regnum
1701 2453 1868 2507 coelo-

306 2570 421 2607 rutn
445 2554 460 2607 Σ

307 2670 1859 2694 Μ

663 2754 743 2816 1N
794 2752 1168 2816 PSALMUM
1212 2750 1477 2813 Lxxni

864 2872 1273 2927 ΕΝᾹΒΒΛΊΊΟ.

809 2992 977 3032 εειιιίο
1006 2993 1072 3031 ΑΙ)
1102 2991 1361 3031 Ροιιυιυιι.

383 3092 432 3146 1.
476 3090 622 3163 (vers.
670 3088 745 3160 1.]
782 3088 972 3143 Psalmi
1016 3087 1169 3156 hujus
1212 3087 1394 3141 titulus
1430 3095 1511 3141 est
1543 3103 1555 3140 :
1583 3085 1872 3140 Intellectus

306 3183 495 3252 Asaph.
526 3180 700 3249 Asaph
730 3180 886 3234 latine
909 3178 1275 3249 Congrcgatio,
1301 3193 1469 3248 grzece
1496 3178 1768 3250 Synagoga
1792 3179 1872 3231 di-

308 3277 462 3331 citur.
503 3274 785 3328 Videamus
812 3272 935 3343 quid
976 3273 1291 3327 intellexerit
1319 3273 1414 3326 ista
1451 3287 1733 3343 synagoga.
1765 3273 1871 3329 Nos

305 3377 479 3420 autem
522 3365 871 3433 intelligamus
909 3364 1148 3433 primitus
1182 3378 1532 3434 synagogam;
1565 3363 1754 3417 exinde
1788 3364 1870 3417 in-

306 3458 599 3525 telligemus
626 3454 749 3525 quid
782 3454 1097 3508 intellexerit
1126 3468 1408 3524 synagoga.
1438 3452 1620 3508 Omnis
1648 3469 1870 3523 congre-

303 3545 442 3615 gatio
468 3544 698 3615 generali
738 3543 950 3597 nomine
978 3558 1239 3613 synagoga
1277 3544 1567 3612 appellatur
1595 3560 1607 3596 :
1637 3553 1689 3597 ct
1718 3558 1872 3611 peco-

305 3652 419 3690 rum
446 3646 500 3689 et
530 3636 798 3689 hominum
829 3643 997 3703 potest
1031 3635 1132 3688 dici
1168 3635 1535 3703 congregatio;
1563 3648 1665 3687 non
1694 3642 1869 3688 autem

305 3730 391 3783 hic
432 3743 675 3795 pecorum
711 3726 1045 3795 congregatio
1081 3735 1194 3789 est,
1223 3724 1431 3795 quando
1465 3723 1756 3777 audivimus
1793 3724 1871 3777 iii-

305 3820 591 3873 ti-llectum.
634 3816 763 3870 Nam
805 3817 961 3869 homo
1002 3830 1120 3869 cum
1164 3816 1214 3869 in
1251 3830 1307 3869 se
1346 3812 1635 3884 neglexerit
1672 3814 1873 3869 intelle-

302 3921 443 3963 ctum
478 3908 529 3960 in
557 3908 755 3959 honore
782 3905 999 3973 positus,
1028 3903 1151 3970 quid
1177 3904 1241 3957 de
1267 3904 1359 3957 illo
1388 3904 1582 3956 dictum
1606 3910 1687 3957 est
1711 3903 1827 3956 audi
1850 3918 1871 3960 :

307 4001 470 4053 Homo
500 3999 550 4051 in
582 3996 766 4049 honore
804 3997 989 4065 positus
1019 4012 1116 4047 non
1152 3995 1392 4048 intellexit
1414 4014 1433 4061 ;
1461 4005 1773 4063 comparatus
1802 4005 1873 4049 est

295 4090 536 4160 jumentis
557 4086 837 4148 iusensatis,
860 4095 903 4138 et
918 4084 1094 4139 similis
1113 4087 1272 4155 factus
1293 4095 1362 4137 est
1382 4086 1482 4137 illis
1500 4083 1671 4155 (Psal.
1693 4102 1867 4153 xtvut,

308 4184 414 4250 15).
442 4180 573 4247 Quia
601 4194 727 4249 ergo
754 4193 857 4231 non
889 4186 971 4233 est
999 4192 1244 4247 pecorum
1276 4178 1628 4248 congregatio,
1659 4194 1756 4234 nec
1784 4180 1871 4234 diu

302 4274 667 4329 disserendum
692 4282 792 4337 cst,
820 4288 915 4327 nec
934 4272 1233 4343 diligentius
1252 4272 1754 4335 commendandum;
1779 4274 1871 4328 sed

301 4367 418 4436 quia
462 4366 730 4419 hominum
761 4375 869 4431 est,
900 4380 1121 4435 quorum
1165 4364 1434 4419 hominum
1476 4366 1542 4418 sit
1580 4367 1678 4419 hoc
1708 4365 1871 4419 debe-

304 4473 420 4511 mus
450 4457 762 4527 intclligere.
796 4456 906 4509 Non
939 4459 1117 4524 utique
1142 4471 1323 4509 eorum
1351 4456 1617 4509 hominum
1649 4464 1750 4521 est,
1782 4456 1869 4525 qui

303 4549 351 4601 in
382 4547 581 4601 honore
613 4546 765 4616 positi
793 4562 892 4598 non
925 4547 1296 4615 intclligentes,
1324 4546 1612 4615 comparati
1642 4557 1763 4599 sunt
1785 4547 1872 4615 ju-

303 4640 490 4691 mentis
515 4638 810 4695 insensatis.
838 4644 891 4689 et
912 4636 1109 4689 similes
1137 4635 1253 4688 facti
1281 4645 1401 4687 sunt
1424 4636 1535 4696 eis;
1566 4636 1656 4689 sed
1686 4651 1871 4691 eorum

299 4730 387 4795 qui
434 4728 748 4796 intelligunt.
784 4725 1085 4779 Pricscribit
1124 4727 1260 4778 enim
1301 4724 1402 4779 hoc
1432 4725 1610 4778 titulus
1640 4726 1868 4795 Psalmi,

299 4823 481 4875 dicens
509 4838 522 4874 :
560 4819 845 4873 Intellectus
873 4818 1067 4888 Asaph.
1112 4816 1448 4887 Intelligcns‘
1474 4832 1600 4886 ergo
1628 4817 1868 4887 quiedam

299 4912 637 4979 congregatio
659 4919 755 4975 est,
783 4909 932 4978 cujus
954 4922 1135 4962 vocem
1157 4906 1381 4961 audituri
1407 4922 1605 4960 sumus.
1629 4906 1731 4961 Sed
1749 4924 1871 4976 quo-

302 5004 441 5055 niam
489 5003 697 5071 proprie
737 5004 1009 5072 Synagoga
1040 5000 1290 5053 dictaest
1321 5000 1655 5071 congregatio
1694 5001 1868 5069 pepuli

301 5093 479 5155 Israel,
512 5093 579 5144 ita
607 5102 664 5145 ut
693 5092 1005 5159 ubicumque
1035 5090 1353 5143 audierimus
1381 5090 1731 5159 Synagogam,
1763 5104 1866 5143 non

296 5184 402 5251 jam
447 5184 711 5235 soleamus
755 5182 1045 5250 intelligere
1089 5180 1186 5234 nisi
1228 5179 1475 5255 populum
1523 5178 1866 5241 Iudaeorum;

302 5273 572 5328 videamus
602 5288 666 5327 ne
706 5272 842 5326 forte
882 5271 1046 5340 ipsius
1076 5285 1175 5324 vox
1208 5271 1275 5323 sit
1305 5271 1355 5323 in
1386 5270 1485 5323 isto
1513 5268 1732 5337 psalmo.
1763 5266 1867 5323 Sed

362 5454 381 5519 ξ
413 5452 625 5519 δὶᾳμεεε
640 5456 709 5519 fat
730 5446 861 5519 laid,
886 5453 936 5519 et
951 5446 1094 5519 salies
1114 5451 1159 5519 te
1189 5459 1296 5519 cum
1312 5446 1599 5497 amatoribus
1623 5450 1746 5519 eius.

362 5516 383 5545 ²
417 5512 548 5571 r1dd.,
581 5511 785 5562 attende.
812 5516 869 5572 at
904 5516 1028 5565 ttss.,
1049 5510 1227 5572 tende:
1253 5506 1511 5571 pluresque
1537 5520 1599 5557 ex
1637 5506 1694 5558 iis
1728 5507 1870 5572 paulo

299 5583 407 5637 post
430 5574 625 5632 habent,
654 5583 771 5635 rape
793 5571 857 5620 ad
882 5582 1028 5618 unum
1045 5571 1183 5641 etfac
1206 5582 1366 5619 unum.
1733 5571 1738 5572 ’

364 5637 383 5667 ³
420 5637 592 5697 ttegius
629 5633 770 5690 liber,
810 5631 1004 5681 ardore.
1030 5628 1116 5679 ΑΙιι
1152 5639 1252 5679 Mss.
1292 5645 1401 5680 cum
1430 5630 1565 5693 add,
1589 5627 1739 5683 odore
1765 5643 1784 5683 :
1806 5641 1869 5681 an

299 5697 757 5768 forensem
1247 5752 1259 5768 _.

362 5759 383 5788 ⁸
416 5751 486 5807 sic
506 5760 686 5822 aliquot
719 5767 821 5808 Mss.
847 5751 932 5802 Alii
958 5765 1066 5803 cum
1086 5752 1219 5809 add.
1242 5752 1518 5803 intellectus.

1355 342 1747 399 ENARR.\TIO
1788 341 1851 395 IN
1892 341 2207 399 PSALMUM
2253 344 2483 400 LXXIII.

3436 355 3542 412 950

1972 454 2207 522 qualium
2231 454 2554 519 Jinlnrortnu,
2577 467 2630 510 et
2652 448 2818 528 qualis
2840 459 3015 527 populi
3039 459 3235 514 Israel?
3260 461 3371 517 Non
3397 465 3539 520 enim

1975 547 2157 613 palear.
2189 548 2279 599 sed
2312 546 2447 601 forte
2473 550 2714 603 frumenti
2750 550 2955 620 (Matth.
2987 566 3061 612 nt,
3095 552 3209 618 12);
3239 569 3340 606 non
3367 571 3542 609 ramo-

1972 648 2087 686 rum
2124 636 2404 689 fractorum
2436 636 2622 708 (Rom.
2654 654 2725 702 xi,
2760 641 2880 710 I7),
2910 638 3001 693 sed
3039 641 3170 693 forte
3199 642 3541 699 confirmato-

1971 739 2107 778 rnm.
2136 722 2255 777 Non
2285 727 2413 777 euint
2441 743 2608 780 omnes
2633 728 2719 796 qui
2742 740 2856 781 sunt
2882 746 2942 781 ex
2962 730 3140 794 Israel,
3169 732 3219 783 hi
3239 744 3353 785 sunt
3374 733 3543 789 Israe-

1972 814 2075 866 lita’
2094 831 2111 877 ;
2133 816 2219 866 sed
2244 816 2294 867 in
2322 814 2488 877 Isaac,
2520 818 2705 887 inquit,
2736 821 2987 872 vocabitur
3007 822 3093 874 tibi
3111 840 3275 876 semen
3298 840 3314 876 :
3337 824 3427 877 hoc
3446 838 3539 888 est,

1971 923 2068 959 non
2096 907 2145 958 hi
2171 908 2257 977 qui
2283 910 2376 974 ﬁlii
2405 912 2588 973 curuis,
2619 912 2669 962 hi
2699 911 2791 979 ﬁlii
2822 911 2951 975 Dei;
2973 914 3060 966 sed
3081 915 3176 980 ﬁlii
3201 918 3542 981 promissionis

1970 996 2272 1065 deputantur
2298 998 2349 1051 in
2382 1001 2566 1052 semine
2594 1000 2700 1071 (Id.
2732 1018 2804 1070 ix,
2836 1003 2975 1075 6-8).
3012 1003 3145 1059 Sunt
3166 1023 3292 1076 ergo
3322 1010 3537 1077 quidam

1972 1087 2241 1150 Israelitze,
2270 1106 2334 1143 ex
2357 1092 2545 1161 quibus
2568 1102 2681 1146 erat
2707 1094 2793 1149 ille
2814 1095 2879 1149 de
2905 1112 3011 1165 quo
3037 1097 3234 1153 dictum
3264 1112 3345 1154 est
3372 1120 3383 1153 ε
3410 1101 3541 1157 Ecce

1970 1191 2080 1230 vere
2106 1177 2372 1246 Israelita,
2407 1183 2457 1234 in
2485 1199 2581 1251 quo
2610 1182 2754 1237 dolus
2784 1202 2882 1237 non
2913 1196 2982 1239 est
3013 1185 3188 1258 (Joan.
3218 1205 3253 1256 ι,
3285 1191 3395 1261 47).
3423 1192 3539 1249 Non

1971 1272 2259 1326 secundum
2289 1274 2386 1328 hoc
2406 1275 2546 1339 dico,
2574 1276 2711 1344 quod
2736 1288 2786 1330 ct
2807 1294 2904 1331 nos
2924 1279 3171 1335 Israelita:
3194 1298 3392 1346 sumus,
3417 1286 3537 1351 quia

1970 1370 2025 1415 et
2052 1378 2146 1415 nos
2172 1378 2351 1417 semen
2380 1365 2603 1419 Abraha:
2627 1382 2842 1432 sumus;
2866 1367 3121 1424 Gentibus
3143 1374 3335 1441 quippe
3358 1375 3540 1444 loque-

1970 1453 2124 1509 batur
2162 1456 2444 1526 Apostolus
2466 1498 2481 1524 ,
2525 1474 2643 1512 cum
2678 1460 2876 1514 diceret
2907 1479 2919 1514 :
2950 1460 3086 1532 Ergo
3124 1480 3288 1517 semen
3324 1467 3543 1524 Abrahae

1970 1551 2112 1612 estis,
2143 1554 2415 1605 secundum
2456 1554 2830 1621 promissionem
2870 1555 3089 1608 hwredes
3120 1555 3272 1625 (Gal.
3304 1575 3387 1626 In,
3413 1561 3530 1633 29).

1968 1637 2266 1693 Secundum
2309 1642 2407 1696 hoc
2450 1658 2575 1710 ergo
2618 1658 2801 1696 omnes
2839 1643 3120 1713 Israelitm,
3153 1649 3239 1718 qui
3271 1651 3541 1719 sequimur

1970 1731 2186 1798 vestigia
2218 1731 2336 1785 lidei
2368 1734 2526 1800 patris
2552 1734 2715 1787 nostri
2744 1734 2988 1790 Abrahae.
3021 1737 3123 1792 Sed
3151 1739 3243 1792 illo
3270 1742 3427 1795 modo
3455 1743 3539 1797 hic

1970 1819 2317 1889 intelligamus
2342 1822 2690 1877 Israelitarum
2719 1840 2923 1891 vocem,
2953 1828 3219 1896 quomodo
3242 1830 3373 1883 dixit
3397 1832 3540 1899 Apo-

1968 1912 2135 1964 stolus
2168 1930 2179 1965 :
2214 1910 2346 1964 Nunt
2378 1924 2422 1997 et
2454 1931 2545 1983 ego
2590 1914 2822 1968 Israelita
2853 1933 2964 1969 sum
2991 1933 3052 1971 ea:
3076 1920 3260 1973 semine
3288 1920 3537 1991 Abrahae,

1969 2002 2031 2055 de
2054 2002 2181 2055 tribu
2210 2002 2472 2074 Benjumin
2501 2005 2671 2076 (Rom.
2704 2023 2776 2072 xt,
2807 2008 2882 2074 l).
2915 2008 3010 2062 I'Iic
3034 2024 3160 2078 ergo
3186 2010 3540 2081 intelligamus

1968 2094 2106 2162 quod
2152 2093 2427 2161 Propheta:
2468 2094 2715 2150 dixerunt
2751 2113 2764 2149 :
2800 2096 3046 2165 Reliquiae
3082 2099 3233 2152 salva:
3270 2100 3389 2166 ﬁent
3414 2100 3537 2171 (Id.

1971 2199 2041 2246 ix,
2070 2183 2183 2254 27).
2214 2184 2574 2256 Reliquiarum
2606 2186 2783 2256 itaque
2808 2188 3126 2242 salvatarum
3152 2189 3426 2244 audiamus
3455 2192 3541 2246 hic

1970 2290 2189 2335 vocem;
2224 2284 2278 2328 ut
2312 2275 2553 2345 loquatur
2579 2275 2852 2347 Synagoga
2874 2319 2889 2343 ,
2920 2295 3038 2348 qua:
3072 2290 3349 2349 acceperat
3379 2282 3544 2337 Vetus

1970 2364 2392 2431 Tcsmmcntuui,
2422 2376 2475 2421 et
2508 2367 2707 2422 intenta
2747 2378 2860 2422 erat
2896 2369 2947 2423 in
2989 2372 3244 2439 promissa
3274 2374 3538 2439 carnalia;

1971 2465 2024 2508 et
2049 2472 2109 2509 ex
2140 2455 2241 2510 hoc
2269 2455 2461 2510 factum
2490 2466 2573 2512 est
2600 2467 2655 2510 ut
2680 2466 2930 2513 notarent
2956 2460 3003 2513 ei
3032 2460 3211 2529 pedes.
3244 2461 3379 2516 Nam
3405 2473 3454 2517 et
3488 2464 3541 2519 iu

1970 2545 2075 2598 alio
2104 2544 2327 2614 quodam
2359 2546 2561 2615 psalmo
2580 2587 2595 2611 ,
2627 2545 2717 2600 ubi
2746 2548 2903 2601 etiam
2933 2548 3113 2603 titulus
3145 2548 3301 2604 habet
3336 2553 3502 2621 Asaph
3522 2597 3537 2618 ,

1972 2638 2094 2706 quid
2133 2638 2359 2692 dicitur?
2399 2637 2561 2705 Quam
2598 2638 2757 2692 bonus
2795 2637 2937 2694 Deus
2973 2640 3139 2697 Israel
3178 2643 3322 2697 rectis
3358 2644 3545 2697 corde!

1974 2725 2079 2781 Mei
2102 2738 2267 2782 autent
2291 2746 2414 2801 pene
2441 2730 2561 2785 moli
2587 2740 2705 2786 sunt
2742 2733 2909 2803 pedes.
2939 2734 3005 2788 Et
3028 2735 3175 2803 quasi
3200 2736 3494 2792 diceremus
3523 2718 3549 2791 :i

1973 2820 2124 2880 Unde
2150 2822 2240 2876 tibi
2272 2823 2397 2877 moti
2428 2834 2550 2878 sunt
2578 2823 2781 2893 pedes?
2813 2824 2980 2878 Paulo
3008 2826 3199 2889 minus,
3234 2828 3437 2897 inquit,
3464 2830 3543 2899 ef-

1932 2952 1933 2957 η
1973 2916 2074 2986 fusi
2092 2925 2204 2968 sunt
2223 2932 2419 2985 gressus
2448 2917 2560 2981 ntei,
2586 2916 2704 2986 quia
2728 2918 2884 2971 zelavi
2909 2919 2960 2970 in
2988 2920 3342 2987 peccatoribus,
3372 2939 3545 2989 parem

1973 3018 2285 3075 peccatorum
2329 3009 2546 3062 intuens.
2592 3008 2724 3063 Cum
2770 3009 2911 3063 enim
2955 3010 3243 3064 secundum
3284 3014 3543 3081 promissa

1974 3099 2065 3153 Dei
2092 3099 2156 3152 ad
2188 3099 2343 3154 Vetus
2364 3101 2759 3155 Testamentum
2789 3101 3100 3169 pertinentia
3125 3112 3452 3172 expectaret
3478 3105 3547 3157 fe-

1973 3189 2224 3244 licitatem
2253 3199 2547 3256 terrenam,
2576 3190 2943 3244 animadvertit
2969 3206 3086 3244 eam
3111 3192 3377 3246 abundare
3405 3194 3543 3261 apud

1975 3280 2199 3349 impios;
2230 3281 2279 3334 in
2308 3280 2390 3335 his
2414 3281 2575 3335 rebus
2604 3296 2733 3350 quas
2762 3283 3106 3349 exspectabat
3130 3299 3158 3334 a
3188 3283 3315 3348 Deo,
3348 3286 3547 3352 pollere

1971 3372 2089 3427 illos
2117 3373 2202 3442 qui
2237 3389 2337 3427 non
2368 3373 2604 3427 colerent
2634 3373 2833 3437 Deum;
2865 3383 2918 3428 et
2953 3385 3196 3444 tauquam
3234 3377 3349 3431 sine
3385 3393 3542 3433 causa

1973 3462 2082 3517 Deo
2108 3463 2374 3524 servisset,
2402 3471 2717 3517 putaverunt
2746 3463 2906 3531 pedes
2932 3462 3065 3531 ejus.
3100 3459 3176 3516 Ibi
3198 3466 3339 3518 enim
3369 3465 3493 3519 dicit
3524 3484 3539 3520 :

1973 3554 2104 3607 Ecce
2129 3554 2223 3620 ipsi
2261 3569 2568 3620 peccatores,
2599 3562 2650 3605 et
2675 3562 2981 3605 abunaautes
3020 3553 3069 3604 in
3108 3555 3289 3607 swculo
3315 3555 3541 3607 obtinue-

1972 3653 2089 3695 runt
2127 3643 2342 3695 divitias.
2388 3640 2646 3710 Numquid
2687 3642 2737 3693 in
2784 3657 2909 3694 vano
2942 3643 3218 3710 justiﬁcavi
3257 3660 3343 3697 cor
3383 3662 3543 3698 meum

1974 3733 2143 3803 (Psal.
2175 3749 2330 3793 Lxxn.
2362 3734 2412 3798 I,
2440 3733 2495 3795 2,
2526 3734 2579 3793 5,
2616 3733 2703 3797 I2,
2734 3730 2861 3802 15)?
2896 3732 3075 3787 Videte
3099 3734 3540 3802 quemadmodum

1973 3824 2130 3894 paqu
2152 3824 2323 3876 minus
2344 3822 2491 3876 eiI'usi
2519 3832 2637 3875 sunt
2666 3837 2877 3891 gressus
2903 3822 3035 3891 ejus,
3066 3833 3121 3874 ut
3144 3822 3250 3889 jam
3281 3824 3420 3877 dicat
3442 3826 3541 3881 sibi

1971 3912 2145 3967 anima
2178 3929 2191 3965 :
2221 3912 2347 3978 Quae
2376 3912 2595 3973 utilitas,
2624 3911 2745 3979 quia
2776 3913 2947 3965 servio
2976 3911 3120 3965 Dco?
3151 3912 3286 3967 Ecce
3320 3914 3407 3969 ille
3437 3931 3541 3969 non

1973 4008 2170 4066 servit,
2211 4014 2263 4056 et
2294 4001 2416 4055 felix
2448 4011 2559 4064 est;
2592 4016 2689 4071 ego
2715 4003 2919 4066 servio,
2951 4010 3002 4055 et
3032 4002 3231 4057 laboro.
3272 4012 3544 4059 Postremo

1977 4105 2097 4166 puta
2129 4096 2248 4166 quia
2278 4110 2375 4164 ego
2407 4093 2526 4148 felix
2558 4108 2714 4158 sum;
2746 4093 2954 4162 quando
2988 4104 3040 4148 et
3070 4094 3157 4149 ille
3194 4095 3315 4150 felix
3347 4096 3540 4166 estqui

1974 4207 2076 4245 non
2121 4190 2314 4254 servit,
2345 4204 2505 4257 quare
2548 4202 2631 4241 me
2672 4195 2846 4255 putem
2890 4186 3007 4241 ideo
3046 4186 3248 4241 felicem
3277 4203 3394 4242 esse
3421 4190 3540 4255 quia

1974 4281 2178 4336 servio?
2203 4279 2287 4332 Ille
2307 4290 2478 4332 autem
2502 4276 2733 4346 psalmus
2749 4278 2897 4345 cujus
2920 4278 3275 4331 testimonium
3299 4278 3541 4347 produxi,

1976 4371 2223 4440 praecedit
2250 4371 2404 4423 istum
2435 4381 2590 4437 quem
2620 4383 2757 4421 nunc
2784 4367 2833 4420 in
2865 4367 3105 4421 manibus
3136 4368 3407 4422 habemus.

2043 4463 2095 4516 2.
2125 4461 2426 4530 Opportune
2452 4468 2626 4512 autem
2656 4474 2759 4512 non
2778 4474 2843 4511 ex
2875 4466 3071 4519 nostra,
3100 4457 3193 4512 sed
3219 4472 3281 4511 ex
3314 4457 3404 4511 Dei
3432 4456 3546 4511 dis-

1976 4552 2279 4621 pensatione
2306 4550 2498 4603 factum
2529 4556 2628 4610 cst,
2656 4558 2711 4602 ut
2754 4547 2910 4600 modo
2950 4545 3252 4601 audiremus
3279 4562 3343 4601 ex
3374 4547 3545 4601 Evan-

1973 4644 2140 4714 gelio,
2174 4642 2302 4709 Quia
2342 4640 2423 4693 lea:
2461 4657 2547 4709 per
2576 4640 2785 4709 Moysen
2817 4639 2935 4691 data
2960 4650 3065 4703 est;
3097 4636 3270 4691 Gratia
3297 4650 3341 4691 et
3370 4640 3546 4692 ueritas
3591 4632 3598 4643 ’

1976 4751 2065 4803 per
2088 4733 2265 4786 Iesum
2293 4731 2543 4784 Christum
2579 4733 2713 4801 facta
2752 4738 2822 4782 est
2851 4728 3041 4799 (Joan.
3072 4745 3108 4795 ι,
3150 4729 3213 4781 I7
3236 4730 3277 4797 ).
3311 4727 3364 4781 Si
3402 4729 3543 4783 enim

1973 4826 2323 4881 discernimus
2350 4824 2454 4877 duo
2494 4822 2828 4875 Testamenta
2850 4859 2866 4886 ,
2896 4820 3059 4874 Vetus
3085 4830 3137 4873 et
3164 4819 3366 4891 Novum
3389 4860 3403 4883 ,
3439 4834 3544 4873 non

1974 4925 2097 4968 sunt
2120 4914 2302 4969 eadem
2332 4913 2691 4975 Sacramenta,
2715 4925 2811 4964 nec
2835 4909 3017 4964 eadem
3047 4910 3333 4978 promissa;
3360 4909 3545 4964 eadem

1975 5015 2150 5059 tamen
2194 5005 2445 5074 pleraque
2484 5010 2766 5071 princepta.
2806 5000 2973 5066 Nam,
3010 4999 3127 5053 Non
3171 5001 3393 5067 occides,
3425 5000 3546 5054 Non

1974 5095 2313 5156 tuaac/laberis,
2347 5094 2465 5146 Non
2494 5091 2760 5164 furaberis,
2792 5090 2999 5144 Honora
3026 5102 3216 5159 patrem
3244 5103 3288 5145 et
3316 5104 3543 5156 matrem,

1976 5187 2096 5241 Non
2125 5188 2309 5257 falsum
2338 5186 2675 5239 testintoniunt
2701 5183 2887 5236 dixeris
2906 5222 2920 5246 ,
2954 5180 3072 5234 Non
3102 5183 3416 5250 concupisces
3442 5198 3545 5234 rem

1974 5280 2189 5349 proximi
2208 5279 2298 5341 tui,
2324 5276 2445 5330 Non
2465 5275 2782 5344 concupisces
2802 5289 3007 5327 uxorem
3028 5274 3241 5342 proximi
3263 5275 3333 5326 tui
3354 5272 3541 5343 (Exod.

1972 5386 2041 5427 xx
2060 5411 2077 5437 ,
2110 5369 2271 5425 12-17
2294 5372 2308 5436 )
2329 5410 2343 5433 ,
2370 5378 2424 5421 et
2452 5367 2602 5422 nobis
2632 5375 2945 5435 prmceptum
2975 5373 3095 5431 est;
3134 5374 3187 5419 et
3222 5362 3454 5433 quisquis
3480 5378 3544 5417 ea

1974 5477 2078 5516 non
2104 5458 2461 5515 observaverit
2481 5499 2494 5522 ,
2523 5457 2693 5513 deviat
2712 5497 2729 5522 ,
2756 5470 2853 5511 nec
2889 5456 3106 5510 omnino
3134 5454 3322 5522 dignus
3349 5460 3432 5506 est
3455 5453 3545 5520 qui

1972 5551 2219 5622 accipere
2240 5550 2256 5582 ‘
2286 5557 2548 5603 mereatur
2577 5557 2808 5603 montem
2836 5556 3076 5601 sanctum
3108 5542 3218 5607 Dei,
3245 5540 3311 5594 de
3338 5554 3443 5610 quo
3466 5542 3547 5595 di-

1972 5652 2119 5702 ctum
2152 5650 2237 5699 est
2266 5657 2280 5695 :
2312 5638 2436 5711 Quis
2464 5642 2702 5699 habitabit
2736 5643 2787 5697 in
2816 5636 3134 5697 tabernaculo
3170 5644 3293 5700 tuo;
3320 5644 3407 5689 aut
3433 5639 3547 5706 quis

2034 5766 2048 5797 ι
2074 5761 2183 5813 Duo
2204 5760 2313 5812 Mss.
2326 5800 2339 5825 ,
2354 5756 2628 5812 ascendere.
