4020 6198
456 373 551 429 931

455 490 721 560 requiescat
748 485 798 537 in
824 488 988 533 monte
1014 486 1187 553 sancto
1214 485 1297 527 tuo
1323 469 1493 540 (Paul.
1527 484 1639 535 xw,
1666 467 1754 536 l)?
1781 465 2029 520 lnnocens

458 556 719 642 munibus,
750 584 794 628 et
819 580 1006 625 mtmao
1037 566 1219 623 corde‘
1249 562 1430 635 (Psal.
1472 560 1596 615 mn
1616 601 1631 624 ,
1663 559 1696 613 4
1716 560 1752 626 ).
1789 556 2031 609 Discussa

458 687 584 739 ergo
612 673 890 737 praesepia,
918 669 1008 715 aut
1035 656 1210 713 omnia
1235 653 1420 710 eadem
1451 650 1806 711 inveniuntur,
1831 655 1921 699 aut
1947 643 2033 695 vix

459 731 632 828 aliqua
666 756 717 809 in
756 731 1043 821 Evangelio
1069 762 1187 817 qua:
1224 759 1328 799 non
1366 742 1503 796 dicta
1543 739 1649 792 sint
1675 752 1702 789 a
1734 731 2031 803 Prnpbetis.

465 851 731 915 Prmcepta
769 844 989 906 eadem;
1025 840 1361 895 Sacramenta
1393 846 1498 886 non
1524 826 1708 884 eadem
1729 866 1743 889 ,
1776 821 2034 893 promissa

464 956 567 995 nun
600 938 804 993 eadem.
838 934 1122 988 Videamus
1150 941 1313 998 quare
1356 930 1614 994 prmcepta
1654 915 1839 971 eadem
1870 930 1882 966 :
1913 911 2034 981 quia

462 1031 750 1090 secundum
779 1030 891 1082 hcce
919 1028 1025 1080 Deo
1046 1025 1246 1078 servire
1265 1018 1541 1074 debemus.
1568 1012 1904 1067 Sacramenta
1931 1019 2034 1058 non

463 1126 670 1184 eadem,
694 1123 815 1190 quia
841 1119 942 1173 alia
967 1125 1090 1171 sunt
1108 1114 1448 1170 Sacramenta
1471 1105 1643 1160 dantia
1670 1102 1914 1159 salutem,
1937 1096 2037 1151 alia

466 1210 818 1285 prominentia
841 1210 1185 1263 Salvatorem.
1209 1202 1547 1256 Sacramenta
1569 1192 1699 1248 Novi
1717 1186 2039 1244 'l‘estamenti

465 1307 588 1360 dant
614 1304 835 1356 salutem
858 1317 872 1363 ;
898 1299 1233 1353 Sacramenta
1258 1289 1467 1344 Veteris
1493 1281 1813 1341 Testamenti
1845 1277 2041 1349 promi-

466 1405 650 1452 serunt
678 1394 1024 1449 Smivatorem.
1057 1384 1188 1441 Cum
1222 1399 1348 1453 ergo
1382 1380 1489 1449 jam
1529 1389 1709 1431 teneas
1747 1370 2001 1442 promissa
2022 1409 2039 1435 ,

467 1487 592 1557 quid
628 1486 819 1555 quaeris
862 1479 1213 1553 promittentia
1238 1517 1252 1541 ,
1296 1473 1496 1527 habens
1530 1471 1640 1538 jam
1677 1460 2042 1521 Salvatorem?

469 1580 581 1635 Hoc
609 1578 747 1643 dico,
779 1586 957 1631 teneas
984 1571 1242 1643 promissa
1259 1569 1302 1633 ³,
1333 1581 1434 1620 non
1463 1560 1603 1633 quod
1639 1559 1746 1629 jam
1774 1552 2043 1624 acceperi-

470 1687 591 1727 mus
617 1673 777 1725 vitam
804 1677 1054 1723 aeternam
1077 1682 1092 1729 ;
1123 1662 1214 1717 sed
1241 1660 1361 1731 quia
1396 1658 1503 1727 jam
1542 1653 1744 1710 venerit
1772 1650 2042 1713 Christus,

470 1765 556 1832 qui
594 1777 689 1832 per
728 1758 1016 1828 Prophetas
1050 1750 1515 1826 przenuntiabatur.
1557 1745 1750 1800 Mutata
1787 1742 1909 1795 sunt
1946 1737 2046 1793 Sa-

471 1862 774 1915 cramenta;
807 1850 938 1903 facta
970 1854 1094 1902 sunt
1118 1844 1351 1902 faciliora
1370 1884 1384 1907 ,
1411 1831 1655 1910 pauciora
1676 1876 1690 1900 ,
1721 1831 2041 1893 salubriora,

473 1942 729 1997 feliciora.
760 1930 1023 1994 Promissa
1050 1950 1211 2005 quare
1245 1948 1349 1987 non
1377 1924 1759 1993 eadem‘tQuia
1792 1921 2048 1992 promissa

472 2044 555 2090 est
581 2044 719 2089 terra
746 2031 994 2087 Chanaan
1017 2071 1032 2095 ,
1064 2040 1200 2083 terra
1224 2025 1437 2094 copiosa
1458 2064 1472 2088 ,
1500 2021 1796 2078 fructuosa,
1828 2012 2049 2069 afﬂuens

476 2127 615 2180 lacte
646 2135 700 2179 et
729 2122 922 2185 melle;
955 2118 1270 2188 promissum
1312 2126 1532 2183 regnum
1574 2105 1892 2176 temporale,
1921 2116 2049 2173 pro-

476 2221 637 2272 missa
668 2213 888 2269 felicitas
917 2209 1095 2265 saeculi
1118 2250 1131 2275 ,
1165 2206 1423 2277 promissa
1457 2199 1749 2257 fecunditas
1786 2195 2011 2252 filiorum
2031 2234 2047 2260 ,

476 2306 733 2378 promissa
774 2301 1034 2371 subiectio
1074 2298 1411 2354 inimicorum
1434 2290 1636 2363 (Exod.
1677 2304 1767 2352 ιιι,
1796 2287 1860 2356 8)
1895 2302 1908 2338 :
1938 2283 2052 2338 haec

476 2377 653 2452 omnia
684 2395 748 2450 ad
780 2404 1043 2449 terrenam
1083 2388 1382 2445 felicitatem
1426 2384 1709 2455 pertinent.
1747 2377 1850 2434 Sed
1889 2388 2053 2446 quare

476 2491 587 2559 ipsa
611 2489 781 2558 primo
804 2484 1032 2557 promitti
1058 2478 1366 2552 oportebat?
1386 2476 1517 2544 Quia
1546 2493 1563 2525 ι
1594 2489 1695 2527 non
1725 2472 1893 2541 primo
1914 2465 2053 2538 quod

477 2581 750 2651 spirituale
786 2588 899 2640 est,
932 2575 1024 2629 scd
1063 2572 1202 2643 quod
1242 2569 1504 2633 animale;
1545 2575 1762 2636 postea,
1802 2580 1820 2615 ι
1852 2559 2048 2629 inquit,

484 2692 503 2725 ι
538 2671 831 2742 Spirituale.
865 2669 1070 2724 Primus
1105 2668 1264 2720 homo
1289 2662 1355 2716 de
1383 2648 1521 2715 terra
1552 2666 1829 2720 terrenus;
1861 2667 2053 2707 secun-

478 2764 580 2819 dus
608 2763 767 2817 homo
793 2761 861 2815 de
890 2759 1026 2815 cmlo
1051 2754 1285 2812 caelestis
1313 2770 1327 2805 :
1357 2749 1524 2823 qualis
1548 2757 1813 2811 terrenus,
1842 2742 1974 2797 tales
2002 2748 2058 2796 et

481 2853 708 2917 terreni;
744 2862 799 2907 et
833 2850 1003 2921 qualis
1043 2846 1312 2907 caelestis,
1345 2842 1477 2897 tales
1514 2848 1567 2895 et
1603 2836 1866 2893 ccelestes.
1909 2832 2058 2887 Sicut

480 2947 806 3019 portavimus
835 2942 1113 3012 imaginem
1143 2936 1374 3001 terreni,
1400 2941 1672 3005 portemus
1696 2936 1749 2984 et
1774 2924 2059 2996 imaginem

481 3017 597 3109 ejus
622 3037 707 3107 qui
737 3036 805 3091 de
831 3034 967 3090 coelo
995 3042 1075 3086 est
1106 3050 1125 3082 ι
1160 3029 1214 3098 (l
1246 3027 1362 3083 Cor.
1395 3042 1484 3091 xv,
1511 3018 1729 3095 ιιι-ιθ).
1762 3019 1840 3075 Ad
1871 3017 2059 3086 imagi-

484 3107 605 3184 nem
634 3127 831 3182 terreni
872 3124 1099 3194 pertinet
1129 3121 1287 3175 Vetus
1312 3116 1704 3172 Testamentum
1729 3129 1743 3175 ;
1776 3110 1842 3164 ad
1871 3107 2058 3178 imagi-

486 3217 607 3268 nem
632 3211 865 3267 caelestis
889 3208 1089 3263 Novum
1115 3204 1529 3260 Testamentum.
1558 3198 1663 3254 Sed
1689 3211 1756 3251 ne
1782 3196 2061 3265 quisquam

486 3312 695 3374 putaret
730 3301 797 3355 ab
835 3300 938 3354 alio
972 3297 1164 3352 factum
1202 3308 1321 3349 esse
1358 3291 1631 3344 hominem
1663 3296 1928 3341 terrenum
1949 3324 1964 3349 ,
1994 3282 2063 3337 ab

487 3397 591 3451 alio
614 3393 882 3457 cmlestem
906 3406 921 3454 ;
949 3388 1068 3443 ideo
1093 3387 1234 3441 Deus
1256 3381 1543 3439 ostendens
1566 3393 1624 3433 se
1647 3390 1765 3432 esse
1790 3374 2064 3442 utriusque

488 3495 803 3549 creatorem,
829 3481 986 3536 etiam
1018 3476 1291 3546 utriusque
1317 3468 1638 3526 Testamenti
1667 3481 1728 3521 se
1754 3479 1874 3520 esse
1902 3462 2065 3517 voluit

489 3588 795 3638 auctorem;
823 3586 878 3627 ut
905 3582 959 3626 et
988 3578 1197 3624 terrena
1226 3563 1555 3636 promitteret
1582 3559 1635 3615 in
1660 3558 1853 3614 Vetere
1876 3555 2067 3611 Testa-

491 3680 691 3734 mento,
718 3677 769 3721 et
791 3664 1025 3720 cmlestia
1056 3662 1107 3715 in
1133 3658 1281 3714 Novo
1300 3656 1660 3710 Testamento.
1687 3648 1793 3705 Sed
1818 3646 2065 3718 quamdiu

488 3760 679 3832 prius'
718 3757 878 3812 homo
919 3762 1161 3808 terrenus
1202 3747 1294 3804 es?
1335 3743 1586 3817 quamdiu
1634 3751 1841 3797 terrena
1885 3734 2066 3805 sapis?

494 3826 757 3921 l\'umqnid
799 3845 1045 3917 quoniam
1092 3854 1259 3912 puero
1302 3837 1493 3891 dantur
1532 3832 1771 3903 qumdam
1815 3826 2065 3898 puerilia,

498 3944 698 3998 ludicra
735 3938 926 4010 quibus
963 3932 1182 4004 puerilis
1221 3930 1429 3983 animus
1470 3931 1747 3986 avocetur,
1790 3926 2069 3990 propterea

497 4030 866 4107 grandescenti
896 4042 999 4082 non
1024 4023 1076 4080 ei
1102 4020 1435 4077 excutiuntur
1459 4031 1489 4071 e
1512 4013 1773 4077 manibus,
1796 4018 1854 4063 ut
1875 4005 2071 4077 aliquid

497 4102 605 4199 im“
643 4124 819 4179 “unus
854 4124 1076 4181 ll‘aClcl,
1105 4113 1244 4185 quod
1282 4109 1535 4182 grandem
1573 4104 1761 4161 decet?
1794 4102 2070 4156 Verumta-

502 4235 623 4274 men
655 4225 707 4270 tn
738 4216 849 4282 ipse
876 4208 1066 4265 dedisti
1098 4205 1207 4259 filio
1235 4212 1346 4267 tuo,
1373 4212 1425 4255 et
1454 4211 1615 4253 nuces
1644 4193 1880 4264 parvulo,
1907 4198 1956 4245 et
1983 4202 2073 4242 co-

503 4313 676 4365 dicem
701 4292 913 4376 grandi.
940 4300 1054 4355 Non
1080 4310 1207 4366 ergo
1227 4334 1244 4361 ,
1273 4292 1394 4363 quia
1426 4290 1511 4343 illa
1535 4286 1684 4359 quasi
1714 4283 1913 4339 ludicra
1943 4293 2074 4350 pue-

504 4416 685 4457 rerum
734 4396 1011 4465 Deus‘per
1051 4387 1254 4443 Novum
1299 4382 1693 4438 Testamentum
1738 4370 1970 4429 excussit
2009 4369 2077 4424 de

507 4490 749 4547 inanibus
771 4461 1021 4546 filiorum,
1047 4488 1104 4533 ut
1127 4473 1326 4545 aliquid
1350 4471 1524 4526 utilius
1548 4468 1700 4523 daret
1722 4461 2076 4535 grandescen-

509 4585 669 4648 tibus,
694 4586 973 4650 propterea
1004 4570 1178 4641 priora
1204 4566 1292 4621 illa
1317 4578 1421 4619 non
1452 4563 1565 4631 ipse
1583 4557 1795 4650 dedisse
1820 4551 2079 4625 putandus

509 4682 593 4727 est
618 4690 632 4725 :
657 4641 777 4742 ipse
794 4641 1083 4736 utrumque
1109 4658 1273 4715 dedit.
1310 4654 1414 4711 Sed
1454 4641 1707 4720 Lear'ipsa
1744 4664 1831 4714 per
1870 4645 2081 4715 Moysen

512 4766 632 4818 data
655 4738 758 4828 est;
785 4760 963 4817 Gratia
989 4766 1035 4811 et
1064 4754 1244 4809 ueritas
1270 4764 1358 4820 per
1381 4746 1556 4800 Iesum
1582 4742 1829 4797 Christum
1854 4738 1989 4808 facta
2011 4743 2082 4789 cst

516 4857 706 4929 (Joan.
735 4872 785 4920 I,
818 4852 919 4923 l7)
949 4868 963 4905 :
994 4846 1187 4920 gratia.
1218 4840 1337 4912 quia
1380 4836 1625 4906 impletur
1654 4847 1746 4902 per
1772 4829 2082 4884 charitatem

468 4942 475 4949 ’
515 4917 655 5020 quod
695 4917 789 5017 per
829 4917 1054 4998 litteram
1090 4936 1406 5008 jubebatur;
1436 4922 1812 4993 veritasyquia
1850 4917 2087 4974 redditur

516 5009 656 5112 quod
697 5009 1118 5106 promittebatur.
1160 5025 1271 5081 Hoc
1306 5035 1432 5092 ergo
1466 5014 1729 5091 intellexit
1751 5009 1926 5080 Asaph
1964 5010 2082 5065 iste.

522 5101 757 5199 bonique
783 5123 959 5178 omnia
986 5135 1106 5190 qua:
1142 5116 1339 5175 ludatis
1369 5110 1626 5184 promissa
1656 5109 1890 5169 fuerant,
1916 5101 2087 5156 ablata

518 5194 790 5281 suut.vUbi
825 5224 907 5270 est
940 5226 1162 5283 regnum
1188 5205 1411 5265 eorum?
1440 5204 1527 5260 ubi
1556 5197 1848 5271 templum?
1877 5194 1962 5250 ubi
1989 5208 2087 5247 un-

586 5402 604 5433 ι
641 5398 778 5450 Isthie
795 5395 844 5443 iu
864 5390 981 5441 BM.
1018 5383 1419 5450 interponebatur
1457 5394 1472 5430 :
1519 5374 1896 5450 Hmcu‘dicimus,
1918 5375 2093 5450 fratres

521 5431 1069 5517 σιιιινὲῗςέἵιῗιιῗοῖἧηᾶῖ
1076 5431 1141 5497 is
1151 5431 1597 5517 ἒκῖόὺδξ
1608 5431 2093 5517 μιέξδςαέὲέίηζιοὶίιῗέἶέωξ

1086 5496 1179 5558 sed
1212 5502 1421 5556 cazlestia
1465 5500 1667 5564 adipisci
1696 5512 1713 5549 :
1737 5496 1864 5562 quod
1894 5496 2032 5544 abest
2064 5506 2093 5542 a

460 5627 467 5633 .
526 5595 628 5635 MSS.

591 5614 628 5678 ξ’
642 5646 711 5695 sic
725 5643 888 5706 probe
904 5644 1031 5706 notae
1050 5638 1160 5683 Mss.
1185 5634 1240 5678 Αι
1255 5634 1386 5683 ιον..
1402 5622 1687 5675 Salvatorem
1709 5618 1901 5676 heleno,
1915 5614 2022 5679 jam
2044 5618 2095 5664 tn

529 5708 616 5757 hoc
640 5698 797 5755 ιεηὲιιδ
821 5698 1069 5764 ρνοηιίδξαι
1266 5750 1279 5764 .
1301 5763 1306 5764 ,
1329 5750 1353 5764 Α.
1479 5752 1567 5764 ..-_
1590 5757 1603 5764 .
1634 5741 1720 5764 ου,
1746 5736 1937 5764 mm...

593 5734 615 5800 ἶ
1127 5754 1211 5826 Alii
1222 5750 1457 5826 plerique
1479 5752 1604 5815 less;
1630 5741 1720 5826 sed
1744 5736 1970 5803 quamdiu
1990 5734 2095 5796 pri-

540 5812 1037 5887 uauit—etcf‘édumero
1063 5833 1087 5896 :_
1102 5816 1191 5870 Sed
1214 5812 1397 5867 tamdiu
1416 5812 1614 5874 prunus,
1639 5812 1736 5855 etc.

1609 350 1665 406 S.
1708 344 2068 405 AUGUSTINI
2111 340 2411 400 EPISCOPI

3603 322 3708 379 93‘!

2136 458 2284 515 etio?
2309 457 2394 512 ubi
2421 454 2710 511 sacerdos?
2734 451 2822 507 ubi
2842 450 2955 520 jam
2979 444 3116 517 apud
3142 442 3264 500 illos
3291 438 3601 520 Propheta?
3628 437 3710 492 Ex

2267 512 2423 604 venit
2456 548 2545 617 qui
2591 561 2683 616 per
2728 512 3031 614 Prophetas.
3060 512 3480 608 praedicabatur,
3523 531 3576 584 in
3622 530 3712 583 illa

2136 650 2294 713 gente
2326 641 2435 710 jam
2471 638 2600 693 nihil
2630 637 2817 690 horum
2842 641 2963 699 est;
2988 630 3098 701 jam
3128 626 3358 699 perdidit
3382 634 3590 679 terrena
3611 660 3627 684 ,
3659 630 3716 672 et

2138 733 2371 790 nondum
2395 731 2583 802 quaerit
2609 726 2868 783 ctelestia.

2209 827 2263 881 5.
2297 801 2559 878 Ιιιιιάξιετε
2585 814 2981 892 ergoterrenis,
3008 810 3247 883 quamvis
3276 821 3337 862 ea
3367 805 3502 858 Dens
3525 801 3713 861 donet.

2140 935 2244 974 non
2275 918 2457 971 debes.
2485 913 2859 969 Verumtamen
2898 921 3005 962 non
3044 903 3166 973 quia
3207 899 3467 953 inharrere
3497 894 3577 947 eis
3608 908 3719 945 non

2140 1011 2423 1071 debemus,
2453 1006 2613 1060 alium
2643 1018 2703 1059 ea
2738 1001 2898 1064 dare,
2930 994 3033 1053 nisi
3068 993 3234 1048 Deum
3255 1031 3270 1053 ,
3301 986 3518 1042 credere
3556 982 3725 1037 debeo

2140 1118 2291 1167 mus;
2326 1100 2435 1168 ipse
2461 1113 2523 1153 ea
2553 1096 2673 1153 dat;
2705 1092 2799 1147 sed
2838 1088 2944 1145 noli
2974 1100 3072 1157 pro
3102 1078 3292 1151 magno
3314 1087 3627 1147 exspectate
3655 1082 3727 1124 au

2143 1211 2208 1250 eo
2235 1166 2428 1248 bonum
2449 1233 2462 1255 ,
2494 1188 2635 1260 quod
2661 1187 2751 1241 dat
2775 1194 2829 1240 et
2857 1197 2962 1236 non
2990 1180 3150 1232 bono.
3178 1166 3309 1229 Nam
3333 1170 3381 1225 si
3407 1183 3504 1239 pro
3529 1181 3725 1235 magno

2144 1301 2204 1342 ea
2232 1286 2406 1351 daret,
2442 1256 2595 1335 malis
2634 1293 2697 1351 ea
2735 1290 2838 1330 non
2876 1272 3047 1327 daret.
3086 1266 3211 1321 ldeo
3248 1271 3425 1317 autem
3462 1274 3525 1312 ea
3556 1256 3729 1310 voluit

2145 1378 2273 1433 dare
2299 1384 2352 1429 et
2380 1348 2534 1425 inalis
2551 1411 2567 1436 ,
2599 1378 2655 1423 ut
2688 1348 2907 1421 discant
2934 1360 3058 1416 boni
3097 1355 3238 1412 aliud
3264 1354 3331 1407 ab
3357 1367 3423 1407 eo
3446 1362 3689 1419 quaerere
3708 1387 3724 1407 .

2145 1466 2285 1539 quod
2316 1480 2419 1519 non
2445 1462 2535 1517 dat
2557 1470 2611 1516 et
2637 1458 2808 1512 malis.
2839 1455 2913 1509 llli
2941 1461 3116 1508 autem
3142 1448 3465 1504 inhaerentes
3494 1438 3729 1495 terrenis

2146 1532 2365 1622 miseri,
2398 1564 2452 1611 et
2488 1569 2593 1610 non
2621 1551 2689 1607 de
2717 1550 2805 1604 illo
2832 1552 3214 1619 pansumentes
3245 1538 3334 1610 qui
3369 1536 3496 1592 fecit
3528 1532 3729 1589 calum

2147 1662 2201 1707 et
2230 1659 2445 1713 terram,
2472 1644 2563 1716 qui
2588 1643 2668 1699 eis
2692 1641 2837 1696 dedit
2860 1649 2914 1694 et
2939 1639 3048 1708 ipsa
3077 1645 3305 1697 terrena,
3332 1629 3423 1700 qui
3447 1642 3541 1682 eos
3561 1626 3731 1681 etiam

2150 1739 2510 1810 temporaliter
2535 1735 2603 1790 de
2630 1730 2847 1804 Egypti
2875 1725 3176 1798 captivitate
3208 1720 3483 1783 liberavit,
3513 1716 3605 1788 qui
3634 1730 3732 1770 eos

2149 1850 2245 1905 per
2272 1832 2496 1888 divisum
2538 1842 2682 1883 mare
2708 1825 2887 1886 duxit,
2916 1826 3001 1891 qui
3037 1833 3221 1874 eorum
3261 1813 3504 1870 inimicos
3540 1825 3731 1882 ρει-ξεί

2149 1904 2371 1997 quentes
2400 1922 2644 1978 ﬂuctibus
2672 1917 2848 1973 obruit
2877 1913 3080 1986 (Exod.
3111 1908 3337 1974 nv,’22,
3363 1906 3468 1977 28)
3493 1921 3508 1970 ;
3536 1920 3643 1958 non
3675 1904 3729 1957 in

2152 2019 2241 2074 illo
2268 2022 2648 2085 praesumentes
2668 2010 2755 2080 qui
2782 2009 2932 2063 daret
2955 2005 3136 2074 utique
3155 2000 3391 2058 coelestia
3416 1997 3729 2069 grandibus,

2152 2112 2287 2165 sicut
2322 2118 2531 2162 terrena
2570 2101 2800 2173 parvulis
2831 2097 3011 2162 dedit,
3048 2096 3292 2151 timentes
3332 2088 3556 2159 perdere
3589 2086 3731 2156 quod

2153 2208 2500 2270 acceperant,
2544 2193 2856 2250 occiderunt
2893 2188 2983 2257 qui
3023 2184 3263 2241 dederat.
3304 2182 3430 2237 Rrec
3467 2178 3729 2241 dicimus,

2154 2285 2364 2359 fratres,
2393 2302 2449 2345 ut
2472 2289 2713 2344 homines
2732 2287 2748 2317 ί
2770 2285 2837 2339 de
2858 2281 3007 2337 Novo
3027 2279 3369 2334 Testamento
3387 2271 3610 2328 discatis
3627 2284 3734 2324 una

2155 2385 2414 2441 inluerere
2439 2379 2684 2436 terrenis.
2712 2376 2766 2432 Si
2787 2376 2929 2431 enim
2957 2372 3031 2427 illi
3056 2365 3484 2425 iuexcusabiliter
3505 2360 3739 2417 terrenis

2156 2478 2499 2539 inha‘scruut,
2531 2472 2724 2544 quibus
2750 2471 2920 2539 ipsum
2946 2456 3149 2520 Novulu
3177 2460 3581 2516 Testamentum
3603 2470 3737 2510 non-

2156 2571 2281 2631 dum
2310 2569 2480 2623 fuerat
2506 2565 2798 2621 revelatum
2822 2578 2837 2626 ;
2866 2566 3064 2630 quanto
3090 2552 3501 2610 inexcusabilius
3528 2560 3737 2604 terrena

2156 2673 2446 2728 sectantur,
2474 2659 2665 2730 quibus
2687 2656 2797 2727 jam
2830 2651 3087 2723 promissa
3112 2645 3348 2703 coelestia
3384 2645 3435 2698 in
3464 2642 3614 2697 Novo
3634 2640 3735 2695 Te-

2157 2762 2420 2812 stamento
2457 2751 2690 2806 revelata
2725 2745 2880 2802 sunt!
2922 2741 3053 2799 Nam
3093 2738 3341 2800 recolite,
3372 2733 3565 2789 fratres
3596 2731 3733 2793 mei,

2158 2847 2285 2920 quid
2314 2847 2510 2901 dictum
2538 2843 2608 2897 sit
2632 2856 2662 2895 a
2704 2835 3141 2910 persequentibus
3174 2830 3464 2887 Christum.
3494 2825 3553 2881 Si
3579 2824 3735 2877 dimi-

2159 2919 2371 2996 serimus
2395 2954 2527 3003 eum,
2549 2934 2742 2990 venient
2767 2929 3003 2994 Romani,
3032 2936 3077 2981 et
3100 2925 3273 2980 tollent
3298 2921 3460 2983 nobis,
3482 2928 3527 2973 et
3545 2919 3735 2999 locuta,

2160 2994 2207 3087 et
2230 3040 2422 3102 gentem
2450 2994 2627 3099 (Joan.
2658 3039 2734 3092 χι,
2760 3021 2876 3092 48).
2904 3018 3092 3074 Videte
3117 3016 3241 3086 quia
3266 3010 3503 3069 timendo
3524 2994 3738 3064 terrena

2164 3099 2382 3195 perdere
2401 3164 2416 3187 ,
2446 3133 2621 3190 regem
2651 3115 2772 3172 cmli
2809 3111 3135 3168 occiderunt.
3166 3108 3232 3162 Et
3261 3104 3387 3176 quid
3422 3103 3501 3158 eis
3538 3099 3739 3155 factum

2162 3192 2278 3270 est?
2304 3211 2648 3269 Perdiderunt
2666 3208 2825 3263 etiam
2852 3206 2963 3274 ipsa
2987 3214 3224 3265 terrena;
3247 3207 3302 3252 et
3320 3196 3408 3251 ubi
3429 3192 3743 3249 occiderunt

2161 3307 2450 3368 Christum,
2479 3303 2549 3356 ibi
2568 3299 2729 3355 occisi
2750 3305 2900 3352 sunt:
2922 3303 3112 3351 etcum
3136 3302 3328 3346 terram
3356 3286 3596 3341 nolentes
3620 3297 3742 3352 per-

2163 3397 2290 3452 dere
2310 3439 2324 3462 ,
2353 3396 2592 3450 datorem
2618 3393 2740 3445 vita:
2768 3388 3106 3452 occiderunt,
3139 3383 3380 3440 eamdem
3413 3389 3605 3434 terram
3643 3391 3740 3429 oc-

2165 3490 2259 3545 cisi
2289 3487 2662 3559 perdiderunt;
2685 3493 2739 3539 et
2764 3497 2830 3537 eo
2858 3491 3093 3549 tempore
3113 3491 3217 3546 quo
3238 3473 3385 3528 illum
3410 3468 3740 3529 occiderunt,

2166 3594 2225 3637 ut
2251 3598 2316 3636 ex
2346 3580 2458 3648 ipso
2489 3587 2724 3646 tempore
2752 3573 3162 3629 admonerentur
3186 3580 3349 3636 quare
3378 3564 3478 3617 ista
3504 3557 3742 3630 perpessi

2168 3683 2307 3728 Sunt.
2340 3669 2561 3741 Qu:me
2588 3668 2728 3722 enim
2759 3679 2940 3721 eversa
2971 3670 3053 3717 est
3077 3659 3261 3715 civitas
3288 3655 3615 3718 Iudaeorum,
3646 3652 3745 3706 Pa-

2169 3763 2294 3818 soha
2320 3760 2673 3821 celebrabant,
2704 3767 2758 3812 et
2788 3757 2840 3809 in
2871 3754 3049 3809 multis
3078 3750 3307 3829 millibus
3330 3747 3610 3801 hominum
3638 3754 3745 3797 tota

2170 3854 2284 3925 ipsa
2312 3869 2441 3923 gens
2474 3856 2794 3905 convenerat
2826 3846 2892 3900 ad
2933 3844 3070 3898 illius
3108 3838 3404 3895 festivitatis
3433 3835 3748 3891 celebratio-

2173 3963 2314 4003 nem.
2344 3946 2415 4001 lbi
2449 3945 2607 4007 Deus,
2636 3956 2730 4011 per
2759 3939 2926 3993 malos
2954 3935 3188 4005 quidem,
3220 3931 3311 3986 sed
3338 3940 3515 3984 tamen
3541 3928 3630 3981 ille
3654 3927 3752 3980 bo-

2174 4056 2306 4099 nus:
2341 4054 2435 4107 per
2461 4037 2712 4104 iniustos,
2742 4031 2833 4086 sed
2856 4031 3030 4098 justus
3055 4038 3106 4081 et
3129 4027 3270 4095 justc
3289 4065 3304 4089 ,
3335 4024 3405 4076 ita
3432 4022 3483 4075 in
3510 4036 3605 4075 eos
3632 4020 3750 4073 vin-

2174 4129 2398 4192 dicavit,
2434 4135 2489 4180 ιιι
2531 4124 2918 4195 perimerentur
2956 4118 3116 4173 multa
3157 4116 3427 4171 hominum
3463 4111 3631 4166 millia
3656 4152 3670 4173 ,
3701 4118 3757 4164 et

2177 4222 2285 4290 ipsa
2330 4218 2513 4273 civitas
2550 4221 2896 4271 everteretur.
2928 4210 3040 4265 Iloc
3079 4209 3131 4262 in
3175 4209 3277 4260 isto
3313 4204 3513 4274 psalmo
3553 4201 3757 4271 plangit

2177 4315 2454 4367 intellectus
2479 4307 2687 4378 Amph;
2713 4313 2767 4360 et
2793 4305 2844 4357 in
2872 4317 2986 4372 ipso
3015 4301 3245 4369 planctu,
3273 4306 3516 4365 tanquam
3545 4292 3759 4345 intelle-

2178 4415 2295 4460 ctus
2328 4400 2583 4457 discernit
2622 4406 2828 4452 terrena
2869 4409 2898 4447 a
2936 4388 3239 4446 caelestibus
3262 4429 3277 4453 ,
3311 4381 3561 4438 discernit
3587 4380 3760 4436 Vetus

2181 4497 2575 4550 Testamentum
2600 4504 2628 4541 a
2656 4486 2802 4542 Novo
2829 4483 3199 4541 Testamento;
3226 4485 3283 4530 ut
3312 4474 3488 4529 videas
3519 4487 3616 4541 per
3639 4486 3762 4541 quae

2184 4598 2442 4648 transeas,
2474 4580 2598 4652 quid
2636 4586 2925 4646 ex5pcctes,
2959 4572 3081 4644 quid
3112 4569 3397 4639 relinquas,
3421 4566 3618 4637 quibus
3647 4566 3761 4618 ha:-

2184 4691 2321 4732 reas.
2348 4673 2435 4729 Sic
2459 4686 2585 4741 ergo
2608 4669 2786 4737 coepit.

2255 4771 2307 4825 4.
2344 4766 2531 4836 thuid
2572 4760 2799 4831 repulisti
2843 4774 2962 4822 nos,
2996 4755 3164 4817 Deus,
3195 4752 3247 4805 in
3277 4746 3467 4819 ﬁnem?
3512 4741 3765 4815 Repufisti

2187 4863 2238 4915 in
2269 4862 2419 4929 ﬁnem
2448 4873 2467 4912 :
2497 4872 2560 4909 ex
2609 4867 2831 4924 persona
2878 4847 3055 4927 populi
3082 4844 3382 4900 Judaenrum
3407 4882 3421 4901 ,
3447 4848 3503 4892 et
3541 4853 3609 4892 ex
3637 4851 3765 4905 pcr-

2190 4968 2318 5008 sena
2347 4944 2771 5018 congregationis
2795 4956 2912 5011 quae
2954 4936 3166 5009 proprie
3202 4933 3477 5005 Synaguga
3523 4927 3764 4997 appella-

2193 5058 2296 5101 tur.
2345 5041 2532 5110 thuid
2561 5036 2784 5106 repulisti
2825 5049 2950 5097 nos,
2984 5021 3151 5091 Deus,
3195 5026 3248 5078 in
3276 5021 3468 5093 ﬁnem?
3511 5018 3630 5072 Non
3676 5032 3764 5070 rec

2192 5133 2507 5208 prehendit,
2556 5129 2646 5185 sed
2689 5126 2875 5197 quaerit
2900 5164 2915 5189 ,
2951 5119 3137 5191 thuid
3161 5161 3177 5182 ,
3209 5114 3553 5185 quamobrem
3579 5151 3598 5176 ,
3640 5123 3764 5178 pro-

2195 5201 2313 5298 pter
2349 5223 2471 5295 quid
2501 5223 2602 5278 hoc
2643 5217 2850 5274 fecisti?
2879 5212 3012 5282 Quid
3046 5207 3257 5265 fecisti?
3286 5203 3539 5274 Repuiisti
3582 5217 3677 5254 nos
3715 5201 3760 5251 ir

2197 5296 2363 5388 frtem.
2390 5314 2524 5383 Quid
2553 5322 2663 5378 est,
2692 5312 2745 5363 in
2785 5307 2973 5377 liuent?
3005 5305 3162 5359 Forte
3186 5314 3354 5369 usque
3380 5297 3436 5351 in
3460 5296 3623 5348 finem
3666 5307 3757 5347 sar

2198 5385 2322 5467 culi.
2348 5410 2429 5463 An
2459 5402 2697 5475 repulisti
2722 5415 2820 5456 nos
2844 5400 2895 5454 in
2920 5395 3187 5452 Christum
3208 5433 3223 5457 ,
3254 5388 3345 5460 qui
3374 5385 3494 5441 linis
3519 5394 3603 5439 εει
3626 5397 3751 5436 οιιιιι

2199 5500 2435 5557 credenti
2467 5495 2657 5569 (Rom.
2702 5509 2733 5546 ς
2758 5534 2773 5558 ,
2819 5493 2853 5546 4
2875 5489 2938 5557 γε
2970 5483 3161 5550 thuid
3188 5482 3328 5537 enim
3369 5475 3598 5549 repuliin
3646 5491 3764 5535 nos,

2194 5593 2338 5649 Deus
2356 5633 2369 5656 ,
2401 5590 2454 5643 in
2482 5586 2669 5657 finem?
2697 5582 2723 5636 1
2732 5594 2869 5636 ratus
2888 5590 2959 5634 est
2986 5578 3181 5631 animus
3210 5583 3326 5626 tuus
3348 5585 3497 5639 super
3520 5582 3634 5621 om
3664 5580 3773 5635 gre-

2203 5687 2277 5760 gis
2323 5684 2413 5738 tui.
2445 5681 2617 5749 Quare
2661 5678 2822 5730 iratus
2864 5689 2922 5729 es
2964 5685 3125 5742 super
3150 5681 3277 5724 oves
3318 5662 3491 5734 gregis
3522 5659 3638 5726 uti;
3677 5656 3772 5711 nisi

2270 5800 2287 5830 ι
2310 5794 2390 5841 Sic
2413 5799 2516 5843 Mss.
2544 5798 2597 5841 Al
2618 5787 2748 5848 add,
2764 5796 2938 5836 onmes.
