4020 6198
481 346 585 403 955

550 462 605 517 8.
633 459 784 533 [ven
819 456 897 529 5.]
932 456 1211 511 Posuerunt
1236 455 1382 526 signa
1405 470 1496 508 sua
1515 496 1528 517 ,
1563 455 1741 523 signa;
1766 464 1811 506 et
1838 470 1936 505 non
1960 467 2045 504 co-

456 560 777 620 gnoverunt.
804 548 1079 603 Habebunt
1102 546 1250 616 signa
1278 561 1395 617 qua:
1439 546 1509 600 ibi
1540 554 1825 614 ponerent,
1853 544 2043 598 vexilla

479 659 593 705 sua,
621 641 823 711 aquilas
852 654 997 705 suas,
1028 638 1285 693 dracones
1313 652 1458 701 suos,
1484 637 1631 707 signa
1657 637 1924 700 Romana;
1955 646 2046 692 aut

476 736 635 789 etiam
661 742 861 786 statuas
889 746 1033 797 suas,
1062 744 1192 800 quas
1221 730 1390 799 primo
1416 729 1469 783 in
1498 728 1693 797 templo
1719 737 2042 797 posuerunt;

472 833 564 877 aut
592 822 727 877 forte
755 823 899 892 signa
926 837 1020 875 sua
1039 863 1054 888 ,
1082 837 1201 890 qua:
1242 820 1517 874 audierant
1544 833 1571 871 a
1601 818 1807 872 vatibus
1843 817 2045 871 thema-

473 928 598 967 num
630 927 866 967 suorum.
895 911 959 965 Et
988 928 1087 964 non
1108 920 1461 981 cognoverunt.
1485 908 1619 974 Quid
1648 923 1750 961 non
1779 923 2042 978 cognove-

472 1000 636 1056 runt?
662 1001 794 1069 Quia
820 1018 920 1055 non
941 999 1144 1054 haberes
1172 1000 1224 1053 in
1246 1016 1323 1052 me
1343 1007 1628 1068 potestatem
1648 1038 1663 1060 ,
1695 996 1788 1050 nisi
1819 996 1904 1050 tibi
1924 996 2047 1049 data

471 1101 597 1146 esset
640 1093 853 1160 desuper
882 1090 1057 1158 (Joan.
1092 1105 1212 1156 XIX,
1245 1087 1356 1158 11).
1389 1087 1501 1141 Non
1524 1096 1886 1156 cognoverunt
1922 1087 2042 1155 quia

472 1198 578 1236 non
621 1183 750 1252 ipsis
776 1183 943 1234 honor
964 1180 1173 1235 delatus
1196 1188 1308 1242 est,
1343 1187 1400 1230 ut
1439 1176 1735 1247 aflligerent
1755 1218 1770 1243 ,
1800 1187 1858 1231 ut
1882 1190 2043 1245 cape-

472 1283 625 1338 rent,
657 1275 739 1329 vel
784 1282 1083 1328 everterent
1123 1272 1422 1333 civitatem;
1453 1269 1545 1324 sed
1588 1270 1832 1339 impietas
1861 1282 2043 1323 eorum

475 1377 722 1436 tanquam
749 1365 952 1420 securis
980 1365 1070 1418 Dei
1101 1365 1234 1418 facta
1260 1371 1343 1417 est
1372 1381 1386 1415 :
1419 1361 1542 1416 facti
1567 1372 1692 1415 sunt
1724 1362 2048 1415 instrumen-

474 1469 584 1512 tum
614 1457 765 1521 irati,
801 1472 905 1511 non
951 1456 1003 1533 in
1025 1457 1044 1487 ί
1073 1471 1290 1525 regnum
1331 1455 1561 1525 placati.‘
1585 1452 1730 1507 Facit
1755 1453 1897 1508 enim
1942 1452 2045 1509 hoc

477 1550 614 1604 Deus
638 1548 775 1619 quod
801 1549 1108 1619 plerumque
1132 1547 1255 1602 facit
1274 1556 1327 1601 et
1350 1546 1526 1599 homo.
1556 1544 2046 1615 Aliquandoiratus

474 1641 636 1697 linmo
663 1640 1012 1711 apprehendit
1044 1641 1242 1710 virgam
1277 1639 1543 1708 iacentem
1584 1639 1636 1692 in
1680 1638 1891 1703 medio,
1937 1639 2045 1691 for-

474 1741 616 1786 tasse
628 1733 1007 1802 qualecumque
1022 1739 1370 1793 sarmentum,
1383 1729 1537 1784 cedit
1553 1728 1674 1783 inde
1689 1728 1853 1783 filium
1867 1743 2042 1795 suum;

472 1838 535 1876 ac
562 1822 752 1876 deinde
778 1822 988 1891 projicit
1029 1829 1354 1875 sarmentum
1383 1819 1435 1874 in
1464 1818 1672 1889 ignem,
1702 1829 1756 1875 et
1795 1818 1904 1873 filio
1929 1832 2047 1873 ser-

472 1923 561 1966 vat
588 1913 950 1968 Increditatem
981 1927 996 1964 :
1028 1911 1107 1967 sic
1130 1910 1414 1981 aliquando
1439 1910 1579 1964 Deus
1602 1924 1697 1980 per
1726 1910 1893 1964 malos
1915 1924 2044 1964 eru-

388 2010 413 2035 ⁶
472 2004 551 2057 dit
590 2003 790 2070 bonos,
819 2012 873 2058 et
901 2018 1001 2072 per
1035 2001 1375 2072 temporalem
1404 2001 1697 2071 potentiam
1720 2000 2049 2056 damnando-

475 2110 591 2149 rmn
636 2104 850 2149 exercet
873 2093 1203 2163 disciplinam
1236 2092 1653 2147 liberandorum.
1693 2091 1828 2160 Quid
1857 2092 2045 2147 enim?

475 2186 703 2255 putatis,
731 2184 920 2240 fratres
939 2224 956 2249 ,
993 2184 1113 2255 quia
1140 2199 1269 2240 vere
1304 2184 1381 2238 sic
1406 2183 1527 2238 data
1552 2190 1636 2239 est
1662 2182 1941 2252 disciplina
1967 2182 2047 2237 illi

474 2277 651 2346 genti,
680 2285 738 2330 ut
764 2274 997 2337 ,omnino
1024 2274 1260 2345 periret?
1282 2273 1474 2341 Quanti
1501 2272 1624 2328 inde
1664 2283 1846 2343 postea
1871 2271 2049 2329 credi—

473 2367 703 2423 derunt!
731 2366 912 2435 quanti
949 2364 1122 2420 adhuc
1147 2365 1399 2420 credituri
1424 2365 1580 2420 sunt!
1608 2361 1725 2420 Alia
1748 2373 1831 2420 est
1857 2365 2003 2435 palea
2026 2407 2045 2435 ,

473 2457 616 2513 aliud
645 2456 1001 2522 frumentum;
1030 2471 1190 2525 super
1228 2466 1509 2527 utrumque
1534 2465 1709 2512 tamen
1749 2455 1911 2512 intrat
1950 2458 2048 2512 tri-

474 2548 599 2603 bula
630 2564 647 2601 :
676 2547 772 2605 sed
798 2547 898 2602 sub
934 2562 1037 2601 una
1063 2546 1257 2602 tribula
1278 2546 1422 2601 aliud
1458 2547 1866 2613 comminuitur,
1904 2546 2048 2602 aliud

475 2646 746 2706 purgatur.
774 2635 1040 2705 Quantum
1082 2635 1279 2691 bonum
1324 2634 1479 2691 nobis
1523 2635 1663 2691 Deus
1692 2635 1938 2706 praestitit
1978 2634 2049 2692 de

476 2726 779 2783 maloJudu:
797 2725 1094 2781 traditoris!
1117 2726 1189 2781 De
1214 2725 1325 2796 ipsa
1350 2725 1550 2781 saevitia
1565 2724 1867 2781 Judteorum
1883 2740 2052 2796 quan-

476 2827 588 2873 tum
615 2817 813 2874 bonum
841 2818 1131 2888 praestitum
1155 2826 1239 2873 est
1258 2816 1498 2873 fidelibus
1522 2816 1809 2873 Gentibus!
1828 2817 2050 2874 Occisus

409 2946 415 2951 ~
475 2920 560 2967 est
573 2910 835 2976 Christus,
851 2919 911 2964 ut
934 2920 1078 2966 esset
1102 2909 1154 2965 in
1179 2924 1338 2965 cruce
1355 2924 1513 2980 quem
1540 2909 1839 2964 attenderet
1860 2910 1949 2982 qui
1966 2925 2054 2966 es-

476 3009 560 3056 set
588 3016 618 3055 s
647 3009 898 3071 serpente
935 3013 1213 3071 percussus
1241 2998 1429 3066 (Num.
1460 3015 1582 3066 xxi,
1613 2999 1690 3071 8).
1719 2999 1808 3055 Sic
1843 3015 1971 3070 ergo
1997 3009 2053 3057 et

478 3090 566 3146 isti
597 3090 731 3146 forte
756 3106 786 3144 a
815 3090 1009 3146 divinis
1029 3092 1141 3146 suis
1161 3091 1473 3158 audierant,
1503 3092 1623 3162 quia
1652 3092 1946 3148 debuerunt
1973 3094 2053 3149 ire

478 3183 545 3237 nd
572 3183 885 3247 Jerusalem,
911 3191 966 3238 et
988 3197 1180 3252 capere
1202 3197 1355 3249 eam;
1382 3192 1436 3238 et
1460 3198 1579 3238 cum
1606 3183 1871 3253 cepissent
1894 3195 2052 3255 atque

478 3274 798 3329 evertissent
822 3288 962 3339 eam,
983 3272 1231 3328 dixerunt
1254 3273 1353 3327 sibi
1383 3272 1523 3343 quod
1545 3289 1574 3327 a
1595 3274 1923 3330 dzemonibus
1942 3277 2052 3331 suis

481 3363 674 3418 factum
701 3364 769 3419 sit
801 3380 815 3417 :
850 3364 1134 3419 Posuerunt
1152 3363 1299 3435 signa
1316 3356 1411 3417 sua
1430 3404 1446 3428 ,
1472 3363 1652 3434 signa;
1679 3372 1726 3416 et
1751 3380 1852 3417 non
1870 3381 2054 3435 cogno-

477 3464 674 3509 verunt.
702 3453 840 3522 Quid
861 3470 964 3509 non
984 3454 1385 3524 cognoverunt?
1407 3453 1550 3509 Sicut
1568 3455 1623 3507 in
1641 3470 1891 3524 egressum
1915 3457 1935 3487 ⁸
1964 3456 2054 3510 de-

477 3562 649 3617 super.
677 3545 808 3612 Quia
837 3546 934 3601 nisi
960 3544 1189 3614 desuper
1214 3543 1555 3612 egrederetur
1574 3544 1762 3614 jussio,
1786 3559 2050 3615 nunquam

478 3636 818 3691 saevientibus
845 3635 1104 3692 Gentibus
1130 3636 1181 3690 in
1224 3635 1527 3691 Iudaeorum
1560 3635 1809 3706 populum
1838 3638 1958 3691 talia
1984 3638 2051 3692 li-

478 3737 683 3783 cerenl.
714 3727 821 3784 sed
848 3742 1117 3798 egressum
1148 3737 1230 3782 est
1253 3726 1499 3797 desuper,
1514 3726 1779 3797 quomodo
1797 3727 1925 3782 dicit
1955 3729 2052 3783 Da—

480 3821 584 3876 niel
610 3839 624 3875 :
647 3821 690 3876 Α
711 3820 958 3891 principio
978 3821 1221 3875 orationis
1240 3832 1343 3875 tua:
1368 3836 1593 3891 egressus
1612 3830 1685 3875 est
1704 3837 1865 3875 sermo
1890 3821 2048 3893 (Dan.

481 3929 554 3979 Ix,
576 3914 688 3983 23).
721 3913 833 3970 Hoc
857 3920 912 3969 el
940 3914 1194 3968 Dominus
1222 3914 1320 3983 ipsi
1351 3913 1518 3967 Pilato
1548 3912 1750 3967 inllauti
1778 3927 1857 3981 se,
1888 3925 1940 3969 et
1961 3929 2054 3984 po-

481 4007 629 4061 uenti
658 4005 804 4081 signa
834 4019 950 4071 sua,
979 4005 1147 4075 signa,
1171 4014 1224 4061 et
1252 4020 1357 4060 non
1386 4005 1748 4076 cognoscenti,
1774 4015 1830 4061 et
1855 4006 2053 4064 dicenti

480 4095 548 4150 ad
574 4095 837 4149 Christum
857 4136 872 4159 ,
903 4094 1035 4148 Mihi
1059 4113 1159 4150 non
1185 4096 1496 4165 respondes?
1519 4097 1678 4151 nescis
1697 4097 1813 4166 quia
1839 4107 2058 4167 potesta-

479 4196 581 4241 tem
606 4184 764 4240 habeo
791 4186 1052 4240 occidendi
1083 4196 1131 4241 te
1148 4229 1162 4253 ,
1193 4197 1241 4241 et
1269 4196 1563 4257 potestatem
1586 4188 1745 4241 habeo
1773 4188 2055 4245 dimittendi

481 4279 569 4333 te?
597 4278 663 4333 Et
690 4277 945 4332 Dominus
963 4277 1027 4331 ad
1054 4276 1312 4344 inflatum,
1333 4289 1578 4349 tanquam
1607 4280 1835 4334 vesicam
1862 4280 2055 4335 reﬂan-

480 4368 604 4423 dam
624 4367 646 4399 ³
681 4381 917 4438 pungens
947 4383 961 4419 :
1002 4365 1120 4421 Non
1146 4367 1382 4433 haberes,
1413 4369 1615 4438 inquit,
1645 4371 1697 4422 in
1726 4385 1806 4423 me
1831 4380 2053 4439 potesta-

482 4470 599 4526 tem,
623 4459 720 4514 nisi
742 4459 863 4513 data
887 4458 973 4512 tibi
996 4467 1122 4517 esset
1143 4457 1357 4530 desuper
1380 4457 1560 4528 (Joan.
1586 4476 1698 4527 nx,
1723 4460 1810 4526 10,
1832 4462 1944 4533 11).
1965 4461 2055 4519 Sic

482 4557 536 4605 et
562 4550 667 4614 hic,
695 4548 975 4605 Posuerunt
995 4550 1140 4620 signa
1159 4564 1274 4613 sua,
1301 4549 1480 4619 signa;
1505 4558 1553 4605 et
1577 4566 1678 4604 non
1700 4563 2052 4621 cognoverunt.

483 4640 756 4708 Quomodo
786 4656 891 4695 non
931 4639 1331 4709 cognoverunt?
1359 4639 1503 4693 Sicut
1530 4639 1586 4694 in
1623 4656 1877 4712 egressum
1901 4641 2053 4696 desu-

485 4748 592 4802 per,
639 4728 918 4799 Quomodo
965 4745 1212 4802 egressus
1257 4730 1427 4786 factus
1472 4729 1642 4786 fuerat
1688 4732 1952 4802 desuper,
1999 4741 2058 4788 ut

486 4823 587 4877 hnc
617 4824 924 4894 impleretur
944 4867 960 4893 ,
1005 4816 1261 4897 numquid
1292 4824 1371 4881 sic
1412 4823 1488 4880 illi
1515 4837 1839 4896 cognoscere
1865 4835 2053 4898 potue-

482 4923 608 4969 runt
632 4912 660 4968 ἲ

554 5004 610 5061 9.
649 5002 798 5076 [verm
824 5004 904 5077 6.]
940 5005 1054 5062 iam
1087 5020 1455 5078 percurramus
1474 5021 1660 5063 versus
1687 5007 1834 5074 istos,
1870 5019 2056 5063 eversa

482 5097 799 5161 Jerusalem,
839 5108 1112 5168 pr0pterea
1154 5100 1275 5170 quia
1307 5108 1364 5157 et
1392 5099 1653 5156 manifesti
1686 5109 1829 5162 sunt.
1869 5108 1924 5155 et
1951 5114 2055 5153 non

486 5192 614 5246 libet
655 5190 923 5245 immorari
971 5206 1070 5246 nec
1112 5192 1164 5246 in
1213 5208 1367 5262 paena
1408 5192 1767 5248 inimicorum.
1816 5192 1973 5259 Quasi
2004 5191 2059 5245 in

482 5284 610 5337 silva
653 5283 903 5354 lignorum
942 5283 1197 5337 securibus
1254 5284 1575 5340 conciderunt
1612 5287 1802 5357 januas
1849 5285 1957 5354 ejus
2004 5284 2061 5338 in

484 5374 734 5444 idipsum;
763 5374 818 5427 in
836 5371 1046 5427 dolabra
1065 5380 1112 5425 et
1133 5372 1372 5441 fractorio
1391 5375 1680 5444 dejecerunt
1703 5392 1814 5432 eam
1835 5393 1853 5430 :
1883 5375 1933 5430 id
1953 5384 2055 5441 est,

482 5465 874 5536 currspiranter,
900 5470 1227 5531 constanter,
1264 5463 1318 5518 in
1338 5463 1549 5519 dolabro
1581 5474 1628 5521 et
1655 5465 1896 5538 fractorio
1916 5464 2059 5536 deje-

483 5567 659 5613 cerunt
678 5573 807 5613 eant.

549 5669 570 5736 ξ
604 5667 852 5736 rat-sicula,
874 5667 944 5730 in,
967 5667 1109 5736 abest
1127 5660 1342 5736 arma,
1363 5663 1452 5715 sed
1476 5670 1636 5715 exstat
1656 5666 1704 5716 in
1725 5672 1832 5717 Mss.

494 5762 499 5765 -
550 5731 575 5794 '_
606 5728 739 5794 add.
756 5730 806 5779 in
826 5728 1034 5794 egressu.
1059 5733 1263 5794 Malas“
1288 5728 1338 5778 in
1367 5739 1629 5794 egressam.

554 5785 576 5816 ³
594 5785 674 5834 Sic
962 5788 1338 5855 mmmam.

1645 339 1701 394 S.
1744 335 2106 394 AUGUSTINI
2141 333 2445 395 EPISCOPI

3619 342 3722 398 9.56

2220 452 2308 507 10.
2351 452 2486 525 [vers
2528 454 2603 527 7.]
2643 456 2979 513 incenderunt
3003 460 3113 530 igni
3134 462 3497 516 sanctuariunt
3534 472 3722 529 tuum;

2149 543 2451 608 polluerunt
2473 548 2527 601 in
2555 557 2694 602 terra
2719 554 3119 607 tabernaculum
3151 557 3376 611 nominis
3405 558 3506 611 tui.

2214 642 2300 696 11.
2325 640 2471 714 [vers.
2492 643 2545 707 8,
2566 641 2645 715 9.]
2665 642 2914 698 Dixerunt
2935 645 2985 698 in
3007 644 3159 698 corde
3171 660 3285 710 suo,
3308 646 3539 714 cognatio
3553 661 3729 700 eorum

2149 732 2201 783 in
2226 748 2399 785 unum.
2431 733 2563 800 Quid
2589 733 2872 788 dixerunt?
2905 733 3093 801 Venite,
3123 736 3515 803 comprimantur
3552 752 3730 791 omnes

2147 823 2485 877 solemnitates
2502 821 2708 878 Domini
2732 824 2794 878 de
2812 835 2963 878 terra.
2987 824 3213 889 Domini,
3236 841 3300 880 ex
3322 840 3548 895 persona
3568 826 3729 896 huius

2150 912 2512 983 interpositum
2559 924 2659 981 est,
2707 930 2771 969 ex
2814 930 3033 985 persona
3072 916 3249 984 Asaph
3275 932 3290 969 :
3320 930 3427 969 non
3469 917 3611 971 enim
3651 916 3729 971 illi

2148 1003 2431 1058 snsvienles
2491 1004 2767 1058 Dominum
2833 1005 3193 1076 appellarent,
3261 1006 3413 1074 cujus
3468 1008 3729 1076 templum

2146 1094 2474 1149 evertebant.
2532 1093 2721 1157 Venite,
2767 1096 3154 1165 comprimantur
3182 1094 3363 1150 omnes
3388 1098 3731 1153 solentnitatcs

2150 1182 2359 1238 Domini
2394 1203 2426 1239 a
2465 1196 2618 1240 terra.
2670 1186 2805 1255 Quid
2842 1186 3059 1257 Asapli?
3094 1186 3220 1256 quid
3247 1188 3522 1241 intellectus
3550 1190 3729 1254 Amph

2147 1273 2199 1327 in
2231 1273 2346 1328 his?
2364 1274 2529 1345 quid?
2550 1274 2663 1330 Non
2690 1274 2916 1345 proficit,
2934 1275 3016 1330 vel
3045 1274 3319 1346 disciplina
3341 1275 3501 1329 data?
3528 1279 3728 1332 mentis

2147 1364 2375 1432 pravitas
2394 1380 2499 1419 non
2523 1365 2842 1436 corrigitur?
2868 1364 3061 1420 Eversa
3075 1375 3195 1435 sunt
3212 1366 3387 1419 omnia
3413 1383 3531 1435 qtae
3550 1368 3729 1435 primo

2146 1464 2298 1507 erant
2319 1469 2332 1505 :
2357 1469 2613 1524 nusquam
2642 1455 2910 1519 sacerdos,
2934 1470 3191 1526 nusquam
3211 1456 3377 1511 altare
3393 1456 3723 1521 inda-orum,

2149 1559 2410 1614 nusquam
2457 1545 2689 1609 victima,
2748 1560 3007 1616 nusquam
3055 1546 3330 1615 templum.
3395 1546 3537 1617 Ergo
3594 1549 3728 1601 nihil

2143 1634 2287 1689 aliud
2310 1635 2703 1706 agnoscendum
2723 1646 2807 1691 est
2824 1636 2963 1707 quod
2992 1636 3113 1691 huic
3136 1636 3413 1692 decedenti
3430 1640 3730 1693 successit?

2145 1735 2238 1779 aut
2263 1740 2390 1779 vero
2416 1724 2516 1795 hoc
2536 1725 2907 1795 promissivum
2931 1726 3139 1796 signum
3160 1725 3478 1789 auferretur,
3505 1728 3607 1782 nisi
3636 1744 3732 1781 re-

2146 1819 2315 1872 nisset
2341 1819 2480 1887 quod
2504 1820 2954 1891 promittebatur?
2982 1821 3268 1877 Videamus
3294 1837 3421 1893 ergo
3449 1823 3536 1877 hic
3564 1822 3729 1877 modo

2146 1908 2469 1975 intellectum
2482 1912 2659 1983 Asaph
2677 1929 2690 1978 ;
2708 1912 2981 1970 videamus
2997 1914 3040 1969 si
3055 1914 3261 1984 prolicit
3277 1930 3343 1970 ex
3365 1915 3724 1969 tribulatione.

2139 2001 2373 2065 ,Attende
2387 2002 2511 2072 quid
2532 2002 2676 2059 dicat
2697 2020 2712 2057 :
2739 2003 2903 2075 Signa
2928 2015 3100 2059 nostra
3125 2022 3226 2059 non
3246 2006 3482 2071 vidimus,
3492 2007 3604 2076 jant
3624 2020 3728 2058 non

2146 2099 2219 2144 est
2246 2092 2509 2162 propheta,
2539 2101 2588 2147 et
2616 2109 2707 2148 nos
2729 2110 2831 2149 non
2853 2105 3113 2165 cognoscet
3131 2095 3319 2149 adhuc.
3343 2094 3483 2150 Ecce
3504 2096 3598 2167 isti
3624 2095 3724 2150 Ju-

2147 2180 2248 2235 dtei
2274 2181 2363 2251 qui
2392 2196 2451 2237 se
2476 2182 2659 2239 dicunt
2685 2200 2790 2239 non
2815 2186 3029 2255 agnosci
3055 2184 3248 2252 adhuc,
3271 2185 3322 2240 id
3350 2194 3453 2252 est,
3482 2186 3534 2249 in
3554 2188 3728 2257 capti-

2149 2273 2308 2329 vitate
2330 2273 2504 2330 adhuc
2526 2290 2588 2331 se
2611 2290 2752 2343 esse,
2799 2276 3032 2333 nondum
3058 2292 3118 2333 se
3154 2276 3388 2344 liberari,
3413 2288 3731 2348 exspectant

2147 2362 2321 2420 adhuc
2351 2362 2642 2421 Christum.
2690 2365 2953 2423 Venturos
2995 2377 3077 2423 est
3107 2364 3385 2432 Christus;
3427 2368 3523 2422 sed
3549 2368 3733 2423 veniet

2149 2453 2376 2524 utjudex
2402 2472 2416 2509 :
2432 2456 2605 2527 primo
2624 2469 2863 2524 vocator,
2883 2467 3063 2528 postea
3079 2457 3363 2515 discretor.
3377 2457 3584 2525 Veniet,
3606 2461 3729 2531 quia

2149 2545 2350 2609 venit‘.
2395 2555 2450 2600 et
2474 2561 2595 2602 eum
2622 2556 2899 2603 venturum
2929 2562 3049 2604 esse
3096 2533 3431 2605 manifestum
3474 2560 3593 2615 est;
3631 2552 3730 2606 sed

2145 2634 2256 2705 jam
2281 2636 2513 2706 desuper
2538 2637 2734 2693 veniet.
2761 2638 2900 2695 Ante
2925 2650 2979 2696 te
3001 2649 3137 2707 erat,
3169 2655 3203 2696 ο
3229 2639 3420 2718 lsrael!
3447 2652 3731 2714 quassatus

2149 2740 2232 2792 es,
2253 2727 2372 2797 quia
2397 2724 2660 2783 offendisti
2676 2729 2731 2784 in
2744 2728 3045 2799 iacentem;
3078 2746 3146 2786 ne
3168 2732 3480 2797 conteraris,
3501 2732 3727 2789 observa

2150 2813 2379 2885 desuper
2402 2816 2725 2873 venientem.
2760 2818 2835 2874 lta
2861 2819 3002 2874 enim
3029 2820 3338 2892 prmdictum
3370 2830 3455 2878 est
3476 2839 3570 2894 per
3596 2838 3730 2894 pro-

2152 2906 2365 2976 phetam
2396 2924 2410 2961 :
2448 2906 2684 2979 Quisquis
2701 2907 2965 2976 o/I'enderit
2989 2911 3042 2964 in
3064 2910 3283 2981 lapidein
3302 2912 3731 2984 illum,qu

2147 2997 2375 3063 rabitur;
2405 3008 2451 3051 et
2481 3014 2633 3070 super
2654 3015 2799 3069 quem
2822 3001 3026 3066 venerit,
3054 3012 3268 3057 conteret
3290 3019 3407 3059 eum
3432 3002 3582 3076 (Isai.
3609 3022 3732 3074 vtu,

2153 3089 2242 3155 ﬂ,
2272 3089 2359 3144 15.
2373 3086 2489 3142 Vid.
2508 3087 2631 3143 Luc.
2650 3105 2744 3153 xx,
2765 3089 2875 3162 18).
2893 3089 3223 3162 Canuassat
3246 3107 3468 3162 parvus;
3489 3102 3734 3153 conteret

2152 3181 2431 3250 magnus'.
2464 3180 2581 3236 Jam
2601 3181 2748 3251 signa
2777 3190 2862 3236 tua
2889 3196 2994 3237 non
3021 3182 3188 3252 vides,
3214 3182 3324 3254 jam
3364 3200 3469 3239 non
3495 3186 3580 3242 est
3608 3203 3733 3257 pro-

2152 3272 2344 3340 pheta;
2372 3279 2425 3327 ct
2449 3271 2600 3338 dicis,
2630 3270 2700 3325 Et
2737 3288 2827 3326 nos
2854 3290 2954 3327 non
2978 3283 3210 3344 agnoscet
3243 3275 3409 3329 adhuc
3426 3292 3448 3331 :
3483 3276 3606 3346 quia
3635 3292 3733 3331 vos

2152 3378 2257 3416 non
2279 3363 2564 3433 agnoscitis
2596 3363 2788 3420 adhuc.
2834 3363 2955 3419 Jom
2995 3381 3096 3420 non
3135 3375 3208 3420 est
3250 3369 3517 3438 praphcta,
3542 3380 3593 3423 et
3633 3386 3730 3423 nos

2152 3468 2254 3507 non
2293 3462 2526 3523 agnoscet
2550 3452 2737 3507 adhuc.
2988 3528 2989 3531 η

2222 3541 2309 3597 12.
2351 3542 2500 3614 [vers.
2525 3541 2635 3616 10.]
2678 3543 2961 3625 Usquequo,
2992 3544 3154 3613 Deus,
3193 3545 3512 3618 asprobrabit
3545 3549 3726 3603 inimi-

2152 3635 2275 3689 cus?
2303 3635 2512 3690 Clama'
2550 3636 2699 3706 quasi
2718 3637 3025 3703 derelictus,
3064 3638 3213 3708 quasi
3240 3639 3523 3705 desertus;
3549 3640 3729 3698 clama

2153 3736 2399 3799 tanquam
2429 3744 2569 3799 a'ger
2586 3729 2675 3799 qui
2711 3732 2972 3784 medicum
3001 3730 3207 3786 catdere
3228 3747 3388 3801 quam
3411 3733 3584 3787 curari
3607 3749 3726 3787 ma-

2151 3818 2293 3873 luisti
2327 3837 2340 3873 :
2386 3834 2488 3873 non
2511 3829 2563 3874 te
2587 3820 2824 3890 agnoscit
2846 3819 3035 3875 adhuc.
3066 3821 3196 3877 Vide
3222 3822 3347 3894 quid
3380 3823 3602 3890 fecerit,
3636 3825 3731 3895 qui

2130 3916 2207 3963 ate
2251 3923 2355 3963 non
2396 3909 2632 3979 agnoscit
2673 3908 2863 3963 adhuc.
2908 3909 3117 3965 Etenim
3165 3912 3356 3981 quibus
3394 3928 3500 3968 non
3525 3924 3734 3969 estan—

2157 4002 2448 4055 nuntiatum
2494 3999 2563 4056 de
2609 4013 2695 4065 eo,
2743 3999 3130 4065 videbunt;'ct
3153 4002 3243 4070 qui
3287 3995 3393 4057 non
3423 4003 3731 4067 audierunt,

2154 4090 2446 4162 intelligent
2472 4089 2624 4171 (Isai.
2653 4106 2744 4156 ut,
2768 4091 2856 4156 15,
2881 4100 2928 4144 et
2953 4090 3098 4146 Rom.
3125 4107 3217 4156 xv,
3247 4091 3340 4164 21)
3364 4107 3378 4145 :
3404 4103 3457 4148 et
3477 4101 3533 4147 tu
3555 4094 3736 4159 adhuc

2153 4186 2370 4250 clamas,
2382 4183 2415 4238 J
2420 4201 2500 4237 am
2517 4200 2614 4238 non
2629 4193 2701 4239 est
2721 4185 2961 4255 prepheta
2980 4194 3028 4237 et
3044 4200 3136 4238 nos
3151 4202 3249 4239 non
3262 4197 3521 4256 cognoscet
3536 4189 3735 4241 adhuc.

2155 4275 2255 4334 Ubi
2300 4286 2381 4331 est
2427 4274 2720 4330 intellectus
2759 4275 2915 4329 tuus?
2956 4274 3139 4329 lrritat
3188 4277 3504 4331 adversarius
3548 4294 3737 4334 nomen

2154 4378 2293 4424 tuum
2346 4369 2421 4423 in‘
2447 4368 2615 4436 ﬁnem.
2662 4367 2740 4422 Ad
2794 4366 2895 4423 hoc
2944 4368 3117 4422 irritat
3157 4368 3487 4424 adversarius
3533 4384 3736 4443 nomen

2155 4459 2366 4514 tuumin
2386 4461 2563 4524 tinem,
2581 4467 2639 4513 ut
2661 4461 2823 4513 iratus
2840 4458 3115 4527 corripias,
3132 4460 3421 4529 corripiens
3436 4474 3739 4529 cognoscas

2157 4552 2209 4607 in
2247 4550 2446 4615 ﬁnem;
2484 4558 2575 4605 aut
2610 4559 2754 4605 certe
2784 4550 2838 4603 in
2874 4550 3041 4618 linem,
3072 4565 3243 4620 usque
3280 4549 3349 4605 ad
3396 4551 3576 4606 finem.
3632 4551 3740 4606 lis-

2155 4658 2259 4714 que
2303 4642 2369 4698 ad
2398 4657 2554 4714 quem
2583 4642 2778 4697 finem?
2813 4642 3098 4711 Quousque
3123 4657 3430 4712 cognoscas,
3456 4657 3741 4713 quousque

2156 4736 2392 4802 clames,
2442 4749 2715 4804 quousque
2761 4733 3092 4804 apprehensa
3146 4733 3316 4789 cauda
3364 4733 3618 4790 redeatur
3669 4735 3741 4790 ad

2157 4841 2404 4896 regnum.

2229 4918 2315 4973 15.
2355 4914 2502 4989 [vers.
2533 4919 2558 4971 1
2577 4919 2591 4971 I
2678 4916 2865 4986 thuid
2887 4917 3065 4971 avertis
3099 4933 3302 4970 manum
3329 4926 3469 4971 tuam
3490 4926 3539 4971 et
3563 4917 3737 4972 deuc-

2157 5026 2270 5063 rant
2304 5018 2443 5083 tuant
2469 5008 2533 5061 de
2556 5007 2718 5061 medio
2745 5008 2857 5062 sinu
2899 5014 2986 5061 tuo
3022 5007 3075 5061 in
3111 5006 3303 5075 finem?
3349 5006 3545 5061 lterum
3593 4996 3737 5063 aliud

2159 5100 2365 5169 signum
2390 5097 2530 5168 quod
2548 5097 2727 5152 datum
2758 5105 2839 5152 est
2865 5096 3053 5168 Moysi.
3091 5096 3369 5164 Quomodo
3387 5097 3530 5151 enim
3568 5111 3734 5165 supe-

2162 5191 2271 5244 rius
2294 5189 2361 5243 de
2389 5188 2532 5259 virga
2557 5187 2782 5257 signum,
2814 5187 2884 5241 ita
2912 5195 2967 5241 et
2984 5185 3051 5241 de
3075 5185 3313 5241 dextera.
3342 5184 3476 5241 Cum
3504 5187 3649 5241 enim
3678 5186 3737 5239 il-

2163 5279 2251 5335 lud
2273 5279 2463 5334 factum
2481 5286 2619 5333 esset
2643 5277 2710 5333 de
2728 5277 2895 5348 virga,
2919 5276 3065 5332 dedit
3083 5276 3222 5331 Deus
3239 5276 3467 5332 alterum
3491 5276 3736 5347 signum:

2226 5477 2244 5508 ¹
2281 5472 2465 5546 Aliquot
2829 5468 3257 5546 μξφταφθεηίεε·
3296 5467 3415 5528 ουία
3640 5473 3734 5520 αα

2163 5533 2381 5600 Nonnulli
2402 5546 2520 5585 vero
2542 5546 2555 5582 :
2585 5533 2743 5584 Veniet
2758 5533 2842 5596 qui
2855 5533 2961 5594 iam
2983 5533 3121 5600 υεηίιο
3146 5598 3154 5600 ᾗ
3422 5597 3450 5600 __
3515 5590 3526 5600 ,

2227 5597 2411 5646 "add;
2438 5601 2725 5658 conquassat
2742 5606 2929 5657 pm'vos,
2951 5598 3159 5644 conteret
3180 5601 3393 5655 magnos.
3421 5597 3594 5639 verius
3610 5597 3737 5651 διδ..

2386 5665 2438 5708 et
2459 5664 2647 5719 postea,
2669 5668 2887 5724 magnus.
2907 5715 2920 5724 .
3070 5722 3075 5724 Δ
3233 5715 3244 5724 .
3542 5718 3553 5724 _
3567 5716 3576 5724 .

2235 5721 2256 5752 ³
2287 5710 2359 5769 sic
2380 5710 2534 5769 Er.'et
2555 5710 2659 5768 uss.
2680 5710 2881 5769 *At'tm.
2907 5715 2999 5767 hoc
3033 5722 3086 5767 et
3110 5715 3328 5779 proxime
3349 5716 3576 5777 sequenti
3613 5710 3740 5778 loco,

2080 5790 2083 5793 ‘
2170 5782 2365 5834 cicutas.
2852 5800 2859 5809 ο
