4020 6198
299 305 400 362 οδῖ

295 415 458 480 Mitte,
496 417 694 488 inquit,
739 434 943 474 manum
983 429 1119 474 tuan:
1147 423 1198 475 in
1223 425 1388 476 sinum
1413 433 1574 487 tuum,
1615 434 1660 477 et
1688 423 1856 478 misit:

289 503 499 559 Produc
539 523 667 570 eam,
708 519 756 562 et
805 510 1040 577 produxit
1061 525 1082 574 ;
1121 522 1166 565 et
1205 511 1400 565 inventa
1424 521 1496 566 est
1529 513 1662 578 alba,
1704 513 1756 566 id
1779 523 1861 568 est

288 599 579 654 immunda.
627 601 791 655 Albor
816 603 954 656 enim
986 603 1037 657 in
1065 614 1203 670 cute,
1239 605 1383 673 lepra
1405 615 1506 669 est,
1536 621 1640 658 non
1663 605 1860 659 candor

284 691 472 760 (Leuit.
498 708 608 752 xm,
630 691 741 762 9.5).
779 691 890 761 Ipsa
916 696 1054 748 enim
1086 694 1365 750 btereditas
1395 697 1508 762 Dei,
1538 697 1587 750 id
1613 708 1712 760 est,
1761 711 1854 766 po-

288 782 444 852 pulus
463 783 576 852 ejus
605 783 745 840 foras
774 787 840 840 ab
873 803 940 843 eo
974 788 1183 854 missus,
1214 789 1514 844 immundus
1555 790 1722 844 factus
1751 802 1851 844 est.

285 875 392 930 Sed
414 877 535 946 quid
563 877 632 931 illi
656 879 768 933 ait?
793 881 985 935 Revoca
1003 899 1110 936 eam
1133 883 1182 936 in
1204 885 1367 937 sinum
1387 893 1526 937 tuum
1552 886 1850 948 :revocavit,

273 945 327 1018 et
354 945 548 1021 reuersa
565 979 637 1022 est
661 970 729 1022 ad
750 971 964 1025 colorem
989 991 1135 1026 suum
1155 973 1346 1044 (Exod.
1365 991 1435 1040 tv,
1460 976 1510 1037 6,
1537 976 1612 1043 7).
1632 945 1853 1040 Quando

281 1055 380 1110 hoc
409 1056 556 1123 facis,
602 1059 676 1112 ait
710 1061 884 1132 Asaph
919 1063 1052 1117 istc?
1094 1063 1372 1134 Quousque
1405 1066 1672 1120 dexteram
1712 1079 1849 1119 tuam

279 1147 479 1201 alienas
506 1164 534 1201 a
560 1150 676 1204 sinu
713 1161 822 1218 tuo,
861 1163 916 1207 ut
953 1154 1079 1208 foris
1107 1156 1372 1210 immunda
1398 1158 1706 1211 remaneat?
1749 1158 1852 1211 [le-

279 1249 408 1292 voca
445 1255 596 1304 eam;
631 1242 807 1296 redeat
837 1244 902 1297 ad
939 1245 1195 1308 colorem,
1233 1259 1482 1316 agnoscat
1510 1249 1843 1304 salvatorem.

282 1325 474 1399 thuid
501 1333 678 1385 avertis
708 1350 910 1387 manuni
955 1344 1093 1387 tuam
1129 1345 1174 1389 et
1215 1336 1468 1390 dexteram
1495 1348 1632 1391 tuam
1661 1340 1722 1391 de
1746 1356 1849 1392 me-

278 1419 364 1472 dio
388 1421 500 1474 sinu
530 1432 614 1475 tuo
643 1424 692 1476 in
714 1426 906 1492 ﬁnem?
931 1427 1052 1482 llzec
1072 1419 1267 1483 clamat
1298 1444 1490 1496 aecus,
1521 1448 1623 1487 non
1655 1434 1846 1488 intelli-

276 1527 437 1581 gens;
464 1524 515 1569 et
540 1515 640 1570 hoc
661 1517 795 1570 Deus
822 1517 942 1572 facit
967 1521 1103 1588 quod
1127 1520 1301 1577 faciti.
1343 1523 1516 1589 Quare
1536 1527 1672 1578 enim
1707 1527 1847 1580 venit

277 1605 557 1661 Christus?
585 1608 793 1662 chitas
819 1628 879 1664 ea:
900 1623 1041 1681 parte
1060 1611 1222 1667 Israel
1237 1619 1371 1685 facta
1397 1626 1487 1682 cst,
1514 1628 1566 1669 ut
1587 1617 1844 1687 plenitudo

277 1695 509 1750 Gentium
538 1700 760 1761 intraret,
787 1714 832 1755 et
857 1704 928 1755 sic
957 1706 1116 1758 omnis
1136 1704 1299 1760 Israel
1317 1709 1484 1764 salvus
1505 1709 1642 1776 ﬁeret
1664 1708 1837 1776 (Rom.

273 1785 488 1859 H.255).
533 1788 792 1860 Ergojam
823 1795 998 1863 Asaph
1041 1811 1265 1866 agnosce
1288 1800 1426 1868 quod
1459 1803 1723 1868 [JI‘iIECCSSIl
1746 1843 1760 1865 ,
1786 1813 1844 1856 ut

270 1875 354 1928 vel
394 1879 649 1947 sequaris,
696 1882 738 1933 si
771 1884 1068 1950 prmeedere
1120 1902 1224 1940 non
1276 1889 1510 1958 potuisti.
1559 1889 1669 1943 Non
1701 1892 1840 1945 enim

269 1963 460 2020 frustra
481 1969 623 2022 venit
642 1970 903 2039 Christus,
923 1985 1010 2028 aut
1030 1973 1219 2030 frustra
1242 1979 1445 2032 occisus
1469 1988 1552 2033 est
1569 1979 1838 2047 Christus;

267 2065 359 2110 aut
398 2058 586 2113 frustra
623 2077 845 2132 granum
895 2066 1081 2120 cecidit
1113 2067 1162 2121 in
1195 2079 1410 2135 terram,
1451 2071 1548 2123 nisi
1577 2081 1631 2124 ut
1660 2073 1838 2126 multi-

268 2148 472 2217 pliciter
491 2164 732 2222 surgeret
759 2154 932 2226 (Joan.
958 2174 1052 2225 xu,
1079 2160 1192 2230 23).
1224 2162 1494 2218 Exaltatus
1515 2174 1595 2218 cst
1621 2180 1840 2234 serpens

265 2240 320 2294 in
347 2257 547 2311 eremo,
578 2254 632 2298 ut
653 2262 957 2314 percussum
987 2265 1015 2304 a
1045 2267 1250 2308 veneno
1277 2265 1487 2309 sanaret
1512 2254 1698 2324 (Nunt.
1723 2273 1833 2323 xxi,

265 2331 621 2400 9)..Atteude
673 2337 812 2406 quod
861 2339 1056 2394 factum
1111 2353 1231 2397 cst:
1282 2345 1384 2398 noli
1431 2354 1616 2414 putare
1651 2363 1859 2421 vacare

261 2423 403 2491 quod
423 2427 596 2487 venit;
619 2443 683 2482 ne
711 2440 760 2483 te
777 2431 966 2485 malum
991 2432 1240 2501 inveniat,
1265 2451 1384 2489 cum
1407 2437 1594 2491 iterum
1612 2442 1832 2494 venerit.

337 2514 422 2568 H.
465 2514 614 2588 (vers.
676 2519 786 2593 I2]
839 2521 1096 2578 lntellcxit
1149 2527 1355 2594 Asaph,
1410 2529 1528 2597 quia
1583 2529 1633 2583 in
1687 2531 1836 2588 titulo

261 2603 477 2668 Psalmi,
517 2605 805 2664 Intellectus
833 2612 1027 2683 Asaplt.
1083 2615 1150 2668 Et
1175 2617 1299 2686 quid
1347 2619 1461 2672 ait?
1509 2619 1646 2674 Deus
1670 2635 1837 2678 autem

260 2713 350 2749 rex
379 2707 543 2750 noster
570 2711 684 2754 ante
717 2703 921 2769 sarcula,
967 2717 1198 2776 aperatus
1228 2721 1298 2763 est
1335 2712 1546 2766 salutem
1579 2715 1630 2766 in
1675 2718 1835 2769 medio

259 2799 425 2842 terrm.
477 2790 582 2846 llac
622 2809 718 2848 nos
747 2796 1058 2863 clamamus,
1090 2798 1208 2852 Jam
1236 2818 1335 2854 non
1364 2812 1435 2855 est
1463 2805 1747 2874 prapheta;
1790 2820 1834 2861 et

256 2892 350 2930 nos
371 2894 468 2931 non
489 2893 746 2949 cognoscet
770 2884 936 2937 adhuc
963 2901 982 2937 :
1015 2886 1114 2940 hac
1133 2900 1308 2942 autem
1343 2890 1479 2946 Deus
1503 2903 1703 2958 noster,
1746 2913 1834 2948 rea:

259 2977 444 3034 noster,
475 2969 562 3037 qui
591 2979 671 3024 est
695 2983 810 3026 ante
837 2977 1039 3042 stecula,
1071 2978 1193 3047 quia
1221 2981 1333 3050 ipse
1373 2991 1455 3036 est
1482 2983 1533 3037 in
1575 2985 1832 3055 principio

257 3057 510 3127 Verbum,
537 3078 630 3131 per
651 3066 790 3135 quod
817 3067 951 3122 facta
981 3080 1104 3124 sunt
1128 3073 1356 3137 saacula;
1395 3087 1628 3144 operatus
1647 3089 1719 3130 est
1748 3095 1831 3130 sa-

256 3149 409 3202 lutem
429 3151 479 3204 in
506 3154 665 3208 medio
693 3166 852 3210 terrae.
881 3157 1016 3214 Deus
1043 3177 1167 3231 ergo
1193 3180 1282 3218 rex
1303 3176 1468 3220 noster
1487 3177 1600 3221 ante
1622 3170 1827 3235 swcula,

253 3242 378 3309 quid
407 3245 569 3297 fecit?
592 3245 836 3316 Operatus
857 3260 930 3302 est
961 3251 1172 3307 salutem
1192 3257 1241 3308 in
1267 3258 1428 3312 medio
1450 3271 1595 3315 terra:
1613 3276 1634 3326 ,'
1653 3272 1706 3317 et
1729 3279 1832 3334 ego

251 3332 426 3388 adhuc
471 3337 640 3390 clamo
680 3340 827 3408 quasi
871 3343 1130 3398 desertus.
1186 3347 1275 3402 Ille
1317 3362 1561 3419 operatur
1601 3354 1824 3409 salutem

252 3424 305 3477 in
363 3426 536 3478 medio
586 3437 770 3495 terra};
827 3441 882 3485 et
933 3449 1030 3503 ego
1069 3439 1297 3492 remansi
1351 3449 1507 3494 terra.
1569 3441 1824 3498 Intellexit

249 3515 426 3584 Asaph
458 3517 610 3583 bene,
640 3523 756 3589 quia
787 3521 1077 3579 Intellectus
1108 3529 1296 3598 Asaph.
1329 3531 1504 3597 Quare
1529 3536 1668 3588 enim
1701 3536 1819 3601 ista,

247 3619 338 3662 aut
385 3613 592 3679 qualem
643 3616 866 3669 salutem
919 3631 1165 3689 operatus
1207 3634 1286 3675 est
1323 3625 1591 3693 Christus;
1643 3629 1822 3683 nisiut

245 3700 515 3779 discerent
567 3705 806 3761 homines
858 3719 1050 3762 :rterna
1099 3712 1420 3781 desiderare,
1463 3734 1566 3770 non
1613 3734 1823 3786 semper

249 3797 626 3862 temporalibus
655 3797 946 3853 inhzrrere?
996 3801 1130 3855 Deus
1167 3815 1329 3856 autem
1373 3823 1460 3860 rea:
1503 3819 1667 3861 noster
1707 3821 1821 3863 ante

250 3885 456 3948 sa’cula,
499 3898 733 3957 operatus
760 3899 830 3942 est
863 3891 1072 3944 salutem
1102 3892 1152 3945 in
1179 3895 1338 3947 medio
1360 3905 1522 3948 teme.
1561 3897 1690 3949 Dum
1723 3915 1821 3954 nos

245 3975 556 4044 clamamus,
593 3979 874 4050 Usquequo,
915 3980 1149 4049 Domine,
1182 3988 1492 4054 exprobrabit
1514 3988 1741 4044 inimicus
1767 3992 1818 4044 in

248 4069 441 4136 ﬁnem?
483 4087 732 4140 usquequo
757 4073 920 4126 irritat
945 4076 1298 4132 adversarius?
1321 4095 1571 4150 usquequo
1614 4099 1818 4137 manum

247 4156 386 4211 tuani
412 4162 592 4215 avertis
622 4178 652 4214 α
677 4165 788 4216 sinu
816 4174 901 4217 tuo
921 4151 958 4218 ἴ
972 4165 1100 4220 Cum
1137 4169 1250 4222 hinc
1273 4169 1515 4236 dicimus,
1561 4171 1699 4227 Deus
1722 4183 1815 4227 au-

247 4260 345 4302 tem
366 4269 455 4305 rex
481 4263 645 4306 uoster
664 4266 779 4308 ante
800 4257 1004 4321 satcula,
1038 4268 1270 4328 operatus
1307 4271 1378 4314 est
1398 4261 1608 4315 salutem
1633 4264 1685 4317 in
1715 4282 1817 4319 me-

243 4341 330 4394 dio
355 4353 529 4408 terrm;
570 4355 624 4400 et
662 4361 757 4400 nos
789 4345 1102 4403 dormimus.
1137 4350 1252 4405 Jam
1278 4353 1733 4422 vigilantGenles;
1762 4370 1815 4414 et

242 4451 342 4489 nos
378 4439 667 4504 stertimus,
714 4449 770 4495 et
813 4450 1056 4512 tanquam
1106 4463 1200 4501 nos
1231 4449 1365 4504 Deus
1399 4450 1712 4516 deseruerit,
1761 4456 1811 4511 in

238 4529 440 4581 somnis
470 4529 772 4586 deliramus.
805 4532 1054 4603 Operatus
1079 4547 1148 4590 est
1167 4524 1375 4592 salutent
1395 4541 1446 4593 in
1470 4543 1628 4596 medio
1645 4555 1808 4599 terrm.

314 4619 399 4672 15.
441 4618 591 4690 Ιύεη.
617 4621 729 4694 13.]
761 4623 874 4677 Jatn
904 4642 1030 4695 ergo
1059 4628 1234 4697 Asaph
1259 4632 1462 4701 corrige
1484 4642 1532 4686 te
1561 4635 1624 4687 ad
1655 4636 1811 4691 intel-

239 4710 430 4762 lectum
456 4728 470 4774 ;
510 4711 595 4764 die
620 4714 771 4768 nobis
801 4716 1006 4784 qualem
1032 4719 1255 4775 salutem
1293 4733 1540 4791 operatus
1565 4738 1644 4780 est
1672 4727 1808 4784 Deus

237 4800 290 4852 in
324 4801 495 4854 medio
522 4811 694 4856 terrae.
737 4805 868 4860 Cum
897 4809 982 4861 illa
1025 4819 1228 4864 terrena
1259 4824 1430 4868 vestra
1461 4819 1602 4871 salus
1625 4835 1806 4874 eversa

235 4899 336 4950 est,
370 4891 492 4958 quid
531 4891 690 4946 fecit?
720 4895 842 4964 qttid
881 4899 1154 4965 promisit?
1186 4901 1260 4954 Tu
1292 4906 1600 4973 conﬁrmasti
1628 4910 1677 4962 in
1706 4914 1804 4963 vir-

234 4993 340 5035 tute
359 4993 443 5035 tua
464 5001 616 5039 mare.
649 4987 916 5058 Tanquam
943 5001 1099 5060 gente
1120 4993 1420 5050 Judzeorum
1451 5001 1591 5053 velut
1611 5004 1752 5054 arida
1773 5021 1802 5056 a

233 5075 478 5129 ﬂuctibus
521 5090 782 5146 separata,
826 5097 971 5136 mare
1011 5083 1062 5136 in
1108 5087 1453 5143 amaritudine
1481 5105 1574 5144 sua
1608 5091 1804 5148 Gentes

229 5178 402 5234 erant,
435 5179 734 5239 terramque
776 5173 916 5227 illam
949 5175 1177 5246 undique
1199 5180 1612 5238 circumluebant
1641 5204 1654 5240 :
1679 5201 1802 5240 ecce

227 5261 540 5327 conﬁrmasti
586 5262 636 5314 in
681 5264 860 5316 virtute
895 5275 981 5317 tua
1014 5283 1168 5330 mare,
1197 5279 1249 5322 et
1275 5273 1524 5325 remansit
1556 5283 1692 5328 terra
1726 5279 1800 5329 si-

230 5352 364 5404 tiens
386 5352 607 5406 imbrem
631 5362 796 5405 tuum.
823 5353 898 5408 Tu
913 5358 1220 5424 conﬁrmasti
1241 5361 1290 5413 in
1326 5362 1502 5416 virtute
1530 5375 1613 5415 tua
1634 5383 1798 5420 mare:

229 5441 505 5494 contrivisti
532 5443 698 5510 capita
724 5443 997 5497 draconum
1023 5449 1074 5499 in
1095 5464 1244 5516 aqua.
1289 5451 1578 5506 Dracotnnn
1607 5459 1796 5524 capita,

229 5532 610 5588 dzrmoniorum
638 5538 930 5604 superbius,
967 5555 996 5592 a
1019 5541 1208 5608 quibus
1234 5542 1430 5598 Gentes
1460 5547 1800 5614 possideban-

292 5648 306 5676 ι
337 5649 687 5720 Regiusjiber,
720 5658 847 5720 Deus
865 5652 991 5720 fecit.
1031 5661 1084 5720 tit
1115 5655 1250 5720 Cori).
1272 5689 1286 5712 ,
1335 5665 1460 5707 Deus
1482 5659 1592 5720 fecit
1622 5663 1750 5717 quod
1778 5675 1797 5713 .'

225 5719 320 5816 lnet:
339 5709 486 5767 addit,
513 5709 643 5771 facit.
669 5719 815 5760 Locus
839 5709 885 5760 in
929 5715 1072 5763 editis
1091 5724 1142 5765 et
1167 5717 1215 5764 in
1238 5709 1364 5778 atas,
1403 5709 1703 5784 uti'vidctur,
1719 5709 1797 5775 ivi;

249 5778 288 5811 ta
313 5781 383 5817 us.

475 5827 744 5888 I‘nnoc.
783 5831 897 5891 XX
913 5833 1078 5894 XVI.

1382 309 1770 364 ENABIIATIO
1811 311 1874 366 IN
1915 311 2231 372 PSALMUM
2273 318 2499 375 LXXIII.

3430 340 3533 398 938

1968 433 2070 490 tur,
2103 430 2393 484 contrivisti
2416 447 2575 502 super
2595 450 2823 505 aquam;
2852 441 2971 509 quia
2992 458 3085 498 eos
3108 459 3239 515 quos
3293 455 3536 522 posside-

1964 515 2106 581 bant,
2142 530 2192 573 tu
2223 537 2314 590 per
2339 523 2658 594 Baptismum
2691 530 2942 589 Iiberasti.

2033 611 2116 666 16.
2159 611 2307 684 (vers.
2342 617 2450 689 14.]
2491 618 2625 685 Quid
2658 622 2829 678 adhuc
2861 637 2976 693 post
3005 631 3173 698 capita
3200 633 3531 692 draconum?

1960 699 2036 754 Illi
2075 704 2215 756 enim
2259 705 2516 762 dracones
2563 710 2753 766 habent
2795 717 3080 786 principem
3110 738 3283 789 suum,
3333 734 3388 778 et
3417 728 3527 796 ipse

1958 794 2159 860 primus
2206 807 2286 850 est
2317 815 2536 869 magnus
2589 803 2766 859 draco.
2822 809 2883 862 Et
2920 810 2986 864 de
3013 812 3102 866 illo
3136 816 3257 884 quid
3291 817 3412 874 fecit
3438 794 3530 888 qui

1956 895 2203 951 operatus
2231 898 2312 941 est
2340 890 2558 945 salutem
2583 894 2633 948 in
2665 897 2838 950 medio
2868 902 3060 954 terrm?
3089 905 3224 958 Audi
3258 925 3270 958 :
3301 907 3379 961 Tu
3405 927 3528 963 con-

1956 975 2146 1043 fregisti
2193 989 2344 1045 caput
2387 982 2636 1036 draconis.
2683 984 2843 1056 Cujus
2871 991 3152 1046 draconis?
3186 997 3526 1067 Intelligitnus

1955 1063 2212 1120 dracones
2263 1073 2438 1122 omnia
2491 1073 2749 1130 darnmnia
2803 1079 2900 1132 sub
2945 1080 3153 1137 diabolo
3203 1087 3522 1143 militantia:

1952 1171 2107 1224 quem
2138 1175 2262 1229 ergo
2304 1163 2622 1232 singularem
2670 1167 2954 1225 draconem
2997 1176 3145 1242 cujus
3193 1188 3349 1245 caput
3392 1195 3524 1234 con-

1951 1243 2173 1299 fractum
2223 1258 2322 1309 est,
2371 1252 2467 1304 nisi
2517 1253 2685 1321 ipsum
2717 1257 2981 1312 diabolmn
3026 1262 3318 1333 intelligere
3365 1267 3522 1324 debo-

1951 1336 2102 1388 mlts?
2131 1336 2264 1403 Quid
2288 1339 2351 1393 de
2378 1341 2466 1394 illo
2495 1343 2657 1397 fecit?
2683 1345 2754 1398 Tu
2777 1349 3067 1419 confregisti
3094 1367 3244 1421 caput
3273 1358 3523 1412 draconis.

1949 1425 2081 1480 Illud
2115 1440 2195 1482 est
2223 1430 2428 1486 initium
2458 1438 2677 1502 peccati.
2702 1440 2871 1509 Caput
2897 1443 3021 1496 illud
3051 1449 3289 1516 estquod
3319 1455 3520 1521 accepit
3555 1457 3558 1460 ’

1951 1519 2307 1586 maledictum,
2349 1535 2404 1578 ut
2424 1541 2604 1582 semen
2637 1530 2758 1584 Eva:
2785 1533 3092 1591 observaret
3118 1550 3276 1608 caput
3300 1558 3520 1612 serpen-

1951 1606 2016 1660 tis
2067 1609 2234 1678 (Gen.
2289 1629 2363 1678 111,
2421 1615 2545 1688 15).
2599 1620 2876 1676 Admonita
2931 1635 3011 1680 est
3079 1606 3217 1682 enim
3290 1606 3523 1686 Ecciesia

1949 1697 2152 1754 initium
2207 1707 2405 1771 peccati
2451 1707 2705 1764 devitarc.
2779 1712 2928 1780 Quod
2993 1725 3074 1770 est
3144 1719 3344 1774 initium
3401 1737 3524 1792 pera

1946 1795 2069 1858 cati,
2121 1805 2365 1866 tanquam
2415 1811 2570 1869 caput
2621 1807 2915 1874 serpentis?
2955 1807 3164 1863 Initium
3197 1814 3356 1865 omnis
3402 1832 3519 1883 pec-

1945 1890 2042 1938 cati
2065 1889 2294 1956 superbia
2323 1891 2502 1958 (Eccli.
2528 1909 2580 1956 x,
2615 1896 2723 1964 15).
2754 1897 3085 1952 Confractqu
3109 1912 3190 1955 est
3216 1918 3341 1973 ergo
3365 1917 3520 1973 caput

1944 1975 2226 2043 draconis;
2267 1981 2534 2037 confracta
2578 1994 2658 2040 est
2697 1988 2938 2057 superbia
2971 1991 3248 2046 diabolica.
3303 1995 3370 2048 Et
3396 1997 3518 2064 quid

1943 2067 2010 2122 de
2035 2069 2125 2123 illo
2148 2070 2288 2139 fecit,
2317 2074 2405 2142 qui
2432 2086 2679 2145 operatus
2701 2091 2781 2134 est
2806 2082 3027 2136 salutem
3056 2084 3106 2136 in
3132 2087 3305 2140 medio
3328 2089 3521 2142 terrae?

1942 2156 2140 2214 Dedisti
2186 2179 2298 2217 cum
2339 2165 2389 2218 in
2437 2184 2600 2221 escam
2647 2173 2846 2240 populis
2885 2173 3232 2245 rEt/tiopibus.
3277 2177 3411 2246 Quid
3439 2193 3519 2233 est

1943 2247 2043 2303 hoc
2059 2251 2081 2302 ?
2096 2252 2372 2316 Quomodo
2395 2256 2627 2328 intelligo
2650 2262 2868 2330 populos
2883 2262 3159 2334 Ethiopes
3175 2265 3200 2318 ?
3219 2265 3492 2333 Quomodo
3504 2313 3515 2327 ,

1936 2323 2040 2392 nisi
2069 2355 2162 2408 per
2203 2341 2318 2408 hos,
2370 2360 2555 2400 omnes
2607 2349 2844 2405 Gentes?
2896 2353 2960 2406 Et
3000 2355 3132 2409 bene
3168 2373 3262 2426 per
3306 2359 3513 2428 nigros;

1941 2424 2214 2497 {Ethiopes
2239 2432 2376 2485 enim
2401 2434 2534 2503 nigri
2557 2447 2696 2490 sunt.
2726 2437 2827 2507 Ipsi
2856 2453 3108 2496 voeantur
3128 2444 3190 2498 ad
3221 2447 3399 2512 (idem,
3426 2467 3512 2516 qm

1940 2519 2072 2588 nigri
2119 2521 2362 2586 luerunt;
2417 2525 2513 2594 ipsi
2563 2543 2799 2597 prorsus,
2843 2543 2897 2585 ut
2921 2533 3124 2588 dicatur
3151 2537 3275 2591 eis:
3322 2540 3514 2593 Fuistis

1940 2607 2068 2662 enim
2098 2612 2368 2680 aliquando
2394 2617 2607 2670 teuebra:
2628 2635 2648 2682 ;
2691 2637 2822 2673 nunc
2857 2633 3022 2677 autem
3062 2626 3152 2680 tua;
3196 2628 3250 2681 in
3292 2628 3511 2683 Domino

1941 2698 2149 2769 (Ep/tes.
2185 2719 2234 2766 v,
2280 2705 2355 2775 8).
2407 2707 2760 2778 Ipsi’prorsus
2803 2725 3056 2768 vocantur
3083 2717 3258 2786 nigri;
3306 2721 3399 2774 sed
3447 2740 3511 2776 ne

1939 2803 2245 2845 remaneant
2275 2794 2406 2864 nigri
2437 2813 2449 2848 :
2502 2798 2672 2854 dehis
2698 2803 2836 2855 enim
2871 2802 2928 2857 ﬁt
2956 2804 3213 2871 Eat-lesia,
3255 2814 3338 2864 cui
3382 2813 3483 2866 dici

1939 2889 2041 2944 tur,
2078 2881 2201 2948 Qua:
2241 2896 2311 2938 est
2351 2887 2446 2940 ista
2474 2907 2587 2955 qua:
2605 2894 2824 2946 ascendit
2863 2896 3092 2949 dealbuta
3122 2898 3292 2968 (Cant.
3323 2918 3427 2967 VIII,
3455 2907 3505 2965 fi,

1935 2986 2034 3022 sec.
2063 2971 2224 3043 LXX)
2248 2975 2270 3026 ?
2292 2975 2425 3040 Quid
2453 2979 2590 3031 enim
2621 2981 2685 3034 de
2716 2981 2862 3051 nigra
2891 2982 3085 3039 factum
3113 2998 3212 3054 est,
3243 2991 3341 3043 nisi
3368 2995 3506 3060 quod

1934 3059 2128 3116 dictum
2155 3075 2236 3118 est
2267 3084 2277 3118 :
2331 3066 2494 3136 Nigra
2523 3088 2652 3136 sum,
2694 3082 2741 3126 et
2787 3078 3010 3143 speciosa
3055 3077 3222 3146 (Cant.
3249 3096 3285 3144 1,
3316 3059 3414 3149 4)Ϋῖ
3445 3083 3508 3136 Ει

1929 3155 2196 3219 quomodo
2224 3173 2540 3228 acceperunt
2572 3163 2654 3216 isti
2687 3165 2736 3217 iu
2783 3181 2957 3220 escam
2988 3167 3273 3224 draconem
3303 3173 3508 3227 istum?

1929 3243 2065 3297 Puto
2092 3247 2212 3314 quia
2242 3248 2408 3317 magis
2431 3248 2526 3304 Cln
2545 3252 2698 3306 istum
2728 3267 3044 3324 acceperunt
3087 3261 3137 3312 in
3165 3275 3339 3316 escam
3367 3282 3378 3316 :
3411 3266 3504 3318 scd

1931 3333 2194 3388 Christum
2240 3352 2344 3406 quo
2393 3354 2451 3393 se
2497 3355 2927 3399 consummarent
2966 3363 2980 3412 ;
3031 3347 3295 3404 diabolum
3346 3369 3500 3421 quem

1929 3439 2322 3482 consumerent.
2357 3429 2486 3484 Nam
2519 3434 2639 3487 inde
2661 3444 2713 3488 et
2741 3435 2932 3491 vitulus
2960 3438 3047 3491 ille
3074 3457 3229 3508 quem
3268 3443 3504 3498 adoravit

1926 3517 2151 3585 papulus
2172 3518 2415 3584 infidelis,
2435 3533 2693 3589 apostata,
2713 3541 2952 3592 quazrcns
2969 3529 3094 3580 deos
3110 3530 3498 3600 Egyptian-um,

1926 3604 2195 3659 dimittens
2215 3622 2337 3661 eum
2357 3611 2443 3676 qui
2466 3611 2709 3665 liberavit
2733 3614 2805 3693 de
2819 3617 3070 3670 servitute
3091 3617 3457 3689 Egyptiorum
3482 3642 3496 3682 ;

1926 3694 2062 3748 unde
2088 3697 2335 3764 agitatum
2364 3709 2444 3752 est
2471 3700 2597 3755 illud
2640 3718 2884 3773 magnum
2910 3719 3316 3763 sacramentum.
3363 3713 3495 3767 Cum

1924 3786 2064 3837 enim
2087 3787 2161 3840 sic
2182 3787 2502 3844 irasceretur
2520 3792 2730 3862 Moyses
2755 3797 3049 3851 colentibus
3076 3793 3129 3852 et
3154 3801 3494 3858 adorautibus

1923 3871 2142 3942 idolum,
2184 3888 2237 3930 et
2263 3878 2379 3932 zelo
2406 3880 2495 3934 Dei
2537 3883 2891 3938 inﬂammatus
2919 3887 3204 3944 vindicaret
3232 3900 3494 3961 tempora-

1923 3962 2063 4028 liter,
2109 3974 2164 4018 ut
2207 3981 2236 4019 a
2267 3978 2436 4022 morte
2464 3972 2780 4039 sempiterna
2811 3975 3089 4033 devitanda
3119 3989 3375 4048 terreret;
3411 3994 3482 4038 ta.

1921 4070 2041 4110 tuen
2072 4055 2242 4124 ipsum
2266 4069 2424 4127 caput
2447 4061 2592 4115 vituli
2635 4064 2687 4116 111
2716 4065 2888 4134 ignem
2919 4069 3060 4122 misit
3097 4079 3152 4124 et
3174 4074 3492 4128 extermina-

1920 4145 2014 4210 vit,
2047 4148 2372 4214 comminuit,
2431 4151 2482 4204 iu
2526 4166 2715 4221 aquam
2755 4157 2964 4224 sparsit,
3013 4169 3066 4213 et
3111 4160 3257 4216 dedit
3297 4167 3491 4236 populo

1921 4235 2103 4291 bibere
2129 4236 2319 4312 (Exod.
2352 4257 2519 4306 χχχιι,
2571 4243 2718 4316 1-20)
2753 4262 2767 4297 :
2810 4247 2885 4300 sic
2912 4248 3102 4304 factum
3133 4235 3485 4324 estmagnum

1917 4341 2327 4384 sacramentum.
2351 4332 2395 4386 Ο
2419 4333 2492 4386 ira
2521 4334 2842 4403 prOpbetica,
2875 4349 2926 4393 et
2953 4345 3158 4398 animus
3181 4360 3285 4399 non
3309 4349 3486 4401 turba-

1919 4429 2021 4481 tus,
2069 4418 2160 4472 sed
2192 4420 2512 4477 illuminatus
2537 4426 2563 4506 !.
2583 4424 2717 4490 Quid
2761 4429 2904 4498 egit?
2934 4430 3077 4485 Mitte
3103 4434 3152 4486 in
3180 4435 3373 4504 ignem,
3427 4451 3484 4492 ut

1915 4512 2062 4579 prius
2087 4512 2438 4568 confundatur
2465 4514 2633 4570 forma
2655 4517 2765 4586 ipsa
2791 4533 2805 4582 ;
2840 4520 3134 4576 minutatim
3161 4526 3478 4591 couuninnc,

1914 4610 1972 4655 ut
1998 4602 2243 4670 paulatim
2270 4615 2648 4673 consumatur;
2682 4608 2832 4663 mitte
2860 4611 2910 4662 in
2953 4627 3161 4680 aquam,
3191 4613 3254 4666 da
3287 4619 3481 4684 popqu

1912 4691 2112 4746 bibere.
2140 4693 2275 4759 Quid
2304 4707 2384 4750 est
2411 4695 2531 4763 hoc,
2555 4699 2652 4752 nisi
2675 4701 2792 4769 quia
2825 4701 3128 4756 adorator-cs
3154 4704 3344 4760 diaboli
3365 4723 3478 4761 cor-

1913 4798 2010 4852 pus
2039 4785 2202 4854 ipsius
2233 4786 2351 4840 l‘aeti
2381 4790 2576 4842 erant?
2619 4790 2896 4856 Quomodo
2939 4805 3286 4861 agnoscentes
3327 4795 3476 4851 Chri-

1909 4884 2070 4941 stum,
2105 4877 2233 4930 Iiunt
2253 4892 2444 4946 corpus
2468 4879 2687 4942 Christi,
2719 4891 2776 4933 ut
2803 4882 2880 4934 eis
2899 4883 3103 4937 dicatur
3131 4901 3143 4935 :
3187 4884 3284 4939 Vos
3307 4899 3475 4941 autem

1909 4966 2025 5017 estis
2054 4981 2233 5035 corpus
2257 4966 2438 5020 Christi
2464 4979 2508 5020 et
2536 4969 2756 5022 membra
2783 4972 2822 5032 (l
2861 4970 2978 5023 Cor.
3009 4988 3100 5038 xtl,
3127 4973 3239 5046 27).
3265 4975 3470 5046 Corpus

1907 5056 2099 5110 diaboli
2142 5059 2556 5112 consumendum
2595 5071 2727 5124 erat,
2768 5071 2824 5116 et
2854 5062 2954 5116 hoc
2982 5067 3047 5118 ab
3075 5065 3319 5120 lsraelitis
3345 5084 3458 5121 con-

1908 5146 2242 5201 sumendum.
2297 5149 2368 5218 ΒΧ
2415 5150 2504 5204 1110
2547 5153 2688 5205 enim
2732 5154 2924 5222 popqu
2968 5157 3244 5223 Apostoli;
3291 5173 3354 5212 ex
3381 5159 3470 5212 illo

1908 5237 2074 5305 prima
2102 5237 2356 5293 Ecclesia.
2408 5240 2474 5294 Et
2517 5242 2712 5296 dictum
2755 5255 2871 5298 erat
2899 5244 3052 5300 Petro
3080 5246 3146 5300 de
3170 5246 3425 5318 Gentibus
3453 5268 3463 5300 :

1908 5328 2079 5381 Macta
2104 5341 2148 5383 et
2177 5330 2430 5384 manduca
2470 5332 2604 5403 (Act.
2649 5351 2701 5400 κ,
2736 5338 2844 5405 15).
2891 5336 3026 5404 Quid
3069 5348 3170 5403 est,
3213 5339 3382 5392 Macta
3419 5351 3467 5392 ει

1907 5421 2199 5474 manduca?
2243 5421 2434 5476 Occide
2485 5425 2622 5494 quod
2670 5437 2812 5493 sunt,
2856 5429 3014 5482 etfac
3041 5429 3182 5497 quod
3206 5441 3283 5481 es.
3325 5427 3464 5488 Hae,

1906 5509 2077 5562 Macta
2101 5520 2147 5563 et
2171 5512 2456 5577 manduca;
2477 5512 2591 5576 hac,
2611 5513 2921 5571 Comminue
2948 5529 3000 5571 et
3021 5517 3168 5570 bibe:
3189 5523 3468 5584 utrumque

1907 5609 2078 5654 tamen
2105 5602 2156 5655 in
2184 5603 2368 5656 eodem
2400 5616 2766 5671 sacramento;
2798 5608 2918 5675 quia
2958 5607 3234 5677 oportebat
3259 5607 3464 5676 utique;

1905 5701 1957 5742 et
1984 5693 2098 5745 sine
2144 5693 2467 5748 dubitatione
2513 5697 2809 5763 oportebat,
2859 5709 2917 5751 ut
2943 5713 3133 5765 corpus
3163 5697 3302 5764 quod
3349 5708 3465 5752 erat

1909 5781 2122 5846 diaboli,
2146 5784 2411 5838 credendo
2441 5787 2684 5840 transiret
2714 5787 2763 5840 in
2782 5802 2974 5855 corpus
2993 5786 3207 5840 Christi.
3236 5789 3323 5843 Sic
3347 5789 3464 5843 dia-

2873 5868 3196 5956 (Troum)
