4020 6198
2011 234 2022 262 l

537 335 638 394 939

538 454 694 510 holus
733 443 1058 505 consumitur
1097 436 1309 495 amissis
1337 431 1591 490 membris
1614 430 1744 485 suis.
1777 428 1886 484 iloc
1913 428 2107 497 liguru-

544 557 653 604 tmn
681 551 762 599 est
787 549 842 595 et
869 538 921 593 in
951 541 1198 606 serpente
1225 527 1412 601 Moysi.
1450 524 1585 580 Nam
1615 522 1853 578 fecerunt
1879 517 2013 587 magi
2042 520 2114 570 si-

544 636 757 695 militer,
782 625 1134 702 proiectisque
1150 620 1308 692 virgis
1325 617 1432 674 suis
1452 614 1807 671 exhibuerunt
1823 609 2106 668 dracones;

541 729 635 787 sed
667 727 827 781 draco
870 719 1035 793 Moysi
1088 716 1322 771 omnium
1369 712 1580 766 illorum
1623 720 1900 777 magorum
1941 703 2116 770 virgas

538 816 815 877 absorbuit
856 791 1050 888 (Exod.
1073 825 1164 875 vn,
1190 804 1301 879 12).
1351 801 1678 872 intelligatur
1715 810 1844 868 ergo
1878 804 1931 850 et
1960 791 2118 848 modo

537 923 737 981 corpus
785 905 977 961 diaboli
1008 922 1022 958 :
1061 901 1165 956 hoc
1192 900 1289 965 ﬁt;
1316 896 1601 953 devoratur
1637 906 1666 946 a
1706 889 1965 949 Gentibus
2001 900 2120 956 quae

540 977 905 1065 crediderunt,
955 994 1121 1050 factus
1148 1000 1230 1047 est
1254 1003 1374 1045 esca
1401 986 1609 1059 populis
1638 981 2002 1053 Ethiopibus.
2055 977 2121 1031 ll-

548 1092 638 1151 lud
663 1104 873 1163 quoque
899 1084 1123 1155 intelligi
1155 1089 1349 1152 potest,
1396 1076 1578 1132 dedisti
1615 1091 1729 1129 eum
1757 1087 1922 1127 escam
1960 1084 2122 1163 popu-

544 1185 615 1239 lis
659 1158 991 1249 Etltiopibus
1036 1192 1054 1229 :
1098 1173 1220 1244 quia
1274 1183 1415 1224 nunc
1455 1182 1578 1222 cum
1620 1176 1806 1219 omnes
1858 1158 2121 1215 mordent.

549 1274 687 1343 Quid
716 1283 799 1329 est
827 1266 1116 1326 mordent?
1148 1257 1626 1335 Reprehendeodo,
1657 1252 1940 1325 culpanda,
1964 1264 2126 1343 accu-

551 1340 739 1423 sando.
766 1360 1043 1432 Quomodo
1062 1357 1261 1413 dictum
1288 1362 1392 1419 est,
1422 1350 1476 1406 in
1506 1345 1860 1420 prohibitione
1888 1340 2123 1413 quidem,

553 1458 648 1515 sed
675 1469 849 1512 tamen
879 1465 1186 1523 expressum
1217 1465 1231 1502 :
1261 1446 1319 1502 Si
1346 1453 1512 1498 autem
1533 1439 1769 1496 mordetis
1797 1447 1844 1491 et
1870 1432 2128 1489 comeditis

554 1552 802 1616 invicem;
852 1546 1011 1602 ridete
1051 1559 1114 1599 ne
1150 1543 1212 1596 ab
1250 1538 1456 1594 invicem
1496 1530 1861 1590 consumamini
1899 1525 2040 1602 (Gal.
2070 1540 2126 1591 v,

554 1642 667 1715 15).
698 1638 836 1711 Quid
864 1645 964 1702 est,
995 1631 1233 1689 mordetis
1260 1639 1306 1685 et
1324 1624 1580 1684 comeditis
1608 1624 1815 1678 invicem
1839 1620 1864 1674 ?
1892 1617 2130 1689 Litigatis

555 1708 675 1791 cuin
706 1708 952 1795 invicem,
992 1722 1276 1781 detrahitis
1302 1720 1548 1783 invicem,
1593 1713 1874 1786 opprobria
1902 1708 2131 1781 ohjicitis

560 1824 807 1881 invicem.
857 1816 1129 1876 Attendite
1169 1830 1295 1886 ergo
1326 1828 1464 1867 nunc
1488 1809 1574 1865 his
1602 1806 1866 1862 morsibus
1891 1801 2129 1858 consumi

556 1915 845 1973 diabolum.
874 1910 1005 1982 Quis
1029 1924 1131 1963 non
1170 1906 1336 1961 iratus
1363 1916 1518 1957 servo
1542 1914 1661 1966 suo,
1688 1898 1846 1953 etiam
1873 1907 2129 1965 paganus,

557 2008 698 2063 dicat
738 2004 815 2060 illi
842 2021 855 2057 :
902 1996 1167 2058 Satanas?
1198 1993 1327 2050 Vide
1350 1989 1619 2048 diabolum
1644 1987 1825 2043 datum
1852 1985 1903 2039 in
1932 1998 2132 2039 escam.

558 2099 672 2154 lioc
709 2096 835 2152 dicit
883 2092 1231 2155 Christianus,
1281 2087 1382 2142 hoc
1427 2082 1554 2138 dicit
1580 2079 1815 2143 Judmus,
1865 2077 1968 2132 hoc
2009 2075 2135 2131 dicit

558 2190 842 2260 Paganus;
871 2187 1042 2256 ipsum
1072 2181 1274 2246 adorat,
1308 2175 1453 2234 etde
1484 2175 1599 2246 ipso
1628 2169 1915 2260 maledicit:

640 2258 730 2334 1⁵1.
771 2275 923 2352 [νοτε.
954 2271 1066 2346 15.]
1097 2270 1384 2326 Videamus
1430 2281 1559 2337 ergo
1607 2262 1832 2334 reliqua.
1886 2258 2134 2352 Fratres,

562 2350 807 2436 obsecro,
838 2365 1093 2427 intendite
1121 2379 1136 2416 :
1166 2377 1285 2416 cum
1312 2373 1501 2430 magna
1530 2357 1799 2430 voluptate
1828 2350 2133 2414 audiuntur,

562 2463 683 2532 quia
729 2459 905 2515 audita
949 2456 1106 2513 etiam
1152 2454 1203 2510 in
1240 2453 1370 2508 orbo
1419 2461 1677 2506 terrarum
1721 2453 2135 2517 cognoscuntur.

566 2555 691 2610 ιιωο
717 2550 928 2624 quando
950 2547 1278 2609 dicebautur,
1308 2558 1413 2597 non
1442 2539 1685 2604 fuerunt;
1716 2538 1835 2607 quia
1865 2544 1990 2591 tunc
2012 2549 2137 2604 pro—

565 2644 935 2711 mittebantur,
980 2654 1084 2694 non
1124 2635 1519 2693 reddebantur:
1550 2643 1691 2685 nutic
1709 2643 1835 2682 vero
1855 2642 1956 2698 qua
1987 2625 2139 2679 volu-

567 2748 710 2811 ptate
750 2733 1045 2799 efﬁcimur,
1094 2743 1216 2784 cum
1261 2741 1324 2783 ea
1363 2738 1482 2796 quae
1522 2719 1774 2793 praedicta
1821 2718 2044 2789 legimus
2086 2715 2138 2769 in

569 2805 726 2896 libro,
753 2823 1007 2897 compleri
1038 2820 1278 2877 videmus
1317 2818 1371 2872 in
1409 2812 1641 2872 mundod
1697 2809 1978 2867 Videamus
2016 2805 2139 2878 quid

571 2920 775 2986 fecerit,
807 2931 965 2988 quem
1010 2914 1116 2986 iam
1157 2907 1401 2981 intelligit
1425 2906 1627 2977 Asaph,
1651 2901 1793 2976 quod
1813 2909 2045 2974 operatus
2070 2907 2145 2954 est

570 3012 855 3069 salutemin
884 3008 1047 3062 medio
1072 3015 1238 3060 terra.
1277 3000 1358 3058 Tu
1391 2998 1651 3072 disrupisti
1688 2996 1850 3068 fontes
1876 3003 1923 3049 et
1951 3003 2146 3048 torren-

572 3113 645 3160 tes
683 3119 703 3159 :
746 3112 804 3156 ut
844 3106 1117 3155 manarent
1156 3096 1415 3166 liquorem
1456 3089 1750 3161 sapientiai,
1781 3095 1839 3143 ut
1867 3091 2147 3141 manarent

573 3195 783 3252 divitias
826 3191 969 3252 ﬁdei,
1015 3197 1074 3244 ut
1120 3186 1401 3257 irrigarent
1452 3182 1742 3238 salsitatem
1788 3177 2058 3243 Gentium,
2085 3181 2146 3231 ut

574 3301 762 3346 clunes
810 3282 1051 3339 inﬁdeles
1090 3280 1143 3335 in
1184 3278 1285 3333 ﬁde
1331 3273 1663 3332 dulcedinem
1708 3284 1804 3327 sua
1843 3270 2146 3339 irrigatione

576 3384 968 3437 converterent.
1019 3369 1290 3441 Disrupisti
1345 3370 1506 3441 [antes
1566 3375 1612 3420 et
1673 3371 1936 3417 torrentes.
1989 3358 2149 3415 Forte

577 3474 864 3529 discretum
894 3476 1008 3531 est;
1040 3465 1173 3520 forte
1200 3476 1359 3517 unmn
1390 3467 1474 3516 est
1492 3499 1507 3522 ,
1537 3457 1660 3528 quia
1686 3452 1861 3510 fontes
1887 3462 1991 3507 tam
2020 3452 2151 3523 largi

580 3564 793 3620 fuerunt
821 3570 879 3616 ut
909 3558 1124 3616 ﬂumina
1174 3554 1428 3610 facerent.
1484 3550 1561 3607 Tu
1606 3547 1867 3618 disrupisti
1900 3548 2058 3620 fontes
2104 3552 2152 3598 ct

580 3666 842 3714 torrentes.
867 3653 923 3710 Si
946 3663 1121 3708 autem
1152 3650 1217 3704 ad
1247 3646 1623 3703 discretionem
1666 3661 1681 3698 :
1723 3643 1775 3697 in
1802 3640 1919 3695 aliis
1951 3641 2006 3694 ﬁt
2035 3654 2155 3694 ver-

581 3750 707 3805 bmu
742 3746 837 3803 Dei
875 3745 990 3815 [ens
1028 3756 1173 3815 aqua:
1206 3739 1429 3795 salientis
1457 3738 1508 3791 in
1537 3736 1690 3791 vitam
1716 3743 1951 3789 αξιοι-ηοω
1973 3731 2152 3802 (Joan.

582 3857 654 3907 ιν,
682 3838 770 3912 ll)
790 3855 806 3904 ;
830 3837 921 3894 alii
945 3846 1124 3891 autem
1147 3832 1422 3887 audientes
1451 3828 1694 3894 verbum,
1736 3834 1792 3882 et
1825 3841 1929 3880 non
1960 3823 2035 3878 sic
2058 3822 2154 3877 ha-

584 3934 773 3991 bentes
816 3938 876 3986 ut
922 3929 1059 3984 bene
1099 3927 1309 3991 vivant,
1340 3931 1515 3977 tamen
1541 3935 1647 3975 non
1674 3926 1909 3973 tacentes
1937 3916 2110 3985 lingua
2138 3954 2153 3980 ,

584 4037 853 4085 torrentes
884 4026 1036 4081 ﬂunt.
1069 4022 1359 4103 Torrentes
1375 4020 1519 4075 enim
1542 4019 1791 4075 dicuntur
1812 4014 2047 4087 proprie,
2068 4010 2157 4081 qui

547 4158 551 4167 ι
587 4139 694 4181 non
720 4130 847 4178 sunt
885 4133 1148 4191 perennes
1176 4136 1190 4172 :
1221 4131 1341 4171 nam
1378 4112 1662 4185 aliquando
1704 4120 1759 4166 et
1802 4108 2057 4164 translate
2082 4106 2162 4159 tli-

587 4216 726 4272 eitur
774 4223 981 4269 torrens
1015 4224 1112 4280 pro
1151 4208 1340 4271 ﬂuvio;
1380 4206 1516 4260 sicut
1541 4204 1737 4258 dictum
1774 4211 1896 4256 est:
1932 4197 2161 4252 Inebria-

591 4310 773 4362 bttatstr
809 4301 873 4358 ab
911 4302 1135 4356 ubertate
1155 4299 1335 4352 domus
1372 4306 1500 4361 tute,
1546 4304 1591 4348 et
1633 4301 1850 4347 torrente
1870 4290 2164 4344 deliciarum

568 4409 793 4454 tuarum
823 4393 1016 4468 potabis
1057 4407 1141 4447 eos
1187 4387 1362 4460 (Psal.
1405 4403 1562 4452 xxxv,
1604 4385 1709 4454 9):
1742 4399 1848 4439 non
1890 4382 2031 4439 enim
2075 4380 2165 4435 ille

593 4502 807 4547 torrens
853 4482 1137 4556 aliquando
1164 4482 1465 4537 siccabitur.
1508 4479 1616 4535 Sed
1659 4486 1923 4533 torrentes
1955 4473 2166 4545 proprie

593 4583 841 4639 dicuntur
860 4577 1003 4634 ﬂuvii
1028 4575 1119 4647 qui
1140 4582 1324 4629 :nstate
1352 4570 1626 4636 deﬁciunt,
1661 4568 1813 4639 aquis
1835 4578 2013 4621 autem
2057 4565 2169 4619 bie-

597 4674 822 4730 maiibus
851 4668 1170 4726 inundantur
1197 4674 1252 4720 et
1274 4672 1515 4719 currunt.
1551 4659 1709 4716 Vides
1735 4673 1863 4730 ergo
1899 4656 2169 4711 hominem

598 4765 733 4820 bene
758 4762 990 4826 ﬁdelem,
1028 4764 1485 4829 perseveraturum
1526 4766 1692 4818 usque
1734 4750 1786 4805 in
1836 4749 2016 4813 ﬂiiem,
2062 4761 2170 4801 non

599 4855 907 4910 relicturum
941 4853 1106 4907 Deum
1149 4849 1205 4905 in
1243 4847 1389 4902 omni
1423 4846 1751 4908 tentatione;
1794 4855 1891 4911 pro
1927 4840 2169 4905 veritate,

601 4961 709 5000 non
734 4960 830 5015 pro
855 4945 1076 4998 falsitate
1106 4951 1160 4997 ct
1181 4936 1384 5006 errore,
1407 4952 1591 4992 omnes
1617 4934 1890 4990 molestias
1906 4931 2174 4987 sustinen-

602 5049 711 5091 tem
743 5035 865 5089 :hic
883 5035 1023 5090 unde
1046 5036 1124 5088 sic
1149 5034 1307 5102 viget.
1332 5029 1433 5086 nisi
1449 5029 1582 5099 quia
1623 5027 1841 5081 verbum
1872 5026 2064 5079 factum
2092 5030 2177 5075 est

605 5129 659 5185 in
686 5143 753 5184 eo
781 5129 893 5196 fons
918 5141 1062 5196 aqum
1097 5126 1322 5179 salientis
1351 5126 1403 5178 in
1430 5124 1580 5177 vitam
1606 5118 1885 5177 mternam?
1911 5118 2062 5173 Alius
2085 5133 2182 5170 au-

608 5232 713 5277 tem
737 5217 929 5288 accipit
955 5216 1209 5281 verbum;
1233 5216 1503 5286 pranlicat,
1538 5229 1645 5269 non
1676 5221 1832 5273 tacet,
1860 5211 2023 5266 currit
2047 5227 2059 5262 :
2084 5208 2180 5263 sed

607 5320 765 5367 testas
791 5306 979 5377 probat
1006 5307 1201 5359 [alitem
1242 5315 1333 5359 aut
1362 5315 1670 5360 torrentem.
1714 5303 1910 5356 Tamen
1939 5317 2005 5354 ex
2032 5309 2180 5353 ntro-

608 5420 713 5475 qne
742 5403 942 5472 rigetur
971 5407 1143 5463 terra,
1171 5396 1239 5452 ab
1269 5411 1338 5452 eo
1373 5399 1460 5467 qui
1501 5407 1734 5465 operatus
1771 5404 1840 5449 est
1882 5394 2093 5449 salutem
2131 5392 2185 5442 in

572 5514 576 5518 ·
612 5495 980 5553 ηιεόἱοιετιῖε;
1005 5486 1275 5542 exundent
1301 5486 1505 5552 fomes,
1531 5498 1742 5541 currant
1773 5493 2036 5541 torrentes
2065 5502 2077 5535 :
2110 5482 2187 5536 'l'u

613 5584 878 5654 disrupisti
904 5584 1067 5655 fontes
1095 5588 1141 5633 et
1171 5587 1432 5632 torrentes.

691 5678 774 5734 l8.
801 5676 878 5731 Tu
901 5673 1097 5730 siccasti
1123 5672 1303 5744 ﬂuvios
1341 5669 1546 5724 Etltam.
1574 5670 1682 5724 liae
1701 5670 1893 5738 rumpit
1929 5668 2107 5723 fontes
2134 5670 2194 5724 et'

616 5780 907 5839 torrentes,
938 5772 1033 5824 hac
1059 5767 1219 5824 siccat
1247 5764 1470 5832 ﬂuvios,
1508 5772 1568 5818 ut
1611 5763 1733 5817 inde
1753 5774 1968 5818 currant
1992 5778 2144 5835 aqua:
2169 5805 2186 5832 ,

1731 314 1786 370 S.
1828 306 2188 370 Al'GUSTlNl
2231 306 2529 364 EPISCOPI

3688 306 3794 361 9η

2223 431 2275 476 et
2303 424 2425 476 hinc
2455 422 2911 502 aqumsiccentnr.
2948 420 3176 486 Fluvios,
3204 422 3393 493 inquit,
3418 421 3627 476 Etham.
3657 423 3802 489 Quid

2222 525 2302 569 est
2332 515 2560 569 Etham?
2592 514 2816 570 Verbum
2846 515 2987 570 enim
3025 515 3292 569 hebramm
3319 522 3420 569 est.
3451 513 3589 580 Quid
3630 513 3806 566 inter-

2224 619 2463 680 pretatur
2483 609 2703 664 Etbam?
2728 607 2902 664 Fortis
2919 651 2934 675 ,
2967 608 3236 663 robustus.
3258 606 3387 673 Quis
3412 616 3494 661 est
3523 607 3628 662 iste
3651 605 3806 659 fortis

2223 712 2277 756 et
2300 702 2567 765 robustus,
2594 700 2743 771 cujus
2770 701 2960 756 ﬂuvios
2989 701 3153 756 siccat
3188 699 3369 755 Deus?
3393 699 3545 768 Quis,
3577 699 3683 753 nisi
3714 697 3808 752 ille

2225 792 2339 861 ipse
2360 792 2559 849 draco?
2578 791 2743 847 Nemo
2762 793 2903 847 enim
2928 793 3082 846 intrat
3110 793 3162 846 in
3190 793 3393 847 domum
3414 791 3583 865 fortis,
3606 799 3667 844 ut
3687 805 3808 842 vasa

2224 882 2364 938 illius
2388 883 2613 954 diripiat,
2641 883 2739 938 nisi
2764 883 2906 953 prius
2934 883 3214 954 alligaverit
3248 884 3428 954 fortem
3457 881 3677 953 (Matth.
3715 896 3806 942 stt,

2225 974 2337 1044 9.9).
2385 973 2501 1044 ipse
2538 982 2621 1030 est
2660 972 2829 1039 fortis,
2879 974 2947 1029 de
2991 974 3187 1029 virtute
3220 988 3316 1028 sua
3364 986 3730 1044 przesumcns,
3758 982 3811 1025 et

2229 1067 2395 1121 Deum
2412 1065 2686 1131 deserens;
2708 1066 2820 1135 ipse
2847 1076 2928 1120 est
2956 1065 3127 1128 fortis,
3151 1063 3240 1135 qui
3263 1064 3337 1118 ait
3365 1082 3378 1117 :
3405 1062 3608 1117 Ponant
3638 1063 3810 1116 sedem

2230 1175 2387 1212 meam
2416 1159 2483 1211 ad
2507 1158 2812 1229 aquilonem,
2842 1167 2887 1231 et
2914 1174 2998 1211 ero
3022 1157 3204 1212 similis
3229 1156 3481 1211 altissimo
3511 1153 3670 1225 (lsai.
3699 1170 3809 1221 nv,

2231 1251 2344 1319 15).
2377 1250 2450 1305 De
2474 1250 2588 1318 ipso
2615 1248 2779 1304 calice
2810 1263 3074 1318 perversa:
3095 1246 3419 1301 fortitudinis
3448 1246 3653 1300 bom‘iui
3690 1262 3811 1315 pro.

2230 1342 2449 1412 pinavit.
2482 1342 2668 1397 Fortes
2695 1356 2814 1396 eSse
2840 1342 3143 1406 voluerunt,
3171 1341 3337 1410 quise
3356 1339 3485 1394 deos
3506 1339 3723 1393 futuros
3749 1339 3814 1391 de

2230 1435 2351 1491 cibo
2380 1435 2540 1489 vetito
2577 1434 2932 1489 crediderunt.
2987 1433 3183 1488 Factus
3223 1441 3307 1488 est
3347 1430 3515 1485 Adam
3548 1430 3707 1485 fortis
3731 1431 3812 1485 cui

2231 1525 2575 1582 insultaretur
2604 1529 2622 1560 ¹
2653 1544 2666 1580 :
2695 1524 2826 1581 Ecce
2845 1526 3012 1596 {actus
3038 1536 3110 1581 est
3130 1526 3294 1579 Adam
3321 1534 3561 1595 tanquam
3593 1541 3733 1579 unus
3758 1540 3817 1577 ea:

2231 1618 2373 1673 nobis
2401 1617 2552 1691 (Gen.
2585 1634 2661 1685 ιιι,
2689 1618 2743 1686 5,
2772 1618 2827 1681 6,
2854 1616 2969 1688 22).
3000 1616 3188 1673 Fortes
3219 1624 3275 1671 et
3308 1614 3475 1671 Judaei
3503 1615 3575 1670 de
3607 1615 3815 1684 iustitia

2232 1724 2327 1765 sua
2354 1718 2737 1781 prmsumeutes
2767 1727 2781 1765 :
2807 1708 3107 1780 Ignorantes
3143 1708 3275 1762 enim
3318 1705 3413 1761 Dei
3447 1706 3711 1778 justitiam
3730 1748 3744 1769 ,
3772 1714 3819 1758 et

2232 1818 2378 1857 suam
2396 1796 2650 1873 justitiam
2673 1809 2948 1871 qna'rentes
2968 1800 3291 1866 constituere,
3321 1807 3574 1866 tanquam
3604 1796 3776 1850 fortes
3798 1836 3815 1859 ,

2224 1894 2441 1966 justitite
2466 1892 2556 1947 Dei
2583 1909 2683 1946 non
2711 1901 2826 1946 sunt
2856 1890 3063 1961 subjecti
3090 1889 3267 1961 (Rom.
3294 1905 3348 1954 ι,
3384 1889 3462 1960 '5).
3501 1885 3692 1942 Videte
3719 1885 3818 1940 bo-

2236 1986 2433 2039 minem
2467 1983 2751 2055 digessisse
2792 1981 3151 2037 fortitudinem
3190 1995 3375 2048 suam,
3413 1988 3469 2035 et
3492 1977 3819 2034 remansisse

2237 2075 2529 2141 inﬁrmum,
2558 2075 2791 2144 inopem,
2822 2074 2978 2144 longe
3002 2082 3254 2139 stantem,
3285 2086 3385 2127 nec
3402 2072 3589 2126 oculos
3617 2068 3688 2124 ad
3712 2084 3817 2124 ca:-

2237 2165 2346 2222 lum
2375 2166 2548 2220 levare
2563 2166 2880 2231 audentem;
2910 2164 3002 2220 sed
3028 2164 3409 2236 percutientem
3433 2175 3616 2232 pectus
3635 2175 3814 2226 suum,

2238 2268 2295 2316 et
2320 2258 2584 2315 dicentem
2618 2275 2631 2313 :
2680 2257 2923 2324 Domine,
2971 2258 3220 2330 prapitius
3264 2267 3367 2311 esto
3409 2257 3536 2310 milii
3568 2255 3819 2326 percntari

2203 2397 2208 2403 .
2241 2351 2390 2425 (Luc.
2430 2367 2578 2416 xvut,
2616 2349 2729 2421 i3).
2762 2349 2878 2407 Jam
2905 2350 3143 2404 inﬁrmus
3169 2359 3271 2414 est,
3299 2348 3408 2420 jam
3454 2347 3817 2402 inﬁrmitatem

2240 2443 2556 2509 conﬁtetur;
2595 2458 2698 2497 non
2724 2452 2807 2497 est
2844 2440 2997 2497 fortis
3040 2459 3053 2496 :
3093 2441 3239 2496 arida
3288 2449 3429 2495 terra
3464 2449 3578 2505 est;
3621 2440 3821 2508 rigetur

2246 2535 2483 2594 fontibus
2510 2544 2563 2590 et
2591 2533 2934 2589 torrentibus.
2965 2532 3042 2587 illi
3073 2533 3244 2587 adhuc
3264 2530 3428 2587 fortes
3458 2542 3610 2593 sunt,
3633 2533 3729 2599 qui
3758 2529 3821 2583 de

2242 2632 2438 2687 virtute
2480 2643 2577 2687 sua
2615 2635 2963 2702 prmsumunt.
3005 2627 3283 2681 Siccentur
3324 2623 3543 2679 ﬂumina
3589 2637 3818 2678 eorum:

2242 2739 2346 2778 non
2374 2721 2651 2793 proﬁciant
2679 2717 2936 2776 doctrina:
2979 2716 3217 2791 gentium
3239 2757 3255 2781 ,
3285 2713 3680 2784 haruspiscum,
3710 2727 3822 2765 ma-

2245 2815 2671 2879 tbematicorum,
2715 2814 2934 2883 magicae
2978 2821 3155 2876 artes;
3191 2806 3442 2881 quoniam
3484 2805 3667 2861 siccati
3701 2813 3824 2858 sunt

2244 2908 2390 2965 ﬂuvii
2417 2907 2592 2964 Fortis
2618 2908 2639 2939 ³
2671 2904 2789 2961 :Tu
2821 2904 3020 2960 siccasti
3051 2904 3232 2975 ﬂuvios
3252 2899 3464 2955 Etham.
3489 2898 3712 2952 Arescat
3743 2896 3824 2949 illa

2248 2998 2519 3061 doctrina;
2551 2997 2871 3055 inundantur
2896 3005 3104 3050 mentes
3130 2992 3414 3063 Evangelia
3441 2986 3705 3045 veritatis.

2322 3092 2406 3147 19.
2431 3089 2580 3166 [νοτε.
2611 3087 2724 3162 1θ.]
2746 3087 2886 3142 Tuus
2915 3095 2985 3142 cst
3011 3087 3139 3153 dies,
3162 3096 3208 3141 et
3231 3095 3316 3138 tua
3341 3095 3413 3139 est
3438 3100 3561 3137 nox.
3578 3083 3717 3151 Quis
3733 3082 3826 3136 hoc

2249 3184 2477 3254 ignorat,
2508 3181 2721 3252 quando
2746 3181 2858 3249 ipse
2882 3176 3007 3234 l'ecit
3039 3175 3154 3232 hmo
3179 3176 3389 3239 omnia;
3417 3174 3536 3245 quia
3566 3189 3662 3244 per
3697 3173 3825 3227 Ver-

2249 3272 2375 3328 bum
2404 3272 2537 3328 l‘acta
2567 3281 2692 3326 sunt
2715 3270 2888 3324 omnia
2916 3266 3094 3341 (Joan.
3136 3283 3177 3336 ι,
3223 3267 3312 3336 3)!
3345 3265 3424 3320 illi
3455 3265 3555 3337 ipsi
3590 3266 3687 3335 qui
3716 3280 3829 3334 ope-

2249 3374 2390 3420 ratus
2425 3375 2498 3419 est
2524 3364 2737 3418 salutent
2772 3363 2825 3416 in
2848 3363 3013 3416 medio
3042 3372 3208 3425 terrae,
3232 3359 3308 3414 illi
3341 3357 3536 3415 dicitur
3559 3375 3574 3411 :
3603 3357 3747 3412 Tuus
3763 3368 3826 3410 est

2253 3456 2379 3519 dies,
2406 3466 2453 3509 et
2483 3465 2570 3508 tua
2597 3466 2672 3508 est
2699 3470 2821 3508 nox.
2855 3452 3065 3523 Aliquid
3103 3451 3189 3506 hic
3214 3450 3511 3522 intelligere
3545 3449 3825 3514 debemus,

2253 3546 2393 3617 quod
2418 3546 2678 3617 pertineat
2711 3545 2777 3599 ad
2811 3545 2979 3615 ipsam
3011 3544 3237 3598 salutem
3273 3559 3429 3613 quam
3470 3552 3730 3612 operatus
3755 3551 3830 3596 est

2256 3639 2307 3692 in
2333 3638 2507 3693 medio
2529 3647 2702 3692 terrm.
2739 3634 2876 3690 Tuus
2898 3646 2971 3690 est
3000 3636 3126 3689 dies.
3156 3633 3257 3701 Qui
3282 3643 3408 3689 sunt
3431 3635 3554 3688 isti?
3573 3632 3830 3704 Spiritus-

2214 3806 2218 3809 ,
2256 3730 2354 3787 les.
2387 3730 2451 3783 Et
2489 3740 2576 3784 tua
2613 3739 2684 3783 est
2710 3745 2831 3782 nox.
2858 3727 2957 3796 Qui
2986 3740 3110 3782 sunt
3141 3727 3266 3783 isti?
3292 3727 3569 3792 Carnales,
3602 3725 3747 3781 Tus
3768 3736 3832 3780 est

2257 3823 2401 3888 dies;
2426 3831 2473 3875 et
2505 3830 2591 3875 tua
2618 3830 2692 3876 est
2718 3836 2839 3875 nox.
2870 3820 3178 3890 Loquantur
3212 3819 3516 3889 spirituaies
3542 3820 3833 3889 spiritualia

2258 3913 2647 3984 Spiritnaiibus;
2666 3912 2862 3967 dictum
2878 3920 2960 3966 est
2977 3911 3119 3966 enim
3137 3928 3151 3963 :
3171 3910 3533 3981 Spiritualibus
3551 3909 3835 3981 spiritantia

2258 4017 2627 4077 comparantes,
2655 4005 2951 4076 sapientiam
2973 4005 3368 4077 loquimurinter
3386 4008 3637 4075 perfectos
3655 4003 3706 4076 (ι
3725 4001 3833 4059 Cor.

2222 4162 2233 4177 .
2269 4113 2328 4159 ιι.
2346 4095 2780 4166 15,6).Νοη(1ιι,ιιι
2807 4095 3023 4165 capiunt
3047 4095 3199 4163 istam
3227 4095 3540 4166 sapientiam
3566 4095 3835 4165 carnales:

2271 4187 2407 4243 Non!
2423 4188 2561 4259 potui
2588 4187 2724 4242 vobis
2751 4188 2884 4253 loqui
2910 4188 3055 4258 quasi
3074 4186 3436 4257 spiritualibus,
3459 4187 3550 4241 sed
3573 4189 3731 4258 quasi
3748 4203 3842 4239 car-

2265 4280 2463 4335 nalibus
2494 4278 2626 4351 (ld.,
2648 4293 2723 4344 ιιι,
2746 4275 2819 4350 1).
2851 4277 2993 4348 Ergo
3009 4292 3128 4332 cum
3157 4277 3458 4347 spirituales
3482 4278 3842 4347 spiritualibus

2267 4369 2695 4440 loquuntur,Dies
2711 4370 2810 4423 diei
2825 4378 3015 4424 eructat
3026 4367 3225 4422 uerbum
3244 4383 3264 4422 :
3277 4382 3396 4422 cum
3416 4382 3543 4422 vero
3552 4376 3613 4422 et
3629 4369 3733 4438 ipsi
3747 4383 3848 4422 mr-

2269 4463 2416 4518 ualcs
2434 4477 2537 4518 non
2560 4469 2735 4516 tacent
2761 4460 2917 4515 iidem
2945 4460 3181 4515 cruciﬁxi
3197 4458 3413 4527 Christi,
3438 4474 3603 4530 quam
3632 4467 3849 4530 possunt

2268 4570 2461 4626 capere
2500 4555 2684 4625 parvi,
2745 4551 2867 4608 Non:
2904 4553 3036 4607 nocti
3080 4553 3348 4607 narrantia!
3386 4551 3654 4607 scientiam
3680 4551 3845 4622 (Psal.

2270 4664 2418 4711 va,
2448 4648 2529 4719 5).
2557 4645 2694 4701 Tuus
2716 4655 2790 4700 est
2817 4645 2940 4709 dies,
2970 4653 3018 4699 et
3046 4654 3134 4698 tua
3160 4652 3233 4699 est
3260 4660 3380 4699 nos.
3408 4642 3490 4699 Ad
3514 4654 3566 4700 te
3587 4645 3848 4715 pertinent

2271 4741 2591 4811 Spit-ituaies,
2606 4740 2672 4794 ad
2690 4751 2742 4795 te
2768 4738 3035 4808 pertinent
3059 4738 3300 4794 carnales
3330 4754 3347 4793 :
3374 4736 3495 4792 illos
3514 4737 3757 4793 illustres
3778 4738 3849 4791 in-

2274 4832 2636 4890 commutabili
2675 4830 2934 4902 sapientia
2991 4841 3045 4886 et
3089 4832 3347 4895 veritate;
3383 4829 3516 4885 illos
3559 4830 3851 4885 consolaris

2276 4924 2455 4980 carnis
2472 4924 2909 4990 manilestatione,
2926 4932 3172 4992 tanquam
3186 4923 3307 4976 luna
3320 4920 3607 4977 consolans
3624 4931 3846 4978 noctem.

2274 5016 2418 5073 Tuus
2451 5027 2523 5073 est
2566 5018 2693 5083 dies,
2729 5026 2774 5070 et
2803 5025 2890 5069 tua
2930 5025 3002 5069 cst
3030 5030 3159 5070 nox.
3186 5013 3281 5070 Vis
3304 5013 3492 5069 audire
3516 5013 3699 5069 diem?
3731 5012 3851 5068 Vide

2281 5112 2325 5165 si
2359 5109 2538 5180 capis;
2580 5110 2723 5180 erige
2756 5115 3010 5178 quantum
3041 5116 3192 5175 potes
3216 5120 3445 5161 mentem
3471 5115 3643 5159 tuam.
3669 5104 3851 5158 Videa-

2283 5219 2402 5257 mus
2440 5203 2483 5255 si
2515 5201 2742 5270 pertines
2767 5196 2831 5252 ad
2860 5197 3031 5263 diem;
3058 5198 3168 5267 jam
3197 5197 3490 5262 videamus,
3524 5198 3569 5250 si
3603 5211 3706 5251 non
3748 5194 3848 5264 pal-

2287 5296 2418 5364 pitat
2449 5301 2695 5362 aspectus
2720 5300 2861 5344 tuus.
2892 5289 3048 5344 Potes
3072 5289 3254 5344 videre
3287 5288 3431 5357 quod
3471 5287 3665 5342 audisti
3704 5286 3860 5342 modo

2287 5402 2351 5440 ex
2383 5384 2666 5455 Evaugciio
2693 5401 2707 5436 :
2740 5381 2805 5435 In
2830 5382 3078 5453 principio
3109 5389 3226 5434 erat
3270 5377 3489 5434 Verbum
3508 5421 3524 5446 ,
3556 5388 3605 5433 et
3654 5377 3865 5432 Versum

2357 5585 2483 5696 11st;
2497 5584 2711 5645 potiores
2730 5588 2840 5631 uss.
2888 5580 2994 5643 Alii,
3026 5593 3136 5631 cum
3171 5576 3489 5631 exaltaretur.
3528 5585 3584 5629 Αι
3612 5577 3745 5638 add,
3766 5590 3873 5626 amt

2395 5660 2438 5695 ιι·
2489 5679 2502 5692 .

2293 5658 2534 5781 αυξηέιῗᾷ,
2710 5703 3078 5781 βρῖθιρὶὶιιε
3104 5711 3237 5767 δίκη
3271 5702 3408 5768 fartis
3435 5716 3456 5756 :
3473 5714 3586 5767 quas
3620 5708 3698 5752 est
3719 5711 3872 5751 Inter-

2298 5772 2506 5835 pt‘ctatio
2523 5767 2725 5818 neminis
2748 5767 2931 5837 Etham.
