  <div class='ocr_page' id='page_1' title='image "/cluster/home/n/w/nwhite01/storage/ocr_20150623/36/hvd.32044096580584/478.png"; bbox 0 0 4020 6198; ppageno 0'>
   <div class='ocr_carea' id='block_1_1' title="bbox 316 284 447 338">
    <p class='ocr_par' dir='ltr' id='par_1_1' title="bbox 316 284 447 338">
     <span class='ocr_line' id='line_1_1' title="bbox 316 284 447 338; baseline 0.053 -7"><span class='ocrx_word' id='word_1_1' title='bbox 316 284 447 338; x_wconf 70' lang='lat' dir='ltr'><strong>Ml.</strong></span> 
     </span>
    </p>
   </div>
   <div class='ocr_carea' id='block_1_2' title="bbox 311 402 1876 471">
    <p class='ocr_par' dir='ltr' id='par_1_2' title="bbox 311 402 1876 471">
     <span class='ocr_line' id='line_1_2' title="bbox 311 402 1876 471; baseline 0.01 -18"><span class='ocrx_word' id='word_1_2' title='bbox 311 415 412 453; x_wconf 83' lang='lat' dir='ltr'><strong>erat</strong></span> <span class='ocrx_word' id='word_1_3' title='bbox 440 403 580 471; x_wconf 84' lang='lat' dir='ltr'><strong>apud</strong></span> <span class='ocrx_word' id='word_1_4' title='bbox 610 402 788 461; x_wconf 88' lang='lat' dir='ltr'><strong>Deum.</strong></span> <span class='ocrx_word' id='word_1_5' title='bbox 816 416 860 458; x_wconf 88' lang='lat' dir='ltr'><strong>et</strong></span> <span class='ocrx_word' id='word_1_6' title='bbox 888 404 1020 459; x_wconf 88' lang='lat' dir='ltr'><strong>Deus</strong></span> <span class='ocrx_word' id='word_1_7' title='bbox 1042 418 1144 459; x_wconf 89' lang='lat' dir='ltr'><strong>erat</strong></span> <span class='ocrx_word' id='word_1_8' title='bbox 1182 407 1431 462; x_wconf 71' lang='lat' dir='ltr'><strong>Verbum?</strong></span> <span class='ocrx_word' id='word_1_9' title='bbox 1452 411 1564 464; x_wconf 71' lang='lat' dir='ltr'><strong>Non</strong></span> <span class='ocrx_word' id='word_1_10' title='bbox 1584 415 1716 466; x_wconf 80' lang='lat' dir='ltr'><strong>nosti</strong></span> <span class='ocrx_word' id='word_1_11' title='bbox 1738 417 1876 470; x_wconf 86' lang='lat' dir='ltr'><strong>enim</strong></span> 
     </span>
    </p>
   </div>
   <div class='ocr_carea' id='block_1_3' title="bbox 313 478 1882 566">
    <p class='ocr_par' dir='ltr' id='par_1_3' title="bbox 313 478 1882 566">
     <span class='ocr_line' id='line_1_3' title="bbox 313 478 1882 566; baseline 0.011 -22"><span class='ocrx_word' id='word_1_12' title='bbox 313 503 366 544; x_wconf 92' lang='lat' dir='ltr'><strong>tu</strong></span> <span class='ocrx_word' id='word_1_13' title='bbox 394 478 625 563; x_wconf 78' lang='lat' dir='ltr'><strong>cogitare</strong></span> <span class='ocrx_word' id='word_1_14' title='bbox 649 496 824 554; x_wconf 71' lang='lat' dir='ltr'><strong>verba.</strong></span> <span class='ocrx_word' id='word_1_15' title='bbox 857 498 952 549; x_wconf 79' lang='lat' dir='ltr'><strong>nisi</strong></span> <span class='ocrx_word' id='word_1_16' title='bbox 982 514 1098 566; x_wconf 69' lang='lat' dir='ltr'><strong>qum</strong></span> <span class='ocrx_word' id='word_1_17' title='bbox 1124 511 1312 553; x_wconf 86' lang='lat' dir='ltr'><strong>sonant</strong></span> <span class='ocrx_word' id='word_1_18' title='bbox 1333 512 1385 553; x_wconf 87' lang='lat' dir='ltr'><strong>et</strong></span> <span class='ocrx_word' id='word_1_19' title='bbox 1414 513 1703 557; x_wconf 88' lang='lat' dir='ltr'><strong>transeunt.</strong></span> <span class='ocrx_word' id='word_1_20' title='bbox 1725 506 1882 561; x_wconf 81' lang='lat' dir='ltr'><strong>Potes</strong></span> 
     </span>
    </p>
   </div>
   <div class='ocr_carea' id='block_1_4' title="bbox 311 586 1881 658">
    <p class='ocr_par' dir='ltr' id='par_1_4' title="bbox 311 586 1881 658">
     <span class='ocr_line' id='line_1_4' title="bbox 311 586 1881 658; baseline 0.01 -21"><span class='ocrx_word' id='word_1_21' title='bbox 311 586 413 652; x_wconf 73' lang='lat' dir='ltr'><strong>iam</strong></span> <span class='ocrx_word' id='word_1_22' title='bbox 446 601 637 655; x_wconf 86' lang='lat' dir='ltr'><strong>capere</strong></span> <span class='ocrx_word' id='word_1_23' title='bbox 666 586 916 654; x_wconf 78' lang='lat' dir='ltr'><strong>Verbum,</strong></span> <span class='ocrx_word' id='word_1_24' title='bbox 949 607 1050 643; x_wconf 86' lang='lat' dir='ltr'><strong>non</strong></span> <span class='ocrx_word' id='word_1_25' title='bbox 1080 606 1299 658; x_wconf 90' lang='lat' dir='ltr'><strong>sonum,</strong></span> <span class='ocrx_word' id='word_1_26' title='bbox 1330 593 1425 646; x_wconf 90' lang='lat' dir='ltr'><strong>sed</strong></span> <span class='ocrx_word' id='word_1_27' title='bbox 1457 593 1658 648; x_wconf 89' lang='lat' dir='ltr'><strong>Deum?</strong></span> <span class='ocrx_word' id='word_1_28' title='bbox 1693 586 1881 652; x_wconf 79' lang='lat' dir='ltr'><strong>Annon</strong></span> 
     </span>
    </p>
   </div>
   <div class='ocr_carea' id='block_1_5' title="bbox 311 677 1880 743">
    <p class='ocr_par' dir='ltr' id='par_1_5' title="bbox 311 677 1880 743">
     <span class='ocr_line' id='line_1_5' title="bbox 311 677 1880 743; baseline 0.01 -15"><span class='ocrx_word' id='word_1_29' title='bbox 311 677 378 729; x_wconf 90' lang='lat' dir='ltr'><strong>ibi</strong></span> <span class='ocrx_word' id='word_1_30' title='bbox 410 678 598 730; x_wconf 92' lang='lat' dir='ltr'><strong>audisti</strong></span> <span class='ocrx_word' id='word_1_31' title='bbox 633 695 646 730; x_wconf 88' lang='lat'><strong>:</strong></span> <span class='ocrx_word' id='word_1_32' title='bbox 680 678 742 731; x_wconf 86' lang='lat' dir='ltr'><strong>Et</strong></span> <span class='ocrx_word' id='word_1_33' title='bbox 775 679 908 734; x_wconf 87' lang='lat' dir='ltr'><strong>Deus</strong></span> <span class='ocrx_word' id='word_1_34' title='bbox 942 692 1046 734; x_wconf 87' lang='lat' dir='ltr'><strong>erat</strong></span> <span class='ocrx_word' id='word_1_35' title='bbox 1090 681 1342 736; x_wconf 85' lang='lat' dir='ltr'><strong>Verbum?</strong></span> <span class='ocrx_word' id='word_1_36' title='bbox 1380 683 1483 740; x_wconf 85' lang='lat' dir='ltr'><strong>Sed</strong></span> <span class='ocrx_word' id='word_1_37' title='bbox 1515 696 1568 740; x_wconf 93' lang='lat' dir='ltr'><strong>tu</strong></span> <span class='ocrx_word' id='word_1_38' title='bbox 1599 688 1696 741; x_wconf 89' lang='lat' dir='ltr'><strong>ista</strong></span> <span class='ocrx_word' id='word_1_39' title='bbox 1725 690 1880 743; x_wconf 73' lang='lat' dir='ltr'><strong>verba</strong></span> 
     </span>
    </p>
   </div>
   <div class='ocr_carea' id='block_1_6' title="bbox 309 769 1880 847">
    <p class='ocr_par' dir='ltr' id='par_1_6' title="bbox 309 769 1880 847">
     <span class='ocr_line' id='line_1_6' title="bbox 309 769 1880 847; baseline 0.009 -28"><span class='ocrx_word' id='word_1_40' title='bbox 309 769 510 837; x_wconf 64' lang='lat' dir='ltr'><strong>cogitas</strong></span> <span class='ocrx_word' id='word_1_41' title='bbox 530 812 544 833; x_wconf 93' lang='lat'><strong>,</strong></span> <span class='ocrx_word' id='word_1_42' title='bbox 595 769 777 823; x_wconf 83' lang='lat' dir='ltr'><strong>Omnia</strong></span> <span class='ocrx_word' id='word_1_43' title='bbox 821 789 909 842; x_wconf 85' lang='lat' dir='ltr'><strong>per</strong></span> <span class='ocrx_word' id='word_1_44' title='bbox 948 773 1113 840; x_wconf 86' lang='lat' dir='ltr'><strong>ipsum</strong></span> <span class='ocrx_word' id='word_1_45' title='bbox 1155 778 1289 845; x_wconf 78' lang='lat' dir='ltr'><strong>facta</strong></span> <span class='ocrx_word' id='word_1_46' title='bbox 1318 786 1432 829; x_wconf 85' lang='lat' dir='ltr'><strong>sunt</strong></span> <span class='ocrx_word' id='word_1_47' title='bbox 1460 792 1478 830; x_wconf 92' lang='lat'><em>:</em></span> <span class='ocrx_word' id='word_1_48' title='bbox 1509 787 1558 831; x_wconf 87' lang='lat' dir='ltr'><strong>et</strong></span> <span class='ocrx_word' id='word_1_49' title='bbox 1591 795 1682 846; x_wconf 84' lang='lat' dir='ltr'><strong>per</strong></span> <span class='ocrx_word' id='word_1_50' title='bbox 1711 780 1880 847; x_wconf 70' lang='lat' dir='ltr'><strong>ipsum</strong></span> 
     </span>
    </p>
   </div>
   <div class='ocr_carea' id='block_1_7' title="bbox 314 857 1880 936">
    <p class='ocr_par' dir='ltr' id='par_1_7' title="bbox 314 857 1880 936">
     <span class='ocr_line' id='line_1_7' title="bbox 314 857 1880 936; baseline 0.008 -27"><span class='ocrx_word' id='word_1_51' title='bbox 314 857 432 910; x_wconf 77' lang='lat' dir='ltr'><strong>facti</strong></span> <span class='ocrx_word' id='word_1_52' title='bbox 461 868 580 911; x_wconf 89' lang='lat' dir='ltr'><strong>sunt</strong></span> <span class='ocrx_word' id='word_1_53' title='bbox 611 869 663 913; x_wconf 87' lang='lat' dir='ltr'><strong>et.</strong></span> <span class='ocrx_word' id='word_1_54' title='bbox 692 860 779 929; x_wconf 86' lang='lat' dir='ltr'><strong>qui</strong></span> <span class='ocrx_word' id='word_1_55' title='bbox 810 861 964 915; x_wconf 82' lang='lat' dir='ltr'><strong>verba</strong></span> <span class='ocrx_word' id='word_1_56' title='bbox 995 863 1210 918; x_wconf 82' lang='lat' dir='ltr'><strong>faciunt.</strong></span> <span class='ocrx_word' id='word_1_57' title='bbox 1241 866 1404 930; x_wconf 86' lang='lat' dir='ltr'><strong>Quale</strong></span> <span class='ocrx_word' id='word_1_58' title='bbox 1433 881 1558 936; x_wconf 82' lang='lat' dir='ltr'><strong>ergo</strong></span> <span class='ocrx_word' id='word_1_59' title='bbox 1589 867 1714 920; x_wconf 90' lang='lat' dir='ltr'><strong>illud</strong></span> <span class='ocrx_word' id='word_1_60' title='bbox 1752 869 1880 922; x_wconf 75' lang='lat' dir='ltr'><strong>Ver-</strong></span> 
     </span>
    </p>
   </div>
   <div class='ocr_carea' id='block_1_8' title="bbox 313 948 1879 1026">
    <p class='ocr_par' dir='ltr' id='par_1_8' title="bbox 313 948 1879 1026">
     <span class='ocr_line' id='line_1_8' title="bbox 313 948 1879 1026; baseline 0.01 -28"><span class='ocrx_word' id='word_1_61' title='bbox 313 948 430 1001; x_wconf 88' lang='lat' dir='ltr'><strong>lnnn</strong></span> <span class='ocrx_word' id='word_1_62' title='bbox 463 952 579 1003; x_wconf 84' lang='lat' dir='ltr'><strong>est?</strong></span> <span class='ocrx_word' id='word_1_63' title='bbox 607 951 792 1019; x_wconf 89' lang='lat' dir='ltr'><strong>Capis,</strong></span> <span class='ocrx_word' id='word_1_64' title='bbox 821 970 852 1004; x_wconf 91' lang='lat' dir='ltr'><strong>o</strong></span> <span class='ocrx_word' id='word_1_65' title='bbox 880 954 1153 1006; x_wconf 82' lang='lat' dir='ltr'><strong>carnalis?</strong></span> <span class='ocrx_word' id='word_1_66' title='bbox 1198 956 1492 1022; x_wconf 73' lang='lat' dir='ltr'><strong>reSpunde;</strong></span> <span class='ocrx_word' id='word_1_67' title='bbox 1543 959 1723 1026; x_wconf 84' lang='lat' dir='ltr'><strong>capis?</strong></span> <span class='ocrx_word' id='word_1_68' title='bbox 1765 959 1879 1014; x_wconf 76' lang='lat' dir='ltr'><strong>Non</strong></span> 
     </span>
    </p>
   </div>
   <div class='ocr_carea' id='block_1_9' title="bbox 309 1039 1878 1111">
    <p class='ocr_par' dir='ltr' id='par_1_9' title="bbox 309 1039 1878 1111">
     <span class='ocr_line' id='line_1_9' title="bbox 309 1039 1878 1111; baseline 0.008 -21"><span class='ocrx_word' id='word_1_69' title='bbox 309 1054 476 1107; x_wconf 78' lang='lat' dir='ltr'><strong>capts,</strong></span> <span class='ocrx_word' id='word_1_70' title='bbox 503 1039 673 1092; x_wconf 86' lang='lat' dir='ltr'><strong>adhuc</strong></span> <span class='ocrx_word' id='word_1_71' title='bbox 699 1041 762 1093; x_wconf 89' lang='lat' dir='ltr'><strong>ad</strong></span> <span class='ocrx_word' id='word_1_72' title='bbox 792 1052 998 1096; x_wconf 90' lang='lat' dir='ltr'><strong>noctem</strong></span> <span class='ocrx_word' id='word_1_73' title='bbox 1023 1045 1278 1111; x_wconf 87' lang='lat' dir='ltr'><strong>pertines;</strong></span> <span class='ocrx_word' id='word_1_74' title='bbox 1311 1046 1429 1099; x_wconf 90' lang='lat' dir='ltr'><strong>luna</strong></span> <span class='ocrx_word' id='word_1_75' title='bbox 1461 1047 1552 1101; x_wconf 91' lang='lat' dir='ltr'><strong>tibi</strong></span> <span class='ocrx_word' id='word_1_76' title='bbox 1584 1053 1878 1103; x_wconf 85' lang='lat' dir='ltr'><strong>necessaria</strong></span> 
     </span>
    </p>
   </div>
   <div class='ocr_carea' id='block_1_10' title="bbox 307 1130 1880 1206">
    <p class='ocr_par' dir='ltr' id='par_1_10' title="bbox 307 1130 1880 1206">
     <span class='ocr_line' id='line_1_10' title="bbox 307 1130 1880 1206; baseline 0.01 -28"><span class='ocrx_word' id='word_1_77' title='bbox 307 1139 408 1188; x_wconf 82' lang='lat' dir='ltr'><strong>est,</strong></span> <span class='ocrx_word' id='word_1_78' title='bbox 439 1145 503 1183; x_wconf 89' lang='lat' dir='ltr'><strong>ne</strong></span> <span class='ocrx_word' id='word_1_79' title='bbox 530 1130 578 1182; x_wconf 93' lang='lat' dir='ltr'><strong>in</strong></span> <span class='ocrx_word' id='word_1_80' title='bbox 605 1131 834 1185; x_wconf 75' lang='lat' dir='ltr'><strong>tenebris</strong></span> <span class='ocrx_word' id='word_1_81' title='bbox 852 1132 1112 1186; x_wconf 87' lang='lat' dir='ltr'><strong>moriaris.</strong></span> <span class='ocrx_word' id='word_1_82' title='bbox 1135 1134 1339 1188; x_wconf 79' lang='lat' dir='ltr'><strong>Etenim</strong></span> <span class='ocrx_word' id='word_1_83' title='bbox 1362 1136 1572 1204; x_wconf 85' lang='lat' dir='ltr'><strong>quidam</strong></span> <span class='ocrx_word' id='word_1_84' title='bbox 1603 1149 1880 1206; x_wconf 80' lang='lat' dir='ltr'><strong>peccatores</strong></span> 
     </span>
    </p>
   </div>
   <div class='ocr_carea' id='block_1_11' title="bbox 305 1207 1881 1292">
    <p class='ocr_par' dir='ltr' id='par_1_11' title="bbox 305 1207 1881 1292">
     <span class='ocr_line' id='line_1_11' title="bbox 305 1207 1881 1292; baseline 0.008 -23"><span class='ocrx_word' id='word_1_85' title='bbox 305 1207 621 1272; x_wconf 78' lang='lat' dir='ltr'><strong>intenderunt</strong></span> <span class='ocrx_word' id='word_1_86' title='bbox 641 1237 842 1284; x_wconf 84' lang='lat' dir='ltr'><strong>arcum,</strong></span> <span class='ocrx_word' id='word_1_87' title='bbox 868 1232 921 1274; x_wconf 88' lang='lat' dir='ltr'><strong>ut</strong></span> <span class='ocrx_word' id='word_1_88' title='bbox 938 1223 1227 1292; x_wconf 86' lang='lat' dir='ltr'><strong>sagittarent</strong></span> <span class='ocrx_word' id='word_1_89' title='bbox 1256 1225 1304 1277; x_wconf 90' lang='lat' dir='ltr'><strong>in</strong></span> <span class='ocrx_word' id='word_1_90' title='bbox 1336 1228 1545 1279; x_wconf 86' lang='lat' dir='ltr'><strong>obscura</strong></span> <span class='ocrx_word' id='word_1_91' title='bbox 1572 1227 1692 1280; x_wconf 86' lang='lat' dir='ltr'><strong>luna</strong></span> <span class='ocrx_word' id='word_1_92' title='bbox 1723 1240 1881 1283; x_wconf 85' lang='lat' dir='ltr'><strong>rectos</strong></span> 
     </span>
    </p>
   </div>
   <div class='ocr_carea' id='block_1_12' title="bbox 309 1308 1876 1379">
    <p class='ocr_par' dir='ltr' id='par_1_12' title="bbox 309 1308 1876 1379">
     <span class='ocr_line' id='line_1_12' title="bbox 309 1308 1876 1379; baseline 0.009 -20"><span class='ocrx_word' id='word_1_93' title='bbox 309 1310 457 1362; x_wconf 81' lang='lat' dir='ltr'><strong>corde</strong></span> <span class='ocrx_word' id='word_1_94' title='bbox 485 1308 653 1379; x_wconf 75' lang='lat' dir='ltr'><strong>(Paul.</strong></span> <span class='ocrx_word' id='word_1_95' title='bbox 690 1328 740 1372; x_wconf 70' lang='grc' dir='ltr'><strong>ς,</strong></span> <span class='ocrx_word' id='word_1_96' title='bbox 771 1312 846 1377; x_wconf 84' lang='grc'><strong>5).</strong></span> <span class='ocrx_word' id='word_1_97' title='bbox 879 1312 1163 1366; x_wconf 88' lang='lat' dir='ltr'><strong>Ohscurata</strong></span> <span class='ocrx_word' id='word_1_98' title='bbox 1209 1322 1290 1368; x_wconf 89' lang='lat' dir='ltr'><strong>est</strong></span> <span class='ocrx_word' id='word_1_99' title='bbox 1333 1317 1470 1369; x_wconf 89' lang='lat' dir='ltr'><strong>enim</strong></span> <span class='ocrx_word' id='word_1_100' title='bbox 1519 1331 1642 1371; x_wconf 83' lang='lat' dir='ltr'><strong>caro</strong></span> <span class='ocrx_word' id='word_1_101' title='bbox 1685 1317 1876 1373; x_wconf 83' lang='lat' dir='ltr'><strong>Christi</strong></span> 
     </span>
    </p>
   </div>
   <div class='ocr_carea' id='block_1_13' title="bbox 305 1397 1875 1478">
    <p class='ocr_par' dir='ltr' id='par_1_13' title="bbox 305 1397 1875 1478">
     <span class='ocr_line' id='line_1_13' title="bbox 305 1397 1875 1478; baseline 0.008 -28"><span class='ocrx_word' id='word_1_102' title='bbox 305 1397 371 1450; x_wconf 91' lang='lat' dir='ltr'><strong>de</strong></span> <span class='ocrx_word' id='word_1_103' title='bbox 396 1413 554 1452; x_wconf 89' lang='lat' dir='ltr'><strong>cruce</strong></span> <span class='ocrx_word' id='word_1_104' title='bbox 582 1399 816 1468; x_wconf 73' lang='lat' dir='ltr'><strong>deposita</strong></span> <span class='ocrx_word' id='word_1_105' title='bbox 847 1443 861 1466; x_wconf 94' lang='lat'><strong>,</strong></span> <span class='ocrx_word' id='word_1_106' title='bbox 909 1410 962 1454; x_wconf 90' lang='lat' dir='ltr'><strong>et</strong></span> <span class='ocrx_word' id='word_1_107' title='bbox 1003 1401 1054 1455; x_wconf 93' lang='lat' dir='ltr'><strong>iu</strong></span> <span class='ocrx_word' id='word_1_108' title='bbox 1097 1403 1338 1472; x_wconf 90' lang='lat' dir='ltr'><strong>sepulcro</strong></span> <span class='ocrx_word' id='word_1_109' title='bbox 1367 1406 1534 1474; x_wconf 91' lang='lat' dir='ltr'><strong>posita</strong></span> <span class='ocrx_word' id='word_1_110' title='bbox 1563 1424 1576 1460; x_wconf 89' lang='lat'>:</span> <span class='ocrx_word' id='word_1_111' title='bbox 1609 1417 1660 1462; x_wconf 91' lang='lat' dir='ltr'><strong>ct</strong></span> <span class='ocrx_word' id='word_1_112' title='bbox 1690 1407 1762 1461; x_wconf 85' lang='lat' dir='ltr'><strong>illi</strong></span> <span class='ocrx_word' id='word_1_113' title='bbox 1790 1411 1875 1478; x_wconf 92' lang='lat' dir='ltr'><strong>qui</strong></span> 
     </span>
    </p>
   </div>
   <div class='ocr_carea' id='block_1_14' title="bbox 305 1491 1873 1566">
    <p class='ocr_par' dir='ltr' id='par_1_14' title="bbox 305 1491 1873 1566">
     <span class='ocr_line' id='line_1_14' title="bbox 305 1491 1873 1566; baseline 0.007 -24"><span class='ocrx_word' id='word_1_114' title='bbox 305 1491 611 1544; x_wconf 87' lang='lat' dir='ltr'><strong>occiderunt</strong></span> <span class='ocrx_word' id='word_1_115' title='bbox 659 1493 1074 1559; x_wconf 82' lang='lat' dir='ltr'><strong>insultaverunt;</strong></span> <span class='ocrx_word' id='word_1_116' title='bbox 1118 1503 1171 1549; x_wconf 90' lang='lat' dir='ltr'><strong>et</strong></span> <span class='ocrx_word' id='word_1_117' title='bbox 1201 1496 1430 1550; x_wconf 89' lang='lat' dir='ltr'><strong>nondum</strong></span> <span class='ocrx_word' id='word_1_118' title='bbox 1471 1511 1830 1553; x_wconf 83' lang='lat' dir='ltr'><strong>resurrexerat</strong></span> <span class='ocrx_word' id='word_1_119' title='bbox 1858 1543 1873 1566; x_wconf 96' lang='lat'><strong>,</strong></span> 
     </span>
    </p>
   </div>
   <div class='ocr_carea' id='block_1_15' title="bbox 308 1583 1874 1654">
    <p class='ocr_par' dir='ltr' id='par_1_15' title="bbox 308 1583 1874 1654">
     <span class='ocr_line' id='line_1_15' title="bbox 308 1583 1874 1654; baseline 0.008 -20"><span class='ocrx_word' id='word_1_120' title='bbox 308 1591 362 1634; x_wconf 85' lang='lat' dir='ltr'><strong>et</strong></span> <span class='ocrx_word' id='word_1_121' title='bbox 388 1583 614 1652; x_wconf 81' lang='lat' dir='ltr'><strong>sagittati</strong></span> <span class='ocrx_word' id='word_1_122' title='bbox 639 1592 764 1637; x_wconf 90' lang='lat' dir='ltr'><strong>sunt</strong></span> <span class='ocrx_word' id='word_1_123' title='bbox 788 1584 1029 1654; x_wconf 89' lang='lat' dir='ltr'><strong>discipuli</strong></span> <span class='ocrx_word' id='word_1_124' title='bbox 1057 1588 1186 1640; x_wconf 89' lang='lat' dir='ltr'><strong>recti</strong></span> <span class='ocrx_word' id='word_1_125' title='bbox 1213 1588 1372 1642; x_wconf 88' lang='lat' dir='ltr'><strong>corde</strong></span> <span class='ocrx_word' id='word_1_126' title='bbox 1392 1631 1406 1653; x_wconf 94' lang='lat'><strong>,</strong></span> <span class='ocrx_word' id='word_1_127' title='bbox 1440 1590 1531 1643; x_wconf 90' lang='lat' dir='ltr'><strong>sed</strong></span> <span class='ocrx_word' id='word_1_128' title='bbox 1563 1590 1611 1642; x_wconf 92' lang='lat' dir='ltr'><strong>in</strong></span> <span class='ocrx_word' id='word_1_129' title='bbox 1652 1591 1874 1646; x_wconf 86' lang='lat' dir='ltr'><strong>obscura</strong></span> 
     </span>
    </p>
   </div>
   <div class='ocr_carea' id='block_1_16' title="bbox 307 1672 1872 1750">
    <p class='ocr_par' dir='ltr' id='par_1_16' title="bbox 307 1672 1872 1750">
     <span class='ocr_line' id='line_1_16' title="bbox 307 1672 1872 1750; baseline 0.008 -26"><span class='ocrx_word' id='word_1_130' title='bbox 307 1672 448 1724; x_wconf 90' lang='lat' dir='ltr'><strong>luna.</strong></span> <span class='ocrx_word' id='word_1_131' title='bbox 500 1674 632 1741; x_wconf 71' lang='lat' dir='ltr'><strong>Ergo</strong></span> <span class='ocrx_word' id='word_1_132' title='bbox 678 1684 733 1727; x_wconf 93' lang='lat' dir='ltr'><strong>ut</strong></span> <span class='ocrx_word' id='word_1_133' title='bbox 778 1692 878 1728; x_wconf 88' lang='lat' dir='ltr'><strong>nou</strong></span> <span class='ocrx_word' id='word_1_134' title='bbox 912 1678 1082 1731; x_wconf 89' lang='lat' dir='ltr'><strong>solum</strong></span> <span class='ocrx_word' id='word_1_135' title='bbox 1111 1678 1226 1733; x_wconf 89' lang='lat' dir='ltr'><strong>dies</strong></span> <span class='ocrx_word' id='word_1_136' title='bbox 1254 1679 1356 1733; x_wconf 90' lang='lat' dir='ltr'><strong>diei</strong></span> <span class='ocrx_word' id='word_1_137' title='bbox 1382 1692 1584 1735; x_wconf 88' lang='lat' dir='ltr'><strong>eructet</strong></span> <span class='ocrx_word' id='word_1_138' title='bbox 1610 1685 1827 1737; x_wconf 79' lang='lat' dir='ltr'><strong>verbum</strong></span> <span class='ocrx_word' id='word_1_139' title='bbox 1857 1726 1872 1750; x_wconf 92' lang='lat'><strong>,</strong></span> 
     </span>
    </p>
   </div>
   <div class='ocr_carea' id='block_1_17' title="bbox 303 1765 1874 1844">
    <p class='ocr_par' dir='ltr' id='par_1_17' title="bbox 303 1765 1874 1844">
     <span class='ocr_line' id='line_1_17' title="bbox 303 1765 1874 1844; baseline 0.009 -29"><span class='ocrx_word' id='word_1_140' title='bbox 303 1765 394 1817; x_wconf 77' lang='grc' dir='ltr'>ει-ιι</span> <span class='ocrx_word' id='word_1_141' title='bbox 425 1765 578 1818; x_wconf 89' lang='lat' dir='ltr'><strong>etiam</strong></span> <span class='ocrx_word' id='word_1_142' title='bbox 621 1782 721 1820; x_wconf 79' lang='lat' dir='ltr'><strong>uox</strong></span> <span class='ocrx_word' id='word_1_143' title='bbox 769 1768 911 1821; x_wconf 87' lang='lat' dir='ltr'><strong>nocti</strong></span> <span class='ocrx_word' id='word_1_144' title='bbox 950 1771 1224 1825; x_wconf 90' lang='lat' dir='ltr'><strong>annuntict</strong></span> <span class='ocrx_word' id='word_1_145' title='bbox 1274 1772 1575 1838; x_wconf 85' lang='lat' dir='ltr'><strong>scientiam;</strong></span> <span class='ocrx_word' id='word_1_146' title='bbox 1623 1774 1874 1844; x_wconf 89' lang='lat' dir='ltr'><strong>quoniam</strong></span> 
     </span>
    </p>
   </div>
   <div class='ocr_carea' id='block_1_18' title="bbox 303 1856 1874 1931">
    <p class='ocr_par' dir='ltr' id='par_1_18' title="bbox 303 1856 1874 1931">
     <span class='ocr_line' id='line_1_18' title="bbox 303 1856 1874 1931; baseline 0.008 -25"><span class='ocrx_word' id='word_1_147' title='bbox 303 1865 511 1910; x_wconf 79' lang='lat' dir='ltr'><strong>timsest</strong></span> <span class='ocrx_word' id='word_1_148' title='bbox 540 1856 665 1923; x_wconf 87' lang='lat' dir='ltr'><strong>dies,</strong></span> <span class='ocrx_word' id='word_1_149' title='bbox 694 1868 738 1910; x_wconf 90' lang='lat' dir='ltr'><strong>et</strong></span> <span class='ocrx_word' id='word_1_150' title='bbox 758 1868 846 1911; x_wconf 89' lang='lat' dir='ltr'><strong>tua</strong></span> <span class='ocrx_word' id='word_1_151' title='bbox 874 1869 945 1913; x_wconf 87' lang='lat' dir='ltr'><strong>est</strong></span> <span class='ocrx_word' id='word_1_152' title='bbox 983 1877 1118 1924; x_wconf 77' lang='lat' dir='ltr'><strong>nox;</strong></span> <span class='ocrx_word' id='word_1_153' title='bbox 1145 1861 1359 1931; x_wconf 83' lang='lat' dir='ltr'><strong>dignare</strong></span> <span class='ocrx_word' id='word_1_154' title='bbox 1382 1863 1736 1929; x_wconf 80' lang='lat' dir='ltr'><strong>descendere,</strong></span> <span class='ocrx_word' id='word_1_155' title='bbox 1766 1882 1874 1918; x_wconf 87' lang='lat' dir='ltr'><strong>ma-</strong></span> 
     </span>
    </p>
   </div>
   <div class='ocr_carea' id='block_1_19' title="bbox 301 1946 1873 2023">
    <p class='ocr_par' dir='ltr' id='par_1_19' title="bbox 301 1946 1873 2023">
     <span class='ocr_line' id='line_1_19' title="bbox 301 1946 1873 2023; baseline 0.008 -27"><span class='ocrx_word' id='word_1_156' title='bbox 301 1960 428 1998; x_wconf 82' lang='lat' dir='ltr'><strong>nere</strong></span> <span class='ocrx_word' id='word_1_157' title='bbox 459 1946 598 2013; x_wconf 88' lang='lat' dir='ltr'><strong>apud</strong></span> <span class='ocrx_word' id='word_1_158' title='bbox 627 1963 746 2002; x_wconf 89' lang='lat' dir='ltr'><strong>eum</strong></span> <span class='ocrx_word' id='word_1_159' title='bbox 776 1964 804 2002; x_wconf 88' lang='lat' dir='ltr'><strong>a</strong></span> <span class='ocrx_word' id='word_1_160' title='bbox 835 1965 938 2017; x_wconf 90' lang='lat' dir='ltr'><strong>quo</strong></span> <span class='ocrx_word' id='word_1_161' title='bbox 967 1949 1272 2017; x_wconf 85' lang='lat' dir='ltr'><strong>descendis,</strong></span> <span class='ocrx_word' id='word_1_162' title='bbox 1303 1952 1393 2006; x_wconf 82' lang='lat' dir='ltr'><strong>sed</strong></span> <span class='ocrx_word' id='word_1_163' title='bbox 1427 1955 1607 2006; x_wconf 84' lang='lat' dir='ltr'><strong>venire</strong></span> <span class='ocrx_word' id='word_1_164' title='bbox 1640 1955 1702 2007; x_wconf 87' lang='lat' dir='ltr'><strong>ad</strong></span> <span class='ocrx_word' id='word_1_165' title='bbox 1742 1971 1873 2023; x_wconf 64' lang='grc' dir='ltr'><strong>(μιῆς</strong></span> 
     </span>
    </p>
   </div>
   <div class='ocr_carea' id='block_1_20' title="bbox 298 2034 1871 2110">
    <p class='ocr_par' dir='ltr' id='par_1_20' title="bbox 298 2034 1871 2110">
     <span class='ocr_line' id='line_1_20' title="bbox 298 2034 1871 2110; baseline 0.006 -23"><span class='ocrx_word' id='word_1_166' title='bbox 298 2034 597 2089; x_wconf 79' lang='lat' dir='ltr'><strong>descendis.</strong></span> <span class='ocrx_word' id='word_1_167' title='bbox 655 2037 876 2106; x_wconf 79' lang='lat' dir='ltr'><strong>Dignare</strong></span> <span class='ocrx_word' id='word_1_168' title='bbox 927 2039 1248 2095; x_wconf 86' lang='lat' dir='ltr'><strong>descendere</strong></span> <span class='ocrx_word' id='word_1_169' title='bbox 1299 2042 1385 2110; x_wconf 90' lang='lat' dir='ltr'><strong>qui</strong></span> <span class='ocrx_word' id='word_1_170' title='bbox 1435 2041 1485 2095; x_wconf 90' lang='lat' dir='ltr'><strong>in</strong></span> <span class='ocrx_word' id='word_1_171' title='bbox 1540 2041 1642 2095; x_wconf 91' lang='lat' dir='ltr'><strong>hoc</strong></span> <span class='ocrx_word' id='word_1_172' title='bbox 1678 2044 1871 2097; x_wconf 91' lang='lat' dir='ltr'><strong>mundo</strong></span> 
     </span>
    </p>
   </div>
   <div class='ocr_carea' id='block_1_21' title="bbox 299 2129 1866 2198">
    <p class='ocr_par' dir='ltr' id='par_1_21' title="bbox 299 2129 1866 2198">
     <span class='ocr_line' id='line_1_21' title="bbox 299 2129 1866 2198; baseline 0.008 -21"><span class='ocrx_word' id='word_1_173' title='bbox 299 2137 445 2189; x_wconf 84' lang='lat' dir='ltr'><strong>cras,</strong></span> <span class='ocrx_word' id='word_1_174' title='bbox 479 2137 528 2180; x_wconf 89' lang='lat' dir='ltr'><strong>et</strong></span> <span class='ocrx_word' id='word_1_175' title='bbox 560 2129 787 2183; x_wconf 89' lang='lat' dir='ltr'><strong>mundus</strong></span> <span class='ocrx_word' id='word_1_176' title='bbox 816 2145 909 2198; x_wconf 90' lang='lat' dir='ltr'><strong>per</strong></span> <span class='ocrx_word' id='word_1_177' title='bbox 937 2139 988 2185; x_wconf 92' lang='lat' dir='ltr'><strong>te</strong></span> <span class='ocrx_word' id='word_1_178' title='bbox 1016 2130 1182 2185; x_wconf 77' lang='lat' dir='ltr'><strong>factus</strong></span> <span class='ocrx_word' id='word_1_179' title='bbox 1203 2143 1314 2198; x_wconf 90' lang='lat' dir='ltr'><strong>est,</strong></span> <span class='ocrx_word' id='word_1_180' title='bbox 1345 2142 1399 2188; x_wconf 91' lang='lat' dir='ltr'><strong>et</strong></span> <span class='ocrx_word' id='word_1_181' title='bbox 1429 2135 1655 2188; x_wconf 91' lang='lat' dir='ltr'><strong>mundus</strong></span> <span class='ocrx_word' id='word_1_182' title='bbox 1684 2145 1731 2188; x_wconf 89' lang='lat' dir='ltr'><strong>te</strong></span> <span class='ocrx_word' id='word_1_183' title='bbox 1763 2152 1866 2189; x_wconf 89' lang='lat' dir='ltr'><strong>non</strong></span> 
     </span>
    </p>
   </div>
   <div class='ocr_carea' id='block_1_22' title="bbox 298 2220 1865 2290">
    <p class='ocr_par' dir='ltr' id='par_1_22' title="bbox 298 2220 1865 2290">
     <span class='ocr_line' id='line_1_22' title="bbox 298 2220 1865 2290; baseline 0.007 -20"><span class='ocrx_word' id='word_1_184' title='bbox 298 2221 563 2285; x_wconf 74' lang='lat' dir='ltr'><strong>cognovit.</strong></span> <span class='ocrx_word' id='word_1_185' title='bbox 594 2220 794 2274; x_wconf 86' lang='lat' dir='ltr'><strong>Habeat</strong></span> <span class='ocrx_word' id='word_1_186' title='bbox 816 2230 870 2274; x_wconf 87' lang='lat' dir='ltr'><strong>et</strong></span> <span class='ocrx_word' id='word_1_187' title='bbox 891 2238 994 2276; x_wconf 80' lang='lat' dir='ltr'><strong>nox</strong></span> <span class='ocrx_word' id='word_1_188' title='bbox 1013 2225 1424 2278; x_wconf 89' lang='lat' dir='ltr'><strong>consolationem</strong></span> <span class='ocrx_word' id='word_1_189' title='bbox 1448 2240 1629 2288; x_wconf 91' lang='lat' dir='ltr'><strong>suam;</strong></span> <span class='ocrx_word' id='word_1_190' title='bbox 1657 2226 1865 2290; x_wconf 85' lang='lat' dir='ltr'><strong>habeat,</strong></span> 
     </span>
    </p>
   </div>
   <div class='ocr_carea' id='block_1_23' title="bbox 300 2307 1869 2385">
    <p class='ocr_par' dir='ltr' id='par_1_23' title="bbox 300 2307 1869 2385">
     <span class='ocr_line' id='line_1_23' title="bbox 300 2307 1869 2385; baseline 0.006 -26"><span class='ocrx_word' id='word_1_191' title='bbox 300 2307 483 2376; x_wconf 84' lang='lat' dir='ltr'><strong>inquit,</strong></span> <span class='ocrx_word' id='word_1_192' title='bbox 526 2307 734 2385; x_wconf 81' lang='lat' dir='ltr'><strong>Verbum</strong></span> <span class='ocrx_word' id='word_1_193' title='bbox 765 2328 882 2364; x_wconf 88' lang='lat' dir='ltr'><strong>caro</strong></span> <span class='ocrx_word' id='word_1_194' title='bbox 911 2313 1098 2380; x_wconf 76' lang='lat' dir='ltr'><strong>factum</strong></span> <span class='ocrx_word' id='word_1_195' title='bbox 1145 2323 1246 2378; x_wconf 89' lang='lat' dir='ltr'><strong>est,</strong></span> <span class='ocrx_word' id='word_1_196' title='bbox 1295 2324 1339 2367; x_wconf 92' lang='lat' dir='ltr'><strong>et</strong></span> <span class='ocrx_word' id='word_1_197' title='bbox 1387 2314 1623 2367; x_wconf 79' lang='lat' dir='ltr'><strong>habitavit</strong></span> <span class='ocrx_word' id='word_1_198' title='bbox 1648 2315 1700 2368; x_wconf 89' lang='lat' dir='ltr'><strong>in</strong></span> <span class='ocrx_word' id='word_1_199' title='bbox 1729 2318 1869 2369; x_wconf 83' lang='lat' dir='ltr'><strong>nobis</strong></span> 
     </span>
    </p>
   </div>
   <div class='ocr_carea' id='block_1_24' title="bbox 297 2396 1865 2476">
    <p class='ocr_par' dir='ltr' id='par_1_24' title="bbox 297 2396 1865 2476">
     <span class='ocr_line' id='line_1_24' title="bbox 297 2396 1865 2476; baseline 0.007 -27"><span class='ocrx_word' id='word_1_200' title='bbox 297 2396 476 2467; x_wconf 78' lang='lat' dir='ltr'><strong>(Joan.</strong></span> <span class='ocrx_word' id='word_1_201' title='bbox 510 2415 546 2462; x_wconf 88' lang='lat' dir='ltr'><strong>l,</strong></span> <span class='ocrx_word' id='word_1_202' title='bbox 578 2402 726 2470; x_wconf 73' lang='lat' dir='ltr'><strong>i-M)</strong></span> <span class='ocrx_word' id='word_1_203' title='bbox 757 2400 933 2456; x_wconf 86' lang='lat' dir='ltr'><strong>:Tuus</strong></span> <span class='ocrx_word' id='word_1_204' title='bbox 961 2413 1034 2456; x_wconf 88' lang='lat' dir='ltr'><strong>est</strong></span> <span class='ocrx_word' id='word_1_205' title='bbox 1057 2405 1162 2457; x_wconf 88' lang='lat' dir='ltr'><strong>dies</strong></span> <span class='ocrx_word' id='word_1_206' title='bbox 1183 2446 1198 2470; x_wconf 94' lang='lat'><strong>,</strong></span> <span class='ocrx_word' id='word_1_207' title='bbox 1221 2415 1266 2458; x_wconf 91' lang='lat' dir='ltr'><strong>et</strong></span> <span class='ocrx_word' id='word_1_208' title='bbox 1297 2416 1382 2458; x_wconf 87' lang='lat' dir='ltr'><strong>tua</strong></span> <span class='ocrx_word' id='word_1_209' title='bbox 1409 2416 1483 2459; x_wconf 87' lang='lat' dir='ltr'><strong>est</strong></span> <span class='ocrx_word' id='word_1_210' title='bbox 1508 2423 1626 2461; x_wconf 76' lang='lat' dir='ltr'><strong>nox.</strong></span> <span class='ocrx_word' id='word_1_211' title='bbox 1657 2407 1730 2460; x_wconf 88' lang='lat' dir='ltr'><strong>Tu</strong></span> <span class='ocrx_word' id='word_1_212' title='bbox 1757 2426 1865 2476; x_wconf 86' lang='lat' dir='ltr'><strong>per-</strong></span> 
     </span>
    </p>
   </div>
   <div class='ocr_carea' id='block_1_25' title="bbox 299 2490 1865 2564">
    <p class='ocr_par' dir='ltr' id='par_1_25' title="bbox 299 2490 1865 2564">
     <span class='ocr_line' id='line_1_25' title="bbox 299 2490 1865 2564; baseline 0.007 -23"><span class='ocrx_word' id='word_1_213' title='bbox 299 2490 460 2558; x_wconf 77' lang='lat' dir='ltr'><strong>feciin</strong></span> <span class='ocrx_word' id='word_1_214' title='bbox 488 2491 641 2542; x_wconf 80' lang='lat' dir='ltr'><strong>solent</strong></span> <span class='ocrx_word' id='word_1_215' title='bbox 688 2503 732 2545; x_wconf 90' lang='lat' dir='ltr'><strong>et</strong></span> <span class='ocrx_word' id='word_1_216' title='bbox 778 2494 949 2553; x_wconf 81' lang='lat' dir='ltr'><strong>lunam</strong></span> <span class='ocrx_word' id='word_1_217' title='bbox 985 2495 1191 2547; x_wconf 89' lang='lat' dir='ltr'><strong>:solem</strong></span> <span class='ocrx_word' id='word_1_218' title='bbox 1220 2535 1237 2561; x_wconf 96' lang='lat'><strong>,</strong></span> <span class='ocrx_word' id='word_1_219' title='bbox 1277 2496 1602 2564; x_wconf 84' lang='lat' dir='ltr'><strong>spirituales;</strong></span> <span class='ocrx_word' id='word_1_220' title='bbox 1652 2497 1826 2552; x_wconf 83' lang='lat' dir='ltr'><strong>lunam</strong></span> <span class='ocrx_word' id='word_1_221' title='bbox 1851 2541 1865 2564; x_wconf 95' lang='lat'><strong>,</strong></span> 
     </span>
    </p>
   </div>
   <div class='ocr_carea' id='block_1_26' title="bbox 293 2581 1866 2659">
    <p class='ocr_par' dir='ltr' id='par_1_26' title="bbox 293 2581 1866 2659">
     <span class='ocr_line' id='line_1_26' title="bbox 293 2581 1866 2659; baseline 0.009 -28"><span class='ocrx_word' id='word_1_222' title='bbox 293 2581 550 2634; x_wconf 79' lang='lat' dir='ltr'><strong>carnales.</strong></span> <span class='ocrx_word' id='word_1_223' title='bbox 591 2583 774 2636; x_wconf 85' lang='lat' dir='ltr'><strong>Adhuc</strong></span> <span class='ocrx_word' id='word_1_224' title='bbox 815 2585 1042 2637; x_wconf 75' lang='lat' dir='ltr'><strong>carnalis</strong></span> <span class='ocrx_word' id='word_1_225' title='bbox 1071 2594 1168 2649; x_wconf 88' lang='lat' dir='ltr'><strong>est,</strong></span> <span class='ocrx_word' id='word_1_226' title='bbox 1212 2602 1316 2639; x_wconf 89' lang='lat' dir='ltr'><strong>non</strong></span> <span class='ocrx_word' id='word_1_227' title='bbox 1354 2587 1649 2653; x_wconf 87' lang='lat' dir='ltr'><strong>deseratur,</strong></span> <span class='ocrx_word' id='word_1_228' title='bbox 1677 2602 1728 2644; x_wconf 90' lang='lat' dir='ltr'><strong>et</strong></span> <span class='ocrx_word' id='word_1_229' title='bbox 1757 2591 1866 2659; x_wconf 87' lang='lat' dir='ltr'><strong>ipse</strong></span> 
     </span>
    </p>
   </div>
   <div class='ocr_carea' id='block_1_27' title="bbox 297 2672 1861 2745">
    <p class='ocr_par' dir='ltr' id='par_1_27' title="bbox 297 2672 1861 2745">
     <span class='ocr_line' id='line_1_27' title="bbox 297 2672 1861 2745; baseline 0.005 -21"><span class='ocrx_word' id='word_1_230' title='bbox 297 2673 616 2739; x_wconf 76' lang='lat' dir='ltr'><strong>perﬁciatur.</strong></span> <span class='ocrx_word' id='word_1_231' title='bbox 648 2672 723 2725; x_wconf 88' lang='lat' dir='ltr'><strong>Tu</strong></span> <span class='ocrx_word' id='word_1_232' title='bbox 752 2676 1002 2745; x_wconf 78' lang='lat' dir='ltr'><strong>perfeciin</strong></span> <span class='ocrx_word' id='word_1_233' title='bbox 1028 2677 1180 2728; x_wconf 88' lang='lat' dir='ltr'><strong>solem</strong></span> <span class='ocrx_word' id='word_1_234' title='bbox 1205 2687 1249 2729; x_wconf 88' lang='lat' dir='ltr'><strong>et</strong></span> <span class='ocrx_word' id='word_1_235' title='bbox 1280 2677 1450 2730; x_wconf 83' lang='lat' dir='ltr'><strong>lunam</strong></span> <span class='ocrx_word' id='word_1_236' title='bbox 1477 2694 1495 2730; x_wconf 90' lang='lat'><strong><em>:</em></strong></span> <span class='ocrx_word' id='word_1_237' title='bbox 1521 2680 1710 2744; x_wconf 87' lang='lat' dir='ltr'><strong>solem,</strong></span> <span class='ocrx_word' id='word_1_238' title='bbox 1744 2689 1861 2734; x_wconf 86' lang='lat' dir='ltr'><strong>tau-</strong></span> 
     </span>
    </p>
   </div>
   <div class='ocr_carea' id='block_1_28' title="bbox 293 2765 1856 2838">
    <p class='ocr_par' dir='ltr' id='par_1_28' title="bbox 293 2765 1856 2838">
     <span class='ocr_line' id='line_1_28' title="bbox 293 2765 1856 2838; baseline 0.009 -27"><span class='ocrx_word' id='word_1_239' title='bbox 293 2777 452 2830; x_wconf 83' lang='lat' dir='ltr'><strong>quam</strong></span> <span class='ocrx_word' id='word_1_240' title='bbox 483 2765 804 2832; x_wconf 85' lang='lat' dir='ltr'><strong>sapieutem;</strong></span> <span class='ocrx_word' id='word_1_241' title='bbox 830 2767 1030 2830; x_wconf 91' lang='lat' dir='ltr'><strong>lunam,</strong></span> <span class='ocrx_word' id='word_1_242' title='bbox 1065 2778 1310 2836; x_wconf 87' lang='lat' dir='ltr'><strong>tanquam</strong></span> <span class='ocrx_word' id='word_1_243' title='bbox 1363 2769 1723 2838; x_wconf 86' lang='lat' dir='ltr'><strong>insipientem;</strong></span> <span class='ocrx_word' id='word_1_244' title='bbox 1755 2787 1856 2826; x_wconf 94' lang='lat' dir='ltr'><strong>uou</strong></span> 
     </span>
    </p>
   </div>
   <div class='ocr_carea' id='block_1_29' title="bbox 295 2854 1864 2926">
    <p class='ocr_par' dir='ltr' id='par_1_29' title="bbox 295 2854 1864 2926">
     <span class='ocr_line' id='line_1_29' title="bbox 295 2854 1864 2926; baseline 0.006 -22"><span class='ocrx_word' id='word_1_245' title='bbox 295 2861 470 2906; x_wconf 74' lang='lat' dir='ltr'><strong>Limen</strong></span> <span class='ocrx_word' id='word_1_246' title='bbox 499 2854 797 2908; x_wconf 86' lang='lat' dir='ltr'><strong>deseruisti.</strong></span> <span class='ocrx_word' id='word_1_247' title='bbox 826 2855 955 2909; x_wconf 87' lang='lat' dir='ltr'><strong>Nam</strong></span> <span class='ocrx_word' id='word_1_248' title='bbox 985 2857 1054 2909; x_wconf 80' lang='lat' dir='ltr'><strong>ita</strong></span> <span class='ocrx_word' id='word_1_249' title='bbox 1079 2857 1330 2926; x_wconf 89' lang='lat' dir='ltr'><strong>scriptum</strong></span> <span class='ocrx_word' id='word_1_250' title='bbox 1359 2869 1438 2911; x_wconf 87' lang='lat' dir='ltr'><strong>est</strong></span> <span class='ocrx_word' id='word_1_251' title='bbox 1469 2876 1481 2910; x_wconf 91' lang='lat'>:</span> <span class='ocrx_word' id='word_1_252' title='bbox 1509 2861 1723 2926; x_wconf 82' lang='lat' dir='ltr'><strong>Sapiens</strong></span> <span class='ocrx_word' id='word_1_253' title='bbox 1751 2879 1864 2926; x_wconf 83' lang='lat' dir='ltr'><strong>per-</strong></span> 
     </span>
    </p>
   </div>
   <div class='ocr_carea' id='block_1_30' title="bbox 295 2944 1856 3020">
    <p class='ocr_par' dir='ltr' id='par_1_30' title="bbox 295 2944 1856 3020">
     <span class='ocr_line' id='line_1_30' title="bbox 295 2944 1856 3020; baseline 0.007 -26"><span class='ocrx_word' id='word_1_254' title='bbox 295 2952 461 2996; x_wconf 85' lang='lat' dir='ltr'><strong>manet</strong></span> <span class='ocrx_word' id='word_1_255' title='bbox 479 2944 603 2997; x_wconf 89' lang='lat' dir='ltr'><strong>sicut</strong></span> <span class='ocrx_word' id='word_1_256' title='bbox 622 2946 698 2998; x_wconf 86' lang='lat' dir='ltr'><strong>sol</strong></span> <span class='ocrx_word' id='word_1_257' title='bbox 715 2963 734 3009; x_wconf 88' lang='lat'><strong>;</strong></span> <span class='ocrx_word' id='word_1_258' title='bbox 758 2947 938 3000; x_wconf 88' lang='lat' dir='ltr'><strong>stultus</strong></span> <span class='ocrx_word' id='word_1_259' title='bbox 961 2955 1125 2999; x_wconf 84' lang='lat' dir='ltr'><strong>autem</strong></span> <span class='ocrx_word' id='word_1_260' title='bbox 1151 2949 1278 3000; x_wconf 88' lang='lat' dir='ltr'><strong>sicut</strong></span> <span class='ocrx_word' id='word_1_261' title='bbox 1302 2949 1422 3001; x_wconf 88' lang='lat' dir='ltr'><strong>luna</strong></span> <span class='ocrx_word' id='word_1_262' title='bbox 1437 2959 1656 3002; x_wconf 83' lang='lat' dir='ltr'><strong>mutatur</strong></span> <span class='ocrx_word' id='word_1_263' title='bbox 1671 2949 1856 3020; x_wconf 84' lang='lat' dir='ltr'><strong>(Eccli.</strong></span> 
     </span>
    </p>
   </div>
   <div class='ocr_carea' id='block_1_31' title="bbox 296 3032 1860 3111">
    <p class='ocr_par' dir='ltr' id='par_1_31' title="bbox 296 3032 1860 3111">
     <span class='ocr_line' id='line_1_31' title="bbox 296 3032 1860 3111; baseline 0.008 -28"><span class='ocrx_word' id='word_1_264' title='bbox 296 3047 462 3096; x_wconf 75' lang='lat' dir='ltr'><strong>xxvu,</strong></span> <span class='ocrx_word' id='word_1_265' title='bbox 494 3032 602 3103; x_wconf 69' lang='grc'><strong>12).</strong></span> <span class='ocrx_word' id='word_1_266' title='bbox 629 3034 761 3101; x_wconf 85' lang='lat' dir='ltr'><strong>Quid</strong></span> <span class='ocrx_word' id='word_1_267' title='bbox 789 3049 937 3104; x_wconf 81' lang='lat' dir='ltr'><strong>ergo,</strong></span> <span class='ocrx_word' id='word_1_268' title='bbox 960 3035 1084 3104; x_wconf 84' lang='lat' dir='ltr'><strong>quia</strong></span> <span class='ocrx_word' id='word_1_269' title='bbox 1105 3038 1182 3089; x_wconf 89' lang='lat' dir='ltr'><strong>sol</strong></span> <span class='ocrx_word' id='word_1_270' title='bbox 1212 3048 1513 3109; x_wconf 55' lang='lat' dir='ltr'><strong>permanet.</strong></span> <span class='ocrx_word' id='word_1_271' title='bbox 1533 3040 1581 3093; x_wconf 92' lang='lat' dir='ltr'><strong>id</strong></span> <span class='ocrx_word' id='word_1_272' title='bbox 1609 3050 1708 3102; x_wconf 87' lang='lat' dir='ltr'><strong>est,</strong></span> <span class='ocrx_word' id='word_1_273' title='bbox 1738 3044 1860 3111; x_wconf 86' lang='lat' dir='ltr'><strong>quia</strong></span> 
     </span>
    </p>
   </div>
   <div class='ocr_carea' id='block_1_32' title="bbox 294 3122 1861 3196">
    <p class='ocr_par' dir='ltr' id='par_1_32' title="bbox 294 3122 1861 3196">
     <span class='ocr_line' id='line_1_32' title="bbox 294 3122 1861 3196; baseline 0.008 -23"><span class='ocrx_word' id='word_1_274' title='bbox 294 3122 494 3189; x_wconf 76' lang='lat' dir='ltr'><strong>sapiens</strong></span> <span class='ocrx_word' id='word_1_275' title='bbox 521 3134 771 3191; x_wconf 90' lang='lat' dir='ltr'><strong>permanet</strong></span> <span class='ocrx_word' id='word_1_276' title='bbox 798 3125 923 3177; x_wconf 84' lang='lat' dir='ltr'><strong>sicut</strong></span> <span class='ocrx_word' id='word_1_277' title='bbox 949 3126 1025 3178; x_wconf 88' lang='lat' dir='ltr'><strong>sal</strong></span> <span class='ocrx_word' id='word_1_278' title='bbox 1044 3167 1056 3188; x_wconf 93' lang='lat'><strong>,</strong></span> <span class='ocrx_word' id='word_1_279' title='bbox 1089 3127 1270 3181; x_wconf 88' lang='lat' dir='ltr'><strong>stultus</strong></span> <span class='ocrx_word' id='word_1_280' title='bbox 1299 3128 1425 3180; x_wconf 84' lang='lat' dir='ltr'><strong>sicut</strong></span> <span class='ocrx_word' id='word_1_281' title='bbox 1454 3129 1572 3182; x_wconf 88' lang='lat' dir='ltr'><strong>luna</strong></span> <span class='ocrx_word' id='word_1_282' title='bbox 1597 3141 1820 3185; x_wconf 81' lang='lat' dir='ltr'><strong>mutatur</strong></span> <span class='ocrx_word' id='word_1_283' title='bbox 1842 3151 1861 3196; x_wconf 89' lang='grc'><em>;</em></span> 
     </span>
    </p>
   </div>
   <div class='ocr_carea' id='block_1_33' title="bbox 293 3213 1860 3285">
    <p class='ocr_par' dir='ltr' id='par_1_33' title="bbox 293 3213 1860 3285">
     <span class='ocr_line' id='line_1_33' title="bbox 293 3213 1860 3285; baseline 0.008 -22"><span class='ocrx_word' id='word_1_284' title='bbox 293 3213 466 3264; x_wconf 83' lang='lat' dir='ltr'><strong>adhuc</strong></span> <span class='ocrx_word' id='word_1_285' title='bbox 491 3215 717 3267; x_wconf 84' lang='lat' dir='ltr'><strong>carnalis</strong></span> <span class='ocrx_word' id='word_1_286' title='bbox 741 3256 755 3276; x_wconf 93' lang='lat'><strong>,</strong></span> <span class='ocrx_word' id='word_1_287' title='bbox 788 3215 958 3270; x_wconf 88' lang='lat' dir='ltr'><strong>adhuc</strong></span> <span class='ocrx_word' id='word_1_288' title='bbox 1003 3217 1254 3285; x_wconf 87' lang='lat' dir='ltr'><strong>insipiens</strong></span> <span class='ocrx_word' id='word_1_289' title='bbox 1289 3218 1611 3273; x_wconf 88' lang='lat' dir='ltr'><strong>deserendus</strong></span> <span class='ocrx_word' id='word_1_290' title='bbox 1649 3223 1768 3275; x_wconf 88' lang='lat' dir='ltr'><strong>est?</strong></span> <span class='ocrx_word' id='word_1_291' title='bbox 1797 3222 1860 3276; x_wconf 84' lang='lat' dir='ltr'><strong>Et</strong></span> 
     </span>
    </p>
   </div>
   <div class='ocr_carea' id='block_1_34' title="bbox 293 3301 1860 3376">
    <p class='ocr_par' dir='ltr' id='par_1_34' title="bbox 293 3301 1860 3376">
     <span class='ocr_line' id='line_1_34' title="bbox 293 3301 1860 3376; baseline 0.008 -23"><span class='ocrx_word' id='word_1_292' title='bbox 293 3301 383 3354; x_wconf 83' lang='lat' dir='ltr'><strong>ubi</strong></span> <span class='ocrx_word' id='word_1_293' title='bbox 411 3313 487 3356; x_wconf 90' lang='lat' dir='ltr'><strong>est</strong></span> <span class='ocrx_word' id='word_1_294' title='bbox 525 3303 660 3371; x_wconf 88' lang='lat' dir='ltr'><strong>quod</strong></span> <span class='ocrx_word' id='word_1_295' title='bbox 703 3304 896 3358; x_wconf 89' lang='lat' dir='ltr'><strong>dictum</strong></span> <span class='ocrx_word' id='word_1_296' title='bbox 923 3308 1092 3359; x_wconf 86' lang='lat' dir='ltr'><strong>estah</strong></span> <span class='ocrx_word' id='word_1_297' title='bbox 1127 3309 1378 3375; x_wconf 86' lang='lat' dir='ltr'><strong>Apostolo</strong></span> <span class='ocrx_word' id='word_1_298' title='bbox 1411 3327 1423 3362; x_wconf 95' lang='lat'>:</span> <span class='ocrx_word' id='word_1_299' title='bbox 1454 3310 1776 3376; x_wconf 82' lang='lat' dir='ltr'><strong>Sapientibns</strong></span> <span class='ocrx_word' id='word_1_300' title='bbox 1810 3321 1860 3366; x_wconf 89' lang='lat' dir='ltr'><strong>et</strong></span> 
     </span>
    </p>
   </div>
   <div class='ocr_carea' id='block_1_35' title="bbox 293 3391 1857 3473">
    <p class='ocr_par' dir='ltr' id='par_1_35' title="bbox 293 3391 1857 3473">
     <span class='ocr_line' id='line_1_35' title="bbox 293 3391 1857 3473; baseline 0.009 -31"><span class='ocrx_word' id='word_1_301' title='bbox 293 3391 640 3460; x_wconf 77' lang='lat' dir='ltr'><strong>insipientibus</strong></span> <span class='ocrx_word' id='word_1_302' title='bbox 682 3395 870 3448; x_wconf 89' lang='lat' dir='ltr'><strong>debitor</strong></span> <span class='ocrx_word' id='word_1_303' title='bbox 907 3412 1017 3449; x_wconf 91' lang='lat' dir='ltr'><strong>sum</strong></span> <span class='ocrx_word' id='word_1_304' title='bbox 1048 3395 1221 3466; x_wconf 80' lang='lat' dir='ltr'><strong>(liam.</strong></span> <span class='ocrx_word' id='word_1_305' title='bbox 1263 3414 1300 3464; x_wconf 85' lang='grc' dir='ltr'>ι,</span> <span class='ocrx_word' id='word_1_306' title='bbox 1344 3399 1474 3467; x_wconf 71' lang='lat'><strong>14)?</strong></span> <span class='ocrx_word' id='word_1_307' title='bbox 1501 3398 1580 3453; x_wconf 89' lang='lat' dir='ltr'><strong>Tu</strong></span> <span class='ocrx_word' id='word_1_308' title='bbox 1609 3401 1857 3473; x_wconf 77' lang='lat' dir='ltr'><strong>perfecisti</strong></span> 
     </span>
    </p>
   </div>
   <div class='ocr_carea' id='block_1_36' title="bbox 292 3483 740 3540">
    <p class='ocr_par' dir='ltr' id='par_1_36' title="bbox 292 3483 740 3540">
     <span class='ocr_line' id='line_1_36' title="bbox 292 3483 740 3540; baseline 0.018 -8"><span class='ocrx_word' id='word_1_309' title='bbox 292 3483 444 3534; x_wconf 80' lang='lat' dir='ltr'><strong>solem</strong></span> <span class='ocrx_word' id='word_1_310' title='bbox 473 3496 518 3538; x_wconf 88' lang='lat' dir='ltr'><strong>et</strong></span> <span class='ocrx_word' id='word_1_311' title='bbox 547 3485 740 3540; x_wconf 84' lang='lat' dir='ltr'><strong>lunam.</strong></span> 
     </span>
    </p>
   </div>
   <div class='ocr_carea' id='block_1_37' title="bbox 360 3574 1850 3648">
    <p class='ocr_par' dir='ltr' id='par_1_37' title="bbox 360 3574 1850 3648">
     <span class='ocr_line' id='line_1_37' title="bbox 360 3574 1850 3648; baseline 0.008 -22"><span class='ocrx_word' id='word_1_312' title='bbox 360 3574 448 3629; x_wconf 74' lang='lat'><strong>20.</strong></span> <span class='ocrx_word' id='word_1_313' title='bbox 491 3574 650 3647; x_wconf 87' lang='lat' dir='ltr'><strong>[vers.</strong></span> <span class='ocrx_word' id='word_1_314' title='bbox 703 3575 814 3648; x_wconf 69' lang='lat'><strong>17.]</strong></span> <span class='ocrx_word' id='word_1_315' title='bbox 871 3576 946 3630; x_wconf 87' lang='lat' dir='ltr'><strong>Tu</strong></span> <span class='ocrx_word' id='word_1_316' title='bbox 993 3579 1152 3647; x_wconf 79' lang='lat' dir='ltr'><strong>fecisti</strong></span> <span class='ocrx_word' id='word_1_317' title='bbox 1204 3596 1371 3634; x_wconf 85' lang='lat' dir='ltr'><strong>omnes</strong></span> <span class='ocrx_word' id='word_1_318' title='bbox 1409 3583 1644 3636; x_wconf 88' lang='lat' dir='ltr'><strong>terminos</strong></span> <span class='ocrx_word' id='word_1_319' title='bbox 1691 3593 1850 3638; x_wconf 77' lang='lat' dir='ltr'><strong>teme.</strong></span> 
     </span>
    </p>
   </div>
   <div class='ocr_carea' id='block_1_38' title="bbox 293 3661 1855 3740">
    <p class='ocr_par' dir='ltr' id='par_1_38' title="bbox 293 3661 1855 3740">
     <span class='ocr_line' id='line_1_38' title="bbox 293 3661 1855 3740; baseline 0.007 -25"><span class='ocrx_word' id='word_1_320' title='bbox 293 3661 472 3715; x_wconf 79' lang='lat' dir='ltr'><strong>Nonne</strong></span> <span class='ocrx_word' id='word_1_321' title='bbox 499 3673 552 3717; x_wconf 87' lang='lat' dir='ltr'><strong>et</strong></span> <span class='ocrx_word' id='word_1_322' title='bbox 580 3675 721 3728; x_wconf 86' lang='lat' dir='ltr'><strong>ante,</strong></span> <span class='ocrx_word' id='word_1_323' title='bbox 744 3665 951 3733; x_wconf 89' lang='lat' dir='ltr'><strong>quando</strong></span> <span class='ocrx_word' id='word_1_324' title='bbox 968 3666 1197 3720; x_wconf 76' lang='lat' dir='ltr'><strong>fundavit</strong></span> <span class='ocrx_word' id='word_1_325' title='bbox 1217 3678 1406 3722; x_wconf 89' lang='lat' dir='ltr'><strong>terram</strong></span> <span class='ocrx_word' id='word_1_326' title='bbox 1424 3671 1449 3722; x_wconf 84' lang='lat'><strong>?</strong></span> <span class='ocrx_word' id='word_1_327' title='bbox 1467 3670 1568 3724; x_wconf 87' lang='lat' dir='ltr'><strong>Sed</strong></span> <span class='ocrx_word' id='word_1_328' title='bbox 1591 3673 1855 3740; x_wconf 88' lang='lat' dir='ltr'><strong>quomodo</strong></span> 
     </span>
    </p>
   </div>
   <div class='ocr_carea' id='block_1_39' title="bbox 292 3754 1854 3825">
    <p class='ocr_par' dir='ltr' id='par_1_39' title="bbox 292 3754 1854 3825">
     <span class='ocr_line' id='line_1_39' title="bbox 292 3754 1854 3825; baseline 0.006 -19"><span class='ocrx_word' id='word_1_329' title='bbox 292 3754 416 3807; x_wconf 79' lang='lat' dir='ltr'><strong>fecit</strong></span> <span class='ocrx_word' id='word_1_330' title='bbox 446 3756 695 3808; x_wconf 87' lang='lat' dir='ltr'><strong>terminos</strong></span> <span class='ocrx_word' id='word_1_331' title='bbox 727 3765 898 3820; x_wconf 68' lang='lat' dir='ltr'><strong>terrm,</strong></span> <span class='ocrx_word' id='word_1_332' title='bbox 920 3757 1007 3825; x_wconf 91' lang='lat' dir='ltr'><strong>qui</strong></span> <span class='ocrx_word' id='word_1_333' title='bbox 1034 3768 1268 3825; x_wconf 86' lang='lat' dir='ltr'><strong>aperatus</strong></span> <span class='ocrx_word' id='word_1_334' title='bbox 1287 3771 1356 3812; x_wconf 86' lang='lat' dir='ltr'><strong>est</strong></span> <span class='ocrx_word' id='word_1_335' title='bbox 1378 3761 1586 3812; x_wconf 82' lang='lat' dir='ltr'><strong>salutem</strong></span> <span class='ocrx_word' id='word_1_336' title='bbox 1613 3762 1665 3812; x_wconf 87' lang='lat' dir='ltr'><strong>in</strong></span> <span class='ocrx_word' id='word_1_337' title='bbox 1693 3763 1854 3816; x_wconf 87' lang='lat' dir='ltr'><strong>medio</strong></span> 
     </span>
    </p>
   </div>
   <div class='ocr_carea' id='block_1_40' title="bbox 290 3831 1849 3917">
    <p class='ocr_par' dir='ltr' id='par_1_40' title="bbox 290 3831 1849 3917">
     <span class='ocr_line' id='line_1_40' title="bbox 290 3831 1849 3917; baseline 0.005 -21"><span class='ocrx_word' id='word_1_338' title='bbox 290 3844 477 3896; x_wconf 73' lang='lat' dir='ltr'><strong>terres?</strong></span> <span class='ocrx_word' id='word_1_339' title='bbox 520 3843 793 3908; x_wconf 86' lang='lat' dir='ltr'><strong>Quomodo</strong></span> <span class='ocrx_word' id='word_1_340' title='bbox 821 3886 838 3910; x_wconf 96' lang='lat'><strong>,</strong></span> <span class='ocrx_word' id='word_1_341' title='bbox 893 3846 990 3898; x_wconf 71' lang='lat' dir='ltr'><strong>nisi</strong></span> <span class='ocrx_word' id='word_1_342' title='bbox 1042 3831 1305 3915; x_wconf 75' lang='lat' dir='ltr'><strong>quomodo</strong></span> <span class='ocrx_word' id='word_1_343' title='bbox 1353 3849 1477 3901; x_wconf 91' lang='lat' dir='ltr'><strong>dicit</strong></span> <span class='ocrx_word' id='word_1_344' title='bbox 1525 3851 1849 3917; x_wconf 82' lang='lat' dir='ltr'><strong>Apostolus:</strong></span> 
     </span>
    </p>
   </div>
   <div class='ocr_carea' id='block_1_41' title="bbox 290 3931 1850 4004">
    <p class='ocr_par' dir='ltr' id='par_1_41' title="bbox 290 3931 1850 4004">
     <span class='ocr_line' id='line_1_41' title="bbox 290 3931 1850 4004; baseline 0.004 -19"><span class='ocrx_word' id='word_1_345' title='bbox 290 3931 467 3985; x_wconf 76' lang='lat' dir='ltr'><strong>Gratia</strong></span> <span class='ocrx_word' id='word_1_346' title='bbox 508 3941 672 3985; x_wconf 87' lang='lat' dir='ltr'><strong>autem</strong></span> <span class='ocrx_word' id='word_1_347' title='bbox 715 3934 837 3986; x_wconf 85' lang='lat' dir='ltr'><strong>salvi</strong></span> <span class='ocrx_word' id='word_1_348' title='bbox 881 3936 1001 4004; x_wconf 76' lang='lat' dir='ltr'><strong>facti</strong></span> <span class='ocrx_word' id='word_1_349' title='bbox 1044 3952 1233 3997; x_wconf 89' lang='lat' dir='ltr'><strong>sumus,</strong></span> <span class='ocrx_word' id='word_1_350' title='bbox 1266 3946 1311 3987; x_wconf 89' lang='lat' dir='ltr'><strong>et</strong></span> <span class='ocrx_word' id='word_1_351' title='bbox 1337 3935 1429 3988; x_wconf 89' lang='lat' dir='ltr'><strong>hoc</strong></span> <span class='ocrx_word' id='word_1_352' title='bbox 1457 3953 1556 3989; x_wconf 89' lang='lat' dir='ltr'><strong>non</strong></span> <span class='ocrx_word' id='word_1_353' title='bbox 1581 3953 1642 3990; x_wconf 76' lang='lat' dir='ltr'><strong>ex</strong></span> <span class='ocrx_word' id='word_1_354' title='bbox 1668 3939 1806 3992; x_wconf 87' lang='lat' dir='ltr'><strong>nobis</strong></span> <span class='ocrx_word' id='word_1_355' title='bbox 1832 3978 1850 4004; x_wconf 90' lang='lat'><strong>,</strong></span> 
     </span>
    </p>
   </div>
   <div class='ocr_carea' id='block_1_42' title="bbox 287 4023 1851 4096">
    <p class='ocr_par' dir='ltr' id='par_1_42' title="bbox 287 4023 1851 4096">
     <span class='ocr_line' id='line_1_42' title="bbox 287 4023 1851 4096; baseline 0.004 -21"><span class='ocrx_word' id='word_1_356' title='bbox 287 4023 375 4076; x_wconf 82' lang='lat' dir='ltr'><strong>sed</strong></span> <span class='ocrx_word' id='word_1_357' title='bbox 403 4023 498 4077; x_wconf 86' lang='lat' dir='ltr'><strong>Dei</strong></span> <span class='ocrx_word' id='word_1_358' title='bbox 524 4026 710 4075; x_wconf 86' lang='lat' dir='ltr'><strong>donum</strong></span> <span class='ocrx_word' id='word_1_359' title='bbox 737 4032 805 4076; x_wconf 82' lang='lat' dir='ltr'><strong>est</strong></span> <span class='ocrx_word' id='word_1_360' title='bbox 827 4039 847 4087; x_wconf 90' lang='lat'><strong>;</strong></span> <span class='ocrx_word' id='word_1_361' title='bbox 883 4039 980 4076; x_wconf 87' lang='lat' dir='ltr'><strong>non</strong></span> <span class='ocrx_word' id='word_1_362' title='bbox 1005 4039 1068 4076; x_wconf 80' lang='lat' dir='ltr'><strong>ea:</strong></span> <span class='ocrx_word' id='word_1_363' title='bbox 1093 4025 1322 4094; x_wconf 76' lang='lat' dir='ltr'><strong>operibus</strong></span> <span class='ocrx_word' id='word_1_364' title='bbox 1343 4068 1358 4090; x_wconf 95' lang='lat'><strong>,</strong></span> <span class='ocrx_word' id='word_1_365' title='bbox 1391 4041 1451 4078; x_wconf 88' lang='lat' dir='ltr'><strong>ne</strong></span> <span class='ocrx_word' id='word_1_366' title='bbox 1474 4031 1601 4096; x_wconf 79' lang='lat' dir='ltr'><strong>forte</strong></span> <span class='ocrx_word' id='word_1_367' title='bbox 1627 4029 1735 4096; x_wconf 86' lang='lat' dir='ltr'><strong>quis</strong></span> <span class='ocrx_word' id='word_1_368' title='bbox 1763 4045 1851 4082; x_wconf 77' lang='lat' dir='ltr'><strong>ea:-</strong></span> 
     </span>
    </p>
   </div>
   <div class='ocr_carea' id='block_1_43' title="bbox 291 4112 1852 4185">
    <p class='ocr_par' dir='ltr' id='par_1_43' title="bbox 291 4112 1852 4185">
     <span class='ocr_line' id='line_1_43' title="bbox 291 4112 1852 4185; baseline 0.005 -23"><span class='ocrx_word' id='word_1_369' title='bbox 291 4112 495 4164; x_wconf 76' lang='lat' dir='ltr'><strong>tollatur</strong></span> <span class='ocrx_word' id='word_1_370' title='bbox 510 4113 535 4165; x_wconf 82' lang='lat'><strong><em>?</em></strong></span> <span class='ocrx_word' id='word_1_371' title='bbox 562 4112 697 4180; x_wconf 79' lang='lat' dir='ltr'><strong>Ergo</strong></span> <span class='ocrx_word' id='word_1_372' title='bbox 719 4125 820 4163; x_wconf 91' lang='lat' dir='ltr'><strong>non</strong></span> <span class='ocrx_word' id='word_1_373' title='bbox 847 4123 999 4165; x_wconf 90' lang='lat' dir='ltr'><strong>erant</strong></span> <span class='ocrx_word' id='word_1_374' title='bbox 1025 4127 1183 4181; x_wconf 88' lang='lat' dir='ltr'><strong>opera</strong></span> <span class='ocrx_word' id='word_1_375' title='bbox 1205 4113 1374 4167; x_wconf 89' lang='lat' dir='ltr'><strong>bona?</strong></span> <span class='ocrx_word' id='word_1_376' title='bbox 1394 4115 1586 4180; x_wconf 84' lang='lat' dir='ltr'><strong>Erant;</strong></span> <span class='ocrx_word' id='word_1_377' title='bbox 1610 4116 1702 4170; x_wconf 90' lang='lat' dir='ltr'><strong>sed</strong></span> <span class='ocrx_word' id='word_1_378' title='bbox 1723 4131 1852 4185; x_wconf 87' lang='lat' dir='ltr'><strong>quo-</strong></span> 
     </span>
    </p>
   </div>
   <div class='ocr_carea' id='block_1_44' title="bbox 292 4200 1851 4273">
    <p class='ocr_par' dir='ltr' id='par_1_44' title="bbox 292 4200 1851 4273">
     <span class='ocr_line' id='line_1_44' title="bbox 292 4200 1851 4273; baseline 0.004 -21"><span class='ocrx_word' id='word_1_379' title='bbox 292 4201 484 4254; x_wconf 80' lang='lat' dir='ltr'><strong>modo?</strong></span> <span class='ocrx_word' id='word_1_380' title='bbox 511 4200 688 4256; x_wconf 85' lang='lat' dir='ltr'><strong>Gratia</strong></span> <span class='ocrx_word' id='word_1_381' title='bbox 722 4202 832 4255; x_wconf 87' lang='lat' dir='ltr'><strong>Dei.</strong></span> <span class='ocrx_word' id='word_1_382' title='bbox 873 4201 1138 4270; x_wconf 88' lang='lat' dir='ltr'><strong>Sequere;</strong></span> <span class='ocrx_word' id='word_1_383' title='bbox 1184 4202 1474 4257; x_wconf 77' lang='lat' dir='ltr'><strong>videmnus.</strong></span> <span class='ocrx_word' id='word_1_384' title='bbox 1512 4203 1682 4273; x_wconf 82' lang='lat' dir='ltr'><strong>Ipsius</strong></span> <span class='ocrx_word' id='word_1_385' title='bbox 1723 4208 1851 4260; x_wconf 89' lang='lat' dir='ltr'><strong>enim</strong></span> 
     </span>
    </p>
   </div>
   <div class='ocr_carea' id='block_1_45' title="bbox 285 4293 1850 4366">
    <p class='ocr_par' dir='ltr' id='par_1_45' title="bbox 285 4293 1850 4366">
     <span class='ocr_line' id='line_1_45' title="bbox 285 4293 1850 4366; baseline 0.006 -22"><span class='ocrx_word' id='word_1_386' title='bbox 285 4307 458 4344; x_wconf 82' lang='lat' dir='ltr'><strong>sumus</strong></span> <span class='ocrx_word' id='word_1_387' title='bbox 501 4293 821 4361; x_wconf 87' lang='lat' dir='ltr'><strong>ﬁgmentum,</strong></span> <span class='ocrx_word' id='word_1_388' title='bbox 855 4304 1004 4346; x_wconf 75' lang='lat' dir='ltr'><strong>creati</strong></span> <span class='ocrx_word' id='word_1_389' title='bbox 1034 4294 1084 4347; x_wconf 89' lang='lat' dir='ltr'><strong>in</strong></span> <span class='ocrx_word' id='word_1_390' title='bbox 1128 4294 1322 4349; x_wconf 80' lang='lat' dir='ltr'><strong>Christo</strong></span> <span class='ocrx_word' id='word_1_391' title='bbox 1363 4293 1485 4348; x_wconf 82' lang='lat' dir='ltr'><strong>Iesu</strong></span> <span class='ocrx_word' id='word_1_392' title='bbox 1529 4296 1580 4348; x_wconf 89' lang='lat' dir='ltr'><strong>in</strong></span> <span class='ocrx_word' id='word_1_393' title='bbox 1621 4298 1850 4366; x_wconf 84' lang='lat' dir='ltr'><strong>aperibus</strong></span> 
     </span>
    </p>
   </div>
   <div class='ocr_carea' id='block_1_46' title="bbox 287 4382 1851 4455">
    <p class='ocr_par' dir='ltr' id='par_1_46' title="bbox 287 4382 1851 4455">
     <span class='ocr_line' id='line_1_46' title="bbox 287 4382 1851 4455; baseline 0.006 -19"><span class='ocrx_word' id='word_1_394' title='bbox 287 4384 426 4437; x_wconf 90' lang='lat' dir='ltr'><strong>bonis</strong></span> <span class='ocrx_word' id='word_1_395' title='bbox 456 4382 665 4452; x_wconf 81' lang='lat' dir='ltr'><strong>(Ephes.</strong></span> <span class='ocrx_word' id='word_1_396' title='bbox 697 4399 752 4445; x_wconf 87' lang='lat' dir='ltr'><strong>lt,</strong></span> <span class='ocrx_word' id='word_1_397' title='bbox 785 4383 964 4455; x_wconf 78' lang='grc'><strong>8-10).</strong></span> <span class='ocrx_word' id='word_1_398' title='bbox 996 4385 1128 4439; x_wconf 82' lang='lat' dir='ltr'><strong>Ecce</strong></span> <span class='ocrx_word' id='word_1_399' title='bbox 1154 4385 1416 4453; x_wconf 85' lang='lat' dir='ltr'><strong>quomodo</strong></span> <span class='ocrx_word' id='word_1_400' title='bbox 1442 4386 1565 4440; x_wconf 79' lang='lat' dir='ltr'><strong>fecit</strong></span> <span class='ocrx_word' id='word_1_401' title='bbox 1595 4390 1851 4446; x_wconf 85' lang='lat' dir='ltr'><strong>terminos</strong></span> 
     </span>
    </p>
   </div>
   <div class='ocr_carea' id='block_1_47' title="bbox 288 4476 1848 4550">
    <p class='ocr_par' dir='ltr' id='par_1_47' title="bbox 288 4476 1848 4550">
     <span class='ocr_line' id='line_1_47' title="bbox 288 4476 1848 4550; baseline 0.004 -22"><span class='ocrx_word' id='word_1_402' title='bbox 288 4487 460 4540; x_wconf 74' lang='lat' dir='ltr'><strong>terrm,</strong></span> <span class='ocrx_word' id='word_1_403' title='bbox 483 4476 571 4545; x_wconf 90' lang='lat' dir='ltr'><strong>qui</strong></span> <span class='ocrx_word' id='word_1_404' title='bbox 601 4487 834 4546; x_wconf 82' lang='lat' dir='ltr'><strong>aperatus</strong></span> <span class='ocrx_word' id='word_1_405' title='bbox 858 4486 930 4530; x_wconf 91' lang='lat' dir='ltr'><strong>est</strong></span> <span class='ocrx_word' id='word_1_406' title='bbox 952 4477 1161 4530; x_wconf 88' lang='lat' dir='ltr'><strong>salutem</strong></span> <span class='ocrx_word' id='word_1_407' title='bbox 1187 4477 1238 4530; x_wconf 88' lang='lat' dir='ltr'><strong>in</strong></span> <span class='ocrx_word' id='word_1_408' title='bbox 1271 4479 1432 4534; x_wconf 87' lang='lat' dir='ltr'><strong>medio</strong></span> <span class='ocrx_word' id='word_1_409' title='bbox 1453 4489 1597 4532; x_wconf 80' lang='lat' dir='ltr'><strong>terra:</strong></span> <span class='ocrx_word' id='word_1_410' title='bbox 1629 4497 1648 4533; x_wconf 90' lang='lat'><strong><em>:</em></strong></span> <span class='ocrx_word' id='word_1_411' title='bbox 1673 4479 1753 4534; x_wconf 88' lang='lat' dir='ltr'><strong>&#39;I&#39;u</strong></span> <span class='ocrx_word' id='word_1_412' title='bbox 1775 4482 1848 4550; x_wconf 79' lang='lat' dir='ltr'><strong>fe-</strong></span> 
     </span>
    </p>
   </div>
   <div class='ocr_carea' id='block_1_48' title="bbox 283 4566 1847 4641">
    <p class='ocr_par' dir='ltr' id='par_1_48' title="bbox 283 4566 1847 4641">
     <span class='ocr_line' id='line_1_48' title="bbox 283 4566 1847 4641; baseline 0.006 -24"><span class='ocrx_word' id='word_1_413' title='bbox 283 4566 391 4619; x_wconf 79' lang='lat' dir='ltr'><strong>cisti</strong></span> <span class='ocrx_word' id='word_1_414' title='bbox 417 4582 586 4620; x_wconf 86' lang='lat' dir='ltr'><strong>omnes</strong></span> <span class='ocrx_word' id='word_1_415' title='bbox 615 4566 847 4620; x_wconf 83' lang='lat' dir='ltr'><strong>terminos</strong></span> <span class='ocrx_word' id='word_1_416' title='bbox 877 4577 1040 4620; x_wconf 80' lang='lat' dir='ltr'><strong>teme.</strong></span> <span class='ocrx_word' id='word_1_417' title='bbox 1069 4566 1320 4621; x_wconf 63' lang='lat' dir='ltr'><strong>AEstatem</strong></span> <span class='ocrx_word' id='word_1_418' title='bbox 1341 4575 1489 4622; x_wconf 85' lang='lat' dir='ltr'><strong>et&#39;ver</strong></span> <span class='ocrx_word' id='word_1_419' title='bbox 1511 4579 1564 4622; x_wconf 91' lang='lat' dir='ltr'><strong>tu</strong></span> <span class='ocrx_word' id='word_1_420' title='bbox 1593 4571 1750 4641; x_wconf 82' lang='lat' dir='ltr'><strong>fecisti</strong></span> <span class='ocrx_word' id='word_1_421' title='bbox 1769 4589 1847 4628; x_wconf 87' lang='lat' dir='ltr'><strong>ea.</strong></span> 
     </span>
    </p>
   </div>
   <div class='ocr_carea' id='block_1_49' title="bbox 285 4656 1848 4728">
    <p class='ocr_par' dir='ltr' id='par_1_49' title="bbox 285 4656 1848 4728">
     <span class='ocr_line' id='line_1_49' title="bbox 285 4656 1848 4728; baseline 0.004 -19"><span class='ocrx_word' id='word_1_422' title='bbox 285 4656 570 4710; x_wconf 79' lang='lat' dir='ltr'><strong>Ferventes</strong></span> <span class='ocrx_word' id='word_1_423' title='bbox 599 4656 784 4724; x_wconf 86' lang='lat' dir='ltr'><strong>spiritu</strong></span> <span class='ocrx_word' id='word_1_424' title='bbox 813 4665 969 4709; x_wconf 61' lang='lat' dir='ltr'><strong>aestas</strong></span> <span class='ocrx_word' id='word_1_425' title='bbox 997 4668 1098 4710; x_wconf 90' lang='lat' dir='ltr'><strong>est.</strong></span> <span class='ocrx_word' id='word_1_426' title='bbox 1127 4657 1225 4722; x_wconf 90' lang='lat' dir='ltr'><strong>Tu,</strong></span> <span class='ocrx_word' id='word_1_427' title='bbox 1254 4659 1486 4728; x_wconf 88' lang='lat' dir='ltr'><strong>inquam,</strong></span> <span class='ocrx_word' id='word_1_428' title='bbox 1530 4658 1699 4714; x_wconf 79' lang='lat' dir='ltr'><strong>fecisti</strong></span> <span class='ocrx_word' id='word_1_429' title='bbox 1742 4662 1848 4728; x_wconf 87' lang='lat' dir='ltr'><strong>spi-</strong></span> 
     </span>
    </p>
   </div>
   <div class='ocr_carea' id='block_1_50' title="bbox 281 4729 1843 4813">
    <p class='ocr_par' dir='ltr' id='par_1_50' title="bbox 281 4729 1843 4813">
     <span class='ocr_line' id='line_1_50' title="bbox 281 4729 1843 4813; baseline 0.004 -15"><span class='ocrx_word' id='word_1_430' title='bbox 281 4746 381 4798; x_wconf 83' lang='lat' dir='ltr'><strong>ritu</strong></span> <span class='ocrx_word' id='word_1_431' title='bbox 412 4729 675 4799; x_wconf 77' lang='lat' dir='ltr'><strong>ferventes</strong></span> <span class='ocrx_word' id='word_1_432' title='bbox 701 4763 714 4798; x_wconf 91' lang='lat'><strong>:</strong></span> <span class='ocrx_word' id='word_1_433' title='bbox 744 4755 795 4798; x_wconf 93' lang='lat' dir='ltr'><strong>tu</strong></span> <span class='ocrx_word' id='word_1_434' title='bbox 826 4746 993 4802; x_wconf 83' lang='lat' dir='ltr'><strong>fecisti</strong></span> <span class='ocrx_word' id='word_1_435' title='bbox 1034 4755 1087 4801; x_wconf 88' lang='lat' dir='ltr'><strong>et</strong></span> <span class='ocrx_word' id='word_1_436' title='bbox 1126 4748 1362 4802; x_wconf 72' lang='lat' dir='ltr'><strong>novellos</strong></span> <span class='ocrx_word' id='word_1_437' title='bbox 1387 4748 1438 4800; x_wconf 92' lang='lat' dir='ltr'><strong>in</strong></span> <span class='ocrx_word' id='word_1_438' title='bbox 1468 4748 1600 4813; x_wconf 77' lang='lat' dir='ltr'><strong>(ide;</strong></span> <span class='ocrx_word' id='word_1_439' title='bbox 1629 4764 1721 4804; x_wconf 87' lang='lat' dir='ltr'><strong>ver</strong></span> <span class='ocrx_word' id='word_1_440' title='bbox 1740 4759 1843 4804; x_wconf 88' lang='lat' dir='ltr'><strong>est.</strong></span> 
     </span>
    </p>
   </div>
   <div class='ocr_carea' id='block_1_51' title="bbox 279 4835 1842 4909">
    <p class='ocr_par' dir='ltr' id='par_1_51' title="bbox 279 4835 1842 4909">
     <span class='ocr_line' id='line_1_51' title="bbox 279 4835 1842 4909; baseline 0.004 -21"><span class='ocrx_word' id='word_1_441' title='bbox 279 4835 534 4892; x_wconf 60' lang='lat' dir='ltr'><strong>Ais-tatem</strong></span> <span class='ocrx_word' id='word_1_442' title='bbox 568 4847 614 4890; x_wconf 90' lang='lat' dir='ltr'><strong>et</strong></span> <span class='ocrx_word' id='word_1_443' title='bbox 643 4853 724 4889; x_wconf 87' lang='lat' dir='ltr'><strong>ver</strong></span> <span class='ocrx_word' id='word_1_444' title='bbox 749 4848 801 4889; x_wconf 88' lang='lat' dir='ltr'><strong>tu</strong></span> <span class='ocrx_word' id='word_1_445' title='bbox 829 4838 986 4906; x_wconf 78' lang='lat' dir='ltr'><strong>fecisti</strong></span> <span class='ocrx_word' id='word_1_446' title='bbox 1009 4855 1086 4891; x_wconf 83' lang='lat' dir='ltr'><strong>ea.</strong></span> <span class='ocrx_word' id='word_1_447' title='bbox 1116 4838 1228 4892; x_wconf 85' lang='lat' dir='ltr'><strong>Non</strong></span> <span class='ocrx_word' id='word_1_448' title='bbox 1257 4839 1547 4908; x_wconf 86' lang='lat' dir='ltr'><strong>glorientur</strong></span> <span class='ocrx_word' id='word_1_449' title='bbox 1565 4842 1714 4909; x_wconf 90' lang='lat' dir='ltr'><strong>quasi</strong></span> <span class='ocrx_word' id='word_1_450' title='bbox 1741 4857 1842 4896; x_wconf 91' lang='lat' dir='ltr'><strong>non</strong></span> 
     </span>
    </p>
   </div>
   <div class='ocr_carea' id='block_1_52' title="bbox 278 4926 985 4993">
    <p class='ocr_par' dir='ltr' id='par_1_52' title="bbox 278 4926 985 4993">
     <span class='ocr_line' id='line_1_52' title="bbox 278 4926 985 4993; baseline 0.004 -17"><span class='ocrx_word' id='word_1_451' title='bbox 278 4926 580 4992; x_wconf 78' lang='lat' dir='ltr'><strong>acceperint</strong></span> <span class='ocrx_word' id='word_1_452' title='bbox 603 4943 615 4978; x_wconf 91' lang='lat'><strong>:</strong></span> <span class='ocrx_word' id='word_1_453' title='bbox 643 4934 695 4978; x_wconf 91' lang='lat' dir='ltr'><strong>tu</strong></span> <span class='ocrx_word' id='word_1_454' title='bbox 721 4927 881 4993; x_wconf 81' lang='lat' dir='ltr'><strong>fecisti</strong></span> <span class='ocrx_word' id='word_1_455' title='bbox 908 4944 985 4979; x_wconf 89' lang='lat' dir='ltr'><strong>ea.</strong></span> 
     </span>
    </p>
   </div>
   <div class='ocr_carea' id='block_1_53' title="bbox 350 5012 1839 5091">
    <p class='ocr_par' dir='ltr' id='par_1_53' title="bbox 350 5012 1839 5091">
     <span class='ocr_line' id='line_1_53' title="bbox 350 5012 1839 5091; baseline 0.006 -25"><span class='ocrx_word' id='word_1_456' title='bbox 350 5015 438 5068; x_wconf 74' lang='grc'><strong>21.</strong></span> <span class='ocrx_word' id='word_1_457' title='bbox 481 5012 642 5086; x_wconf 88' lang='lat' dir='ltr'><strong>[vers.</strong></span> <span class='ocrx_word' id='word_1_458' title='bbox 693 5015 817 5089; x_wconf 73' lang='lat'><strong>18.]</strong></span> <span class='ocrx_word' id='word_1_459' title='bbox 877 5017 1066 5071; x_wconf 77' lang='lat' dir='ltr'><strong>Memor</strong></span> <span class='ocrx_word' id='word_1_460' title='bbox 1109 5029 1212 5072; x_wconf 87' lang='lat' dir='ltr'><strong>esto</strong></span> <span class='ocrx_word' id='word_1_461' title='bbox 1249 5019 1397 5091; x_wconf 80' lang='lat' dir='ltr'><strong>hujus</strong></span> <span class='ocrx_word' id='word_1_462' title='bbox 1441 5033 1682 5076; x_wconf 63' lang='lat' dir='ltr'><strong>creaturae</strong></span> <span class='ocrx_word' id='word_1_463' title='bbox 1724 5033 1839 5075; x_wconf 72' lang='lat' dir='ltr'><strong>tute.</strong></span> 
     </span>
    </p>
   </div>
   <div class='ocr_carea' id='block_1_54' title="bbox 277 5104 1842 5180">
    <p class='ocr_par' dir='ltr' id='par_1_54' title="bbox 277 5104 1842 5180">
     <span class='ocr_line' id='line_1_54' title="bbox 277 5104 1842 5180; baseline 0.008 -22"><span class='ocrx_word' id='word_1_464' title='bbox 277 5104 438 5172; x_wconf 88' lang='lat' dir='ltr'><strong>Cujus</strong></span> <span class='ocrx_word' id='word_1_465' title='bbox 462 5116 705 5160; x_wconf 77' lang='lat' dir='ltr'><strong>creatura:</strong></span> <span class='ocrx_word' id='word_1_466' title='bbox 729 5108 866 5161; x_wconf 79' lang='lat' dir='ltr'><strong>tute?</strong></span> <span class='ocrx_word' id='word_1_467' title='bbox 905 5106 1143 5162; x_wconf 85' lang='lat' dir='ltr'><strong>Inimicus</strong></span> <span class='ocrx_word' id='word_1_468' title='bbox 1182 5111 1495 5180; x_wconf 78' lang='lat' dir='ltr'><strong>exprobravit</strong></span> <span class='ocrx_word' id='word_1_469' title='bbox 1532 5111 1764 5167; x_wconf 89' lang='lat' dir='ltr'><strong>Domino.</strong></span> <span class='ocrx_word' id='word_1_470' title='bbox 1799 5115 1842 5170; x_wconf 96' lang='grc' dir='ltr'><strong>Ο</strong></span> 
     </span>
    </p>
   </div>
   <div class='ocr_carea' id='block_1_55' title="bbox 275 5194 1835 5266">
    <p class='ocr_par' dir='ltr' id='par_1_55' title="bbox 275 5194 1835 5266">
     <span class='ocr_line' id='line_1_55' title="bbox 275 5194 1835 5266; baseline 0.006 -18"><span class='ocrx_word' id='word_1_471' title='bbox 275 5194 476 5263; x_wconf 77' lang='lat' dir='ltr'><strong>Asapli,</strong></span> <span class='ocrx_word' id='word_1_472' title='bbox 504 5195 624 5256; x_wconf 83' lang='lat' dir='ltr'><strong>dole</strong></span> <span class='ocrx_word' id='word_1_473' title='bbox 663 5197 715 5250; x_wconf 91' lang='lat' dir='ltr'><strong>in</strong></span> <span class='ocrx_word' id='word_1_474' title='bbox 741 5198 1007 5251; x_wconf 88' lang='lat' dir='ltr'><strong>intellectu</strong></span> <span class='ocrx_word' id='word_1_475' title='bbox 1039 5199 1312 5266; x_wconf 88' lang='lat' dir='ltr'><strong>pristinam</strong></span> <span class='ocrx_word' id='word_1_476' title='bbox 1341 5201 1630 5256; x_wconf 67' lang='lat' dir='ltr'><strong>caecitatem</strong></span> <span class='ocrx_word' id='word_1_477' title='bbox 1656 5214 1795 5258; x_wconf 90' lang='lat' dir='ltr'><strong>tuam</strong></span> <span class='ocrx_word' id='word_1_478' title='bbox 1822 5207 1835 5258; x_wconf 76' lang='grc' dir='ltr'><strong><em>ε</em></strong></span> 
     </span>
    </p>
   </div>
   <div class='ocr_carea' id='block_1_56' title="bbox 275 5285 1835 5352">
    <p class='ocr_par' dir='ltr' id='par_1_56' title="bbox 275 5285 1835 5352">
     <span class='ocr_line' id='line_1_56' title="bbox 275 5285 1835 5352; baseline 0.007 -14"><span class='ocrx_word' id='word_1_479' title='bbox 275 5285 521 5339; x_wconf 88' lang='lat' dir='ltr'><strong>Inimicus</strong></span> <span class='ocrx_word' id='word_1_480' title='bbox 561 5287 871 5352; x_wconf 74' lang='lat' dir='ltr'><strong>exprobravit</strong></span> <span class='ocrx_word' id='word_1_481' title='bbox 911 5287 1148 5343; x_wconf 85' lang='lat' dir='ltr'><strong>Domino.</strong></span> <span class='ocrx_word' id='word_1_482' title='bbox 1197 5292 1397 5345; x_wconf 89' lang='lat' dir='ltr'><strong>Dictum</strong></span> <span class='ocrx_word' id='word_1_483' title='bbox 1432 5303 1513 5346; x_wconf 88' lang='lat' dir='ltr'><strong>est</strong></span> <span class='ocrx_word' id='word_1_484' title='bbox 1549 5294 1755 5348; x_wconf 84' lang='lat' dir='ltr'><strong>Christo</strong></span> <span class='ocrx_word' id='word_1_485' title='bbox 1787 5298 1835 5350; x_wconf 94' lang='lat' dir='ltr'><strong>in</strong></span> 
     </span>
    </p>
   </div>
   <div class='ocr_carea' id='block_1_57' title="bbox 274 5375 1839 5445">
    <p class='ocr_par' dir='ltr' id='par_1_57' title="bbox 274 5375 1839 5445">
     <span class='ocr_line' id='line_1_57' title="bbox 274 5375 1839 5445; baseline 0.005 -15"><span class='ocrx_word' id='word_1_486' title='bbox 274 5385 430 5442; x_wconf 61' lang='lat' dir='ltr'><strong>neme</strong></span> <span class='ocrx_word' id='word_1_487' title='bbox 456 5392 546 5430; x_wconf 86' lang='lat' dir='ltr'><strong>sua</strong></span> <span class='ocrx_word' id='word_1_488' title='bbox 567 5418 582 5443; x_wconf 92' lang='lat'><strong>,</strong></span> <span class='ocrx_word' id='word_1_489' title='bbox 618 5375 861 5430; x_wconf 89' lang='lat' dir='ltr'><strong>Peccator</strong></span> <span class='ocrx_word' id='word_1_490' title='bbox 886 5389 959 5432; x_wconf 87' lang='lat' dir='ltr'><strong>est</strong></span> <span class='ocrx_word' id='word_1_491' title='bbox 988 5379 1111 5445; x_wconf 86' lang='lat' dir='ltr'><strong>iste;</strong></span> <span class='ocrx_word' id='word_1_492' title='bbox 1155 5398 1254 5435; x_wconf 88' lang='lat' dir='ltr'><strong>non</strong></span> <span class='ocrx_word' id='word_1_493' title='bbox 1295 5384 1517 5436; x_wconf 85' lang='lat' dir='ltr'><strong>novimus</strong></span> <span class='ocrx_word' id='word_1_494' title='bbox 1556 5385 1686 5436; x_wconf 87' lang='lat' dir='ltr'><strong>unde</strong></span> <span class='ocrx_word' id='word_1_495' title='bbox 1728 5385 1790 5437; x_wconf 89' lang='lat' dir='ltr'><strong>sit</strong></span> <span class='ocrx_word' id='word_1_496' title='bbox 1819 5401 1839 5438; x_wconf 88' lang='lat'><em>:</em></span> 
     </span>
    </p>
   </div>
   <div class='ocr_carea' id='block_1_58' title="bbox 271 5468 1834 5539">
    <p class='ocr_par' dir='ltr' id='par_1_58' title="bbox 271 5468 1834 5539">
     <span class='ocr_line' id='line_1_58' title="bbox 271 5468 1834 5539; baseline 0.004 -18"><span class='ocrx_word' id='word_1_497' title='bbox 271 5487 364 5522; x_wconf 84' lang='lat' dir='ltr'><strong>nos</strong></span> <span class='ocrx_word' id='word_1_498' title='bbox 389 5471 610 5522; x_wconf 88' lang='lat' dir='ltr'><strong>novimus</strong></span> <span class='ocrx_word' id='word_1_499' title='bbox 639 5468 868 5539; x_wconf 77' lang='lat' dir='ltr'><strong>Moysen,</strong></span> <span class='ocrx_word' id='word_1_500' title='bbox 899 5471 972 5523; x_wconf 88' lang='lat' dir='ltr'><strong>illi</strong></span> <span class='ocrx_word' id='word_1_501' title='bbox 1013 5471 1204 5525; x_wconf 88' lang='lat' dir='ltr'><strong>locutus</strong></span> <span class='ocrx_word' id='word_1_502' title='bbox 1231 5483 1303 5525; x_wconf 87' lang='lat' dir='ltr'><strong>cst</strong></span> <span class='ocrx_word' id='word_1_503' title='bbox 1329 5473 1500 5536; x_wconf 86' lang='lat' dir='ltr'><strong>Deus;</strong></span> <span class='ocrx_word' id='word_1_504' title='bbox 1530 5475 1621 5526; x_wconf 88' lang='lat' dir='ltr'><strong>iste</strong></span> <span class='ocrx_word' id='word_1_505' title='bbox 1645 5474 1834 5528; x_wconf 76' lang='lat' dir='ltr'><strong>Sama—</strong></span> 
     </span>
    </p>
   </div>
   <div class='ocr_carea' id='block_1_59' title="bbox 271 5561 1832 5631">
    <p class='ocr_par' dir='ltr' id='par_1_59' title="bbox 271 5561 1832 5631">
     <span class='ocr_line' id='line_1_59' title="bbox 271 5561 1832 5631; baseline 0.004 -19"><span class='ocrx_word' id='word_1_506' title='bbox 271 5564 464 5615; x_wconf 87' lang='lat' dir='ltr'><strong>ritanus</strong></span> <span class='ocrx_word' id='word_1_507' title='bbox 494 5571 564 5615; x_wconf 86' lang='lat' dir='ltr'><strong>est</strong></span> <span class='ocrx_word' id='word_1_508' title='bbox 591 5561 764 5630; x_wconf 86' lang='lat' dir='ltr'><strong>(Joan.</strong></span> <span class='ocrx_word' id='word_1_509' title='bbox 795 5577 867 5625; x_wconf 79' lang='lat' dir='ltr'><strong>Ix,</strong></span> <span class='ocrx_word' id='word_1_510' title='bbox 895 5561 985 5624; x_wconf 71' lang='lat'><strong>‘24,</strong></span> <span class='ocrx_word' id='word_1_511' title='bbox 1007 5562 1106 5626; x_wconf 73' lang='grc'><strong>29,</strong></span> <span class='ocrx_word' id='word_1_512' title='bbox 1135 5573 1176 5615; x_wconf 88' lang='lat' dir='ltr'><strong>et</strong></span> <span class='ocrx_word' id='word_1_513' title='bbox 1199 5579 1306 5626; x_wconf 83' lang='lat' dir='ltr'><strong>vnl,</strong></span> <span class='ocrx_word' id='word_1_514' title='bbox 1331 5565 1442 5631; x_wconf 74' lang='grc'><strong>48).</strong></span> <span class='ocrx_word' id='word_1_515' title='bbox 1476 5564 1720 5617; x_wconf 82' lang='lat' dir='ltr'><strong>Inimicus</strong></span> <span class='ocrx_word' id='word_1_516' title='bbox 1744 5583 1832 5618; x_wconf 77' lang='lat' dir='ltr'><strong>e1:-</strong></span> 
     </span>
    </p>
   </div>
   <div class='ocr_carea' id='block_1_60' title="bbox 269 5652 1833 5723">
    <p class='ocr_par' dir='ltr' id='par_1_60' title="bbox 269 5652 1833 5723">
     <span class='ocr_line' id='line_1_60' title="bbox 269 5652 1833 5723; baseline 0.004 -22"><span class='ocrx_word' id='word_1_517' title='bbox 269 5652 522 5720; x_wconf 81' lang='lat' dir='ltr'><strong>probravit</strong></span> <span class='ocrx_word' id='word_1_518' title='bbox 567 5652 817 5714; x_wconf 87' lang='lat' dir='ltr'><strong>Domino;</strong></span> <span class='ocrx_word' id='word_1_519' title='bbox 843 5662 886 5704; x_wconf 89' lang='lat' dir='ltr'><strong>et</strong></span> <span class='ocrx_word' id='word_1_520' title='bbox 933 5655 1149 5722; x_wconf 86' lang='lat' dir='ltr'><strong>populus</strong></span> <span class='ocrx_word' id='word_1_521' title='bbox 1192 5654 1479 5723; x_wconf 83' lang='lat' dir='ltr'><strong>imprudens</strong></span> <span class='ocrx_word' id='word_1_522' title='bbox 1526 5655 1833 5708; x_wconf 74' lang='lat' dir='ltr'><strong>exacerbavit</strong></span> 
     </span>
    </p>
   </div>
   <div class='ocr_carea' id='block_1_61' title="bbox 273 5742 1830 5814">
    <p class='ocr_par' dir='ltr' id='par_1_61' title="bbox 273 5742 1830 5814">
     <span class='ocr_line' id='line_1_61' title="bbox 273 5742 1830 5814; baseline 0.003 -21"><span class='ocrx_word' id='word_1_523' title='bbox 273 5758 449 5795; x_wconf 87' lang='lat' dir='ltr'><strong>nomen</strong></span> <span class='ocrx_word' id='word_1_524' title='bbox 476 5754 634 5795; x_wconf 79' lang='lat' dir='ltr'><strong>tuum.</strong></span> <span class='ocrx_word' id='word_1_525' title='bbox 665 5743 890 5812; x_wconf 79' lang='lat' dir='ltr'><strong>Populus</strong></span> <span class='ocrx_word' id='word_1_526' title='bbox 911 5744 1217 5812; x_wconf 85' lang='lat' dir='ltr'><strong>imprudens</strong></span> <span class='ocrx_word' id='word_1_527' title='bbox 1239 5754 1358 5798; x_wconf 88' lang='lat' dir='ltr'><strong>tunc</strong></span> <span class='ocrx_word' id='word_1_528' title='bbox 1378 5745 1582 5814; x_wconf 77' lang='lat' dir='ltr'><strong>Asaplt;</strong></span> <span class='ocrx_word' id='word_1_529' title='bbox 1608 5742 1700 5798; x_wconf 83' lang='lat' dir='ltr'><strong>sed</strong></span> <span class='ocrx_word' id='word_1_530' title='bbox 1723 5757 1830 5798; x_wconf 79' lang='lat' dir='ltr'><strong>non</strong></span> 
     </span>
    </p>
   </div>
   <div class='ocr_carea' id='block_1_62' title="bbox 1378 295 2477 368">
    <p class='ocr_par' dir='ltr' id='par_1_62' title="bbox 1378 295 2477 368">
     <span class='ocr_line' id='line_1_62' title="bbox 1378 295 2477 368; baseline 0.009 -20"><span class='ocrx_word' id='word_1_531' title='bbox 1378 295 1763 348; x_wconf 73' lang='lat' dir='ltr'><strong>ENARRATIO</strong></span> <span class='ocrx_word' id='word_1_532' title='bbox 1795 297 1854 350; x_wconf 70' lang='lat' dir='ltr'><strong>IN</strong></span> <span class='ocrx_word' id='word_1_533' title='bbox 1899 300 2209 355; x_wconf 68' lang='lat' dir='ltr'><strong>PSALMUJI</strong></span> <span class='ocrx_word' id='word_1_534' title='bbox 2251 309 2477 368; x_wconf 79' lang='lat' dir='ltr'><strong>Lxxm,</strong></span> 
     </span>
    </p>
   </div>
   <div class='ocr_carea' id='block_1_63' title="bbox 3455 327 3559 380">
    <p class='ocr_par' dir='ltr' id='par_1_63' title="bbox 3455 327 3559 380">
     <span class='ocr_line' id='line_1_63' title="bbox 3455 327 3559 380; baseline 0.01 -1"><span class='ocrx_word' id='word_1_535' title='bbox 3455 327 3559 380; x_wconf 57' lang='lat'><strong>9&amp;9.</strong></span> 
     </span>
    </p>
   </div>
   <div class='ocr_carea' id='block_1_64' title="bbox 1993 424 3557 522">
    <p class='ocr_par' dir='ltr' id='par_1_64' title="bbox 1993 424 3557 522">
     <span class='ocr_line' id='line_1_64' title="bbox 1993 424 3557 522; baseline 0.022 -48"><span class='ocrx_word' id='word_1_536' title='bbox 1993 424 2270 481; x_wconf 84' lang='lat' dir='ltr'><strong>intellectus</strong></span> <span class='ocrx_word' id='word_1_537' title='bbox 2318 431 2489 501; x_wconf 77' lang='lat' dir='ltr'><strong>Asaph</strong></span> <span class='ocrx_word' id='word_1_538' title='bbox 2544 444 2685 490; x_wconf 89' lang='lat' dir='ltr'><strong>tunc.</strong></span> <span class='ocrx_word' id='word_1_539' title='bbox 2748 438 2882 508; x_wconf 83' lang='lat' dir='ltr'><strong>Quid</strong></span> <span class='ocrx_word' id='word_1_540' title='bbox 2935 443 3126 500; x_wconf 89' lang='lat' dir='ltr'><strong>dicitur</strong></span> <span class='ocrx_word' id='word_1_541' title='bbox 3178 448 3229 502; x_wconf 90' lang='lat' dir='ltr'><strong>in</strong></span> <span class='ocrx_word' id='word_1_542' title='bbox 3281 454 3557 522; x_wconf 88' lang='lat' dir='ltr'><strong>superiore</strong></span> 
     </span>
    </p>
   </div>
   <div class='ocr_carea' id='block_1_65' title="bbox 1992 514 3556 614">
    <p class='ocr_par' dir='ltr' id='par_1_65' title="bbox 1992 514 3556 614">
     <span class='ocr_line' id='line_1_65' title="bbox 1992 514 3556 614; baseline 0.023 -49"><span class='ocrx_word' id='word_1_543' title='bbox 1992 514 2229 581; x_wconf 80' lang='lat' dir='ltr'><strong>psalmo?</strong></span> <span class='ocrx_word' id='word_1_544' title='bbox 2259 517 2416 582; x_wconf 83' lang='lat' dir='ltr'><strong>Quasi</strong></span> <span class='ocrx_word' id='word_1_545' title='bbox 2439 540 2589 592; x_wconf 87' lang='lat' dir='ltr'><strong>pecus</strong></span> <span class='ocrx_word' id='word_1_546' title='bbox 2625 527 2788 595; x_wconf 78' lang='lat' dir='ltr'><strong>[actus</strong></span> <span class='ocrx_word' id='word_1_547' title='bbox 2824 548 2933 584; x_wconf 89' lang='lat' dir='ltr'><strong>sum</strong></span> <span class='ocrx_word' id='word_1_548' title='bbox 2971 538 3036 587; x_wconf 91' lang='lat' dir='ltr'><strong>ad</strong></span> <span class='ocrx_word' id='word_1_549' title='bbox 3077 547 3152 600; x_wconf 88' lang='lat' dir='ltr'><strong>te;</strong></span> <span class='ocrx_word' id='word_1_550' title='bbox 3181 552 3226 592; x_wconf 88' lang='lat' dir='ltr'><strong>et</strong></span> <span class='ocrx_word' id='word_1_551' title='bbox 3247 557 3339 611; x_wconf 87' lang='lat' dir='ltr'><strong>ego</strong></span> <span class='ocrx_word' id='word_1_552' title='bbox 3365 561 3556 614; x_wconf 84' lang='lat' dir='ltr'><strong>semper</strong></span> 
     </span>
    </p>
   </div>
   <div class='ocr_carea' id='block_1_66' title="bbox 1987 611 3556 691">
    <p class='ocr_par' dir='ltr' id='par_1_66' title="bbox 1987 611 3556 691">
     <span class='ocr_line' id='line_1_66' title="bbox 1987 611 3556 691; baseline 0.022 -37"><span class='ocrx_word' id='word_1_553' title='bbox 1987 614 2147 658; x_wconf 81' lang='lat' dir='ltr'><strong>tecum</strong></span> <span class='ocrx_word' id='word_1_554' title='bbox 2184 623 2204 660; x_wconf 87' lang='lat'><strong><em>:</em></strong></span> <span class='ocrx_word' id='word_1_555' title='bbox 2243 611 2361 678; x_wconf 90' lang='lat' dir='ltr'><strong>quia</strong></span> <span class='ocrx_word' id='word_1_556' title='bbox 2398 627 2502 667; x_wconf 93' lang='lat' dir='ltr'><strong>non</strong></span> <span class='ocrx_word' id='word_1_557' title='bbox 2534 616 2592 669; x_wconf 89' lang='lat' dir='ltr'><strong>iit</strong></span> <span class='ocrx_word' id='word_1_558' title='bbox 2619 620 2682 672; x_wconf 91' lang='lat' dir='ltr'><strong>ad</strong></span> <span class='ocrx_word' id='word_1_559' title='bbox 2711 620 2840 676; x_wconf 89' lang='lat' dir='ltr'><strong>deos</strong></span> <span class='ocrx_word' id='word_1_560' title='bbox 2869 635 2923 678; x_wconf 87' lang='lat' dir='ltr'><strong>et</strong></span> <span class='ocrx_word' id='word_1_561' title='bbox 2962 626 3099 680; x_wconf 92' lang='lat' dir='ltr'><strong>idola</strong></span> <span class='ocrx_word' id='word_1_562' title='bbox 3135 629 3401 687; x_wconf 88' lang='lat' dir='ltr'><strong>Gentium.</strong></span> <span class='ocrx_word' id='word_1_563' title='bbox 3444 611 3556 691; x_wconf 66' lang='lat' dir='ltr'><strong>Etsi</strong></span> 
     </span>
    </p>
   </div>
   <div class='ocr_carea' id='block_1_67' title="bbox 1987 707 3554 795">
    <p class='ocr_par' dir='ltr' id='par_1_67' title="bbox 1987 707 3554 795">
     <span class='ocr_line' id='line_1_67' title="bbox 1987 707 3554 795; baseline 0.023 -48"><span class='ocrx_word' id='word_1_564' title='bbox 1987 711 2091 749; x_wconf 91' lang='lat' dir='ltr'><strong>non</strong></span> <span class='ocrx_word' id='word_1_565' title='bbox 2132 707 2377 768; x_wconf 78' lang='lat' dir='ltr'><strong>cognovit</strong></span> <span class='ocrx_word' id='word_1_566' title='bbox 2404 716 2460 758; x_wconf 89' lang='lat' dir='ltr'><strong>ut</strong></span> <span class='ocrx_word' id='word_1_567' title='bbox 2490 722 2679 776; x_wconf 90' lang='lat' dir='ltr'><strong>pecus,</strong></span> <span class='ocrx_word' id='word_1_568' title='bbox 2725 723 2895 770; x_wconf 85' lang='lat' dir='ltr'><strong>tamen</strong></span> <span class='ocrx_word' id='word_1_569' title='bbox 2936 723 3241 789; x_wconf 80' lang='lat' dir='ltr'><strong>recognovit</strong></span> <span class='ocrx_word' id='word_1_570' title='bbox 3271 736 3326 777; x_wconf 89' lang='lat' dir='ltr'><strong>ut</strong></span> <span class='ocrx_word' id='word_1_571' title='bbox 3354 725 3513 782; x_wconf 85' lang='lat' dir='ltr'><strong>homo</strong></span> <span class='ocrx_word' id='word_1_572' title='bbox 3539 771 3554 795; x_wconf 93' lang='lat'><strong>,</strong></span> 
     </span>
    </p>
   </div>
   <div class='ocr_carea' id='block_1_68' title="bbox 1985 787 3554 884">
    <p class='ocr_par' dir='ltr' id='par_1_68' title="bbox 1985 787 3554 884">
     <span class='ocr_line' id='line_1_68' title="bbox 1985 787 3554 884; baseline 0.022 -47"><span class='ocrx_word' id='word_1_573' title='bbox 1985 787 2121 841; x_wconf 79' lang='lat' dir='ltr'><strong>dixit</strong></span> <span class='ocrx_word' id='word_1_574' title='bbox 2150 793 2312 856; x_wconf 90' lang='lat' dir='ltr'><strong>enim,</strong></span> <span class='ocrx_word' id='word_1_575' title='bbox 2335 794 2546 865; x_wconf 88' lang='lat' dir='ltr'><strong>Semper</strong></span> <span class='ocrx_word' id='word_1_576' title='bbox 2569 810 2752 868; x_wconf 89' lang='lat' dir='ltr'><strong>tecum,</strong></span> <span class='ocrx_word' id='word_1_577' title='bbox 2780 808 2924 874; x_wconf 79' lang='lat' dir='ltr'><strong>quasi</strong></span> <span class='ocrx_word' id='word_1_578' title='bbox 2945 787 3134 876; x_wconf 82' lang='lat' dir='ltr'><strong>pecus:</strong></span> <span class='ocrx_word' id='word_1_579' title='bbox 3153 822 3208 868; x_wconf 90' lang='lat' dir='ltr'><strong>et</strong></span> <span class='ocrx_word' id='word_1_580' title='bbox 3229 815 3352 884; x_wconf 89' lang='lat' dir='ltr'><strong>quid</strong></span> <span class='ocrx_word' id='word_1_581' title='bbox 3377 787 3554 884; x_wconf 69' lang='lat' dir='ltr'><strong>postea</strong></span> 
     </span>
    </p>
   </div>
   <div class='ocr_carea' id='block_1_69' title="bbox 1986 877 3555 964">
    <p class='ocr_par' dir='ltr' id='par_1_69' title="bbox 1986 877 3555 964">
     <span class='ocr_line' id='line_1_69' title="bbox 1986 877 3555 964; baseline 0.022 -34"><span class='ocrx_word' id='word_1_582' title='bbox 1986 877 2054 932; x_wconf 89' lang='lat' dir='ltr'><strong>ibi</strong></span> <span class='ocrx_word' id='word_1_583' title='bbox 2088 881 2136 932; x_wconf 93' lang='lat' dir='ltr'><strong>in</strong></span> <span class='ocrx_word' id='word_1_584' title='bbox 2163 881 2275 949; x_wconf 90' lang='lat' dir='ltr'><strong>ipso</strong></span> <span class='ocrx_word' id='word_1_585' title='bbox 2301 887 2522 954; x_wconf 89' lang='lat' dir='ltr'><strong>psalmo,</strong></span> <span class='ocrx_word' id='word_1_586' title='bbox 2556 891 2642 945; x_wconf 91' lang='lat' dir='ltr'><strong>ubi</strong></span> <span class='ocrx_word' id='word_1_587' title='bbox 2683 895 2899 964; x_wconf 84' lang='lat' dir='ltr'><strong>Asaplt?</strong></span> <span class='ocrx_word' id='word_1_588' title='bbox 2925 898 3147 957; x_wconf 84' lang='lat' dir='ltr'><strong>Tenuisti</strong></span> <span class='ocrx_word' id='word_1_589' title='bbox 3185 877 3390 960; x_wconf 66' lang='lat' dir='ltr'><strong>mimum</strong></span> <span class='ocrx_word' id='word_1_590' title='bbox 3432 909 3555 963; x_wconf 68' lang='lat' dir='ltr'><strong>dex-</strong></span> 
     </span>
    </p>
   </div>
   <div class='ocr_carea' id='block_1_70' title="bbox 1984 979 3556 1071">
    <p class='ocr_par' dir='ltr' id='par_1_70' title="bbox 1984 979 3556 1071">
     <span class='ocr_line' id='line_1_70' title="bbox 1984 979 3556 1071; baseline 0.022 -49"><span class='ocrx_word' id='word_1_591' title='bbox 1984 980 2102 1024; x_wconf 79' lang='lat' dir='ltr'><strong>terte</strong></span> <span class='ocrx_word' id='word_1_592' title='bbox 2141 991 2262 1028; x_wconf 72' lang='lat' dir='ltr'><strong>mea:</strong></span> <span class='ocrx_word' id='word_1_593' title='bbox 2284 993 2304 1040; x_wconf 87' lang='lat'><strong>;</strong></span> <span class='ocrx_word' id='word_1_594' title='bbox 2326 979 2377 1032; x_wconf 90' lang='lat' dir='ltr'><strong>in</strong></span> <span class='ocrx_word' id='word_1_595' title='bbox 2407 983 2658 1038; x_wconf 87' lang='lat' dir='ltr'><strong>voluntate</strong></span> <span class='ocrx_word' id='word_1_596' title='bbox 2685 997 2770 1040; x_wconf 89' lang='lat' dir='ltr'><strong>tua</strong></span> <span class='ocrx_word' id='word_1_597' title='bbox 2794 990 3044 1047; x_wconf 76' lang='lat' dir='ltr'><strong>deduxisti</strong></span> <span class='ocrx_word' id='word_1_598' title='bbox 3068 1012 3163 1061; x_wconf 90' lang='lat' dir='ltr'><strong>me,</strong></span> <span class='ocrx_word' id='word_1_599' title='bbox 3195 1008 3370 1052; x_wconf 88' lang='lat' dir='ltr'><strong>etcum</strong></span> <span class='ocrx_word' id='word_1_600' title='bbox 3395 1004 3556 1071; x_wconf 87' lang='lat' dir='ltr'><strong>gloria</strong></span> 
     </span>
    </p>
   </div>
   <div class='ocr_carea' id='block_1_71' title="bbox 1982 1070 3550 1158">
    <p class='ocr_par' dir='ltr' id='par_1_71' title="bbox 1982 1070 3550 1158">
     <span class='ocr_line' id='line_1_71' title="bbox 1982 1070 3550 1158; baseline 0.022 -43"><span class='ocrx_word' id='word_1_601' title='bbox 1982 1070 2297 1136; x_wconf 86' lang='lat' dir='ltr'><strong>assumpsisti</strong></span> <span class='ocrx_word' id='word_1_602' title='bbox 2317 1088 2393 1124; x_wconf 90' lang='lat' dir='ltr'><strong>me</strong></span> <span class='ocrx_word' id='word_1_603' title='bbox 2413 1071 2582 1145; x_wconf 83' lang='lat' dir='ltr'><strong>(Psal.</strong></span> <span class='ocrx_word' id='word_1_604' title='bbox 2615 1094 2778 1142; x_wconf 74' lang='lat' dir='ltr'><strong>Lxxn,</strong></span> <span class='ocrx_word' id='word_1_605' title='bbox 2809 1082 2900 1148; x_wconf 74' lang='grc'><strong>25,</strong></span> <span class='ocrx_word' id='word_1_606' title='bbox 2922 1085 3034 1154; x_wconf 73' lang='grc'><strong>24).</strong></span> <span class='ocrx_word' id='word_1_607' title='bbox 3065 1087 3132 1143; x_wconf 90' lang='lat' dir='ltr'><strong>In</strong></span> <span class='ocrx_word' id='word_1_608' title='bbox 3163 1070 3416 1147; x_wconf 84' lang='lat' dir='ltr'><strong>voluntate</strong></span> <span class='ocrx_word' id='word_1_609' title='bbox 3438 1106 3550 1158; x_wconf 89' lang='lat' dir='ltr'><strong>tua,</strong></span> 
     </span>
    </p>
   </div>
   <div class='ocr_carea' id='block_1_72' title="bbox 1984 1157 3555 1254">
    <p class='ocr_par' dir='ltr' id='par_1_72' title="bbox 1984 1157 3555 1254">
     <span class='ocr_line' id='line_1_72' title="bbox 1984 1157 3555 1254; baseline 0.022 -48"><span class='ocrx_word' id='word_1_610' title='bbox 1984 1171 2088 1208; x_wconf 91' lang='lat' dir='ltr'><strong>non</strong></span> <span class='ocrx_word' id='word_1_611' title='bbox 2131 1157 2181 1210; x_wconf 92' lang='lat' dir='ltr'><strong>iu</strong></span> <span class='ocrx_word' id='word_1_612' title='bbox 2211 1159 2412 1228; x_wconf 88' lang='lat' dir='ltr'><strong>justitia</strong></span> <span class='ocrx_word' id='word_1_613' title='bbox 2443 1181 2586 1231; x_wconf 90' lang='lat' dir='ltr'><strong>mea;</strong></span> <span class='ocrx_word' id='word_1_614' title='bbox 2621 1169 2762 1224; x_wconf 86' lang='lat' dir='ltr'><strong>dono</strong></span> <span class='ocrx_word' id='word_1_615' title='bbox 2792 1183 2900 1238; x_wconf 91' lang='lat' dir='ltr'><strong>tuo,</strong></span> <span class='ocrx_word' id='word_1_616' title='bbox 2939 1193 3042 1231; x_wconf 90' lang='lat' dir='ltr'><strong>non</strong></span> <span class='ocrx_word' id='word_1_617' title='bbox 3070 1194 3230 1246; x_wconf 90' lang='lat' dir='ltr'><strong>opere</strong></span> <span class='ocrx_word' id='word_1_618' title='bbox 3249 1198 3389 1237; x_wconf 89' lang='lat' dir='ltr'><strong>meo.</strong></span> <span class='ocrx_word' id='word_1_619' title='bbox 3415 1185 3555 1254; x_wconf 63' lang='lat' dir='ltr'><strong>Ergo</strong></span> 
     </span>
    </p>
   </div>
   <div class='ocr_carea' id='block_1_73' title="bbox 1983 1248 3550 1342">
    <p class='ocr_par' dir='ltr' id='par_1_73' title="bbox 1983 1248 3550 1342">
     <span class='ocr_line' id='line_1_73' title="bbox 1983 1248 3550 1342; baseline 0.02 -44"><span class='ocrx_word' id='word_1_620' title='bbox 1983 1256 2034 1300; x_wconf 81' lang='lat' dir='ltr'><strong>et</strong></span> <span class='ocrx_word' id='word_1_621' title='bbox 2064 1248 2147 1302; x_wconf 92' lang='lat' dir='ltr'><strong>hic</strong></span> <span class='ocrx_word' id='word_1_622' title='bbox 2167 1291 2180 1312; x_wconf 91' lang='lat'><strong>,</strong></span> <span class='ocrx_word' id='word_1_623' title='bbox 2225 1249 2468 1308; x_wconf 88' lang='lat' dir='ltr'><strong>Inimicus</strong></span> <span class='ocrx_word' id='word_1_624' title='bbox 2501 1258 2815 1328; x_wconf 81' lang='lat' dir='ltr'><strong>exprobravit</strong></span> <span class='ocrx_word' id='word_1_625' title='bbox 2857 1264 3110 1334; x_wconf 81' lang='lat' dir='ltr'><strong>Domino;</strong></span> <span class='ocrx_word' id='word_1_626' title='bbox 3138 1283 3184 1324; x_wconf 89' lang='lat' dir='ltr'><strong>et</strong></span> <span class='ocrx_word' id='word_1_627' title='bbox 3210 1277 3425 1342; x_wconf 80' lang='lat' dir='ltr'><strong>populus</strong></span> <span class='ocrx_word' id='word_1_628' title='bbox 3454 1279 3550 1330; x_wconf 88' lang='lat' dir='ltr'><strong>im-</strong></span> 
     </span>
    </p>
   </div>
   <div class='ocr_carea' id='block_1_74' title="bbox 1984 1341 3553 1436">
    <p class='ocr_par' dir='ltr' id='par_1_74' title="bbox 1984 1341 3553 1436">
     <span class='ocr_line' id='line_1_74' title="bbox 1984 1341 3553 1436; baseline 0.022 -47"><span class='ocrx_word' id='word_1_629' title='bbox 1984 1341 2204 1406; x_wconf 84' lang='lat' dir='ltr'><strong>prudens</strong></span> <span class='ocrx_word' id='word_1_630' title='bbox 2242 1347 2552 1402; x_wconf 72' lang='lat' dir='ltr'><strong>exaccrbavit</strong></span> <span class='ocrx_word' id='word_1_631' title='bbox 2589 1368 2766 1407; x_wconf 87' lang='lat' dir='ltr'><strong>nomen</strong></span> <span class='ocrx_word' id='word_1_632' title='bbox 2797 1367 2956 1412; x_wconf 86' lang='lat' dir='ltr'><strong>tuum.</strong></span> <span class='ocrx_word' id='word_1_633' title='bbox 2985 1359 3183 1418; x_wconf 86' lang='lat' dir='ltr'><strong>Omnes</strong></span> <span class='ocrx_word' id='word_1_634' title='bbox 3212 1341 3338 1436; x_wconf 72' lang='lat' dir='ltr'><strong>ergo</strong></span> <span class='ocrx_word' id='word_1_635' title='bbox 3383 1369 3553 1436; x_wconf 85' lang='lat' dir='ltr'><strong>perie-</strong></span> 
     </span>
    </p>
   </div>
   <div class='ocr_carea' id='block_1_75' title="bbox 1982 1433 3552 1524">
    <p class='ocr_par' dir='ltr' id='par_1_75' title="bbox 1982 1433 3552 1524">
     <span class='ocr_line' id='line_1_75' title="bbox 1982 1433 3552 1524; baseline 0.018 -39"><span class='ocrx_word' id='word_1_636' title='bbox 1982 1433 2142 1487; x_wconf 81' lang='lat' dir='ltr'><strong>runt?</strong></span> <span class='ocrx_word' id='word_1_637' title='bbox 2167 1435 2336 1489; x_wconf 81' lang='lat' dir='ltr'><strong>Absit.</strong></span> <span class='ocrx_word' id='word_1_638' title='bbox 2371 1438 2480 1492; x_wconf 86' lang='lat' dir='ltr'><strong>Etsi</strong></span> <span class='ocrx_word' id='word_1_639' title='bbox 2508 1442 2664 1511; x_wconf 87' lang='lat' dir='ltr'><strong>aliqui</strong></span> <span class='ocrx_word' id='word_1_640' title='bbox 2699 1460 2768 1500; x_wconf 75' lang='lat' dir='ltr'><strong>ex</strong></span> <span class='ocrx_word' id='word_1_641' title='bbox 2797 1449 2958 1502; x_wconf 91' lang='lat' dir='ltr'><strong>ramis</strong></span> <span class='ocrx_word' id='word_1_642' title='bbox 2987 1449 3136 1508; x_wconf 79' lang='lat' dir='ltr'><strong>fracti</strong></span> <span class='ocrx_word' id='word_1_643' title='bbox 3168 1433 3310 1524; x_wconf 76' lang='lat' dir='ltr'><strong>sunt,</strong></span> <span class='ocrx_word' id='word_1_644' title='bbox 3339 1433 3552 1514; x_wconf 80' lang='lat' dir='ltr'><strong>manent</strong></span> 
     </span>
    </p>
   </div>
   <div class='ocr_carea' id='block_1_76' title="bbox 1983 1527 3548 1620">
    <p class='ocr_par' dir='ltr' id='par_1_76' title="bbox 1983 1527 3548 1620">
     <span class='ocr_line' id='line_1_76' title="bbox 1983 1527 3548 1620; baseline 0.019 -45"><span class='ocrx_word' id='word_1_645' title='bbox 1983 1533 2156 1579; x_wconf 87' lang='lat' dir='ltr'><strong>tamen</strong></span> <span class='ocrx_word' id='word_1_646' title='bbox 2189 1527 2346 1598; x_wconf 90' lang='lat' dir='ltr'><strong>aliqui</strong></span> <span class='ocrx_word' id='word_1_647' title='bbox 2377 1545 2480 1600; x_wconf 93' lang='lat' dir='ltr'><strong>quo</strong></span> <span class='ocrx_word' id='word_1_648' title='bbox 2518 1534 2842 1592; x_wconf 87' lang='lat' dir='ltr'><strong>inscreretur</strong></span> <span class='ocrx_word' id='word_1_649' title='bbox 2866 1541 3099 1597; x_wconf 80' lang='lat' dir='ltr'><strong>oleaster</strong></span> <span class='ocrx_word' id='word_1_650' title='bbox 3125 1545 3300 1615; x_wconf 78' lang='lat' dir='ltr'><strong>(Item.</strong></span> <span class='ocrx_word' id='word_1_651' title='bbox 3321 1542 3393 1612; x_wconf 62' lang='lat' dir='ltr'><strong>xi,</strong></span> <span class='ocrx_word' id='word_1_652' title='bbox 3421 1551 3506 1620; x_wconf 79' lang='grc'><strong>17)</strong></span> <span class='ocrx_word' id='word_1_653' title='bbox 3535 1570 3548 1615; x_wconf 87' lang='lat'><strong>;</strong></span> 
     </span>
    </p>
   </div>
   <div class='ocr_carea' id='block_1_77' title="bbox 1979 1615 3546 1704">
    <p class='ocr_par' dir='ltr' id='par_1_77' title="bbox 1979 1615 3546 1704">
     <span class='ocr_line' id='line_1_77' title="bbox 1979 1615 3546 1704; baseline 0.019 -38"><span class='ocrx_word' id='word_1_654' title='bbox 1979 1624 2033 1667; x_wconf 92' lang='lat' dir='ltr'><strong>et</strong></span> <span class='ocrx_word' id='word_1_655' title='bbox 2071 1615 2218 1670; x_wconf 80' lang='lat' dir='ltr'><strong>radix</strong></span> <span class='ocrx_word' id='word_1_656' title='bbox 2254 1631 2451 1687; x_wconf 88' lang='lat' dir='ltr'><strong>manet,</strong></span> <span class='ocrx_word' id='word_1_657' title='bbox 2489 1632 2540 1677; x_wconf 93' lang='lat' dir='ltr'><strong>et</strong></span> <span class='ocrx_word' id='word_1_658' title='bbox 2570 1639 2634 1678; x_wconf 76' lang='lat' dir='ltr'><strong>ex</strong></span> <span class='ocrx_word' id='word_1_659' title='bbox 2667 1627 2794 1694; x_wconf 84' lang='lat' dir='ltr'><strong>ipsis</strong></span> <span class='ocrx_word' id='word_1_660' title='bbox 2838 1633 2998 1688; x_wconf 88' lang='lat' dir='ltr'><strong>ramis</strong></span> <span class='ocrx_word' id='word_1_661' title='bbox 3045 1650 3139 1704; x_wconf 89' lang='lat' dir='ltr'><strong>per</strong></span> <span class='ocrx_word' id='word_1_662' title='bbox 3184 1615 3546 1697; x_wconf 74' lang='lat' dir='ltr'><strong>inﬁdelitatem</strong></span> 
     </span>
    </p>
   </div>
   <div class='ocr_carea' id='block_1_78' title="bbox 1978 1704 3550 1802">
    <p class='ocr_par' dir='ltr' id='par_1_78' title="bbox 1978 1704 3550 1802">
     <span class='ocr_line' id='line_1_78' title="bbox 1978 1704 3550 1802; baseline 0.018 -44"><span class='ocrx_word' id='word_1_663' title='bbox 1978 1704 2157 1763; x_wconf 82' lang='lat' dir='ltr'><strong>fractis</strong></span> <span class='ocrx_word' id='word_1_664' title='bbox 2184 1714 2413 1767; x_wconf 64' lang='lat' dir='ltr'><strong>rerocati</strong></span> <span class='ocrx_word' id='word_1_665' title='bbox 2443 1725 2565 1770; x_wconf 89' lang='lat' dir='ltr'><strong>sunt</strong></span> <span class='ocrx_word' id='word_1_666' title='bbox 2589 1719 2800 1785; x_wconf 89' lang='lat' dir='ltr'><strong>quidam</strong></span> <span class='ocrx_word' id='word_1_667' title='bbox 2835 1739 2928 1792; x_wconf 90' lang='lat' dir='ltr'><strong>per</strong></span> <span class='ocrx_word' id='word_1_668' title='bbox 2954 1725 3108 1781; x_wconf 82' lang='lat' dir='ltr'><strong>tidem</strong></span> <span class='ocrx_word' id='word_1_669' title='bbox 3154 1747 3165 1780; x_wconf 93' lang='lat'>:</span> <span class='ocrx_word' id='word_1_670' title='bbox 3210 1746 3328 1784; x_wconf 88' lang='lat' dir='ltr'><strong>nam</strong></span> <span class='ocrx_word' id='word_1_671' title='bbox 3360 1743 3413 1786; x_wconf 80' lang='lat' dir='ltr'><strong>at</strong></span> <span class='ocrx_word' id='word_1_672' title='bbox 3439 1734 3550 1802; x_wconf 76' lang='lat' dir='ltr'><strong>ipse</strong></span> 
     </span>
    </p>
   </div>
   <div class='ocr_carea' id='block_1_79' title="bbox 1976 1802 3551 1894">
    <p class='ocr_par' dir='ltr' id='par_1_79' title="bbox 1976 1802 3551 1894">
     <span class='ocr_line' id='line_1_79' title="bbox 1976 1802 3551 1894; baseline 0.019 -45"><span class='ocrx_word' id='word_1_673' title='bbox 1976 1802 2246 1866; x_wconf 85' lang='lat' dir='ltr'><strong>apostolus</strong></span> <span class='ocrx_word' id='word_1_674' title='bbox 2277 1803 2466 1860; x_wconf 84' lang='lat' dir='ltr'><strong>Paulus</strong></span> <span class='ocrx_word' id='word_1_675' title='bbox 2500 1823 2592 1876; x_wconf 88' lang='lat' dir='ltr'><strong>per</strong></span> <span class='ocrx_word' id='word_1_676' title='bbox 2622 1811 2982 1870; x_wconf 80' lang='lat' dir='ltr'><strong>inﬁdelitatem</strong></span> <span class='ocrx_word' id='word_1_677' title='bbox 3011 1818 3204 1874; x_wconf 78' lang='lat' dir='ltr'><strong>fractus</strong></span> <span class='ocrx_word' id='word_1_678' title='bbox 3224 1832 3356 1888; x_wconf 87' lang='lat' dir='ltr'><strong>erat,</strong></span> <span class='ocrx_word' id='word_1_679' title='bbox 3382 1835 3433 1879; x_wconf 89' lang='lat' dir='ltr'><strong>et</strong></span> <span class='ocrx_word' id='word_1_680' title='bbox 3458 1843 3551 1894; x_wconf 77' lang='lat' dir='ltr'><strong>per</strong></span> 
     </span>
    </p>
   </div>
   <div class='ocr_carea' id='block_1_80' title="bbox 1978 1889 3550 1985">
    <p class='ocr_par' dir='ltr' id='par_1_80' title="bbox 1978 1889 3550 1985">
     <span class='ocr_line' id='line_1_80' title="bbox 1978 1889 3550 1985; baseline 0.02 -45"><span class='ocrx_word' id='word_1_681' title='bbox 1978 1889 2132 1944; x_wconf 84' lang='lat' dir='ltr'><strong>ﬁdem</strong></span> <span class='ocrx_word' id='word_1_682' title='bbox 2157 1893 2316 1946; x_wconf 83' lang='lat' dir='ltr'><strong>radici</strong></span> <span class='ocrx_word' id='word_1_683' title='bbox 2348 1897 2621 1954; x_wconf 86' lang='lat' dir='ltr'><strong>restitutus</strong></span> <span class='ocrx_word' id='word_1_684' title='bbox 2650 1912 2748 1956; x_wconf 88' lang='lat' dir='ltr'><strong>est.</strong></span> <span class='ocrx_word' id='word_1_685' title='bbox 2790 1904 2862 1958; x_wconf 83' lang='lat' dir='ltr'><strong>Ita</strong></span> <span class='ocrx_word' id='word_1_686' title='bbox 2903 1907 3056 1976; x_wconf 88' lang='lat' dir='ltr'><strong>plane</strong></span> <span class='ocrx_word' id='word_1_687' title='bbox 3097 1913 3315 1980; x_wconf 84' lang='lat' dir='ltr'><strong>papulas</strong></span> <span class='ocrx_word' id='word_1_688' title='bbox 3358 1889 3550 1985; x_wconf 72' lang='lat' dir='ltr'><strong>impru-</strong></span> 
     </span>
    </p>
   </div>
   <div class='ocr_carea' id='block_1_81' title="bbox 1976 1980 3542 2069">
    <p class='ocr_par' dir='ltr' id='par_1_81' title="bbox 1976 1980 3542 2069">
     <span class='ocr_line' id='line_1_81' title="bbox 1976 1980 3542 2069; baseline 0.02 -37"><span class='ocrx_word' id='word_1_689' title='bbox 1976 1980 2098 2034; x_wconf 85' lang='lat' dir='ltr'><strong>dens</strong></span> <span class='ocrx_word' id='word_1_690' title='bbox 2141 1987 2449 2042; x_wconf 74' lang='lat' dir='ltr'><strong>exacerbavit</strong></span> <span class='ocrx_word' id='word_1_691' title='bbox 2497 2008 2673 2047; x_wconf 86' lang='lat' dir='ltr'><strong>nomen</strong></span> <span class='ocrx_word' id='word_1_692' title='bbox 2718 2006 2894 2064; x_wconf 89' lang='lat' dir='ltr'><strong>tuum,</strong></span> <span class='ocrx_word' id='word_1_693' title='bbox 2943 2004 3159 2069; x_wconf 85' lang='lat' dir='ltr'><strong>quando</strong></span> <span class='ocrx_word' id='word_1_694' title='bbox 3201 2006 3400 2062; x_wconf 90' lang='lat' dir='ltr'><strong>dictum</strong></span> <span class='ocrx_word' id='word_1_695' title='bbox 3427 2022 3542 2066; x_wconf 79' lang='lat' dir='ltr'><strong>est:</strong></span> 
     </span>
    </p>
   </div>
   <div class='ocr_carea' id='block_1_82' title="bbox 1977 2071 3542 2172">
    <p class='ocr_par' dir='ltr' id='par_1_82' title="bbox 1977 2071 3542 2172">
     <span class='ocr_line' id='line_1_82' title="bbox 1977 2071 3542 2172; baseline 0.02 -50"><span class='ocrx_word' id='word_1_696' title='bbox 1977 2071 2199 2172; x_wconf 43' lang='lat' dir='ltr'><strong>Sin/ilius</strong></span> <span class='ocrx_word' id='word_1_697' title='bbox 2227 2075 2321 2130; x_wconf 87' lang='lat' dir='ltr'><strong>Dei</strong></span> <span class='ocrx_word' id='word_1_698' title='bbox 2343 2089 2433 2139; x_wconf 81' lang='lat' dir='ltr'><strong>est.</strong></span> <span class='ocrx_word' id='word_1_699' title='bbox 2463 2082 2728 2139; x_wconf 83' lang='lat' dir='ltr'><strong>descendat</strong></span> <span class='ocrx_word' id='word_1_700' title='bbox 2754 2087 2815 2140; x_wconf 87' lang='lat' dir='ltr'><strong>de</strong></span> <span class='ocrx_word' id='word_1_701' title='bbox 2840 2106 2985 2144; x_wconf 87' lang='lat' dir='ltr'><strong>cruce</strong></span> <span class='ocrx_word' id='word_1_702' title='bbox 3010 2091 3221 2162; x_wconf 77' lang='lat' dir='ltr'><strong>(Matth.</strong></span> <span class='ocrx_word' id='word_1_703' title='bbox 3245 2113 3408 2167; x_wconf 77' lang='lat' dir='ltr'><strong>xxvu,</strong></span> <span class='ocrx_word' id='word_1_704' title='bbox 3430 2101 3542 2172; x_wconf 71' lang='grc'><strong>40).</strong></span> 
     </span>
    </p>
   </div>
   <div class='ocr_carea' id='block_1_83' title="bbox 2042 2161 3546 2254">
    <p class='ocr_par' dir='ltr' id='par_1_83' title="bbox 2042 2161 3546 2254">
     <span class='ocr_line' id='line_1_83' title="bbox 2042 2161 3546 2254; baseline 0.022 -40"><span class='ocrx_word' id='word_1_705' title='bbox 2042 2161 2130 2215; x_wconf 73' lang='lat'><strong>22.</strong></span> <span class='ocrx_word' id='word_1_706' title='bbox 2165 2163 2325 2236; x_wconf 88' lang='lat' dir='ltr'><strong>[vers.</strong></span> <span class='ocrx_word' id='word_1_707' title='bbox 2363 2168 2485 2242; x_wconf 71' lang='lat'><strong>19.]</strong></span> <span class='ocrx_word' id='word_1_708' title='bbox 2525 2172 2626 2227; x_wconf 87' lang='lat' dir='ltr'><strong>Sed</strong></span> <span class='ocrx_word' id='word_1_709' title='bbox 2655 2177 2780 2246; x_wconf 92' lang='lat' dir='ltr'><strong>quid</strong></span> <span class='ocrx_word' id='word_1_710' title='bbox 2815 2188 2866 2233; x_wconf 85' lang='grc' dir='ltr'><strong>ιιι</strong></span> <span class='ocrx_word' id='word_1_711' title='bbox 2893 2222 2908 2246; x_wconf 87' lang='grc'><em>,</em></span> <span class='ocrx_word' id='word_1_712' title='bbox 2940 2161 3140 2252; x_wconf 83' lang='lat' dir='ltr'><strong>Asaph,</strong></span> <span class='ocrx_word' id='word_1_713' title='bbox 3166 2185 3276 2254; x_wconf 90' lang='lat' dir='ltr'><strong>jam</strong></span> <span class='ocrx_word' id='word_1_714' title='bbox 3307 2189 3358 2243; x_wconf 92' lang='lat' dir='ltr'><strong>in</strong></span> <span class='ocrx_word' id='word_1_715' title='bbox 3389 2161 3546 2248; x_wconf 83' lang='lat' dir='ltr'><strong>intel—</strong></span> 
     </span>
    </p>
   </div>
   <div class='ocr_carea' id='block_1_84' title="bbox 1974 2254 3544 2348">
    <p class='ocr_par' dir='ltr' id='par_1_84' title="bbox 1974 2254 3544 2348">
     <span class='ocr_line' id='line_1_84' title="bbox 1974 2254 3544 2348; baseline 0.022 -43"><span class='ocrx_word' id='word_1_716' title='bbox 1974 2254 2149 2308; x_wconf 85' lang='lat' dir='ltr'><strong>lectu?</strong></span> <span class='ocrx_word' id='word_1_717' title='bbox 2198 2258 2280 2312; x_wconf 85' lang='lat' dir='ltr'><strong>Ne</strong></span> <span class='ocrx_word' id='word_1_718' title='bbox 2317 2262 2582 2318; x_wconf 79' lang='lat' dir='ltr'><strong>tradideris</strong></span> <span class='ocrx_word' id='word_1_719' title='bbox 2623 2265 2787 2323; x_wconf 87' lang='lat' dir='ltr'><strong>bestiis</strong></span> <span class='ocrx_word' id='word_1_720' title='bbox 2828 2274 3047 2328; x_wconf 88' lang='lat' dir='ltr'><strong>animam</strong></span> <span class='ocrx_word' id='word_1_721' title='bbox 3089 2279 3400 2348; x_wconf 81' lang='lat' dir='ltr'><strong>conﬁtentem</strong></span> <span class='ocrx_word' id='word_1_722' title='bbox 3438 2285 3544 2340; x_wconf 88' lang='lat' dir='ltr'><strong>tibi.</strong></span> 
     </span>
    </p>
   </div>
   <div class='ocr_carea' id='block_1_85' title="bbox 1974 2344 3548 2438">
    <p class='ocr_par' dir='ltr' id='par_1_85' title="bbox 1974 2344 3548 2438">
     <span class='ocr_line' id='line_1_85' title="bbox 1974 2344 3548 2438; baseline 0.023 -43"><span class='ocrx_word' id='word_1_723' title='bbox 1974 2344 2235 2410; x_wconf 76' lang='lat' dir='ltr'><strong>AgnOsco,</strong></span> <span class='ocrx_word' id='word_1_724' title='bbox 2266 2351 2430 2418; x_wconf 90' lang='lat' dir='ltr'><strong>inquit</strong></span> <span class='ocrx_word' id='word_1_725' title='bbox 2454 2353 2664 2422; x_wconf 86' lang='lat' dir='ltr'><strong>Asaph;</strong></span> <span class='ocrx_word' id='word_1_726' title='bbox 2696 2359 2837 2426; x_wconf 91' lang='lat' dir='ltr'><strong>quia,</strong></span> <span class='ocrx_word' id='word_1_727' title='bbox 2867 2361 3001 2417; x_wconf 92' lang='lat' dir='ltr'><strong>sicut</strong></span> <span class='ocrx_word' id='word_1_728' title='bbox 3029 2365 3079 2418; x_wconf 90' lang='lat' dir='ltr'><strong>in</strong></span> <span class='ocrx_word' id='word_1_729' title='bbox 3107 2344 3221 2424; x_wconf 68' lang='lat' dir='ltr'><strong>alio</strong></span> <span class='ocrx_word' id='word_1_730' title='bbox 3239 2373 3440 2438; x_wconf 87' lang='lat' dir='ltr'><strong>psalmo</strong></span> <span class='ocrx_word' id='word_1_731' title='bbox 3467 2375 3548 2430; x_wconf 80' lang='lat' dir='ltr'><strong>di-</strong></span> 
     </span>
    </p>
   </div>
   <div class='ocr_carea' id='block_1_86' title="bbox 1971 2433 3545 2525">
    <p class='ocr_par' dir='ltr' id='par_1_86' title="bbox 1971 2433 3545 2525">
     <span class='ocr_line' id='line_1_86' title="bbox 1971 2433 3545 2525; baseline 0.024 -41"><span class='ocrx_word' id='word_1_732' title='bbox 1971 2433 2108 2487; x_wconf 91' lang='lat' dir='ltr'><strong>citur</strong></span> <span class='ocrx_word' id='word_1_733' title='bbox 2128 2477 2141 2500; x_wconf 93' lang='lat'><strong>,</strong></span> <span class='ocrx_word' id='word_1_734' title='bbox 2173 2436 2441 2494; x_wconf 84' lang='lat' dir='ltr'><strong>Peccatum</strong></span> <span class='ocrx_word' id='word_1_735' title='bbox 2470 2460 2631 2498; x_wconf 90' lang='lat' dir='ltr'><strong>meum</strong></span> <span class='ocrx_word' id='word_1_736' title='bbox 2669 2452 2907 2518; x_wconf 87' lang='lat' dir='ltr'><strong>cognovi,</strong></span> <span class='ocrx_word' id='word_1_737' title='bbox 2952 2465 3000 2508; x_wconf 90' lang='lat' dir='ltr'><strong>et</strong></span> <span class='ocrx_word' id='word_1_738' title='bbox 3032 2457 3229 2525; x_wconf 79' lang='lat' dir='ltr'><strong>[acinus</strong></span> <span class='ocrx_word' id='word_1_739' title='bbox 3255 2479 3418 2518; x_wconf 87' lang='lat' dir='ltr'><strong>meum</strong></span> <span class='ocrx_word' id='word_1_740' title='bbox 3445 2483 3545 2520; x_wconf 88' lang='lat' dir='ltr'><strong>non</strong></span> 
     </span>
    </p>
   </div>
   <div class='ocr_carea' id='block_1_87' title="bbox 1971 2528 3543 2612">
    <p class='ocr_par' dir='ltr' id='par_1_87' title="bbox 1971 2528 3543 2612">
     <span class='ocr_line' id='line_1_87' title="bbox 1971 2528 3543 2612; baseline 0.02 -34"><span class='ocrx_word' id='word_1_741' title='bbox 1971 2528 2144 2594; x_wconf 83' lang='lat' dir='ltr'><strong>aperui</strong></span> <span class='ocrx_word' id='word_1_742' title='bbox 2168 2530 2184 2598; x_wconf 94' lang='lat'>(</span> <span class='ocrx_word' id='word_1_743' title='bbox 2207 2528 2346 2584; x_wconf 84' lang='lat' dir='ltr'><strong>Psal.</strong></span> <span class='ocrx_word' id='word_1_744' title='bbox 2373 2549 2515 2598; x_wconf 75' lang='lat' dir='ltr'><strong>xxxi,</strong></span> <span class='ocrx_word' id='word_1_745' title='bbox 2539 2536 2624 2606; x_wconf 81' lang='lat'><strong>5).</strong></span> <span class='ocrx_word' id='word_1_746' title='bbox 2647 2538 2857 2605; x_wconf 84' lang='lat' dir='ltr'><strong>Quare?</strong></span> <span class='ocrx_word' id='word_1_747' title='bbox 2878 2544 3008 2612; x_wconf 87' lang='lat' dir='ltr'><strong>Quia</strong></span> <span class='ocrx_word' id='word_1_748' title='bbox 3031 2548 3238 2607; x_wconf 89' lang='lat' dir='ltr'><strong>locutus</strong></span> <span class='ocrx_word' id='word_1_749' title='bbox 3258 2564 3340 2610; x_wconf 87' lang='lat' dir='ltr'><strong>est</strong></span> <span class='ocrx_word' id='word_1_750' title='bbox 3359 2557 3543 2612; x_wconf 64' lang='lat' dir='ltr'><strong>Petrus</strong></span> 
     </span>
    </p>
   </div>
   <div class='ocr_carea' id='block_1_88' title="bbox 1970 2618 3544 2710">
    <p class='ocr_par' dir='ltr' id='par_1_88' title="bbox 1970 2618 3544 2710">
     <span class='ocr_line' id='line_1_88' title="bbox 1970 2618 3544 2710; baseline 0.022 -41"><span class='ocrx_word' id='word_1_751' title='bbox 1970 2618 2279 2682; x_wconf 83' lang='lat' dir='ltr'><strong>mirantibus</strong></span> <span class='ocrx_word' id='word_1_752' title='bbox 2304 2621 2506 2694; x_wconf 79' lang='lat' dir='ltr'><strong>linguas</strong></span> <span class='ocrx_word' id='word_1_753' title='bbox 2538 2625 2810 2700; x_wconf 86' lang='lat' dir='ltr'><strong>lsraelitis,</strong></span> <span class='ocrx_word' id='word_1_754' title='bbox 2837 2637 3083 2704; x_wconf 89' lang='lat' dir='ltr'><strong>quoniam</strong></span> <span class='ocrx_word' id='word_1_755' title='bbox 3113 2640 3210 2710; x_wconf 89' lang='lat' dir='ltr'><strong>ipsi</strong></span> <span class='ocrx_word' id='word_1_756' title='bbox 3237 2643 3544 2703; x_wconf 87' lang='lat' dir='ltr'><strong>occiderunt</strong></span> 
     </span>
    </p>
   </div>
   <div class='ocr_carea' id='block_1_89' title="bbox 1969 2707 3544 2793">
    <p class='ocr_par' dir='ltr' id='par_1_89' title="bbox 1969 2707 3544 2793">
     <span class='ocr_line' id='line_1_89' title="bbox 1969 2707 3544 2793; baseline 0.022 -34"><span class='ocrx_word' id='word_1_757' title='bbox 1969 2707 2258 2776; x_wconf 85' lang='lat' dir='ltr'><strong>Christum,</strong></span> <span class='ocrx_word' id='word_1_758' title='bbox 2288 2727 2406 2769; x_wconf 91' lang='lat' dir='ltr'><strong>cum</strong></span> <span class='ocrx_word' id='word_1_759' title='bbox 2435 2729 2654 2787; x_wconf 81' lang='lat' dir='ltr'><strong>preptcr</strong></span> <span class='ocrx_word' id='word_1_760' title='bbox 2680 2722 2798 2778; x_wconf 91' lang='lat' dir='ltr'><strong>illos</strong></span> <span class='ocrx_word' id='word_1_761' title='bbox 2827 2726 3018 2782; x_wconf 90' lang='lat' dir='ltr'><strong>missus</strong></span> <span class='ocrx_word' id='word_1_762' title='bbox 3045 2731 3113 2784; x_wconf 86' lang='lat' dir='ltr'><strong>sit</strong></span> <span class='ocrx_word' id='word_1_763' title='bbox 3133 2707 3400 2792; x_wconf 83' lang='lat' dir='ltr'><strong>Christus.</strong></span> <span class='ocrx_word' id='word_1_764' title='bbox 3430 2738 3544 2793; x_wconf 76' lang='lat' dir='ltr'><strong>Hoc</strong></span> 
     </span>
    </p>
   </div>
   <div class='ocr_carea' id='block_1_90' title="bbox 1967 2801 3537 2898">
    <p class='ocr_par' dir='ltr' id='par_1_90' title="bbox 1967 2801 3537 2898">
     <span class='ocr_line' id='line_1_90' title="bbox 1967 2801 3537 2898; baseline 0.024 -48"><span class='ocrx_word' id='word_1_765' title='bbox 1967 2801 2157 2866; x_wconf 88' lang='lat' dir='ltr'><strong>audito,</strong></span> <span class='ocrx_word' id='word_1_766' title='bbox 2186 2809 2470 2876; x_wconf 83' lang='lat' dir='ltr'><strong>compuneti</strong></span> <span class='ocrx_word' id='word_1_767' title='bbox 2493 2823 2610 2864; x_wconf 87' lang='lat' dir='ltr'><strong>sunt</strong></span> <span class='ocrx_word' id='word_1_768' title='bbox 2639 2816 2805 2880; x_wconf 89' lang='lat' dir='ltr'><strong>corde,</strong></span> <span class='ocrx_word' id='word_1_769' title='bbox 2838 2828 2881 2870; x_wconf 88' lang='lat' dir='ltr'><strong>et</strong></span> <span class='ocrx_word' id='word_1_770' title='bbox 2906 2820 3138 2876; x_wconf 78' lang='lat' dir='ltr'><strong>dixerunt</strong></span> <span class='ocrx_word' id='word_1_771' title='bbox 3165 2826 3234 2878; x_wconf 91' lang='lat' dir='ltr'><strong>ad</strong></span> <span class='ocrx_word' id='word_1_772' title='bbox 3253 2827 3537 2898; x_wconf 70' lang='lat' dir='ltr'><strong>Apostolos.</strong></span> 
     </span>
    </p>
   </div>
   <div class='ocr_carea' id='block_1_91' title="bbox 1972 2891 3542 2994">
    <p class='ocr_par' dir='ltr' id='par_1_91' title="bbox 1972 2891 3542 2994">
     <span class='ocr_line' id='line_1_91' title="bbox 1972 2891 3542 2994; baseline 0.024 -53"><span class='ocrx_word' id='word_1_773' title='bbox 1972 2891 2106 2957; x_wconf 86' lang='lat' dir='ltr'><strong>Quid</strong></span> <span class='ocrx_word' id='word_1_774' title='bbox 2148 2912 2265 2964; x_wconf 88' lang='lat' dir='ltr'><strong>ergo</strong></span> <span class='ocrx_word' id='word_1_775' title='bbox 2293 2899 2534 2966; x_wconf 78' lang='lat' dir='ltr'><strong>faciemus</strong></span> <span class='ocrx_word' id='word_1_776' title='bbox 2555 2903 2580 2954; x_wconf 86' lang='lat'><strong><em>?</em></strong></span> <span class='ocrx_word' id='word_1_777' title='bbox 2631 2905 2778 2960; x_wconf 86' lang='lat' dir='ltr'><strong>dicite</strong></span> <span class='ocrx_word' id='word_1_778' title='bbox 2813 2907 2972 2964; x_wconf 80' lang='lat' dir='ltr'><strong>nobis.</strong></span> <span class='ocrx_word' id='word_1_779' title='bbox 3012 2911 3078 2966; x_wconf 86' lang='lat' dir='ltr'><strong>Et</strong></span> <span class='ocrx_word' id='word_1_780' title='bbox 3106 2891 3332 2984; x_wconf 80' lang='lat' dir='ltr'><strong>Apostoli</strong></span> <span class='ocrx_word' id='word_1_781' title='bbox 3356 2937 3376 2974; x_wconf 89' lang='lat'><strong><em>:</em></strong></span> <span class='ocrx_word' id='word_1_782' title='bbox 3399 2921 3542 2994; x_wconf 78' lang='lat' dir='ltr'><strong>Agite</strong></span> 
     </span>
    </p>
   </div>
   <div class='ocr_carea' id='block_1_92' title="bbox 1968 2986 3539 3072">
    <p class='ocr_par' dir='ltr' id='par_1_92' title="bbox 1968 2986 3539 3072">
     <span class='ocr_line' id='line_1_92' title="bbox 1968 2986 3539 3072; baseline 0.022 -37"><span class='ocrx_word' id='word_1_783' title='bbox 1968 2986 2302 3050; x_wconf 65' lang='lat' dir='ltr'><strong>paenitentiam</strong></span> <span class='ocrx_word' id='word_1_784' title='bbox 2331 3029 2342 3050; x_wconf 87' lang='lat'><strong>,</strong></span> <span class='ocrx_word' id='word_1_785' title='bbox 2385 3001 2430 3043; x_wconf 91' lang='lat' dir='ltr'><strong>et</strong></span> <span class='ocrx_word' id='word_1_786' title='bbox 2456 2992 2732 3060; x_wconf 75' lang='lat' dir='ltr'><strong>baptizatur</strong></span> <span class='ocrx_word' id='word_1_787' title='bbox 2759 3003 3096 3072; x_wconf 82' lang='lat' dir='ltr'><strong>unusquisque</strong></span> <span class='ocrx_word' id='word_1_788' title='bbox 3123 3018 3338 3063; x_wconf 86' lang='lat' dir='ltr'><strong>vestrum</strong></span> <span class='ocrx_word' id='word_1_789' title='bbox 3363 3012 3414 3066; x_wconf 90' lang='lat' dir='ltr'><strong>in</strong></span> <span class='ocrx_word' id='word_1_790' title='bbox 3442 2986 3539 3068; x_wconf 71' lang='lat' dir='ltr'><strong>no-</strong></span> 
     </span>
    </p>
   </div>
   <div class='ocr_carea' id='block_1_93' title="bbox 1967 3073 3539 3170">
    <p class='ocr_par' dir='ltr' id='par_1_93' title="bbox 1967 3073 3539 3170">
     <span class='ocr_line' id='line_1_93' title="bbox 1967 3073 3539 3170; baseline 0.021 -46"><span class='ocrx_word' id='word_1_791' title='bbox 1967 3073 2097 3126; x_wconf 89' lang='lat' dir='ltr'><strong>mine</strong></span> <span class='ocrx_word' id='word_1_792' title='bbox 2129 3073 2333 3131; x_wconf 84' lang='lat' dir='ltr'><strong>Domini</strong></span> <span class='ocrx_word' id='word_1_793' title='bbox 2357 3079 2481 3134; x_wconf 84' lang='lat' dir='ltr'><strong>Jesu</strong></span> <span class='ocrx_word' id='word_1_794' title='bbox 2509 3082 2734 3150; x_wconf 79' lang='lat' dir='ltr'><strong>Christi;</strong></span> <span class='ocrx_word' id='word_1_795' title='bbox 2763 3099 2806 3140; x_wconf 87' lang='lat' dir='ltr'><strong>et</strong></span> <span class='ocrx_word' id='word_1_796' title='bbox 2835 3090 3148 3150; x_wconf 86' lang='lat' dir='ltr'><strong>dimittentur</strong></span> <span class='ocrx_word' id='word_1_797' title='bbox 3172 3098 3307 3155; x_wconf 90' lang='lat' dir='ltr'><strong>vobis</strong></span> <span class='ocrx_word' id='word_1_798' title='bbox 3337 3114 3539 3170; x_wconf 84' lang='lat' dir='ltr'><strong>peccatu</strong></span> 
     </span>
    </p>
   </div>
   <div class='ocr_carea' id='block_1_94' title="bbox 1963 3165 3536 3256">
    <p class='ocr_par' dir='ltr' id='par_1_94' title="bbox 1963 3165 3536 3256">
     <span class='ocr_line' id='line_1_94' title="bbox 1963 3165 3536 3256; baseline 0.021 -41"><span class='ocrx_word' id='word_1_799' title='bbox 1963 3175 2123 3216; x_wconf 84' lang='lat' dir='ltr'><strong>vestra</strong></span> <span class='ocrx_word' id='word_1_800' title='bbox 2155 3165 2292 3235; x_wconf 60' lang='grc' dir='ltr'><strong>(τιτι.</strong></span> <span class='ocrx_word' id='word_1_801' title='bbox 2334 3186 2390 3234; x_wconf 90' lang='lat' dir='ltr'><strong>n,</strong></span> <span class='ocrx_word' id='word_1_802' title='bbox 2427 3173 2514 3238; x_wconf 83' lang='grc'><strong>57,</strong></span> <span class='ocrx_word' id='word_1_803' title='bbox 2547 3175 2671 3246; x_wconf 83' lang='lat'><strong>58).</strong></span> <span class='ocrx_word' id='word_1_804' title='bbox 2705 3176 2835 3243; x_wconf 87' lang='lat' dir='ltr'><strong>Quia</strong></span> <span class='ocrx_word' id='word_1_805' title='bbox 2879 3197 3005 3251; x_wconf 84' lang='lat' dir='ltr'><strong>ergo</strong></span> <span class='ocrx_word' id='word_1_806' title='bbox 3039 3199 3134 3254; x_wconf 90' lang='lat' dir='ltr'><strong>per</strong></span> <span class='ocrx_word' id='word_1_807' title='bbox 3173 3165 3536 3256; x_wconf 74' lang='lat' dir='ltr'><strong>pmuitentiam</strong></span> 
     </span>
    </p>
   </div>
   <div class='ocr_carea' id='block_1_95' title="bbox 1962 3258 3536 3343">
    <p class='ocr_par' dir='ltr' id='par_1_95' title="bbox 1962 3258 3536 3343">
     <span class='ocr_line' id='line_1_95' title="bbox 1962 3258 3536 3343; baseline 0.023 -35"><span class='ocrx_word' id='word_1_808' title='bbox 1962 3258 2223 3313; x_wconf 73' lang='lat' dir='ltr'><strong>confessio</strong></span> <span class='ocrx_word' id='word_1_809' title='bbox 2251 3261 2383 3318; x_wconf 81' lang='lat' dir='ltr'><strong>facta</strong></span> <span class='ocrx_word' id='word_1_810' title='bbox 2410 3277 2490 3319; x_wconf 90' lang='lat' dir='ltr'><strong>est</strong></span> <span class='ocrx_word' id='word_1_811' title='bbox 2512 3310 2526 3331; x_wconf 94' lang='lat'><strong>,</strong></span> <span class='ocrx_word' id='word_1_812' title='bbox 2560 3267 2641 3324; x_wconf 83' lang='lat' dir='ltr'><strong>Ne</strong></span> <span class='ocrx_word' id='word_1_813' title='bbox 2685 3273 2950 3330; x_wconf 84' lang='lat' dir='ltr'><strong>tradideris</strong></span> <span class='ocrx_word' id='word_1_814' title='bbox 2975 3276 3142 3334; x_wconf 88' lang='lat' dir='ltr'><strong>bestiis</strong></span> <span class='ocrx_word' id='word_1_815' title='bbox 3169 3283 3391 3340; x_wconf 86' lang='lat' dir='ltr'><strong>animant</strong></span> <span class='ocrx_word' id='word_1_816' title='bbox 3414 3304 3536 3343; x_wconf 78' lang='lat' dir='ltr'><strong>con-</strong></span> 
     </span>
    </p>
   </div>
   <div class='ocr_carea' id='block_1_96' title="bbox 1961 3348 3536 3437">
    <p class='ocr_par' dir='ltr' id='par_1_96' title="bbox 1961 3348 3536 3437">
     <span class='ocr_line' id='line_1_96' title="bbox 1961 3348 3536 3437; baseline 0.022 -37"><span class='ocrx_word' id='word_1_817' title='bbox 1961 3348 2181 3415; x_wconf 88' lang='lat' dir='ltr'><strong>ﬁtentem</strong></span> <span class='ocrx_word' id='word_1_818' title='bbox 2207 3353 2313 3407; x_wconf 87' lang='lat' dir='ltr'><strong>tibi.</strong></span> <span class='ocrx_word' id='word_1_819' title='bbox 2353 3355 2525 3424; x_wconf 88' lang='lat' dir='ltr'><strong>Quare</strong></span> <span class='ocrx_word' id='word_1_820' title='bbox 2548 3401 2563 3427; x_wconf 92' lang='lat'><strong>,</strong></span> <span class='ocrx_word' id='word_1_821' title='bbox 2597 3364 2910 3430; x_wconf 80' lang='lat' dir='ltr'><strong>conﬁtentem</strong></span> <span class='ocrx_word' id='word_1_822' title='bbox 2949 3369 3082 3423; x_wconf 82' lang='lat' dir='ltr'><strong>tibi?</strong></span> <span class='ocrx_word' id='word_1_823' title='bbox 3107 3371 3236 3437; x_wconf 89' lang='lat' dir='ltr'><strong>Quia</strong></span> <span class='ocrx_word' id='word_1_824' title='bbox 3269 3392 3536 3432; x_wconf 82' lang='lat' dir='ltr'><strong>conversus</strong></span> 
     </span>
    </p>
   </div>
   <div class='ocr_carea' id='block_1_97' title="bbox 1958 3443 3532 3540">
    <p class='ocr_par' dir='ltr' id='par_1_97' title="bbox 1958 3443 3532 3540">
     <span class='ocr_line' id='line_1_97' title="bbox 1958 3443 3532 3540; baseline 0.018 -49"><span class='ocrx_word' id='word_1_825' title='bbox 1958 3457 2067 3493; x_wconf 89' lang='lat' dir='ltr'><strong>sum</strong></span> <span class='ocrx_word' id='word_1_826' title='bbox 2090 3443 2140 3496; x_wconf 89' lang='lat' dir='ltr'><strong>in</strong></span> <span class='ocrx_word' id='word_1_827' title='bbox 2167 3460 2410 3506; x_wconf 67' lang='lat' dir='ltr'><strong>(erumna,</strong></span> <span class='ocrx_word' id='word_1_828' title='bbox 2439 3450 2560 3502; x_wconf 89' lang='lat' dir='ltr'><strong>dum</strong></span> <span class='ocrx_word' id='word_1_829' title='bbox 2588 3455 2854 3523; x_wconf 86' lang='lat' dir='ltr'><strong>conﬁgitur</strong></span> <span class='ocrx_word' id='word_1_830' title='bbox 2879 3459 3024 3527; x_wconf 83' lang='lat' dir='ltr'><strong>spina</strong></span> <span class='ocrx_word' id='word_1_831' title='bbox 3050 3460 3068 3529; x_wconf 91' lang='lat'>(</span> <span class='ocrx_word' id='word_1_832' title='bbox 3091 3460 3234 3516; x_wconf 85' lang='lat' dir='ltr'><strong>Psal.</strong></span> <span class='ocrx_word' id='word_1_833' title='bbox 3258 3481 3412 3531; x_wconf 71' lang='lat' dir='ltr'><strong>XXXI,</strong></span> <span class='ocrx_word' id='word_1_834' title='bbox 3439 3469 3532 3540; x_wconf 72' lang='grc'><strong>4).</strong></span> 
     </span>
    </p>
   </div>
   <div class='ocr_carea' id='block_1_98' title="bbox 1958 3533 3598 3627">
    <p class='ocr_par' dir='ltr' id='par_1_98' title="bbox 1958 3533 3598 3627">
     <span class='ocr_line' id='line_1_98' title="bbox 1958 3533 3598 3627; baseline 0.017 -41"><span class='ocrx_word' id='word_1_835' title='bbox 1958 3533 2268 3604; x_wconf 90' lang='lat' dir='ltr'><strong>Compuncti</strong></span> <span class='ocrx_word' id='word_1_836' title='bbox 2298 3551 2419 3594; x_wconf 89' lang='lat' dir='ltr'><strong>sunt</strong></span> <span class='ocrx_word' id='word_1_837' title='bbox 2446 3543 2643 3609; x_wconf 87' lang='lat' dir='ltr'><strong>corde;</strong></span> <span class='ocrx_word' id='word_1_838' title='bbox 2673 3554 2725 3598; x_wconf 90' lang='lat' dir='ltr'><strong>ct</strong></span> <span class='ocrx_word' id='word_1_839' title='bbox 2753 3547 2869 3601; x_wconf 80' lang='lat' dir='ltr'><strong>facti</strong></span> <span class='ocrx_word' id='word_1_840' title='bbox 2897 3559 3019 3606; x_wconf 87' lang='lat' dir='ltr'><strong>sunt</strong></span> <span class='ocrx_word' id='word_1_841' title='bbox 3045 3557 3331 3610; x_wconf 82' lang='lat' dir='ltr'><strong>aerumnosi</strong></span> <span class='ocrx_word' id='word_1_842' title='bbox 3363 3533 3532 3627; x_wconf 74' lang='lat' dir='ltr'><strong>posui-</strong></span> <span class='ocrx_word' id='word_1_843' title='bbox 3596 3597 3598 3599; x_wconf 92' lang='lat'><strong><em>-</em></strong></span> 
     </span>
    </p>
   </div>
   <div class='ocr_carea' id='block_1_99' title="bbox 1962 3627 3534 3705">
    <p class='ocr_par' dir='ltr' id='par_1_99' title="bbox 1962 3627 3534 3705">
     <span class='ocr_line' id='line_1_99' title="bbox 1962 3627 3534 3705; baseline 0.018 -28"><span class='ocrx_word' id='word_1_844' title='bbox 1962 3627 2155 3693; x_wconf 78' lang='lat' dir='ltr'><strong>tendo,</strong></span> <span class='ocrx_word' id='word_1_845' title='bbox 2185 3630 2272 3697; x_wconf 91' lang='lat' dir='ltr'><strong>qui</strong></span> <span class='ocrx_word' id='word_1_846' title='bbox 2314 3630 2520 3686; x_wconf 82' lang='lat' dir='ltr'><strong>fuerant</strong></span> <span class='ocrx_word' id='word_1_847' title='bbox 2561 3636 2775 3704; x_wconf 74' lang='lat' dir='ltr'><strong>gloriosi</strong></span> <span class='ocrx_word' id='word_1_848' title='bbox 2824 3639 3112 3695; x_wconf 75' lang='lat' dir='ltr'><strong>smviendo.</strong></span> <span class='ocrx_word' id='word_1_849' title='bbox 3152 3643 3236 3698; x_wconf 89' lang='lat' dir='ltr'><strong>Ne</strong></span> <span class='ocrx_word' id='word_1_850' title='bbox 3270 3649 3534 3705; x_wconf 85' lang='lat' dir='ltr'><strong>tradideris</strong></span> 
     </span>
    </p>
   </div>
   <div class='ocr_carea' id='block_1_100' title="bbox 1960 3718 3529 3804">
    <p class='ocr_par' dir='ltr' id='par_1_100' title="bbox 1960 3718 3529 3804">
     <span class='ocr_line' id='line_1_100' title="bbox 1960 3718 3529 3804; baseline 0.016 -37"><span class='ocrx_word' id='word_1_851' title='bbox 1960 3718 2126 3771; x_wconf 84' lang='lat' dir='ltr'><strong>bestiis</strong></span> <span class='ocrx_word' id='word_1_852' title='bbox 2171 3720 2391 3774; x_wconf 83' lang='lat' dir='ltr'><strong>animam</strong></span> <span class='ocrx_word' id='word_1_853' title='bbox 2436 3729 2751 3791; x_wconf 82' lang='lat' dir='ltr'><strong>conﬁtentem</strong></span> <span class='ocrx_word' id='word_1_854' title='bbox 2795 3728 2906 3785; x_wconf 89' lang='lat' dir='ltr'><strong>tibi.</strong></span> <span class='ocrx_word' id='word_1_855' title='bbox 2949 3729 3152 3796; x_wconf 81' lang='lat' dir='ltr'><strong>Quibus</strong></span> <span class='ocrx_word' id='word_1_856' title='bbox 3177 3733 3400 3804; x_wconf 82' lang='lat' dir='ltr'><strong>bestiis,</strong></span> <span class='ocrx_word' id='word_1_857' title='bbox 3433 3741 3529 3792; x_wconf 84' lang='lat' dir='ltr'><strong>nisi</strong></span> 
     </span>
    </p>
   </div>
   <div class='ocr_carea' id='block_1_101' title="bbox 1958 3812 3532 3894">
    <p class='ocr_par' dir='ltr' id='par_1_101' title="bbox 1958 3812 3532 3894">
     <span class='ocr_line' id='line_1_101' title="bbox 1958 3812 3532 3894; baseline 0.018 -38"><span class='ocrx_word' id='word_1_858' title='bbox 1958 3822 2180 3874; x_wconf 88' lang='lat' dir='ltr'><strong>quarum</strong></span> <span class='ocrx_word' id='word_1_859' title='bbox 2219 3812 2386 3878; x_wconf 86' lang='lat' dir='ltr'><strong>capita</strong></span> <span class='ocrx_word' id='word_1_860' title='bbox 2416 3815 2642 3868; x_wconf 83' lang='lat' dir='ltr'><strong>contrita</strong></span> <span class='ocrx_word' id='word_1_861' title='bbox 2683 3829 2804 3872; x_wconf 89' lang='lat' dir='ltr'><strong>sunt</strong></span> <span class='ocrx_word' id='word_1_862' title='bbox 2847 3833 3006 3889; x_wconf 87' lang='lat' dir='ltr'><strong>super</strong></span> <span class='ocrx_word' id='word_1_863' title='bbox 3029 3826 3260 3892; x_wconf 84' lang='lat' dir='ltr'><strong>aquam?</strong></span> <span class='ocrx_word' id='word_1_864' title='bbox 3285 3829 3412 3894; x_wconf 85' lang='lat' dir='ltr'><strong>Quia</strong></span> <span class='ocrx_word' id='word_1_865' title='bbox 3451 3831 3532 3884; x_wconf 86' lang='lat' dir='ltr'><strong>di-</strong></span> 
     </span>
    </p>
   </div>
   <div class='ocr_carea' id='block_1_102' title="bbox 1957 3900 3528 3986">
    <p class='ocr_par' dir='ltr' id='par_1_102' title="bbox 1957 3900 3528 3986">
     <span class='ocr_line' id='line_1_102' title="bbox 1957 3900 3528 3986; baseline 0.017 -37"><span class='ocrx_word' id='word_1_866' title='bbox 1957 3907 2072 3950; x_wconf 89' lang='lat' dir='ltr'><strong>ctus</strong></span> <span class='ocrx_word' id='word_1_867' title='bbox 2097 3906 2178 3952; x_wconf 89' lang='lat' dir='ltr'><strong>cst</strong></span> <span class='ocrx_word' id='word_1_868' title='bbox 2201 3900 2388 3965; x_wconf 87' lang='lat' dir='ltr'><strong>bestia,</strong></span> <span class='ocrx_word' id='word_1_869' title='bbox 2417 3903 2519 3969; x_wconf 90' lang='lat' dir='ltr'><strong>leo,</strong></span> <span class='ocrx_word' id='word_1_870' title='bbox 2545 3915 2599 3959; x_wconf 91' lang='lat' dir='ltr'><strong>et</strong></span> <span class='ocrx_word' id='word_1_871' title='bbox 2624 3906 2814 3973; x_wconf 89' lang='lat' dir='ltr'><strong>draco,</strong></span> <span class='ocrx_word' id='word_1_872' title='bbox 2847 3910 2959 3978; x_wconf 86' lang='lat' dir='ltr'><strong>ipse</strong></span> <span class='ocrx_word' id='word_1_873' title='bbox 2985 3911 3245 3971; x_wconf 86' lang='lat' dir='ltr'><strong>diabolus.</strong></span> <span class='ocrx_word' id='word_1_874' title='bbox 3273 3916 3414 3986; x_wconf 87' lang='lat' dir='ltr'><strong>Noli,</strong></span> <span class='ocrx_word' id='word_1_875' title='bbox 3443 3920 3528 3974; x_wconf 83' lang='lat' dir='ltr'><strong>in-</strong></span> 
     </span>
    </p>
   </div>
   <div class='ocr_carea' id='block_1_103' title="bbox 1957 3987 3527 4067">
    <p class='ocr_par' dir='ltr' id='par_1_103' title="bbox 1957 3987 3527 4067">
     <span class='ocr_line' id='line_1_103' title="bbox 1957 3987 3527 4067; baseline 0.017 -30"><span class='ocrx_word' id='word_1_876' title='bbox 1957 3988 2085 4056; x_wconf 92' lang='lat' dir='ltr'><strong>quit,</strong></span> <span class='ocrx_word' id='word_1_877' title='bbox 2112 3987 2239 4044; x_wconf 89' lang='lat' dir='ltr'><strong>dare</strong></span> <span class='ocrx_word' id='word_1_878' title='bbox 2263 3990 2471 4046; x_wconf 88' lang='lat' dir='ltr'><strong>diabolo</strong></span> <span class='ocrx_word' id='word_1_879' title='bbox 2494 4003 2546 4048; x_wconf 91' lang='lat' dir='ltr'><strong>et</strong></span> <span class='ocrx_word' id='word_1_880' title='bbox 2574 3998 2773 4064; x_wconf 80' lang='lat' dir='ltr'><strong>angelis</strong></span> <span class='ocrx_word' id='word_1_881' title='bbox 2796 3999 2909 4067; x_wconf 85' lang='lat' dir='ltr'><strong>ejus</strong></span> <span class='ocrx_word' id='word_1_882' title='bbox 2938 4002 3166 4058; x_wconf 85' lang='lat' dir='ltr'><strong>animam</strong></span> <span class='ocrx_word' id='word_1_883' title='bbox 3190 4008 3527 4066; x_wconf 78' lang='lat' dir='ltr'><strong>conﬁtentem</strong></span> 
     </span>
    </p>
   </div>
   <div class='ocr_carea' id='block_1_104' title="bbox 1958 4077 3527 4165">
    <p class='ocr_par' dir='ltr' id='par_1_104' title="bbox 1958 4077 3527 4165">
     <span class='ocr_line' id='line_1_104' title="bbox 1958 4077 3527 4165; baseline 0.018 -37"><span class='ocrx_word' id='word_1_884' title='bbox 1958 4077 2070 4130; x_wconf 88' lang='lat' dir='ltr'><strong>tibi.</strong></span> <span class='ocrx_word' id='word_1_885' title='bbox 2102 4077 2329 4134; x_wconf 79' lang='lat' dir='ltr'><strong>Devoret</strong></span> <span class='ocrx_word' id='word_1_886' title='bbox 2356 4097 2597 4151; x_wconf 85' lang='lat' dir='ltr'><strong>serpens,</strong></span> <span class='ocrx_word' id='word_1_887' title='bbox 2630 4085 2676 4139; x_wconf 89' lang='lat' dir='ltr'><strong>si</strong></span> <span class='ocrx_word' id='word_1_888' title='bbox 2712 4087 2886 4144; x_wconf 90' lang='lat' dir='ltr'><strong>adhuc</strong></span> <span class='ocrx_word' id='word_1_889' title='bbox 2925 4101 3130 4147; x_wconf 86' lang='lat' dir='ltr'><strong>terrena</strong></span> <span class='ocrx_word' id='word_1_890' title='bbox 3157 4097 3324 4165; x_wconf 85' lang='lat' dir='ltr'><strong>sapio,</strong></span> <span class='ocrx_word' id='word_1_891' title='bbox 3353 4101 3397 4154; x_wconf 90' lang='lat' dir='ltr'><strong>si</strong></span> <span class='ocrx_word' id='word_1_892' title='bbox 3425 4110 3527 4156; x_wconf 80' lang='lat' dir='ltr'><strong>ter-</strong></span> 
     </span>
    </p>
   </div>
   <div class='ocr_carea' id='block_1_105' title="bbox 1956 4169 3525 4250">
    <p class='ocr_par' dir='ltr' id='par_1_105' title="bbox 1956 4169 3525 4250">
     <span class='ocr_line' id='line_1_105' title="bbox 1956 4169 3525 4250; baseline 0.017 -30"><span class='ocrx_word' id='word_1_893' title='bbox 1956 4183 2082 4222; x_wconf 85' lang='lat' dir='ltr'><strong>rena</strong></span> <span class='ocrx_word' id='word_1_894' title='bbox 2112 4169 2388 4236; x_wconf 87' lang='lat' dir='ltr'><strong>desidero,</strong></span> <span class='ocrx_word' id='word_1_895' title='bbox 2420 4174 2462 4228; x_wconf 92' lang='lat' dir='ltr'><strong>si</strong></span> <span class='ocrx_word' id='word_1_896' title='bbox 2499 4175 2671 4230; x_wconf 90' lang='lat' dir='ltr'><strong>adhuc</strong></span> <span class='ocrx_word' id='word_1_897' title='bbox 2715 4179 2765 4233; x_wconf 90' lang='lat' dir='ltr'><strong>in</strong></span> <span class='ocrx_word' id='word_1_898' title='bbox 2807 4184 3078 4250; x_wconf 87' lang='lat' dir='ltr'><strong>promissis</strong></span> <span class='ocrx_word' id='word_1_899' title='bbox 3113 4186 3317 4244; x_wconf 79' lang='lat' dir='ltr'><strong>Veteris</strong></span> <span class='ocrx_word' id='word_1_900' title='bbox 3340 4190 3525 4247; x_wconf 86' lang='lat' dir='ltr'><strong>Testa-</strong></span> 
     </span>
    </p>
   </div>
   <div class='ocr_carea' id='block_1_106' title="bbox 1956 4262 3524 4354">
    <p class='ocr_par' dir='ltr' id='par_1_106' title="bbox 1956 4262 3524 4354">
     <span class='ocr_line' id='line_1_106' title="bbox 1956 4262 3524 4354; baseline 0.018 -42"><span class='ocrx_word' id='word_1_901' title='bbox 1956 4262 2154 4328; x_wconf 87' lang='lat' dir='ltr'><strong>menti,</strong></span> <span class='ocrx_word' id='word_1_902' title='bbox 2196 4262 2344 4318; x_wconf 76' lang='lat' dir='ltr'><strong>Novo</strong></span> <span class='ocrx_word' id='word_1_903' title='bbox 2392 4267 2660 4334; x_wconf 86' lang='lat' dir='ltr'><strong>revelato,</strong></span> <span class='ocrx_word' id='word_1_904' title='bbox 2712 4287 2980 4330; x_wconf 87' lang='lat' dir='ltr'><strong>rcmaueo.</strong></span> <span class='ocrx_word' id='word_1_905' title='bbox 3027 4276 3156 4332; x_wconf 93' lang='lat' dir='ltr'><strong>Cum</strong></span> <span class='ocrx_word' id='word_1_906' title='bbox 3199 4290 3376 4338; x_wconf 89' lang='lat' dir='ltr'><strong>autem</strong></span> <span class='ocrx_word' id='word_1_907' title='bbox 3413 4283 3524 4354; x_wconf 85' lang='lat' dir='ltr'><strong>jam</strong></span> 
     </span>
    </p>
   </div>
   <div class='ocr_carea' id='block_1_107' title="bbox 1955 4350 3523 4442">
    <p class='ocr_par' dir='ltr' id='par_1_107' title="bbox 1955 4350 3523 4442">
     <span class='ocr_line' id='line_1_107' title="bbox 1955 4350 3523 4442; baseline 0.016 -39"><span class='ocrx_word' id='word_1_908' title='bbox 1955 4350 2288 4420; x_wconf 88' lang='lat' dir='ltr'><strong>deposuerim</strong></span> <span class='ocrx_word' id='word_1_909' title='bbox 2318 4357 2617 4425; x_wconf 85' lang='lat' dir='ltr'><strong>superbiam</strong></span> <span class='ocrx_word' id='word_1_910' title='bbox 2640 4401 2654 4424; x_wconf 93' lang='lat'><strong>,</strong></span> <span class='ocrx_word' id='word_1_911' title='bbox 2682 4371 2735 4414; x_wconf 93' lang='lat' dir='ltr'><strong>ct</strong></span> <span class='ocrx_word' id='word_1_912' title='bbox 2754 4361 3012 4432; x_wconf 84' lang='lat' dir='ltr'><strong>justitiam</strong></span> <span class='ocrx_word' id='word_1_913' title='bbox 3037 4381 3206 4422; x_wconf 89' lang='lat' dir='ltr'><strong>meam</strong></span> <span class='ocrx_word' id='word_1_914' title='bbox 3236 4385 3341 4424; x_wconf 89' lang='lat' dir='ltr'><strong>non</strong></span> <span class='ocrx_word' id='word_1_915' title='bbox 3363 4350 3523 4442; x_wconf 74' lang='lat' dir='ltr'><strong>agno-</strong></span> 
     </span>
    </p>
   </div>
   <div class='ocr_carea' id='block_1_108' title="bbox 1954 4444 3524 4530">
    <p class='ocr_par' dir='ltr' id='par_1_108' title="bbox 1954 4444 3524 4530">
     <span class='ocr_line' id='line_1_108' title="bbox 1954 4444 3524 4530; baseline 0.015 -36"><span class='ocrx_word' id='word_1_916' title='bbox 1954 4456 2116 4506; x_wconf 89' lang='lat' dir='ltr'><strong>scam,</strong></span> <span class='ocrx_word' id='word_1_917' title='bbox 2144 4444 2234 4497; x_wconf 88' lang='lat' dir='ltr'><strong>sed</strong></span> <span class='ocrx_word' id='word_1_918' title='bbox 2259 4447 2477 4513; x_wconf 84' lang='lat' dir='ltr'><strong>gratiam</strong></span> <span class='ocrx_word' id='word_1_919' title='bbox 2507 4454 2648 4502; x_wconf 86' lang='lat' dir='ltr'><strong>tuam</strong></span> <span class='ocrx_word' id='word_1_920' title='bbox 2674 4465 2690 4514; x_wconf 89' lang='lat'><strong>;</strong></span> <span class='ocrx_word' id='word_1_921' title='bbox 2725 4466 2828 4505; x_wconf 90' lang='lat' dir='ltr'><strong>non</strong></span> <span class='ocrx_word' id='word_1_922' title='bbox 2857 4453 3084 4510; x_wconf 87' lang='lat' dir='ltr'><strong>habeant</strong></span> <span class='ocrx_word' id='word_1_923' title='bbox 3105 4456 3158 4511; x_wconf 91' lang='lat' dir='ltr'><strong>in</strong></span> <span class='ocrx_word' id='word_1_924' title='bbox 3179 4474 3264 4513; x_wconf 91' lang='lat' dir='ltr'><strong>me</strong></span> <span class='ocrx_word' id='word_1_925' title='bbox 3283 4463 3524 4530; x_wconf 64' lang='lat' dir='ltr'><strong>superbas</strong></span> 
     </span>
    </p>
   </div>
   <div class='ocr_carea' id='block_1_109' title="bbox 1953 4531 3523 4624">
    <p class='ocr_par' dir='ltr' id='par_1_109' title="bbox 1953 4531 3523 4624">
     <span class='ocr_line' id='line_1_109' title="bbox 1953 4531 3523 4624; baseline 0.016 -39"><span class='ocrx_word' id='word_1_926' title='bbox 1953 4531 2134 4587; x_wconf 74' lang='lat' dir='ltr'><strong>bestia:</strong></span> <span class='ocrx_word' id='word_1_927' title='bbox 2157 4544 2490 4604; x_wconf 87' lang='lat' dir='ltr'><strong>potestatem.</strong></span> <span class='ocrx_word' id='word_1_928' title='bbox 2520 4538 2603 4592; x_wconf 84' lang='lat' dir='ltr'><strong>Ne</strong></span> <span class='ocrx_word' id='word_1_929' title='bbox 2628 4542 2893 4598; x_wconf 81' lang='lat' dir='ltr'><strong>tradideris</strong></span> <span class='ocrx_word' id='word_1_930' title='bbox 2929 4544 3094 4602; x_wconf 86' lang='lat' dir='ltr'><strong>bestiis</strong></span> <span class='ocrx_word' id='word_1_931' title='bbox 3111 4531 3336 4603; x_wconf 82' lang='lat' dir='ltr'><strong>animum</strong></span> <span class='ocrx_word' id='word_1_932' title='bbox 3357 4555 3523 4624; x_wconf 84' lang='lat' dir='ltr'><strong>conﬁ-</strong></span> 
     </span>
    </p>
   </div>
   <div class='ocr_carea' id='block_1_110' title="bbox 1953 4625 3522 4700">
    <p class='ocr_par' dir='ltr' id='par_1_110' title="bbox 1953 4625 3522 4700">
     <span class='ocr_line' id='line_1_110' title="bbox 1953 4625 3522 4700; baseline 0.015 -26"><span class='ocrx_word' id='word_1_933' title='bbox 1953 4631 2131 4676; x_wconf 87' lang='lat' dir='ltr'><strong>tentem</strong></span> <span class='ocrx_word' id='word_1_934' title='bbox 2153 4625 2258 4678; x_wconf 91' lang='lat' dir='ltr'><strong>tibi.</strong></span> <span class='ocrx_word' id='word_1_935' title='bbox 2284 4625 2491 4682; x_wconf 79' lang='lat' dir='ltr'><strong>Animas</strong></span> <span class='ocrx_word' id='word_1_936' title='bbox 2524 4647 2801 4700; x_wconf 85' lang='lat' dir='ltr'><strong>pauperum</strong></span> <span class='ocrx_word' id='word_1_937' title='bbox 2826 4643 3025 4689; x_wconf 87' lang='lat' dir='ltr'><strong>tuorunt</strong></span> <span class='ocrx_word' id='word_1_938' title='bbox 3051 4654 3112 4692; x_wconf 86' lang='lat' dir='ltr'><strong>ne</strong></span> <span class='ocrx_word' id='word_1_939' title='bbox 3137 4638 3440 4697; x_wconf 84' lang='lat' dir='ltr'><strong>obliviscaris</strong></span> <span class='ocrx_word' id='word_1_940' title='bbox 3469 4646 3522 4699; x_wconf 87' lang='lat' dir='ltr'><strong>in</strong></span> 
     </span>
    </p>
   </div>
   <div class='ocr_carea' id='block_1_111' title="bbox 1952 4713 3520 4794">
    <p class='ocr_par' dir='ltr' id='par_1_111' title="bbox 1952 4713 3520 4794">
     <span class='ocr_line' id='line_1_111' title="bbox 1952 4713 3520 4794; baseline 0.015 -30"><span class='ocrx_word' id='word_1_941' title='bbox 1952 4713 2122 4780; x_wconf 87' lang='lat' dir='ltr'><strong>ﬁnem.</strong></span> <span class='ocrx_word' id='word_1_942' title='bbox 2166 4715 2366 4771; x_wconf 81' lang='lat' dir='ltr'><strong>Divites</strong></span> <span class='ocrx_word' id='word_1_943' title='bbox 2406 4733 2650 4787; x_wconf 89' lang='lat' dir='ltr'><strong>eramus,</strong></span> <span class='ocrx_word' id='word_1_944' title='bbox 2697 4722 2857 4779; x_wconf 79' lang='lat' dir='ltr'><strong>fortes</strong></span> <span class='ocrx_word' id='word_1_945' title='bbox 2902 4740 3142 4794; x_wconf 84' lang='lat' dir='ltr'><strong>eramus;</strong></span> <span class='ocrx_word' id='word_1_946' title='bbox 3189 4730 3282 4786; x_wconf 91' lang='lat' dir='ltr'><strong>sed</strong></span> <span class='ocrx_word' id='word_1_947' title='bbox 3323 4733 3520 4788; x_wconf 84' lang='lat' dir='ltr'><strong>siccasti</strong></span> 
     </span>
    </p>
   </div>
   <div class='ocr_carea' id='block_1_112' title="bbox 1950 4803 3516 4890">
    <p class='ocr_par' dir='ltr' id='par_1_112' title="bbox 1950 4803 3516 4890">
     <span class='ocr_line' id='line_1_112' title="bbox 1950 4803 3516 4890; baseline 0.014 -36"><span class='ocrx_word' id='word_1_948' title='bbox 1950 4805 2130 4871; x_wconf 82' lang='lat' dir='ltr'><strong>ﬂuvios</strong></span> <span class='ocrx_word' id='word_1_949' title='bbox 2161 4803 2346 4860; x_wconf 84' lang='lat' dir='ltr'><strong>Etham</strong></span> <span class='ocrx_word' id='word_1_950' title='bbox 2369 4810 2516 4879; x_wconf 86' lang='lat' dir='ltr'><strong>:jam</strong></span> <span class='ocrx_word' id='word_1_951' title='bbox 2556 4814 2714 4868; x_wconf 92' lang='lat' dir='ltr'><strong>modo</strong></span> <span class='ocrx_word' id='word_1_952' title='bbox 2741 4831 2843 4870; x_wconf 92' lang='lat' dir='ltr'><strong>non</strong></span> <span class='ocrx_word' id='word_1_953' title='bbox 2872 4820 3243 4875; x_wconf 74' lang='lat' dir='ltr'><strong>constituimus</strong></span> <span class='ocrx_word' id='word_1_954' title='bbox 3261 4821 3516 4890; x_wconf 87' lang='lat' dir='ltr'><strong>justitiam</strong></span> 
     </span>
    </p>
   </div>
   <div class='ocr_carea' id='block_1_113' title="bbox 1951 4897 3519 4984">
    <p class='ocr_par' dir='ltr' id='par_1_113' title="bbox 1951 4897 3519 4984">
     <span class='ocr_line' id='line_1_113' title="bbox 1951 4897 3519 4984; baseline 0.018 -40"><span class='ocrx_word' id='word_1_955' title='bbox 1951 4903 2183 4948; x_wconf 89' lang='lat' dir='ltr'><strong>nostram</strong></span> <span class='ocrx_word' id='word_1_956' title='bbox 2209 4938 2223 4956; x_wconf 83' lang='lat'><strong>,</strong></span> <span class='ocrx_word' id='word_1_957' title='bbox 2255 4897 2347 4952; x_wconf 90' lang='lat' dir='ltr'><strong>sed</strong></span> <span class='ocrx_word' id='word_1_958' title='bbox 2393 4904 2726 4969; x_wconf 79' lang='lat' dir='ltr'><strong>agnoscimus</strong></span> <span class='ocrx_word' id='word_1_959' title='bbox 2767 4908 2987 4975; x_wconf 75' lang='lat' dir='ltr'><strong>gratiam</strong></span> <span class='ocrx_word' id='word_1_960' title='bbox 3034 4918 3212 4976; x_wconf 90' lang='lat' dir='ltr'><strong>tuam;</strong></span> <span class='ocrx_word' id='word_1_961' title='bbox 3263 4928 3519 4984; x_wconf 83' lang='lat' dir='ltr'><strong>pauperes</strong></span> 
     </span>
    </p>
   </div>
   <div class='ocr_carea' id='block_1_114' title="bbox 1950 4991 3517 5063">
    <p class='ocr_par' dir='ltr' id='par_1_114' title="bbox 1950 4991 3517 5063">
     <span class='ocr_line' id='line_1_114' title="bbox 1950 4991 3517 5063; baseline 0.017 -27"><span class='ocrx_word' id='word_1_962' title='bbox 1950 4999 2167 5051; x_wconf 91' lang='lat' dir='ltr'><strong>sumus,</strong></span> <span class='ocrx_word' id='word_1_963' title='bbox 2216 4991 2402 5043; x_wconf 79' lang='lat' dir='ltr'><strong>exaudi</strong></span> <span class='ocrx_word' id='word_1_964' title='bbox 2452 4995 2720 5048; x_wconf 81' lang='lat' dir='ltr'><strong>memlieos</strong></span> <span class='ocrx_word' id='word_1_965' title='bbox 2767 5008 2901 5053; x_wconf 83' lang='lat' dir='ltr'><strong>tuos.</strong></span> <span class='ocrx_word' id='word_1_966' title='bbox 2949 5001 3065 5054; x_wconf 87' lang='lat' dir='ltr'><strong>Jam</strong></span> <span class='ocrx_word' id='word_1_967' title='bbox 3116 5019 3216 5057; x_wconf 88' lang='lat' dir='ltr'><strong>non</strong></span> <span class='ocrx_word' id='word_1_968' title='bbox 3263 5006 3517 5063; x_wconf 83' lang='lat' dir='ltr'><strong>audemus</strong></span> 
     </span>
    </p>
   </div>
   <div class='ocr_carea' id='block_1_115' title="bbox 1947 5078 3515 5164">
    <p class='ocr_par' dir='ltr' id='par_1_115' title="bbox 1947 5078 3515 5164">
     <span class='ocr_line' id='line_1_115' title="bbox 1947 5078 3515 5164; baseline 0.016 -35"><span class='ocrx_word' id='word_1_969' title='bbox 1947 5078 2129 5131; x_wconf 83' lang='lat' dir='ltr'><strong>oculos</strong></span> <span class='ocrx_word' id='word_1_970' title='bbox 2156 5079 2220 5132; x_wconf 89' lang='lat' dir='ltr'><strong>ad</strong></span> <span class='ocrx_word' id='word_1_971' title='bbox 2249 5080 2439 5135; x_wconf 81' lang='lat' dir='ltr'><strong>ccelum</strong></span> <span class='ocrx_word' id='word_1_972' title='bbox 2469 5083 2676 5149; x_wconf 81' lang='lat' dir='ltr'><strong>levare,</strong></span> <span class='ocrx_word' id='word_1_973' title='bbox 2710 5089 2797 5139; x_wconf 82' lang='lat' dir='ltr'><strong>sed</strong></span> <span class='ocrx_word' id='word_1_974' title='bbox 2830 5092 3182 5157; x_wconf 74' lang='grc' dir='ltr'><strong>ριτρυιίοιιῑρε</strong></span> <span class='ocrx_word' id='word_1_975' title='bbox 3207 5109 3390 5164; x_wconf 88' lang='lat' dir='ltr'><strong>pectus</strong></span> <span class='ocrx_word' id='word_1_976' title='bbox 3415 5113 3515 5152; x_wconf 83' lang='lat' dir='ltr'><strong>no-</strong></span> 
     </span>
    </p>
   </div>
   <div class='ocr_carea' id='block_1_116' title="bbox 1946 5169 3511 5256">
    <p class='ocr_par' dir='ltr' id='par_1_116' title="bbox 1946 5169 3511 5256">
     <span class='ocr_line' id='line_1_116' title="bbox 1946 5169 3511 5256; baseline 0.013 -36"><span class='ocrx_word' id='word_1_977' title='bbox 1946 5176 2114 5221; x_wconf 87' lang='lat' dir='ltr'><strong>strum</strong></span> <span class='ocrx_word' id='word_1_978' title='bbox 2143 5169 2401 5223; x_wconf 83' lang='lat' dir='ltr'><strong>dicimus:</strong></span> <span class='ocrx_word' id='word_1_979' title='bbox 2433 5171 2678 5239; x_wconf 89' lang='lat' dir='ltr'><strong>Domine,</strong></span> <span class='ocrx_word' id='word_1_980' title='bbox 2709 5178 2954 5248; x_wconf 79' lang='lat' dir='ltr'><strong>propitius</strong></span> <span class='ocrx_word' id='word_1_981' title='bbox 2983 5193 3083 5236; x_wconf 86' lang='lat' dir='ltr'><strong>esto</strong></span> <span class='ocrx_word' id='word_1_982' title='bbox 3117 5184 3237 5237; x_wconf 85' lang='lat' dir='ltr'><strong>mihi</strong></span> <span class='ocrx_word' id='word_1_983' title='bbox 3267 5190 3511 5256; x_wconf 73' lang='lat' dir='ltr'><strong>peccaturi</strong></span> 
     </span>
    </p>
   </div>
   <div class='ocr_carea' id='block_1_117' title="bbox 1946 5257 3510 5339">
    <p class='ocr_par' dir='ltr' id='par_1_117' title="bbox 1946 5257 3510 5339">
     <span class='ocr_line' id='line_1_117' title="bbox 1946 5257 3510 5339; baseline 0.013 -30"><span class='ocrx_word' id='word_1_984' title='bbox 1946 5257 2112 5327; x_wconf 89' lang='lat' dir='ltr'><strong>(Luc.</strong></span> <span class='ocrx_word' id='word_1_985' title='bbox 2159 5276 2286 5313; x_wconf 79' lang='lat' dir='ltr'><strong>xvnt</strong></span> <span class='ocrx_word' id='word_1_986' title='bbox 2310 5302 2323 5323; x_wconf 91' lang='lat'><strong>,</strong></span> <span class='ocrx_word' id='word_1_987' title='bbox 2359 5262 2490 5332; x_wconf 77' lang='lat'><strong>15);</strong></span> <span class='ocrx_word' id='word_1_988' title='bbox 2522 5263 2726 5322; x_wconf 79' lang='lat' dir='ltr'><strong>Animas</strong></span> <span class='ocrx_word' id='word_1_989' title='bbox 2766 5285 3043 5339; x_wconf 85' lang='lat' dir='ltr'><strong>pauperum</strong></span> <span class='ocrx_word' id='word_1_990' title='bbox 3077 5284 3276 5328; x_wconf 89' lang='lat' dir='ltr'><strong>tuorum</strong></span> <span class='ocrx_word' id='word_1_991' title='bbox 3304 5292 3367 5330; x_wconf 89' lang='lat' dir='ltr'><strong>ne</strong></span> <span class='ocrx_word' id='word_1_992' title='bbox 3387 5277 3510 5329; x_wconf 87' lang='lat' dir='ltr'><strong>obli-</strong></span> 
     </span>
    </p>
   </div>
   <div class='ocr_carea' id='block_1_118' title="bbox 1945 5352 2420 5407">
    <p class='ocr_par' dir='ltr' id='par_1_118' title="bbox 1945 5352 2420 5407">
     <span class='ocr_line' id='line_1_118' title="bbox 1945 5352 2420 5407; baseline 0.008 -4"><span class='ocrx_word' id='word_1_993' title='bbox 1945 5352 2148 5405; x_wconf 84' lang='lat' dir='ltr'><strong>viscaris</strong></span> <span class='ocrx_word' id='word_1_994' title='bbox 2175 5352 2225 5405; x_wconf 88' lang='lat' dir='ltr'><strong>in</strong></span> <span class='ocrx_word' id='word_1_995' title='bbox 2255 5353 2420 5407; x_wconf 76' lang='lat' dir='ltr'><strong>ﬁnem.</strong></span> 
     </span>
    </p>
   </div>
   <div class='ocr_carea' id='block_1_119' title="bbox 2011 5464 3507 5538">
    <p class='ocr_par' dir='ltr' id='par_1_119' title="bbox 2011 5464 3507 5538">
     <span class='ocr_line' id='line_1_119' title="bbox 2011 5464 3507 5538; baseline 0.011 -22"><span class='ocrx_word' id='word_1_996' title='bbox 2011 5464 2102 5518; x_wconf 74' lang='lat'><strong>‘25.</strong></span> <span class='ocrx_word' id='word_1_997' title='bbox 2137 5464 2289 5536; x_wconf 70' lang='lat' dir='ltr'><strong>[vers</strong></span> <span class='ocrx_word' id='word_1_998' title='bbox 2315 5465 2440 5538; x_wconf 79' lang='lat'><strong>9.0.]</strong></span> <span class='ocrx_word' id='word_1_999' title='bbox 2481 5466 2692 5536; x_wconf 85' lang='lat' dir='ltr'><strong>Respice</strong></span> <span class='ocrx_word' id='word_1_1000' title='bbox 2708 5469 2760 5523; x_wconf 87' lang='lat' dir='ltr'><strong>in</strong></span> <span class='ocrx_word' id='word_1_1001' title='bbox 2780 5481 3124 5536; x_wconf 80' lang='lat' dir='ltr'><strong>testamentum</strong></span> <span class='ocrx_word' id='word_1_1002' title='bbox 3143 5475 3507 5532; x_wconf 79' lang='lat' dir='ltr'><strong>tuum.Redde</strong></span> 
     </span>
    </p>
   </div>
   <div class='ocr_carea' id='block_1_120' title="bbox 1941 5557 3506 5638">
    <p class='ocr_par' dir='ltr' id='par_1_120' title="bbox 1941 5557 3506 5638">
     <span class='ocr_line' id='line_1_120' title="bbox 1941 5557 3506 5638; baseline 0.009 -29"><span class='ocrx_word' id='word_1_1003' title='bbox 1941 5557 2078 5627; x_wconf 89' lang='lat' dir='ltr'><strong>quod</strong></span> <span class='ocrx_word' id='word_1_1004' title='bbox 2098 5559 2381 5627; x_wconf 84' lang='lat' dir='ltr'><strong>promisisti</strong></span> <span class='ocrx_word' id='word_1_1005' title='bbox 2409 5574 2421 5612; x_wconf 92' lang='lat'>:</span> <span class='ocrx_word' id='word_1_1006' title='bbox 2447 5560 2649 5615; x_wconf 87' lang='lat' dir='ltr'><strong>tabulas</strong></span> <span class='ocrx_word' id='word_1_1007' title='bbox 2667 5572 2928 5632; x_wconf 85' lang='lat' dir='ltr'><strong>tenemus,</strong></span> <span class='ocrx_word' id='word_1_1008' title='bbox 2941 5564 3301 5621; x_wconf 75' lang='lat' dir='ltr'><strong>hazreditatem</strong></span> <span class='ocrx_word' id='word_1_1009' title='bbox 3319 5583 3506 5638; x_wconf 82' lang='lat' dir='ltr'><strong>exspe-</strong></span> 
     </span>
    </p>
   </div>
   <div class='ocr_carea' id='block_1_121' title="bbox 1941 5648 3501 5721">
    <p class='ocr_par' dir='ltr' id='par_1_121' title="bbox 1941 5648 3501 5721">
     <span class='ocr_line' id='line_1_121' title="bbox 1941 5648 3501 5721; baseline 0.009 -19"><span class='ocrx_word' id='word_1_1010' title='bbox 1941 5658 2160 5702; x_wconf 85' lang='lat' dir='ltr'><strong>ctamus.</strong></span> <span class='ocrx_word' id='word_1_1011' title='bbox 2184 5648 2392 5718; x_wconf 85' lang='lat' dir='ltr'><strong>Respice</strong></span> <span class='ocrx_word' id='word_1_1012' title='bbox 2409 5651 2460 5702; x_wconf 92' lang='lat' dir='ltr'><strong>in</strong></span> <span class='ocrx_word' id='word_1_1013' title='bbox 2483 5660 2828 5706; x_wconf 86' lang='lat' dir='ltr'><strong>testamentum</strong></span> <span class='ocrx_word' id='word_1_1014' title='bbox 2849 5665 3019 5721; x_wconf 84' lang='lat' dir='ltr'><strong>tuum;</strong></span> <span class='ocrx_word' id='word_1_1015' title='bbox 3041 5670 3142 5710; x_wconf 91' lang='lat' dir='ltr'><strong>non</strong></span> <span class='ocrx_word' id='word_1_1016' title='bbox 3170 5655 3292 5710; x_wconf 91' lang='lat' dir='ltr'><strong>illud</strong></span> <span class='ocrx_word' id='word_1_1017' title='bbox 3316 5665 3501 5717; x_wconf 82' lang='lat' dir='ltr'><strong>vetus:</strong></span> 
     </span>
    </p>
   </div>
   <div class='ocr_carea' id='block_1_122' title="bbox 1939 5741 3500 5821">
    <p class='ocr_par' dir='ltr' id='par_1_122' title="bbox 1939 5741 3500 5821">
     <span class='ocr_line' id='line_1_122' title="bbox 1939 5741 3500 5821; baseline 0.01 -28"><span class='ocrx_word' id='word_1_1018' title='bbox 1939 5755 2045 5794; x_wconf 87' lang='lat' dir='ltr'><strong>non</strong></span> <span class='ocrx_word' id='word_1_1019' title='bbox 2079 5751 2291 5810; x_wconf 85' lang='lat' dir='ltr'><strong>propter</strong></span> <span class='ocrx_word' id='word_1_1020' title='bbox 2320 5751 2510 5796; x_wconf 88' lang='lat' dir='ltr'><strong>terram</strong></span> <span class='ocrx_word' id='word_1_1021' title='bbox 2543 5741 2790 5801; x_wconf 86' lang='lat' dir='ltr'><strong>Chanaan</strong></span> <span class='ocrx_word' id='word_1_1022' title='bbox 2829 5761 2990 5818; x_wconf 78' lang='lat' dir='ltr'><strong>rogo;</strong></span> <span class='ocrx_word' id='word_1_1023' title='bbox 3024 5763 3125 5805; x_wconf 83' lang='lat' dir='ltr'><strong>non</strong></span> <span class='ocrx_word' id='word_1_1024' title='bbox 3164 5761 3380 5821; x_wconf 86' lang='lat' dir='ltr'><strong>propter</strong></span> <span class='ocrx_word' id='word_1_1025' title='bbox 3403 5751 3500 5809; x_wconf 54' lang='lat' dir='ltr'><strong>iuir</strong></span> 
     </span>
    </p>
   </div>
  </div>
