4020 6198
488 361 603 417 ‘MS

492 488 764 531 ’mtrorum
819 466 1158 538 temporalem
1222 462 1641 533 subiectionem,
1697 474 1804 513 non
1859 466 2073 528 propter

495 569 731 622 ‘filiorum
758 562 1023 616 carnalem
1053 557 1426 613 fecunditatem
1449 597 1462 619 ,
1492 568 1599 607 non
1627 562 1842 621 propter
1868 550 2075 603 divitias

507 671 740 714 terrenas
764 697 778 720 ,
808 669 911 708 non
941 661 1157 721 propter
1185 650 1407 703 salutem
1449 646 1826 715 temporalem;
1869 641 2078 710 Respice

505 756 925 804 intertrimentum
946 755 1103 805 tuum,
1126 756 1230 813 quo
1249 738 1538 812 promisisti
1559 751 1777 806 regnum
1799 735 2073 788 ctelorum.

504 843 618 897 3am
645 853 875 909 agnosco
908 842 1278 892 testamentum
1317 840 1496 895 tuum;
1523 829 1630 898 jam
1666 826 1960 881 intellectus
1999 820 2099 877 est'

503 932 706 1001 Asaph,
720 945 825 984 non
840 937 920 983 est
936 941 1095 996 pecus
1111 922 1310 992 Asaph,
1319 921 1427 991 jam
1447 920 1589 973 videt
1603 917 1741 988 quod
1758 916 1950 970 dictum
1969 923 2078 966 est:

510 1045 527 1077 ε
573 1025 706 1078 Ecce
732 1022 846 1076 dies
874 1018 1125 1081 veniunt,
1157 1015 1283 1069 dicit
1313 1012 1592 1073 Dominus;
1625 1018 1678 1063 et.
1705 1005 2082 1062 consummatio

506 1117 684 1172 domui
699 1112 868 1168 israel
898 1121 952 1165 et
974 1109 1149 1164 domui
1176 1106 1306 1162 .luda
1338 1112 1705 1158 testamentum
1733 1114 1946 1157 novum.
1976 1113 2080 1151 non

507 1206 796 1263 secundum
815 1210 1184 1257 testamentum
1198 1196 1333 1267 quod
1352 1195 1584 1265 disposui
1613 1192 1847 1263 patribus
1877 1204 2080 1244 eorum.

510 1301 719 1373 (Jert-m.
750 1308 894 1357 ‘xxxt,
919 1296 1008 1357 5!,
1037 1291 1149 1362 ΕΞ).
1181 1289 1406 1358 ReSpice
1428 1288 1477 1341 in
1502 1293 1871 1340 testamentum
1905 1292 2080 1346 tuum;

512 1391 759 1461 queuiam
785 1387 971 1457 repleti
1003 1392 1125 1437 sunt
1154 1382 1238 1451 qui
1271 1378 1533 1433 obscurati
1562 1386 1685 1429 sunt
1714 1386 1865 1427 terrm
1891 1373 2080 1426 domo-

512 1500 631 1539 rum
654 1481 950 1550 iniquarum
980 1489 1042 1528 ν»
1071 1474 1189 1543 quia
1213 1471 1369 1526 corda
1389 1468 1866 1535 habebantiniqua.
1890 1464 2085 1517 Domus

516 1586 750 1635 nostrae,
799 1572 957 1627 corda
1010 1579 1224 1623 nostra:
1276 1565 1345 1619 ibi
1394 1564 1619 1618 libenter
1669 1560 1906 1614 habitant
1949 1556 2086 1611 beati

515 1668 713 1724 mundo
731 1664 892 1722 corde
918 1660 1137 1733 (Matth.
1166 1675 1216 1721 v,
1244 1658 1278 1712 8
1295 1663 1333 1727 ).
1361 1654 1573 1723 Respice
1596 1666 1722 1720 ergo
1745 1652 1798 1705 in
1822 1658 2088 1704 testatum-

516 1772 621 1815 tum
664 1770 842 1820 tuum;
884 1763 937 1809 et
980 1751 1217 1822 reliquizc
1263 1750 1421 1802 salvae
1465 1748 1592 1799 liant
1622 1744 1805 1816 (Rom.
1835 1758 1909 1805 ιι,
1940 1740 2084 1810 27):

517 1856 641 1925 quia
671 1851 819 1906 multi
863 1848 948 1918 qui
978 1845 1257 1900 attendunt
1283 1841 1347 1895 ad
1379 1852 1572 1894 terram
1595 1881 1608 1900 ,
1640 1834 1904 1891 obscurati
1931 1842 2086 1894 sunt,

516 1957 572 2003 et
595 1944 783 2014 repleti
810 1949 934 1995 sunt
962 1949 1120 1993 terra.
1152 1934 1368 1991 Intravit
1395 1933 1446 1986 in
1472 1930 1654 1984 oculos
1680 1943 1863 1982 eorum
1894 1925 2086 2000 pulvis,

519 2052 573 2096 et
595 2036 880 2095 excmcavit
917 2046 1008 2088 eos
1032 2074 1047 2096 ,
1078 2039 1132 2085 et
1158 2027 1276 2082 facti
1321 2035 1442 2079 sunt
1478 2023 1650 2095 pulvis
1691 2036 1846 2090 quem
1883 2017 2094 2088 proiicit

520 2141 710 2185 ventus
730 2141 766 2179 a
794 2125 926 2179 facie
953 2132 1107 2176 terrae
1136 2118 1153 2186 (
1176 2117 1318 2171 Psal.
1346 2131 1386 2178 ι,
1414 2116 1501 2185 4).
1532 2112 1727 2183 Rrpleti
1752 2119 1864 2164 sunt
1890 2110 1971 2179 qui
2002 2109 2091 2162 ob-

519 2221 706 2277 sturuti
718 2226 835 2272 sunt
854 2225 998 2269 terra:
1010 2211 1272 2265 domorum
1287 2208 1589 2271 iniquarum.
1607 2207 1645 2257 A
1655 2201 1938 2257 ttendendo
1953 2200 2092 2255 enim

524 2324 719 2368 terram
747 2304 1011 2363 obscurati
1049 2310 1173 2357 sunt
1195 2341 1211 2366 ,
1238 2299 1305 2353 de
1342 2297 1534 2367 quibus
1576 2293 1777 2348 dictum
1806 2299 1889 2345 est
1917 2291 1970 2344 in
1992 2290 2095 2343 alio

526 2404 732 2477 psalmo
760 2418 773 2454 :
804 2398 1142 2453 Obscurentur
1163 2392 1296 2446 oculi
1319 2404 1575 2444 eorumne
1591 2386 1809 2446 videant,
1827 2395 1873 2439 et
1892 2384 2097 2438 dorsum

525 2510 697 2551 eorum
725 2506 917 2561 seraper
948 2489 1159 2541 incurva
1192 2484 1372 2557 (Psal.
1402 2497 1596 2544 vaut,
1622 2479 1692 2534 24
1710 2478 1748 2548 ).
1782 2478 1941 2532 Terra
1971 2489 2096 2546 ergo

523 2586 702 2656 repleti
736 2590 851 2637 sunt
877 2579 961 2651 qui
999 2574 1250 2631 obscurati
1290 2582 1404 2627 sunt
1435 2581 1578 2625 terra:
1606 2569 1866 2623 domorum
1905 2567 2100 2636 iniqua-

524 2693 658 2740 rum,
676 2674 797 2743 quia
818 2670 975 2726 corda
997 2666 1260 2722 habebant
1281 2664 1478 2733 iniqua.
1507 2661 1703 2716 Domus
1719 2659 1856 2714 enim
1883 2667 2095 2723 nostrae,

525 2770 662 2825 sicut
686 2779 843 2836 supra
871 2762 1103 2818 diximus
1121 2803 1135 2825 ,
1166 2757 1327 2813 corda
1374 2763 1548 2811 nostra
1575 2762 1698 2807 sunt
1727 2770 1741 2806 :
1774 2753 1844 2807 ibi
1876 2751 2100 2806 libenter

529 2860 864 2922 habitamus,
894 2856 939 2912 si
987 2869 1049 2910 ea
1096 2852 1162 2906 ab
1206 2849 1481 2920 iniquitate
1528 2845 1860 2901 mandemus.
1907 2844 1980 2898 lbi
2018 2852 2100 2898 est

528 2952 665 3008 mala
691 2946 1035 3013 conscientia,
1063 2959 1181 3014 quae
1208 2942 1330 2998 inde
1356 2939 1565 3011 repellit
1590 2938 1858 2995 hominem
1885 2951 1988 3007 quo
2007 2935 2098 3006 ju-

532 3040 686 3097 betur
705 3042 781 3096 ire
804 3046 1019 3109 portans
1043 3035 1315 3106 grabatum
1343 3046 1516 3095 suum,
1540 3029 1623 3085 cui
1654 3036 1863 3099 peccata
1884 3018 2099 3081 dimissa

518 3141 675 3199 sunt,
703 3131 910 3186 dicente
936 3125 1163 3182 Domino
1182 3166 1198 3190 ,
1234 3122 1376 3177 Tolle
1401 3120 1661 3192 grabatum
1700 3128 1838 3172 tuum
1856 3159 1873 3185 ,
1903 3127 1950 3170 et
1978 3116 2103 3170 uade

531 3228 584 3281 in
603 3227 804 3279 domum
830 3232 964 3275 tuam
999 3218 1183 3290 (Joan.
1205 3232 1260 3281 γ,
1291 3215 1360 3285 8)
1389 3231 1402 3267 :
1435 3220 1585 3282 porta
1614 3225 1827 3265 carnem
1859 3220 2019 3274 tuam,
2050 3218 2104 3263 et

533 3318 667 3371 intra
697 3313 762 3369 ad
792 3320 1027 3367 sanatam
1052 3306 1429 3365 conscientiam
1460 3313 1623 3357 tuam.
1658 3300 1906 3365 Quoniam
1929 3298 2102 3369 repleti

532 3416 646 3462 sunt
689 3405 773 3476 qui
817 3401 1063 3457 obscurati
1107 3405 1222 3453 sunt
1272 3405 1419 3449 terra:
1464 3392 1725 3446 domorum
1771 3391 2103 3460 iniquarum:

533 3497 794 3555 obscurati
825 3502 977 3558 sunt,
1008 3490 1191 3562 repleti
1219 3496 1336 3542 sunt
1383 3494 1547 3541 terra.
1581 3482 1656 3539 llli
1684 3483 1944 3536 obseurati
1968 3523 1982 3545 ,
2015 3479 2102 3550 qui

533 3592 690 3647 Sllz'l?
737 3588 834 3655 Qui
884 3583 1042 3639 corda
1087 3581 1262 3649 iniqua
1320 3576 1516 3632 habent
1563 3592 1578 3628 :
1623 3572 1797 3629 reddit
1851 3573 1954 3629 illis
1997 3572 2103 3626 Do-

536 3683 711 3736 minus
736 3676 1022 3731 srcundum
1048 3686 1141 3727 eor
1166 3684 1341 3723 suum.

605 3772 693 3825 24.
725 3767 890 3842 [rem
916 3761 1046 3837 21.]
1089 3760 1169 3815 Ne
1193 3768 1444 3813 avertatur
1469 3757 1670 3811 Immitis
1698 3758 1955 3825 confusas.
1984 3752 2106 3806 Illos

537 3862 677 3917 enim
702 3856 945 3928 superbia
973 3850 1227 3907 confudit.
1257 3848 1458 3920 Egeuus
1480 3857 1526 3901 et
1548 3850 1693 3916 inops
1719 3845 1994 3899 laudabunt
2019 3859 2109 3895 uo-

538 3969 650 4007 men
678 3928 835 4004 tuum.
870 3944 1069 4000 Videtis
1091 3985 1105 4010 ,
1136 3940 1325 3996 fratres
1352 3983 1366 4006 ,
1397 3954 1552 4009 quam
1582 3938 1770 3992 debeat
1798 3936 1966 3990 dulcis
1990 3950 2108 3990 esse

540 4051 820 4111 p:utpertas
851 4056 866 4093 :
895 4037 1086 4111 videtis
1124 4046 1386 4105 pauperes
1423 4042 1477 4086 et
1514 4031 1697 4099 inopes
1740 4028 2006 4098 pertinere
2042 4026 2108 4081 ad

545 4137 742 4197 llcum;
772 4129 863 4184 sed
906 4140 1159 4199 pauperes
1188 4123 1374 4193 spiritu
1399 4163 1414 4187 ,
1465 4122 1711 4190 quoniam
1756 4119 1987 4189 ipsorum
2031 4125 2111 4170 est

542 4239 763 4297 regnum
802 4221 1054 4276 ccelorum
1083 4215 1307 4289 (Matth.
1339 4228 1408 4293 vr,
1449 4214 1534 4278 5).
1566 4211 1663 4279 Qui
1706 4219 1829 4265 sunt
1857 4223 2111 4280 pauperes

543 4313 775 4387 spiritu?
816 4309 1053 4366 Humiles
1076 4347 1090 4371 ,
1125 4316 1410 4360 trementes
1438 4304 1596 4357 verba
1639 4302 1730 4356 Dei
1756 4343 1771 4367 ,
1801 4301 2113 4356 conﬁtentes

544 4417 757 4479 peccata
789 4416 918 4468 sua;
959 4414 1063 4454 non
1091 4398 1157 4452 de
1184 4398 1293 4452 suis
1322 4395 1523 4450 meritis
1543 4436 1558 4460 ,
1587 4409 1684 4448 nec
1705 4392 1773 4447 de
1797 4407 1889 4446 sua
1913 4391 2113 4460 justitia

545 4505 944 4572 prtesumentes.
971 4490 1071 4560 Qui
1100 4497 1224 4544 sunt
1248 4500 1504 4557 pauperes
1529 4485 1714 4556 spiritu
1735 4483 1758 4524 ⁷
1782 4483 1879 4550 Qui
1907 4482 2115 4553 quando

548 4590 744 4645 faciunt
769 4583 965 4656 aliquid
992 4580 1114 4636 honi
1139 4621 1153 4644 ,
1187 4579 1348 4633 Deum
1377 4575 1624 4639 laudant;
1653 4572 1862 4643 quando
1886 4573 2030 4639 mali,
2058 4587 2117 4627 se

549 4690 816 4737 accusant.
858 4677 1027 4747 Super
1072 4689 1218 4738 quem
1264 4662 1535 4740 requiescet
1582 4667 1805 4736 Spiritus
1847 4682 2018 4731 meus,
2046 4664 2119 4719 ait

551 4773 827 4842 propheta,
855 4758 950 4824 nisi
978 4782 1128 4838 super
1151 4762 1409 4827 humilem,
1435 4769 1481 4813 et
1506 4759 1746 4828 quietum,
1769 4767 1813 4810 et
1838 4766 2119 4810 trementem

552 4862 698 4914 verba
716 4878 825 4915 mea
853 4858 990 4931 (1δαί
1001 4898 1014 4912 .
1040 4872 1179 4919 LXVl,
1201 4852 1266 4925 2)
1286 4853 1310 4907 ?
1334 4852 1448 4907 .lam
1474 4864 1600 4919 ergo
1625 4848 1802 4918 Asaph
1825 4847 2075 4902 intellexit
2102 4863 2116 4907 ;

549 4953 657 5023 jam
681 4960 833 5004 terra:
857 4964 960 5004 non
990 4949 1174 5011 lueret,
1200 4946 1307 5016 jam
1340 4942 1597 5012 promissa
1624 4949 1830 4993 terrena
1857 4952 1919 4993 ex
1946 4937 2120 4992 Veteri

553 5045 892 5099 Testamento
919 5054 1024 5093 non
1066 5038 1270 5106 expetit
1299 5052 1311 5087 :
1346 5031 1617 5088 mendicus
1655 5040 1775 5084 tuus
1806 5026 1973 5083 factus
2001 5036 2082 5082 est
2104 5068 2119 5089 ,

557 5146 758 5206 pauper
782 5140 898 5182 tuus
923 5127 1086 5181 factus
1114 5135 1230 5191 est;
1257 5123 1444 5178 lluvios
1464 5131 1580 5177 tuos
1604 5120 1735 5183 sitit,
1766 5120 1886 5189 quia
1914 5117 1992 5171 sui
2014 5121 2122 5171 sic-

554 5224 656 5280 cati
683 5228 824 5276 sunt.
868 5217 999 5283 Quia
1037 5231 1162 5285 ergo
1211 5217 1327 5269 talis
1367 5213 1534 5267 factus
1579 5221 1697 5277 est,
1726 5225 1828 5265 non
1858 5207 2126 5263 fraudetur

466 5350 485 5365 κ
554 5331 649 5386 spe
679 5333 692 5368 :
721 5311 960 5383 quazsivit
992 5308 1231 5360 manibus
1261 5317 1414 5359 nocte
1441 5320 1616 5359 coram
1644 5312 1728 5370 te;
1761 5316 1863 5356 non
1892 5299 2124 5368 decipia-

558 5422 642 5465 tur
669 5404 845 5478 (l’sul.
877 5416 1032 5457 LXXVI
1054 5442 1068 5463 ,
1099 5398 1190 5467 5).
1225 5397 1303 5450 Ne
1327 5406 1576 5450 avertatur
1602 5393 1808 5448 humilis
1845 5392 2081 5461 confusus
2109 5405 2127 5443 :

557 5515 739 5570 egenus
775 5507 820 5551 et
863 5495 1007 5563 inops
1049 5488 1323 5543 laudabunt
1370 5503 1548 5539 nomen
1594 5494 1756 5538 tuum.
1806 5483 2129 5536 Confitentes

562 5595 782 5660 peccata’
817 5602 909 5641 sua
935 5627 948 5650 ,
993 5580 1277 5636 laudabunt
1318 5594 1509 5632 nomen
1554 5588 1737 5640 tuum;
1768 5574 2129 5628 desiderantes

558 5692 756 5733 aeterna
781 5676 1035 5747 promissa
1057 5681 1164 5732 tua.
1197 5668 1481 5723 laudabunt
1502 5681 1691 5720 nomen
1722 5674 1865 5717 tuum
1896 5681 1908 5716 :
1940 5678 2041 5715 non
2062 5660 2129 5715 de

562 5771 938 5841 temporalilms
963 5763 1172 5836 turgidi,
1204 5776 1305 5818 non
1333 5761 1400 5816 de
1424 5759 1630 5830 propria
1657 5756 1859 5826 iustitia
1881 5755 1930 5809 in
1947 5769 2130 5825 super-

1723 345 1779 402 S.
1825 342 2182 400 AUGUSTI.“
2223 340 2517 399 EPISCOPI

3644 353 3753 407 92$

2178 458 2314 512 hiam
2336 458 2454 512 elati
2477 467 2529 511 et
2546 458 2728 523 inﬂati,
2754 474 2857 513 non
2882 460 3008 529 ipsi;
3038 461 3129 515 sed
3157 464 3285 532 qui?
3311 462 3510 535 Egerius
3528 480 3576 522 et
3601 471 3757 536 ista)»

2180 550 2453 603 laudabunt
2474 567 2651 603 nomen
2676 561 2831 604 tuum.
3220 608 3225 615 ,

2249 640 2336 695 25.
2371 638 2533 712 [verm
2566 639 2691 713 Ὧν]
2734 642 2990 711 Exsurge,
3038 643 3289 709 Domine;
3331 648 3500 715 iudica
3543 665 3761 703 causam

2180 747 2360 783 meam.
2405 731 2652 786 Desertus
2695 732 2835 784 enim
2869 733 3086 797 videor,
3135 736 3253 804 quia
3299 738 3529 791 nondum
3576 742 3762 808 καενὶ

2181 820 2321 889 quod
2363 823 2692 891 promisisti:
2726 833 2781 877 et
2823 824 2971 877 facta:
3012 836 3133 879 sunt
3178 828 3303 881 mihi
3346 830 3593 901 lacrymm
3626 849 3766 886 mea:

2186 911 2336 975 panis
2361 910 2447 965 die
2480 926 2541 964 ac
2570 922 2723 966 nocte
2746 955 2761 979 ,
2800 916 2923 967 dum
2976 917 3167 970 dicitur
3196 921 3319 972 tuibi
3362 925 3630 989 quotidie,
3666 925 3767 980 lilii

2183 1011 2264 1054 est
2297 1002 2432 1056 Deus
2474 1012 2593 1056 tuus
2622 1003 2797 1075 (Psal.
2842 1022 2963 1074 xu,
3004 1009 3113 1076 4)?
3146 1011 3205 1062 lit
3235 1012 3354 1079 quia
3397 1029 3498 1067 nou
3544 1031 3765 1084 passum

2184 1092 2462 1148 ostendere
2491 1094 2652 1148 Deum
2692 1111 2899 1163 meum;
2937 1100 3083 1169 quasi
3113 1101 3265 1155 inane
3292 1118 3501 1172 sequar,
3535 1107 3769 1161 insulta-

2187 1191 2272 1236 tur
2296 1184 2442 1237 mihi.
2470 1184 2576 1239 Nec
2599 1202 2827 1256 paganus
2852 1199 3073 1255 tantum,
3108 1191 3189 1244 Vel
3214 1192 3448 1259 Julianus,
3473 1196 3555 1250 vel
3584 1197 3767 1253 lucre-

2188 1277 2349 1340 ticus;
2378 1276 2470 1331 sed
2496 1279 2779 1346 aliquando
2809 1279 2968 1335 frater
2989 1283 3102 1350 ipse
3128 1285 3420 1340 catholicus
3443 1297 3659 1356 torquet
3682 1308 3768 1353 os,

2188 1368 2397 1437 quando
2421 1369 2677 1437 promissa
2708 1371 2797 1425 Dei
2829 1373 3205 1441 prmdicantur,
3240 1378 3452 1446 quando
3481 1380 3656 1434 futura
3685 1399 3772 1436 re-

2189 1459 2448 1515 surrectio
2486 1463 2884 1529 przcnuutiatur.
2933 1465 2996 1518 Et
3035 1466 3207 1521 adhuc
3251 1477 3305 1523 et
3344 1470 3491 1539 ipe,
3523 1474 3771 1540 quamvis

2185 1550 2294 1620 jam
2326 1551 2518 1606 tinctus
2557 1568 2689 1622 aqua
2719 1555 2902 1610 salutis
2930 1569 3175 1622 teternrc,
3209 1572 3425 1630 portans
3451 1579 3768 1619 sacramen-

2194 1654 2301 1698 tum
2323 1644 2538 1710 Christi,
2564 1646 2783 1702 forsitan
2809 1648 2954 1716 dicit,
2978 1650 3043 1704 Et
3068 1654 3187 1722 quis
3212 1653 3313 1708 huc
3338 1658 3667 1711 resurrexit?
3694 1670 3768 1723 ct,

2191 1736 2307 1792 Non
2332 1737 2504 1792 audivi
2534 1747 2735 1808 patrem
2765 1755 2941 1794 meum
2968 1741 3034 1795 de
3073 1745 3318 1812 sepulcro
3344 1745 3677 1816 loquentem,
3706 1766 3768 1802 ex

2192 1842 2297 1897 quo
2321 1844 2442 1883 eum
2473 1830 2710 1897 sepelivi.
2744 1831 2885 1885 Deus
2909 1832 3054 1887 dedit
3083 1836 3248 1905 legem
3276 1836 3341 1891 ad
3372 1847 3580 1907 tempus
3604 1843 3771 1895 servis

2194 1919 2301 1973 suis
2322 1961 2336 1985 ,
2364 1919 2430 1973 ad
2455 1920 2593 1990 quod
2619 1936 2678 1976 se
2701 1933 2924 1979 avocent
2956 1942 2968 1978 :
2999 1942 3118 1980 nam
3145 1929 3264 1998 quis
3292 1930 3429 1984 redit
3456 1930 3526 1985 ab
3551 1931 3732 1986 inferis
3749 1936 3772 1970 ⁷

2196 2008 2261 2062 Et
2284 2009 2409 2078 quid
2449 2009 2637 2066 faciam
2669 2012 2890 2067 talibus?
2929 2016 3205 2071 OSIeudam
3234 2018 3372 2088 quod
3417 2036 3523 2075 non
3553 2023 3770 2077 vident?

2196 2097 2310 2165 Non
2341 2114 2558 2168 possum
2593 2123 2606 2153 ;
2641 2118 2744 2156 non
2766 2090 2930 2158 "enim
2978 2117 3190 2176 propter
3228 2110 3347 2164 illos
3378 2111 3517 2166 Deus
3554 2113 3773 2167 visibilis

2196 2191 2356 2246 debet
2392 2191 2522 2246 fieri.
2554 2192 2669 2248 Jam
2700 2193 2748 2248 id
2778 2205 2973 2265 agant,
3004 2199 3049 2252 si
3078 2200 3276 2268 placet;
3327 2202 3397 2256 ita
3443 2202 3632 2257 faciant
3658 2246 3675 2269 ,
3707 2207 3772 2258 ita

2197 2290 2454 2337 conentur
2483 2301 2495 2337 :
2526 2284 2647 2354 quia
2677 2284 2772 2354 ipsi
2807 2287 2993 2341 nolunt
3017 2292 3253 2345 converti
3284 2293 3334 2345 in
3366 2294 3579 2360 melius,
3611 2295 3771 2349 Deum

2197 2383 2509 2429 convertant
2537 2377 2588 2429 in
2617 2376 2784 2445 pejus.
2810 2377 2998 2433 Videat
3022 2381 3110 2449 qui
3134 2390 3327 2451 potest,
3352 2384 3532 2439 credat
3553 2387 3644 2455 qui
3670 2403 3770 2439 non

2199 2472 2404 2534 potest,
2436 2479 2557 2519 esse
2586 2466 2770 2522 Deum.
2804 2468 2915 2522 Etsi
2959 2471 3101 2524 videt
3138 2472 3225 2540 qui
3259 2480 3468 2540 potest,
3514 2476 3771 2544 numquid

2198 2553 2364 2607 oculis
2389 2553 2569 2609 videt?
2600 2555 2869 2612 Intellecta
2898 2558 3074 2625 videt,
3111 2560 3271 2615 corde
3299 2561 3461 2616 videt.
3492 2563 3607 2617 Non
3633 2565 3774 2619 enim

2182 2646 2365 2717 (solem
2390 2656 2444 2702 et
2472 2647 2646 2703 lunam
2670 2649 2881 2705 volebat
2905 2652 3209 2716 ostendere,
3236 2655 3322 2723 qui
3353 2656 3565 2710 dicebat
3594 2675 3608 2710 :
3634 2656 3776 2711 Beati
3825 2688 3831 2693 -

2200 2740 2388 2793 mundo
2411 2746 2578 2807 corde,
2609 2743 2844 2811 quoniam
2872 2744 2968 2814 ipsi
2997 2744 3159 2799 Deum
3200 2747 3429 2801 videbunt
3459 2748 3692 2820 (Matth.
3722 2766 3774 2813 ν,

2201 2829 2293 2899 8).
2331 2830 2659 2885 lmmuudum
2706 2844 2880 2888 autem
2924 2850 3018 2889 cor
3044 2850 3141 2890 nec
3182 2835 3246 2889 ad
3293 2836 3450 2891 fidem
3496 2838 3776 2903 idoneum,

2202 2920 2300 2974 ut‘
2333 2921 2470 2990 quod
2511 2937 2614 2975 non
2660 2933 2833 2992 potest
2860 2924 3039 2980 videre
3069 2926 3153 2981 vel
3197 2927 3396 2981 credat.
3440 2927 3546 2982 Non
3576 2927 3740 2982 video
3761 2970 3776 2993 ,

2204 3012 2372 3082 inquit
2397 3014 2562 3084 :.quid
2586 3015 2880 3071 crediturus
2901 3017 3055 3072 sum?
3072 3019 3257 3072 Anima
3281 3022 3420 3074 enim
3440 3031 3521 3075 tua
3542 3023 3777 3088 videtur,

2207 3113 2265 3159 ut
2311 3106 2526 3175 opinor!
2570 3107 2771 3161 Stulte!
2824 3122 3017 3178 corpus
3060 3120 3205 3164 tuum
3255 3112 3499 3178 videtur;
3546 3114 3777 3168 animum

2208 3211 2346 3253 tuam
2396 3201 2514 3270 quis
2564 3200 2748 3256 videt?
2808 3201 2940 3256 Cum
2993 3218 3119 3272 ergo
3164 3218 3354 3274 corpus
3406 3214 3552 3259 tuum
3608 3209 3779 3260 solum

2205 3292 2476 3357 videatur,
2507 3307 2670 3362 quare
2699 3307 2802 3347 non
2833 3294 3102 3363 st-peliris?
3146 3295 3361 3349 Miratur
3388 3297 3510 3367 quia
3538 3298 3682 3361 dixi,
3727 3298 3780 3353 Si

2205 3396 2398 3450 corpus
2426 3390 2629 3436 tantum
2668 3383 2906 3447 videtur,
2940 3400 3103 3453 quare
3146 3401 3249 3439 non
3290 3388 3579 3455 sepeliris?
3609 3389 3675 3442 Et
3702 3406 3782 3441 rw

2205 3473 2429 3541 spondet
2452 3470 2610 3543 (sapit
2634 3474 2771 3527 enim
2792 3474 2857 3528 ad
2884 3474 3026 3545 hor),
3054 3476 3184 3543 Quia
3205 3479 3343 3531 vivo.
3370 3477 3517 3533 Unde
3531 3481 3640 3532 scio
3654 3482 3783 3548 quia

2206 3566 2340 3620 vivis
2358 3606 2373 3631 ,
2401 3566 2550 3634 cujus
2578 3567 2807 3620 animam
2839 3584 2942 3621 non
2968 3569 3160 3623 video?
3192 3570 3330 3625 unde
3358 3571 3511 3625 scio?
3537 3571 3781 3639 Respon—

2207 3658 2358 3715 debis
2381 3677 2393 3712 :
2416 3659 2547 3728 Quia
2571 3659 2777 3730 loquor,
2802 3661 2924 3730 quia
2945 3662 3176 3727 ambulo,
3202 3663 3322 3731 quia
3342 3677 3554 3731 Operor.
3576 3662 3777 3717 Stulte!

2209 3767 2276 3806 ex
2303 3751 2553 3820 operibus
2588 3744 2826 3823 corporis
2868 3731 3096 3822 agnosco
3122 3755 3413 3817 viventem;
3444 3769 3509 3809 ex
3536 3756 3781 3824 Operibus

2209 3853 2464 3897 creatura:
2506 3858 2609 3895 non
2658 3853 2809 3911 potes
2838 3856 3122 3912 agnoscere
3166 3844 3499 3899 Creatorem!
3549 3845 3617 3899 Et
3644 3844 3775 3899 forte

2210 3936 2298 4003 qui
2327 3935 2451 3988 dicit
2473 3975 2486 3995 ,
2516 3933 2649 3988 Cum
2692 3942 2929 3988 mortuus
2976 3936 3156 3998 fuero,
3186 3947 3369 4006 postea
3415 3936 3543 3990 nihil
3573 3952 3666 3991 ero
3693 3953 3709 3990 :
3734 3947 3783 3991 et

2212 4025 2414 4080 litteras
2439 4025 2620 4080 didicit
2643 4066 2660 4089 ,
2690 4025 2834 4079 etab
2862 4024 3092 4095 Epicuro
3117 4025 3297 4080 didicit
3323 4026 3443 4090 hoc,
3478 4027 3657 4080 nescio
3684 4041 3783 4097 quo

2212 4116 2380 4171 deliro
2411 4116 2723 4185 philosopho
2746 4157 2761 4180 ,
2787 4116 2867 4170 vel
2900 4115 3072 4184 potius
3099 4125 3334 4169 amatore
3364 4117 3613 4169 vanitatis
3637 4158 3653 4181 ,
3684 4134 3783 4171 nou

2214 4210 2519 4280 sapientiaa;
2549 4224 2707 4279 quem
2735 4208 2833 4278 ipsi
2862 4210 3019 4263 etiam
3047 4207 3341 4278 philosophi
3369 4223 3588 4277 porcum
3620 4209 3785 4261 nomi-

2216 4309 2516 4357 naverunt:
2550 4302 2635 4371 qui
2677 4300 2996 4370 voluptatem
3024 4301 3261 4369 corporis
3299 4315 3563 4354 summum
3598 4292 3785 4354 bonum

2217 4393 2389 4458 dixit,
2428 4393 2571 4448 hunc
2596 4392 2962 4461 philosotthum
2995 4406 3208 4460 porcum
3236 4391 3665 4455 nominaverunt,
3697 4406 3787 4442 vu-

2217 4487 2472 4541 lulautem
2501 4500 2559 4540 se
2589 4485 2640 4538 in
2670 4499 2824 4538 emno
2853 4483 3069 4537 carnali.
3100 4483 3180 4537 Ab
3208 4483 3297 4535 illo
3327 4482 3459 4537 forte
3484 4482 3671 4537 didicit
3697 4483 3788 4537 iste

2208 4577 2480 4632 litteratus
2533 4575 2749 4640 dicere,
2808 4575 2922 4629 Non
2988 4590 3081 4629 cro
3152 4584 3489 4644 posteaquam
3554 4584 3789 4628 mortuus

2221 4666 2391 4722 fuero.
2429 4667 2702 4721 Siccentur
2743 4665 2956 4720 ﬂumina
3008 4665 3228 4731 Etham;
3276 4675 3496 4735 pereant
3539 4665 3789 4726 doctrinae

2223 4762 2337 4816 ista:
2365 4760 2644 4823 Gentium,
2696 4758 2949 4828 pullulent
2986 4757 3154 4812 virela
3196 4756 3486 4812 Jerusalem
3536 4775 3550 4812 :
3584 4757 3789 4812 videant

2224 4854 2361 4924 quod
2390 4863 2641 4922 possunt;
2671 4851 2832 4906 corde
2870 4849 3087 4905 credant
3126 4849 3264 4918 quod
3309 4848 3489 4902 videre
3535 4860 3645 4902 non
3679 4864 3793 4915 pus“

2226 4953 2367 4999 sunt.
2395 4944 2551 4999 Certe
2576 4944 2672 4996 ista
2694 4941 2869 4995 omnia
2891 4956 3007 5009 qua:
3035 4956 3129 5009 per
3153 4927 3408 4993 mundum
3430 4938 3593 4992 modo
3620 4938 3791 4991 viden-

2227 5045 2332 5099 tur.
2355 5034 2564 5105 quando
2584 5034 2901 5104 operabatur
2926 5034 3064 5087 Deus
3092 5031 3312 5086 salutem
3340 5029 3391 5083 in
3419 5028 3599 5083 medio
3622 5038 3789 5089 terrm,

2227 5142 2347 5183 cum
2396 5129 2495 5182 ista
2543 5126 2881 5187 dicebantur,
2913 5122 3147 5177 nondum
3187 5131 3339 5175 erant
3371 5136 3383 5173 :
3418 5128 3472 5174 et
3512 5134 3641 5174 ecce
3678 5128 3791 5170 tunc

2230 5221 2476 5293 prtedicta
2519 5229 2677 5285 sunt;
2709 5234 2849 5272 nunc
2878 5216 3091 5284 impleta
3135 5222 3517 5277 monstrantur,
3548 5222 3604 5266 et
3629 5210 3793 5264 adhuc

2229 5313 2359 5368 dicit
2381 5311 2568 5365 stultus
2606 5311 2656 5363 in
2686 5308 2845 5363 corde
2887 5321 2985 5360 suo
3006 5346 3021 5369 ,
3049 5303 3167 5358 Non
3197 5313 3266 5357 est
3303 5300 3440 5355 Deus
3468 5300 3639 5370 (Paul.
3668 5315 3757 5354 xm
3778 5338 3794 5363 ,

2233 5407 2257 5459 1
2283 5404 2325 5474 ).
2353 5403 2443 5457 Va:
2473 5401 2734 5471 perversis
2753 5397 2999 5452 cordibus
3022 5399 3037 5450 !
3065 5396 3313 5464 quoniam
3343 5394 3410 5446 ita
3434 5401 3655 5445 ventum
3681 5401 3799 5443 sum

2233 5509 2350 5566 qum
2383 5502 2597 5554 restant,
2629 5492 2766 5545 sicut
2803 5498 3063 5543 venerunt
3105 5487 3203 5540 ista
3245 5501 3361 5554 qua:
3392 5493 3517 5537 tunc
3547 5498 3653 5534 non
3686 5480 3797 5532 lue-

2235 5596 2378 5648 runt,
2417 5595 2471 5639 et
2504 5593 2720 5637 ventura
2758 5579 3261 5652 prmnuntiabautur.
3305 5578 3384 5629 An
3410 5587 3542 5627 vero
3565 5569 3802 5626 exhibuit

2299 5700 2315 5730 ¹
2343 5695 2600 5754 rartncula,
2624 5702 2707 5753 ut,
2743 5693 2885 5744 deeSt
2923 5690 3045 5755 apud
3081 5685 3317 5747 Lov.,sed
3352 5687 3403 5737 in
3441 5684 3637 5736 caneris
3673 5679 3804 5733 libris

2237 5769 2413 5808 exstat.
