4020 6198
393 339 497 392 ενςδ

381 454 532 506 nobis
559 451 698 505 Deus
717 449 892 504 omnia
921 465 1035 518 quae
1069 448 1328 518 promisit,
1356 457 1410 503 ct
1435 448 1502 503 de
1531 450 1644 504 solo
1667 451 1752 506 die
1771 451 1953 521 iudicii

380 559 476 597 nos
518 542 731 596 fetellit?
760 540 872 594 Non
921 551 1035 594 erat
1077 540 1317 594 Christus
1361 540 1410 593 in
1453 549 1629 604 terra;
1676 543 1951 610 promisit,

379 635 613 689 exhibuit
647 651 658 684 :
692 649 796 686 non
823 632 967 701 virgo
1008 641 1310 700 pepererat;
1359 631 1636 700 promisit,
1665 630 1904 686 exhibuit
1939 651 1950 685 :

378 744 481 782 non
504 734 618 780 erat
644 725 788 779 fusus
813 719 1022 793 sanguis
1045 723 1327 792 pretiosus,
1353 739 1460 792 quo
1483 722 1751 778 deleretur
1771 723 1951 776 chiro.

377 821 633 889 graphtun
657 819 841 872 mortis
869 828 1091 879 nostrzc;
1125 816 1385 886 promisit,
1413 815 1651 870 exhibuit
1679 833 1692 867 :
1717 815 1949 869 nonduin

378 920 741 965 resurrexerat
766 924 888 962 caro
915 909 964 961 in
995 907 1150 960 vitam
1183 916 1430 959 aeternam
1455 922 1468 965 ;
1497 906 1772 974 promisit,
1797 906 1949 959 exhi-

377 1003 484 1056 huit
514 1019 526 1053 :
561 1001 791 1055 nondum
838 999 1172 1053 crediderant
1209 997 1438 1059 Gentes;
1487 999 1726 1066 promisit
1751 1039 1763 1058 .
1795 999 1949 1052 exhi-

377 1098 485 1149 buit
511 1114 522 1146 :
556 1095 786 1148 nondum
813 1091 1040 1146 Itatrclici
1075 1091 1287 1144 nomine
1311 1090 1505 1143 Christi
1536 1089 1742 1154 armati,
1765 1099 1948 1144 centra

372 1191 639 1242 (Iliristmn
687 1185 1014 1247 militabant;
1070 1183 1306 1250 praulixit
1333 1223 1346 1242 ,
1399 1181 1638 1236 exhibuit
1670 1199 1682 1233 :
1714 1181 1946 1234 nomium

375 1282 513 1334 idola
552 1279 798 1335 Gentium
847 1276 913 1330 de
965 1286 1102 1329 terra
1154 1275 1169 1304 ¹
1213 1273 1382 1327 deleta
1431 1285 1618 1338 erant;
1665 1273 1902 1341 praedixit
1930 1314 1945 1338 ,

372 1374 616 1428 exhibuit
645 1390 657 1423 :
694 1373 787 1424 ista
817 1369 990 1421 omnia
1021 1384 1138 1420 cmn
1169 1366 1496 1435 praulixisset
1521 1375 1574 1420 et
1599 1365 1944 1430 exhibuisset,

369 1469 437 1521 de
464 1467 577 1520 solo
604 1464 688 1517 die
711 1461 892 1533 iudicii
921 1459 1168 1512 mentitus
1191 1458 1315 1510 est?
1343 1455 1529 1511 Veniet
1552 1457 1786 1519 omnino,
1811 1472 1945 1524 quo-

372 1557 530 1610 modo
570 1556 668 1608 ista
699 1559 988 1614 venerunt;
1022 1550 1140 1618 quia
1171 1557 1224 1602 et
1263 1547 1359 1600 ista
1391 1556 1672 1616 antequam
1703 1546 1946 1600 venirent

373 1649 540 1701 futura
579 1654 766 1710 erant,
806 1651 860 1696 et
906 1641 1074 1695 futura
1122 1640 1265 1709 prius
1310 1637 1655 1708 praenuntiata
1701 1651 1859 1700 sunt,
1891 1645 1946 1690 et

373 1751 549 1808 postea
585 1743 844 1790 venerunt
875 1751 887 1785 :
921 1733 1131 1795 veniet,
1174 1730 1364 1784 fratres
1407 1729 1530 1783 mei.
1565 1727 1732 1782 Nemo
1761 1727 1939 1787 dicat,

369 1833 480 1886 Non
513 1831 686 1885 veniet
711 1845 725 1890 ;
759 1836 867 1886 aut.
896 1825 1106 1888 Veniet,
1137 1821 1229 1876 sed
1260 1822 1412 1890 longe
1441 1828 1524 1875 est
1550 1818 1690 1889 quod
1719 1819 1892 1873 veniet
1926 1837 1938 1871 :

366 1923 456 1976 sed
488 1922 577 1975 tibi
611 1935 774 1989 prope
801 1925 881 1971 est
919 1925 973 1969 ut
999 1930 1091 1968 eas
1121 1913 1262 1966 hinc.
1306 1910 1542 1966 Sufficiat
1585 1908 1753 1978 prima
1782 1907 1941 1962 dece-

367 2015 475 2082 ptio
506 2031 517 2068 :
549 2013 591 2066 si
620 2026 721 2064 non
755 2007 1017 2079 potuimus
1045 2004 1212 2074 primo
1239 2015 1550 2070 permanere
1574 2000 1624 2052 in
1653 2006 1938 2068 prtecepto,

364 2105 549 2157 saltem
578 2101 903 2169 corrigamur
931 2095 1195 2159 exemplo.
1228 2090 1466 2146 Nondum
1498 2097 1612 2144 erat
1635 2088 1938 2156 exemplqu

364 2209 516 2247 casas
546 2191 798 2254 humani,
827 2185 1038 2255 quando
1079 2184 1274 2238 dictum
1318 2192 1397 2236 est
1424 2180 1490 2234 ad
1530 2179 1696 2234 Adam
1730 2195 1744 2230 :
1775 2178 1942 2232 Morte

365 2287 609 2351 morieris,
649 2284 690 2338 si
721 2281 974 2352 tetigeris;
1003 2286 1056 2332 et
1083 2277 1226 2330 venit
1252 2274 1318 2328 de
1349 2283 1649 2326 tranSVerso
1677 2285 1896 2338 serpens
1919 2311 1935 2334 ,

362 2388 416 2431 et
451 2378 582 2430 dixit
611 2393 623 2428 :
657 2374 774 2427 Non
806 2379 963 2424 morte
999 2365 1243 2420 morieris.
1275 2363 1517 2417 Creditus
1560 2369 1641 2415 est
1676 2374 1896 2429 serpens
1918 2401 1934 2428 ,

362 2477 698 2536 contemptus
738 2472 820 2518 est
860 2462 1034 2525 Deus;
1065 2457 1298 2510 creditus
1334 2463 1416 2507 est
1453 2465 1707 2522 serpens,
1740 2459 1935 2505 tactum

363 2573 441 2614 cst
468 2561 684 2614 vetitum
711 2599 724 2620 ,
750 2562 986 2608 mortuus
1025 2557 1107 2604 est
1132 2549 1291 2601 homo
1316 2545 1474 2614 (Gen.
1503 2560 1559 2606 ll,
1588 2545 1674 2610 17,
1703 2553 1750 2597 et
1779 2559 1855 2610 Ill,
1877 2543 1932 2610 «ι,

362 2654 417 2716 6,
456 2651 567 2720 l9).
597 2648 780 2702 Nonne
809 2643 1079 2713 impletum
1105 2647 1186 2692 est
1220 2637 1391 2706 potius
1419 2635 1558 2706 quod
1602 2635 1830 2688 minatus
1855 2643 1936 2689 est

366 2746 519 2807 heus,
547 2751 698 2810 quam
726 2736 865 2808 quod
892 2733 1204 2804 promiserat
1234 2728 1508 2782 inimicus?
1531 2727 1620 2781 Sic
1647 2737 1728 2781 est
1750 2735 1892 2781 certe
1918 2744 1932 2780 :

360 2835 689 2904 agnoscimus
717 2830 855 2890 hoc;
887 2825 1010 2879 inde
1039 2836 1226 2877 omnes
1254 2821 1304 2874 in
1350 2829 1520 2873 morte
1551 2833 1565 2869 :
1594 2819 1704 2887 jam
1735 2818 1814 2871 vel
1842 2833 1939 2872 ex-

363 2928 490 2996 perti
522 2927 656 2980 cauti
688 2925 874 2977 simus.
905 2917 1017 2973 Non
1049 2915 1188 2970 enim
1233 2922 1407 2968 cessat
1445 2920 1499 2965 ct
1533 2911 1690 2965 modo
1714 2925 1935 2979 serpens

363 3021 710 3081 insusurrare,
738 3024 789 3068 et
810 3012 989 3066 dicere
1017 3023 1032 3060 :
1060 3003 1319 3072 Numquid
1347 3018 1469 3057 vere
1491 3001 1834 3055 damnaturus
1853 3009 1935 3054 est

365 3112 500 3163 Deus
522 3117 691 3161 tantas
723 3103 934 3165 turbas,
965 3099 1282 3153 liberaturus
1319 3103 1401 3148 est
1429 3092 1664 3162 paucos?
1691 3091 1824 3159 Quid
1851 3098 1933 3144 est

360 3199 498 3253 aliud
530 3213 683 3267 quam
707 3238 720 3261 ,
751 3193 927 3248 Facite
967 3196 1149 3243 contra
1194 3195 1551 3255 praeceptum;
1599 3196 1703 3235 non
1733 3181 1930 3235 morie.

360 3289 528 3343 mini?
554 3286 644 3342 sed
671 3282 937 3354 quomodo
964 3291 1106 3342 tunc,
1133 3277 1209 3331 sic
1232 3285 1285 3330 et
1309 3291 1464 3328 nunc.
1495 3273 1550 3328 Si
1577 3272 1765 3328 feceris
1790 3273 1932 3343 quod

360 3380 593 3452 suggerit
631 3376 872 3432 diabolus
899 3416 914 3439 ,
959 3381 1013 3428 et
1063 3366 1450 3437 contempseris
1496 3365 1635 3436 quod
1682 3365 1932 3434 prtncepit

360 3475 528 3537 Deus;
557 3469 735 3525 veniet
756 3465 935 3537 judicii
968 3463 1100 3527 dies,
1125 3469 1178 3515 et
1206 3461 1443 3514 invenies
1463 3473 1645 3511 verum
1673 3456 1810 3524 quod
1835 3457 1932 3509 mi-

357 3576 510 3618 natus
531 3571 611 3616 est
639 3563 795 3624 Deus,
823 3567 876 3612 et
905 3557 1089 3609 falsum
1116 3552 1252 3622 quod
1282 3551 1545 3621 pollicitus
1565 3558 1646 3602 est
1671 3549 1927 3603 diabolus.

359 3657 582 3725 Exurge,
609 3653 837 3712 Domine,
860 3648 1036 3719 jndica
1065 3661 1267 3697 causam
1299 3659 1476 3695 meam.
1502 3641 1736 3693 Mortuus
1765 3656 1852 3699 es,
1879 3649 1932 3693 et.

357 3755 688 3815 CUnlcutpltls
712 3759 801 3807 es;
825 3742 1013 3795 dicitur
1044 3737 1190 3796 mihi,
1217 3734 1313 3789 Ubi
1340 3743 1422 3787 est
1447 3733 1586 3786 Deus
1616 3739 1734 3784 tuus
1759 3731 1926 3796 (Psal.

362 3857 465 3900 xu,
494 3838 614 3905 ll)?
636 3835 884 3901 Exsurge,
896 3831 1071 3902 judico
1093 3843 1296 3879 causam
1316 3841 1493 3878 meam.
1517 3823 1628 3878 Non
1647 3823 1786 3876 enim
1806 3838 1932 3875 ven-

359 3944 505 3986 turus
517 3939 596 3984 est
612 3927 674 3981 ad
689 3919 1068 3994 judicium,uisi
1081 3918 1168 3987 qui
1183 3915 1478 3970 exsurrexit
1494 3930 1520 3966 a
1539 3913 1778 3966 mortuis.
1802 3911 1932 3965 Ven-

359 4035 506 4078 turus
524 4017 994 4090 pramuntiahatur;
1015 4011 1177 4070 venit,
1191 4018 1243 4060 et
1257 4013 1716 4073 contemptusesta
1736 4002 1930 4057 Iudicis

357 4113 637 4169 ambulans
684 4110 733 4161 in
782 4117 959 4168 terra;
1006 4099 1358 4155 contemnitur
1387 4113 1412 4148 a
1462 4095 1602 4148 falsis
1631 4093 1930 4147 Christianis

357 4205 548 4261 sedens
597 4202 646 4255 in
696 4197 851 4253 caelo.
895 4193 1157 4262 Exsurge,
1213 4189 1462 4251 Domine;
1499 4185 1678 4256 judico
1727 4195 1968 4237 causam‘

357 4313 536 4350 meam.
566 4292 823 4361 Quoniam
853 4288 903 4340 in
936 4297 984 4340 te
1011 4283 1231 4346 credidi,
1263 4298 1364 4334 non
1395 4293 1638 4347 peream;
1667 4277 1786 4344 quia
1812 4291 1929 4330 cre—

355 4388 461 4442 didi
493 4385 631 4454 quod
662 4397 762 4436 non
810 4378 913 4432 vidi
939 4418 952 4435 .
983 4390 1074 4442 spe
1116 4388 1231 4426 mea
1274 4388 1376 4423 non
1418 4369 1568 4422 fallar
1594 4369 1611 4396 ¹
1631 4408 1646 4431 ,
1675 4366 1926 4434 accipiam

356 4479 494 4549 quod
524 4471 808 4546 promisisti
835 4486 848 4534 ;
891 4467 1080 4522 Judica
1104 4479 1304 4517 causam
1334 4476 1511 4513 ineam.
1551 4457 1798 4510 Memento
1838 4474 1930 4526 op-

357 4548 670 4640 probriorum
715 4573 951 4622 tuorum;
991 4571 1160 4610 eorum
1204 4567 1316 4622 qua:
1357 4551 1419 4603 ab
1461 4548 1772 4618 imprudente
1812 4557 1929 4600 sunt

355 4637 455 4712 tota
483 4657 580 4708 die.
611 4653 794 4707 Adhuc
818 4649 957 4703 enim
1001 4646 1278 4700 insultatur
1303 4641 1543 4704 Christo;
1572 4654 1669 4691 nec
1705 4637 1929 4693 deerunt

357 4760 461 4802 tota
490 4747 574 4800 die
598 4787 610 4808 ,
643 4745 741 4797 hoc
779 4750 859 4795 cst.
907 4753 1069 4807 usque
1119 4736 1168 4788 in
1220 4734 1374 4785 linem
1420 4729 1597 4783 saeculi
1621 4770 1635 4794 ,
1664 4744 1785 4782 vasa
1815 4731 1924 4782 irze.

357 4839 543 4893 Adhuc
586 4837 777 4888 dicitur-
815 4852 826 4885 :
864 4829 1004 4882 Vana
1054 4825 1341 4897 prasdicant
1383 4821 1706 4885 Christiani;
1755 4821 1930 4877 adhuc

356 4932 547 4983 dicitur
581 4945 592 4980 :
624 4927 797 4980 Inanis
840 4931 920 4977 est
974 4919 1289 4974 resurrectio
1340 4926 1690 4968 mortuorum.
1743 4912 1928 4966 Judica

355 5036 561 5075 causam
609 5031 814 5071 meam:
849 5021 1088 5066 memento
1137 5008 1517 5078 opprobriornm
1567 5015 1782 5057 tuorum.
1824 5003 1926 5058 Sed

355 5127 577 5182 quorum
608 5109 704 5160 nisi
745 5121 912 5160 eorum
938 5119 1050 5172 qua:
1073 5103 1136 5154 ab
1179 5099 1492 5166 imprudente
1528 5106 1641 5150 sunt
1682 5107 1784 5148 tota
1809 5098 1928 5148 die?
1980 5137 2001 5148 ι

354 5200 623 5271 Numquid
647 5198 874 5268 prudens
896 5196 994 5248 hoc
1015 5192 1178 5247 dicit?
1206 5189 1444 5245 Prudens
1466 5189 1604 5242 enim
1626 5187 1799 5242 dictus
1824 5198 1924 5249 est,

356 5295 527 5350 Porro
545 5292 731 5347 videns
759 5305 772 5340 :
805 5289 846 5342 si
879 5277 1110 5357 prudens
1155 5298 1310 5353 porro
1347 5281 1532 5338 videns
1552 5322 1566 5346 ,
1595 5279 1697 5334 ﬁde
1727 5280 1930 5333 videtur

357 5401 541 5457 porro:
577 5398 694 5435 nant
722 5379 889 5433 oculis
913 5379 998 5431 vix
1028 5386 1150 5430 ante
1179 5373 1340 5444 pedes
1365 5372 1570 5426 videtur
1599 5380 1702 5423 tota
1721 5370 1819 5422 die.

425 5478 512 5530 ‘36.
550 5467 695 5539 lvers.
725 5470 840 5543 9.5.]
873 5468 952 5523 Ne
981 5467 1284 5521 obliviscaris
1313 5481 1477 5516 recent
1507 5463 1527 5493 ³
1557 5460 1927 5530 deprecantium
1974 5503 1988 5513 .

355 5580 419 5622 te.
455 5562 934 5637 lngetnisceutium.
964 5569 1017 5613 et
1043 5556 1459 5626 exspectantium
1486 5553 1594 5621 jam
1626 5551 1764 5622 quod
1798 5567 1924 5621 pro-

421 5687 432 5712 ²
463 5683 542 5728 uir.
562 5677 674 5725 tidd.
701 5675 894 5727 addunt,
915 5670 1004 5721 ita
1033 5683 1050 5718 :
1074 5682 1182 5732 qua:
1206 5681 1293 5732 vox
1317 5680 1344 5714 a
1366 5673 1470 5715 Mss.
1496 5666 1650 5714 abest.

419 5746 436 5773 ἰ
455 5742 619 5790 t'lures
642 5746 765 5791 διεδ..
791 5749 896 5797 spes
921 5746 1023 5782 mea
1047 5730 1137 5779 utin
1160 5730 1311 5797 ﬂtltat.

422 5806 440 5836 ³
459 5820 528 5852 sie
675 5791 977 5864 justam-aee.
1006 5801 1130 5842 Lxx.
1157 5791 1209 5843 At
1233 5791 1364 5854 md,
1390 5801 1536 5840 rores.

1440 335 1834 394 ΕΝΑΒΒΑἸΊΟ
1872 338 1936 393 lN
1977 339 2291 401 PSALMUM
2330 348 2559 403 LXXIV.

3525 366 3628 419 946

2070 457 2255 511 misisti
2287 459 2354 514 de
2381 461 2526 516 Novo
2567 463 2923 532 'l'esutmeuto,
2956 479 3008 522 et
3035 470 3098 523 ad
3132 470 3295 539 ipsam
3329 475 3484 531 fidem
3512 497 3630 532 am-

2064 545 2372 614 bulantium,
2416 569 2479 605 ne
2502 553 2806 611 obliviscaris
2836 575 3000 612 vocem
3027 560 3399 630 deprecantium
3425 579 3490 621 te.
3521 570 3628 626 Sed

2060 639 2132 692 illi
2160 641 2332 697 adlmc
2356 643 2539 700 dicunt
2562 667 2574 700 :
2601 646 2699 703 Ubi
2731 658 2811 704 est
2841 651 2974 705 Deus
2996 654 3160 708 tuus?
3187 655 3435 726 Superbia
3455 678 3626 716 eorum

2057 732 2141 798 qui
2168 740 2214 784 te
2233 734 2463 795 oderunt,
2488 739 2720 792 ascendat
2741 742 2755 772 ⁸
2780 757 2974 811 semper
2999 744 3064 796 ad
3099 755 3146 798 te
3168 761 3186 800 :
3211 747 3327 802 Noli
3358 760 3411 802 et
3438 766 3622 808 eorum

2019 805 2354 891 ‘superhiam
2400 828 2658 882 oblivisci.
2710 831 2815 886 Nec
2862 834 3191 891 obliviscitur
3223 855 3236 892 :
3268 840 3484 896 omnino
3532 855 3626 899 aut

2058 915 2224 982 punit,
2266 926 2357 971 aut
2385 921 2618 990 corrigit.

2894 973 2919 992 μ

2079 1069 3458 1097 Ἣ*

2459 1145 2535 1204 1N
2579 1147 2952 1211 PSALMUM
2996 1153 3261 1214 LXXIV

2653 1266 3062 1324 ENAliliATlO.

2586 1393 2753 1433 SEllMU
2785 1396 2851 1433 AD
2881 1397 3100 1436 PLEBEJI‘.

2123 1487 2170 1540 l.
2200 1485 2347 1557 [νει-δ.
2383 1487 2456 1560 1.]
2488 1489 2729 1544 Psalmus
2761 1493 2858 1546 iste
2889 1497 3080 1548 tumori
3109 1499 3370 1566 superbiae
3404 1503 3621 1558 medici-

2049 1593 2168 1630 nam
2214 1579 2524 1634 humilitatis
2549 1593 2809 1651 apportat,
2845 1587 3066 1640 humiles
3095 1600 3271 1644 autem
3314 1595 3622 1650 consolatur

2048 1669 2100 1722 iu
2134 1685 2229 1738 spe
2260 1687 2271 1722 :
2305 1670 2406 1725 hoc
2448 1688 2628 1742 agens.
2663 1683 2716 1726 ut
2760 1690 2826 1730 ne
2871 1677 3145 1747 quisquam
3178 1685 3403 1750 superbe
3449 1686 3517 1740 de
3565 1703 3622 1742 se

2048 1774 2350 1845 pra‘sumat,
2398 1781 2464 1820 ne
2489 1767 2764 1838 quisquam
2814 1769 3026 1825 humilis
3073 1775 3139 1828 de
3166 1777 3387 1832 Domino
3428 1778 3618 1848 chpe-

2045 1863 2143 1907 rct.
2200 1855 2292 1908 Est
2331 1858 2470 1910 enim
2529 1861 2806 1927 promissio
2862 1863 2953 1917 Dei
2999 1874 3131 1928 rata,
3184 1877 3359 1932 certa,
3409 1870 3513 1923 lixa
3565 1883 3619 1926 ct

2047 1948 2374 2014 inconcussa,
2419 1951 2586 2005 ﬁdelis
2617 1963 2670 2007 et
2708 1957 2851 2008 omni
2898 1955 3225 2012 dubitatione
3252 1975 3469 2026 carens,
3501 1979 3620 2032 qua:

2044 2040 2344 2093 Consolatur
2386 2041 2630 2096 afﬂictos.
2679 2043 2810 2098 Tota
2854 2048 2994 2100 enim
3041 2048 3141 2100 vita
3203 2050 3426 2103 humana
3469 2069 3624 2120 super

2045 2138 2248 2198 terram,
2279 2133 2416 2186 sicut
2440 2135 2691 2204 scriptum
2737 2146 2834 2201 est,
2890 2140 3095 2192 tentatio
3130 2150 3201 2193 est
3241 2141 3371 2210 (Job
3403 2160 3493 2208 vn,
3527 2144 3616 2216 1).

2042 2220 2150 2275 Nec
2176 2224 2322 2292 quasi
2356 2241 2607 2294 prospera
2639 2227 2878 2296 eligenda
2910 2239 3019 2294 est,
3046 2238 3098 2282 et
3127 2230 3237 2282 sola
3263 2232 3485 2287 adversa
3519 2235 3616 2288 de-

2044 2314 2254 2368 vitanda
2285 2334 2296 2369 :
2322 2317 2413 2370 sed
2443 2326 2660 2386 utraque
2684 2320 2914 2374 cavenda
2937 2331 3018 2374 est
3041 2338 3055 2385 ;
3090 2322 3173 2374 illa
3199 2339 3263 2377 ne
3288 2338 3614 2396 corrumpat,

2042 2405 2140 2459 ista
2171 2421 2236 2458 ne
2267 2404 2509 2475 frangat;
2539 2419 2594 2460 ttt
2624 2409 2902 2478 uniettique
2944 2408 3232 2475 hmniuum,
3267 2414 3318 2467 in
3356 2431 3613 2484 quocum-

2041 2515 2142 2568 que
2167 2506 2304 2552 statu
2333 2515 2506 2553 rerum
2538 2500 2586 2552 in
2629 2499 2725 2554 hac
2753 2502 2854 2554 vita
2886 2504 3073 2570 egerit,
3125 2520 3226 2556 non
3258 2505 3326 2558 sit
3355 2506 3616 2578 refugiunt

2039 2590 2140 2644 nisi
2171 2590 2328 2654 Deus,
2375 2607 2470 2646 nec
2500 2591 2663 2645 ullum
2690 2593 2936 2662 gaudium
2967 2594 3062 2648 nisi
3095 2596 3142 2648 in
3173 2597 3445 2664 promissis
3475 2600 3610 2669 ejus.

2039 2681 2155 2734 Vita
2199 2683 2337 2734 enim
2368 2680 2481 2736 haec
2526 2682 2756 2751 qualibet
2799 2683 3102 2738 redundans
3130 2685 3376 2743 felicitate
3422 2691 3618 2747 multos

2039 2770 2208 2836 fallit;
2240 2773 2377 2826 Deus
2405 2773 2693 2826 nemiuem.
2733 2774 2864 2840 Quia
2909 2789 3037 2844 ergo
3066 2775 3208 2830 omni
3251 2777 3449 2833 homini
3479 2797 3612 2836 con-

2037 2870 2191 2908 verso
2221 2854 2286 2908 ad
2311 2855 2471 2909 Deum
2502 2865 2734 2909 mutatur
2758 2857 3040 2912 delectatio
3061 2901 3073 2923 ,
3103 2871 3371 2929 mutantur
3405 2864 3607 2921 delicia:

2037 2945 2166 3014 (non
2186 2945 2323 3000 enim
2343 2946 2742 3013 subtrahuntur,
2765 2947 2853 3000 sed
2879 2952 3169 3020 mutantur)
3193 2971 3204 3004 :
3225 2969 3409 3008 omnes
3438 2965 3611 3011 autem

2035 3036 2241 3092 deliciae
2281 3045 2474 3090 nostrte
2501 3038 2553 3090 in
2587 3037 2684 3090 hac
2715 3037 2836 3099 vita,
2882 3039 3114 3093 nondum
3159 3052 3282 3096 sunt
3311 3044 3361 3096 in
3394 3061 3487 3108 re;
3519 3048 3614 3106 sed

2039 3128 2148 3197 ipsa
2175 3143 2297 3196 spes
2323 3137 2427 3201 tam
2454 3136 2595 3181 certa
2623 3136 2721 3192 est,
2769 3137 2819 3181 ut
2847 3129 3106 3185 omnibus.
3129 3131 3285 3202 hujus
3311 3135 3489 3189 sicculi
3515 3137 3612 3192 de-

2036 3219 2168 3273 liciis
2194 3217 2549 3289 prarpouenda
2581 3217 2667 3281 sit,
2696 3218 2830 3271 sicut
2860 3220 3114 3289 scriptum
3142 3233 3243 3288 est,
3269 3223 3530 3280 Delectare
3560 3228 3615 3282 in

2036 3308 2272 3362 Domino.
2308 3310 2371 3362 Et
2399 3325 2462 3362 ne
2495 3317 2705 3377 putares
2737 3318 2786 3363 te
2811 3309 2919 3378 jam
2945 3311 3139 3367 habere
3167 3314 3302 3384 quod
3331 3320 3611 3385 promittit,

2035 3401 2257 3470 subjecit
2282 3400 2480 3464 statim,
2511 3399 2577 3452 Et
2601 3400 2738 3452 dabit
2762 3401 2849 3454 tibi
2876 3403 3134 3470 petitiones
3161 3406 3323 3459 cordis
3345 3410 3417 3460 tui
3441 3407 3608 3477 (Psal.

2036 3507 2218 3551 XXXVI,
2251 3491 2325 3559 4).
2365 3490 2417 3544 Si
2464 3505 2590 3560 ergo
2637 3491 2866 3544 nondum
2901 3491 3061 3546 habes
3109 3493 3388 3560 petitiones
3435 3499 3612 3555 cordis

2039 3582 2131 3645 ttti,
2175 3581 2312 3633 unde
2341 3580 2620 3633 delectaris
2651 3582 2700 3632 in
2731 3581 2975 3646 Domino,
3023 3583 3122 3634 nisi
3167 3585 3286 3652 quia
3322 3595 3468 3641 tenes
3497 3606 3614 3643 cer-

2037 3685 2143 3726 tum
2175 3674 2568 3740 promissm'cm,
2608 3673 2693 3738 qui
2739 3688 2798 3727 se
2826 3672 2995 3727 cchcit
3023 3677 3378 3744 promittendo
3404 3680 3611 3735 debito—

2037 3764 2186 3818 rem?
2217 3764 2380 3831 llujus
2407 3765 2565 3831 igitur
2590 3762 2975 3831 deprcmtionis
3007 3775 3062 3817 ut
3094 3778 3401 3834 permaneat
3432 3771 3611 3824 nobiS«

2035 3873 2154 3910 cum
2175 3872 2298 3923 Spes
2327 3867 2525 3920 nostra,
2558 3865 2609 3908 et
2637 3854 3032 3910 introducantur
3053 3859 3103 3910 in
3132 3857 3181 3911 id
3210 3860 3345 3927 quod
3370 3863 3610 3929 promisit

2039 3949 2192 4010 Deus,
2228 3947 2458 4015 loquitur
2484 3946 2664 4000 titulus
2693 3945 2844 4014 hujus
2873 3946 3057 4015 psalmi
3090 3964 3101 3999 :
3132 3947 3197 4002 In
3238 3950 3388 4018 ﬁnem
3411 3969 3472 4006 ne
3497 3970 3613 4008 cor-

2035 4055 2259 4106 rumpas.
2309 4037 2443 4102 Quid
2470 4048 2570 4102 est,
2626 4053 2687 4090 ne
2728 4037 3065 4107 corrumpas?
3087 4039 3234 4107 Quod
3282 4042 3566 4111 promisisti
3592 4087 3616 4112 ,,

2035 4131 2244 4184 exhibe.
2275 4128 2377 4182 Sed
2404 4126 2654 4198 quando?
2680 4125 2743 4180 In
2771 4128 2940 4194 liuent.
2971 4129 3094 4184 Illuc
3121 4145 3247 4200 ergo
3268 4135 3459 4187 mentis
3487 4150 3613 4189 ocu-

2037 4222 2116 4274 lus
2136 4220 2424 4290 dirigatur;
2454 4220 2505 4271 in
2532 4220 2681 4287 ﬁnem
2706 4234 2724 4271 :
2743 4220 2919 4272 omnia
2944 4223 3061 4289 qua:
3079 4221 3130 4274 in
3155 4223 3231 4274 via
3257 4226 3608 4292 occurrerint,

2036 4322 2389 4378 trausvantur,
2411 4321 2464 4363 ut
2479 4311 2816 4379 perveniatur
2835 4312 2884 4363 in
2902 4314 3080 4366 liuent.
3104 4313 3374 4368 Exsullcut
3393 4318 3607 4384 superbi

2033 4404 2099 4459 de
2146 4403 2389 4473 praesenti
2434 4402 2718 4467 felicitate;
2759 4412 2991 4457 tumeant
3039 4405 3347 4468 honoribus,
3379 4405 3611 4477 fulgeant

2032 4511 2182 4560 auro,
2229 4493 2523 4547 redundent
2552 4491 2782 4558 familiis,
2825 4492 3091 4563 obsequiis
3115 4495 3382 4552 clientiutu
3413 4499 3611 4552 consti-

2036 4595 2261 4654 pcntur:
2289 4592 2609 4654 prartereunt
2635 4583 2731 4636 ista
2760 4599 2773 4644 ;
2817 4592 3091 4637 transeunt.
3121 4593 3366 4654 tauquam
3400 4588 3605 4642 umbra.

2035 4678 2162 4730 Cum
2187 4676 2274 4728 ille
2297 4673 2414 4727 linis
2441 4674 2661 4740 venerit,
2691 4672 2777 4726 ubi
2799 4688 2983 4727 omnes
3009 4675 3097 4743 qui
3126 4675 3282 4730 modo
3309 4677 3358 4728 in
3385 4677 3608 4736 Domino

2035 4775 2249 4825 sperant
2277 4764 2562 4835 gaudeant,
2612 4774 2734 4816 tunc
2765 4763 2868 4816 illis
2899 4764 3072 4818 veniet
3100 4765 3213 4819 sine
3241 4767 3344 4822 line
3373 4769 3605 4824 tristitia.

2034 4859 2253 4924 Quando
2301 4858 2602 4926 acceperint
2646 4855 2872 4909 humiles
2915 4857 3053 4925 quod
3094 4857 3318 4913 irrident.
3353 4862 3606 4930 superbi,

2037 4959 2158 5001 tunc
2183 4947 2527 5016 superborum
2556 4947 2749 5015 typhus
2768 4955 3104 5000 convertetur
3133 4946 3184 5000 in
3205 4949 3426 5003 luctutn.
3459 4951 3608 5020 Tunc

2034 5041 2134 5094 erit
2160 5041 2244 5093 illa
2275 5055 2376 5094 vox
2402 5055 2557 5109 quam
2587 5039 2636 5091 in
2667 5039 2802 5092 libro
2831 5039 3112 5108 Sapientia:
3139 5044 3380 5099 novimus
3400 5063 3412 5098 :
3432 5045 3610 5100 dicent.

2033 5134 2172 5185 enim
2205 5140 2328 5184 tunc
2353 5130 2591 5184 videntes
2619 5129 2836 5198 gloriam
2869 5140 3190 5198 sanctorum,
3237 5135 3326 5202 qui
3370 5149 3488 5188 cum
3523 5134 3620 5189 hic-

2035 5222 2459 5284 lnnniliarentur,
2493 5219 2890 5285 toleraverunt;
2932 5221 3018 5290 qui
3063 5237 3180 5274 cum
3225 5223 3308 5277 hic
3353 5223 3612 5275 sublima-

2035 5325 2236 5376 rentur,
2267 5328 2371 5365 non
2397 5319 2728 5376 annueruut;
2764 5322 2884 5364 tunc
2926 5312 3144 5380 ergo‘illi
3167 5312 3342 5366 dicent
3369 5329 3381 5364 :
3411 5311 3611 5366 llisunt

2034 5421 2158 5472 quos
2186 5401 2455 5472 aliquando
2487 5402 2748 5455 [tabuimus
2777 5402 2829 5455 in
2856 5403 3030 5456 risum.
3072 5402 3168 5458 Ubi
3198 5401 3566 5459 etiamdicunt
3590 5419 3606 5458 :

2039 5497 2172 5563 Quid
2219 5496 2358 5547 nobis
2403 5495 2592 5565 profuit
2634 5494 2907 5564 superbia?
2946 5504 2992 5548 et
3039 5494 3322 5545 divitiarum
3357 5494 3615 5563 jactantia

2035 5587 2156 5654 quid
2183 5587 2389 5638 contulit
2418 5585 2554 5639 nobis
2574 5585 2598 5638 ?
2621 5583 2946 5638 Transierunt
2969 5584 3135 5636 omnia
3165 5592 3404 5651 tanquam
3433 5584 3614 5639 uiritim

2099 5721 2113 5750 ³
2135 5718 2271 5830 ἔξειμι,
2297 5721 2524 5772 ascendit.
2561 5726 2606 5768 tt
2629 5719 2843 5780 potiores
2864 5715 3230 5784 Mss.,ascendat
3259 5724 3440 5770 :Grtec.
3479 5726 3605 5782 LXX,

2099 5795 2131 5830 α
2164 5792 2251 5830 (ιω.

2040 5792 2251 5832 anuvaw.

2381 5935 2469 5948 “lc,—
2673 5917 2691 5928 -
