4020 6198
443 339 549 398 9H

446 451 597 519 (δίῳ.
626 467 678 514 v,
710 452 759 511 '5.
786 450 840 516 8,
863 449 940 520 9).
963 448 1093 517 Quia
1120 449 1186 504 de
1205 449 1632 520 corruptibilibus
1658 461 2005 518 prtesuntpse-

442 550 585 600 runt.
606 556 730 612 spes
750 555 930 595 eorum
955 552 1322 610 corrumpetur
1345 558 1360 605 ;
1389 551 1566 599 nostra
1593 556 1717 595 vero
1741 556 1864 609 spes
1888 552 2009 596 tunc

357 626 364 644 ’
441 633 541 686 erit
565 648 666 686 res.
694 632 981 687 Promissio
1005 635 1145 687 enim
1176 633 1265 686 Dei
1295 643 1350 686 ut
1375 643 1590 694 maneat
1613 635 1810 703 integra
1841 644 1895 686 et
1917 632 2010 688 fir-

441 743 523 780 ma
553 736 607 780 et
646 734 791 781 certa
831 740 953 795 erga
1002 740 1119 787 nos.
1166 727 1392 781 diximus
1430 742 1494 779 ex
1524 725 1683 779 corde
1716 727 1729 756 ¹
1771 726 1910 789 fidei,
1942 724 2010 778 In

438 816 609 880 liuent,
638 830 700 869 ne
734 831 1048 885 corrumpas.
1084 815 1200 870 Noli
1231 831 1357 884 ergo
1384 816 1566 870 timere
1593 832 1659 870 ne
1704 814 2011 883 promissio-

440 922 533 961 nes
563 906 655 960 Dei
697 916 1003 975 corrumpat
1028 908 1214 977 aliquis
1243 909 1552 977 potentium.
1596 907 1710 976 Ipse
1752 922 1854 962 non
1884 924 2007 962 cor-

438 997 654 1067 rumpit,
682 996 802 1067 quia
831 1012 990 1050 verax
1016 1008 1133 1057 est;
1165 998 1510 1068 potentiorem
1540 1013 1645 1052 neu
1674 997 1878 1053 habeta
1904 1013 2009 1067 quo

438 1086 551 1155 ejus
604 1088 883 1157 promissio
936 1101 1300 1157 corrumpatur
1332 1107 1345 1143 :
1376 1091 1505 1145 certi
1557 1104 1682 1158 ergo
1730 1090 1893 1143 simus
1942 1089 2009 1144 de

440 1177 715 1246 promissis
734 1179 824 1233 Dei
846 1196 861 1243 ;
891 1188 944 1233 et
958 1187 1231 1235 cantemus
1242 1180 1373 1248 jam,
1391 1182 1527 1234 unde
1546 1180 1727 1249 incipit
1746 1180 2003 1234 Psalmus.

509 1267 565 1322 ‘3.
610 1267 758 1340 [rem
796 1268 876 1342 2.]
919 1251 1275 1338 conﬁtebimur
1301 1271 1419 1335 tibi,
1454 1270 1617 1336 Deus,
1663 1272 2010 1340 conﬁtebimur

444 1359 554 1425 tibi,
583 1370 627 1413 et
652 1361 987 1416 inrocabimus
1006 1376 1189 1416 nomen
1220 1372 1377 1417 tuum.
1434 1363 1550 1419 Noli
1576 1372 1854 1433 antequam
1883 1381 2011 1420 con-

445 1451 648 1505 litearis
677 1451 958 1517 invocare;
989 1452 1260 1519 confitere,
1292 1461 1345 1506 et
1386 1453 1590 1508 invoca.
1640 1454 1788 1509 Illum
1817 1457 2009 1526 quippe

441 1556 596 1609 quem
628 1540 867 1607 invocas,
898 1542 948 1595 in
980 1550 1031 1596 te
1058 1540 1239 1596 vocas;
1276 1542 1409 1608 Quid
1434 1552 1517 1597 est
1543 1544 1682 1597 enim
1713 1545 1959 1601 invocare
1989 1588 2006 1613 ,

444 1632 540 1686 nisi
569 1632 620 1685 in
653 1633 874 1702 teipsum
914 1636 1141 1689 vocare?
1169 1635 1225 1690 Si
1274 1636 1543 1690 invocatur
1567 1652 1595 1691 a
1640 1638 1791 1703 te,‘id
1832 1651 1932 1706 est,
1963 1641 2009 1696 si

443 1730 656 1777 vocatur
683 1723 734 1776 in
783 1733 852 1788 te,
885 1723 949 1778 ad
979 1739 1134 1793 quem
1184 1726 1423 1780 accedit?
1466 1727 1544 1781 Ad
1573 1730 1855 1796 superbum
1903 1747 2013 1787 non

442 1810 660 1866 accedit.
713 1812 866 1867 Certe
902 1813 1039 1868 altus
1088 1823 1205 1879 est;
1252 1830 1356 1870 non
1402 1832 1521 1873 cum
1564 1820 1773 1890 attingit.
1817 1822 2006 1878 elatus.

445 1903 631 1958 Omnia
664 1905 904 1960 sublimia
932 1917 988 1961 ut
1014 1896 1398 1980 contingamus,
1428 1911 1713 1967 attollimus
1731 1929 1862 1981 nos;
1894 1917 2009 1972 etsi

442 1995 699 2064 attingere
747 2012 848 2050 non
898 2013 1195 2067 possumus,
1248 2000 1667 2057 machinamenta
1709 2003 1882 2075 aliqua
1926 2008 2009 2063 vel

445 2086 615 2143 scalas
639 2089 943 2157 quau-imus,
982 2100 1039 2144 ut
1079 2091 1342 2146 sublimati
1362 2094 1604 2148 sublimia
1626 2098 2007 2167 contingamus:

443 2187 624 2231 contra
658 2180 830 2245 Deus;
862 2191 914 2234 et
945 2182 1082 2236 altus
1106 2193 1206 2250 est,
1238 2194 1291 2237 et
1333 2185 1400 2239 ab
1444 2186 1724 2242 humilibus
1750 2192 2009 2261 contingi-

446 2277 546 2321 tur.
580 2268 841 2339 Scriptum
873 2280 972 2338 est,
1005 2270 1175 2342 Prape
1203 2284 1273 2328 est
1300 2273 1546 2331 Dominus
1572 2277 1649 2333 his
1679 2280 1767 2349 qui
1803 2280 2012 2337 obtrive-

443 2367 558 2411 rtmt
580 2375 667 2412 cor
691 2358 861 2427 (Psal.
888 2377 1077 2429 xxxtu,
1099 2362 1186 2422 l9)
1219 2380 1232 2417 :
1262 2364 1442 2418 tritura
1468 2367 1662 2429 cordis,
1693 2369 1878 2437 pietas.
1908 2369 2010 2426 hu-

385 2520 390 2527 .
446 2448 655 2501 militas.
695 2449 795 2516 Qui
848 2465 908 2505 se
955 2452 1217 2518 conterit,
1261 2454 1503 2517 irascitur
1548 2457 1776 2514 sibi:se
1823 2459 2013 2518 habeat

444 2532 654 2605 iratmn,
687 2550 742 2594 ut
788 2541 932 2596 illum
965 2542 1156 2599 habeat
1202 2545 1520 2615 prepitium;
1553 2564 1613 2603 se
1659 2548 1847 2605 habeat
1869 2553 2011 2621 judi-

444 2645 581 2696 rem,
606 2642 660 2685 ut
681 2632 826 2688 illum
844 2633 1039 2690 habeat
1064 2633 1414 2691 defensorem.
1432 2637 1573 2709 Ergo
1588 2640 1855 2698 invocatus
1872 2644 2013 2701 Deus

444 2721 605 2774 venit.
632 2721 712 2776 Ad
736 2738 893 2792 quem
920 2724 1104 2779 venit?
1133 2725 1217 2780 Ad
1234 2728 1518 2798 superbum
1546 2744 1651 2785 non
1677 2732 1841 2787 venit.
1872 2735 2010 2790 Audi

444 2810 580 2865 alittd
607 2812 961 2867 testimonium
991 2831 1005 2866 :
1036 2812 1276 2870 Excelsus
1309 2815 1571 2884 Dominus,
1615 2830 1660 2873 et
1685 2821 1896 2877 humilia
1926 2840 2010 2880 re-

444 2902 621 2970 spicit;
646 2903 837 2958 excelsa
868 2913 1033 2959 autem
1058 2922 1089 2959 a
1114 2904 1259 2979 longe
1286 2910 1537 2979 cognoscit
1574 2910 1745 2979 (Psal.
1776 2929 2005 2983 cxxxvtt,

445 2993 521 3061 ti).
556 2989 795 3048 Excelsus
819 2994 1079 3062 Dominus,
1100 3007 1148 3052 et
1174 2998 1385 3053 humilia
1405 3002 1623 3071 respicit,
1645 3019 1751 3059 non
1775 3006 2004 3079 alonge;

444 3084 649 3139 excelsa
692 3097 920 3141 autema
968 3088 1125 3158 longe
1168 3092 1456 3159 cognoscit.
1504 3093 1572 3147 Et
1599 3108 1665 3149 ne
1710 3095 1842 3152 forte
1886 3112 2007 3155 cum

444 3172 638 3227 dictum
666 3182 808 3229 esset
833 3177 953 3245 quia
980 3176 1198 3232 humilia
1229 3180 1466 3249 respicit,
1512 3185 1723 3252 superbi
1748 3186 1815 3241 de
1840 3188 2012 3258 impu-

446 3266 606 3317 nitate
628 3264 934 3333 gauderent,
957 3267 1101 3336 quasi
1128 3282 1221 3323 eos
1244 3270 1608 3338 superbientes
1630 3287 1735 3327 non
1762 3287 2010 3345 agnoscat

446 3354 612 3424 quiin
664 3354 886 3411 excelsis
926 3355 1164 3423 habitat;
1195 3358 1362 3425 territi
1414 3372 1537 3415 sttnt
1577 3372 1632 3419 et
1661 3363 1872 3421 dictum
1928 3378 2011 3424 est

444 3447 520 3501 eis
551 3466 565 3502 :
598 3446 751 3503 Videt
775 3462 885 3513 vos,
914 3457 969 3504 et
994 3450 1259 3520 cognoscit
1285 3466 1396 3517 vos,
1427 3453 1520 3508 sed
1547 3470 1574 3508 a
1602 3455 1773 3526 longe.
1804 3458 1911 3514 Hos
1933 3459 2012 3514 fa-

445 3537 517 3591 cit
556 3537 738 3593 beatos
777 3538 967 3608 quibus
1008 3541 1322 3611 propinquat
1353 3560 1370 3598 :
1398 3558 1490 3600 vos
1528 3553 1725 3611 autem,
1758 3549 1946 3619 inquit,
1977 3566 2011 3606 o

446 3629 674 3699 superbi.
700 3644 734 3685 ο
752 3630 967 3697 excelsi,
994 3646 1097 3695 non
1117 3633 1265 3687 eritis
1288 3632 1547 3704 impuniti,
1571 3639 1692 3707 quia
1717 3644 2007 3712 cognoscit;

446 3736 548 3773 non
577 3720 723 3775 eritis
747 3721 907 3786 beati,
933 3723 1054 3793 quia
1099 3738 1128 3776 a
1158 3724 1313 3794 longe
1354 3729 1642 3796 cognoscit.
1675 3729 1860 3787 Videte
1884 3747 2011 3803 ergo

443 3812 566 3881 quid
587 3812 780 3883 agatis;
807 3814 926 3883 quia
946 3815 990 3869 si
1012 3817 1270 3886 agnoscit,
1294 3833 1397 3870 non
1416 3818 1656 3888 ignoscit.
1680 3821 1865 3881 Melius
1884 3841 2011 3895 ergo

445 3903 685 3970 ignoscit,
715 3919 871 3972 quam
917 3908 1172 3975 agnoscit.
1208 3908 1341 3974 Quid
1367 3918 1450 3964 est
1489 3912 1627 3965 enim
1660 3913 1827 3981 ipsum
1859 3915 2009 3986 igno-

446 4007 634 4056 scere,
682 3996 794 4048 nis‘r
830 4010 937 4050 non
983 3999 1245 4053 noscere?
1292 3998 1426 4067 Quid
1471 4010 1553 4056 est
1599 4018 1702 4056 non
1749 4009 2009 4062 noscere?

445 4079 556 4135 Non
574 4082 989 4141 animadvertere
1010 4101 1027 4142 :
1049 4102 1168 4140 nam
1187 4100 1240 4144 et
1257 4088 1566 4146 vindicantis
1580 4093 1826 4149 soletdici
1843 4098 2013 4150 anim-

442 4174 703 4230 adversio.
758 4177 894 4231 Audi
944 4187 1180 4234 orantem
1227 4190 1283 4235 ut
1322 4182 1596 4251 ignoscat:
1630 4185 1805 4239 Averte
1830 4188 2010 4254 [aciem

445 4275 582 4319 tuam
607 4283 638 4320 a
663 4268 876 4337 peccatis
905 4270 1026 4323 meis
1058 4267 1225 4339 (Psal.
1259 4288 1307 4334 L,
1341 4273 1450 4341 Η).
1477 4273 1611 4339 Quid
1642 4274 1801 4345 igitur
1825 4277 2006 4341 facies,

443 4357 484 4410 si
515 4358 764 4412 averterit
787 4357 970 4414 faciem
993 4375 1138 4415 suam
1159 4376 1188 4415 a
1214 4362 1297 4416 te?
1323 4363 1596 4417 Molestum
1619 4374 1721 4430 est,
1744 4376 1797 4419 et
1818 4366 1977 4420 timcn
1993 4400 2007 4407 -

441 4445 564 4501 dum
583 4463 649 4504 ne
671 4448 877 4504 deserat
900 4457 971 4506 te.
999 4450 1200 4505 Rursus
1224 4451 1268 4506 si
1296 4451 1479 4508 faciem
1501 4466 1604 4510 non
1618 4453 1827 4521 avertit,
1844 4458 2012 4510 anima

442 4540 685 4596 advertit.
735 4539 889 4596 Novit
918 4541 1020 4596 hoc
1048 4543 1220 4609 Deus,
1261 4553 1432 4612 potest
1460 4544 1560 4600 hoc
1583 4546 1738 4609 Deus,
1780 4558 1834 4602 et
1860 4563 2012 4603 aver-

441 4641 555 4683 tere
584 4631 769 4687 faciem
798 4647 829 4685 a
858 4643 1128 4702 peccante,
1159 4643 1212 4689 et
1250 4649 1355 4688 non
1384 4646 1623 4690 avertere
1645 4651 1674 4690 a
1702 4638 2006 4695 confitente.

444 4720 624 4789 Itaque
652 4723 775 4777 alibi
806 4724 852 4778 ei
893 4724 1085 4780 dicitur
1115 4743 1128 4779 :
1154 4725 1331 4780 Averte
1357 4728 1536 4798 faciem
1566 4738 1701 4782 tuam
1739 4746 1770 4782 a
1797 4733 2011 4800 peccatis

442 4813 601 4878 meis;
627 4822 681 4868 et
705 4816 828 4870 alibi
855 4817 901 4872 ei
933 4817 1124 4872 dicitur
1150 4836 1165 4872 :
1196 4817 1279 4872 Nc
1304 4830 1499 4874 avertas
1525 4819 1703 4889 [aciem
1723 4830 1860 4874 tuam
1882 4837 1915 4874 a
1935 4839 2013 4875 me

442 4902 613 4967 (Psal.
645 4915 798 4971 xxv’t,
823 4906 900 4975 9).
930 4909 1024 4976 lbi,
1053 4912 1092 4964 A
1136 4910 1361 4980 peccatis
1386 4911 1518 4966 meis
1543 4922 1725 4966 averte
1752 4928 1767 4977 ;
1800 4913 1885 4967 hic
1911 4929 2011 4968 att-

444 5004 569 5054 tetn.
605 4996 646 5049 A
674 5011 756 5050 me
784 4998 889 5052 noli
918 5011 1175 5056 avertere.
1203 5000 1467 5057 Confitere
1492 5017 1638 5072 ergo,
1682 5012 1736 5059 et
1779 5003 1964 5060 invoca
1993 5023 2006 5057 :

443 5087 744 5143 confitendo
768 5088 907 5143 enim
933 5091 1155 5147 mundas
1178 5094 1429 5162 templum
1468 5108 1574 5163 quo
1597 5094 1772 5148 veniat
1801 5094 2013 5149 invoca-

345 5249 353 5260 Ι
446 5189 547 5233 tus.
578 5178 862 5242 Confitere,
910 5188 964 5234 et
999 5183 1201 5238 invoca.
1233 5188 1451 5239 Avertat
1493 5183 1678 5239 faciem
1722 5201 1752 5240 a
1779 5186 2012 5254 peccatis

444 5271 543 5323 luis
569 5288 583 5334 ;
614 5286 715 5325 non
741 5279 945 5326 avertat
968 5286 998 5325 a
1030 5282 1079 5326 te
1110 5291 1125 5328 :
1152 5283 1357 5329 avertat
1381 5274 1563 5330 faciem
1592 5276 1659 5330 ab
1685 5292 1749 5330 eo
1775 5275 1913 5343 quod
1954 5284 2007 5330 tu

445 5362 651 5422 fecisti;
687 5377 790 5417 non
818 5370 1020 5416 avertat
1061 5363 1128 5416 ab
1167 5380 1230 5418 eo
1259 5352 1396 5433 quod
1427 5367 1540 5435 ipse
1569 5366 1707 5420 fecit.
1753 5365 1828 5420 Te
1867 5366 2006 5420 enim

448 5455 713 5509 hominem
747 5455 857 5524 ipse
905 5452 1065 5515 fecit;
1096 5464 1306 5523 peccata
1359 5465 1441 5508 tua
1469 5457 1580 5525 ipse
1609 5456 1795 5513 fecisti.
1825 5457 2006 5511 Confi-

447 5556 555 5599 tere
602 5563 746 5615 ergo,
788 5556 841 5602 et
871 5547 1051 5603 invoca
1079 5562 1092 5611 ;
1122 5546 1205 5601 die
1234 5564 1246 5599 :
1279 5545 1630 5615 Conﬁtebimttr
1667 5550 1783 5615 tibi,
1828 5550 1958 5607 Deus
1987 5567 2009 5606 :

444 5637 786 5700 Ctuq’i't'btutttr
816 5638 921 5691 (ibi.

511 5753 523 5779 ‘
550 5762 751 5805 quatuor
778 5762 863 5803 T-Iss
888 5792 899 5810 .
926 5767 1019 5805 0:12.

1627 338 1681 391 S.
1722 328 2083 390 AUGUSTIN!
2125 330 2418 392 EPISCOPI

3576 346 3689 402 θίδ

2184 448 2218 501 5
2267 446 2381 516 ipsa
2409 449 2672 517 repetitio,
2700 452 3035 517 centirmatio
3061 464 3161 513 est.
3195 472 3262 511 ne
3289 467 3339 511 te
3378 456 3692 517 confessum

2116 551 2233 592 esse
2258 538 2527 607 paeniteat.
2573 540 2686 594 Non
2713 542 2853 595 enim
2881 542 3034 597 alicui
3062 543 3260 599 crudeli
3289 547 3570 601 confessus
3599 562 3684 608 es;

2115 643 2218 682 non
2250 629 2423 693 ultori,
2460 644 2563 684 non
2593 630 2890 687 insultatori
2921 651 2935 688 :
2963 634 3217 690 confitere
3260 651 3497 691 securus.
3544 638 3685 692 Audi
3766 672 3767 677 η

2115 721 2270 775 aliam
2315 737 2497 777 vocem
2539 724 2723 793 psalmi
2762 725 3129 783 adhortantem
3163 745 3175 781 :
3204 728 3522 798 Canﬁtemiui
3570 730 3689 785 Do-

2115 812 2268 874 mino,
2300 814 2535 882 quoniam
2561 814 2717 869 bonus
2738 824 2811 870 est
2840 814 3007 886 (Psal.
3039 832 3125 881 cv,
3156 819 3206 883 Ι,
3233 830 3280 873 et
3301 835 3407 886 CVI,
3434 821 3509 892 Ι).
3541 821 3684 890 Quid

2115 912 2213 963 est.
2241 905 2474 973 quoniam
2508 904 2665 961 bonus
2693 908 2802 963 est?
2835 907 2971 976 Quid
2996 908 3192 963 timetis
3209 909 3688 967 confiteri?bonus

2114 1006 2192 1049 est
2217 1012 2233 1060 ;
2261 996 2484 1066 ignoscit
2510 999 2800 1055 confitenti.
2832 1001 2980 1055 'l'ime
3003 1001 3241 1057 confiteri
3263 1002 3423 1072 jndici
3455 1006 3687 1072 homini,

2122 1102 2189 1140 ne
2232 1085 2365 1142 forte
2394 1088 2692 1144 confessum
2724 1090 2941 1159 puniat;
2970 1091 3078 1146 Deo
3106 1093 3213 1146 noli
3243 1109 3256 1145 :
3285 1093 3365 1149 fac
3381 1094 3691 1149 confitendo

2115 1179 2418 1249 propitium,
2443 1195 2599 1250 quem
2624 1180 2863 1251 negando
2891 1198 2997 1237 non
3027 1182 3154 1238 facis
3183 1184 3437 1239 nesciunt.
3459 1185 3689 1253 Con/itc-

2114 1268 2276 1323 bimur
2302 1271 2408 1333 tibi,
2436 1268 2608 1335 Deus;
2635 1270 2998 1341 conﬁtebimur,
3028 1283 3073 1327 et
3099 1275 3272 1329 securi
3293 1275 3400 1345 jam
3428 1276 3689 1330 invocabi-

2114 1376 2224 1416 mus
2241 1377 2421 1415 nomen
2448 1371 2610 1419 tuum.
2632 1361 2979 1417 Exhausimus
2999 1363 3156 1419 corda
3182 1374 3357 1420 nostra
3385 1367 3688 1422 confessio-

2114 1467 2218 1517 ne;
2249 1453 2503 1518 terrnisti,
2534 1453 2818 1507 mandasti.
2846 1453 3123 1509 Confessio
3147 1470 3244 1511 nos
3270 1456 3496 1513 humiles
3517 1457 3642 1513 facit
3666 1499 3683 1520 ,

2115 1545 2401 1613 propinqua
2432 1543 2737 1611 humilibus,
2766 1545 2853 1615 qui
2880 1546 3087 1603 recedis
3109 1546 3177 1601 ab
3202 1548 3449 1603 excelsis.
3478 1548 3689 1625 Firma-

2114 1636 2349 1682 mentum
2374 1636 2549 1683 autem
2590 1643 2709 1683 esse
2752 1630 3027 1684 sententiae
3052 1630 3107 1683 in
3142 1632 3476 1701 repetitione,
3502 1634 3688 1686 multis

2112 1718 2500 1790 Scripturarum
2542 1721 2672 1778 locis
2699 1721 2969 1777 docemur.
2998 1722 3123 1778 Inde
3145 1732 3229 1779 est
3253 1723 3394 1795 quod
3426 1725 3688 1780 Dominus

2112 1813 2206 1879 ait,
2230 1812 2390 1869 Amen
2417 1829 2561 1867 amen
2588 1812 2764 1886 (lacn.
2790 1829 2829 1880 ι,
2858 1813 2969 1885 51).
3017 1812 3142 1869 Inde
3169 1814 3223 1869 in
3247 1814 3512 1884 aliquibus
3541 1816 3687 1883 psal-

2113 1902 2234 1968 mis,
2266 1900 2405 1968 Ftat,
2436 1902 2527 1970 ﬁat
2562 1901 2735 1971 (Psal.
2764 1918 2918 1969 Lxxt,
2950 1903 3037 1969 l9,
3081 1912 3130 1957 et
3166 1919 3416 1970 Lxxxvut,
3447 1904 3538 1975 55)
3570 1923 3583 1958 :
3613 1906 3685 1959 ad

2113 1993 2548 2063 significationem
2575 1995 2650 2048 rei
2676 1991 2945 2049 sufficeret
2984 2009 3144 2048 unum
3176 1994 3302 2063 ﬁat;
3326 1994 3392 2048 ad
3416 1994 3686 2064 significa-

2114 2083 2333 2138 tionem'
2358 2082 2621 2137 firmitatis
2663 2082 2886 2139 accessit
2924 2083 3147 2139 alterum
3173 2084 3283 2152 fiat.
3329 2083 3440 2139 Rex
3471 2082 3684 2155 tEgypti

2113 2172 2340 2241 Pharao,
2367 2173 2533 2228 nostis
2550 2173 2691 2243 quod
2716 2188 2835 2228 cum
2858 2172 2927 2229 ibi
2951 2173 3057 2244 jam
3081 2183 3223 2230 esset
3241 2174 3437 2244 Joseph
3467 2189 3684 2245 propter
3710 2196 3719 2205 η

2114 2264 2375 2334 pudicitia:
2402 2279 2638 2320 amorem
2661 2264 2893 2320 inclusus
2917 2265 2970 2320 in
2999 2280 3229 2331 carcere,
3259 2266 3388 2321 vidit
3412 2268 3679 2322 somnium

2115 2354 2253 2410 idem
2281 2355 2486 2410 Pharao
2513 2362 2695 2410 notum
2719 2356 3139 2412 omnibusnobis
3161 2375 3175 2412 :
3198 2372 3228 2411 a
3255 2366 3459 2426 septem
3487 2360 3686 2413 macris

2114 2457 2451 2517 consumptas
2477 2432 2596 2503 es'se
2623 2456 2824 2518 septem
2864 2440 3026 2505 boves
3053 2448 3312 2520 pingues;
3337 2459 3391 2505 et
3418 2466 3625 2518 rursus,
3648 2468 3683 2507 a

2114 2548 2316 2608 septem
2340 2540 2502 2608 spicis
2520 2540 2746 2596 exilibus
2769 2550 3109 2610 consumptas
3131 2555 3250 2596 esse
3274 2554 3477 2611 septem
3504 2544 3686 2599 fecun-

2114 2631 2228 2685 das.
2257 2631 2322 2686 Et
2346 2631 2472 2702 quid
2497 2641 2579 2687 est
2602 2633 2973 2702 interpretatus
2994 2630 3233 2702 Joseph'.’
3261 2631 3317 2688 Si
3344 2634 3685 2700 meministis,

2115 2738 2222 2779 non
2263 2721 2369 2778 duo
2408 2731 2533 2777 sunt
2572 2726 2675 2778 ista
2703 2723 2929 2788 somnia,
2972 2721 3067 2778 sed
3095 2723 3264 2776 visum
3296 2739 3478 2777 unum.
3513 2743 3533 2777 ι
3568 2724 3685 2780 Una

2114 2822 2215 2880 est,
2250 2832 2270 2867 t
2299 2814 2484 2884 inquit,
2522 2830 2543 2865 ι
2570 2813 2932 2883 interpretatio
2959 2826 3142 2868 eorum
3174 2811 3308 2867 :sed
3328 2813 3466 2883 quod
3493 2829 3684 2870 rursus

2114 2905 2311 2971 vidisti,
2341 2925 2361 2958 ι
2386 2905 2511 2970 ait,t
2544 2903 2609 2958 ad
2628 2902 3089 2959 confirmationem
3111 2903 3252 2958 valet
3278 2922 3298 2956 ι
3322 2903 3471 2976 (Gen.
3502 2921 3602 2967 xu,
3621 2907 3681 2961 l-

2115 2995 2227 3070 52).
2252 2997 2378 3052 Haec
2387 2996 2492 3050 dixi
2514 3004 2572 3049 ut
2587 3009 2691 3050 non
2707 2995 2899 3065 putetis
2911 2995 3278 3065 repetitionem
3298 2995 3349 3048 in
3371 2996 3542 3050 verbis
3559 3012 3684 3051 saa-

2114 3096 2213 3143 cta:
2233 3087 2444 3158 lingua},
2464 3086 2610 3156 quasi
2633 3084 2960 3155 loquacitatis
2975 3098 3095 3140 esse
3112 3085 3422 3154 appetitum.
3445 3085 3593 3155 Smpc
3611 3087 3685 3142 ibi

2114 3178 2355 3250 repetitio
2377 3175 2693 3232 firmamenti
2714 3175 2870 3230 habet
2898 3175 3020 3229 vim.
3053 3194 3074 3229 ι
3101 3174 3346 3230 Paratum
3368 3192 3461 3231 cor
3482 3193 3685 3243 metuit,

2115 3273 2273 3337 Deus,
2310 3291 2329 3325 ι
2364 3271 2567 3342 inquit;
2617 3287 2637 3322 t
2685 3277 2923 3339 paratum
2967 3282 3064 3323 cor
3090 3282 3264 3324 meum
3299 3287 3318 3320 ι
3355 3267 3525 3333 (Ρεαι.
3555 3285 3639 3325 ut
3665 3311 3682 3332 .

2115 3364 2192 3436 8).
2217 3364 2332 3419 Alio
2348 3362 2465 3417 loco
2489 3359 2651 3415 dicit:
2685 3377 2705 3411 ι
2737 3357 2949 3414 Sustine
2975 3358 3273 3422 Dominum,
3295 3359 3521 3413 viriliter
3544 3376 3639 3428 age
3663 3376 3683 3425 ;

2114 3464 2169 3511 ct
2194 3453 2519 3511 coufortetur
2544 3464 2637 3505 cor
2665 3458 2832 3513 tuum,
2859 3459 2914 3504 et
2940 3449 3141 3504 sustine
3162 3449 3437 3503 Dominum
3466 3468 3485 3502 ι
3514 3449 3680 3521 (Psat.

2117 3561 2261 3611 xxvt,
2280 3542 2391 3616 14).
2418 3528 2819 3597 Innumerabilia
2845 3540 2967 3595 talia
2989 3548 3112 3594 sunt
3131 3554 3223 3609 per
3240 3554 3427 3596 omnes
3448 3540 3684 3609 Scriptu~

2115 3654 2221 3693 ras.
2273 3635 2364 3690 llis
2408 3632 2601 3689 sufficit
2645 3631 3048 3687 commendasse
3097 3644 3197 3684 nos
3241 3631 3390 3685 vobis
3435 3631 3683 3700 loquendi

2114 3744 2300 3799 genus,
2326 3725 2467 3798 quod
2494 3724 2784 3780 observetis
2822 3722 2873 3776 in
2902 3722 3145 3776 omnibus
3174 3722 3434 3777 similibus
3468 3741 3483 3777 :
3525 3724 3687 3778 modo

2114 3821 2180 3874 ad
2209 3835 2319 3875 rem
2342 3816 2617 3873 advertite.
2648 3814 3003 3884 Conﬁtebimur
3038 3813 3145 3877 tibi,
3191 3812 3377 3883 inquit,
3403 3822 3451 3867 et
3480 3814 3685 3868 invoca-

2114 3913 2291 3965 bimus.
2311 3910 2429 3965 Dixi
2455 3922 2618 3978 quare
2641 3915 2762 3960 ante
2788 3903 3170 3959 invocationem
3202 3903 3450 3973 prtecedit
3471 3906 3684 3960 confes-

2114 4004 2193 4058 sio
2226 4021 2239 4058 :
2267 4002 2387 4071 quia
2415 4014 2569 4070 quem
2601 3998 2846 4063 invocas,
2898 3997 3105 4050 invitas.
3139 3995 3331 4050 Venire
3359 4008 3536 4051 autem
3577 4015 3683 4053 non

2114 4095 2226 4147 vult
2269 4093 2560 4154 invocatus,
2589 4087 2636 4143 si
2679 4096 2731 4141 tu
2760 4086 2921 4141 fueris
2950 4086 3120 4141 elatus
3160 4103 3173 4138 :
3203 4086 3372 4140 elatus
3398 4088 3441 4140 si
3479 4090 3640 4143 fueris
3664 4132 3683 4155 ,

2114 4186 2351 4241 confiteri
2380 4201 2485 4240 non
2512 4184 2750 4255 poteris;
2798 4195 2896 4236 nec
2926 4195 2987 4235 ea
3018 4195 3176 4251 negas
3213 4181 3320 4234 Deo
3344 4196 3463 4249 qua:
3489 4183 3682 4235 nescit.

2115 4278 2293 4349 Itaque
2327 4275 2590 4332 confessio
2636 4281 2723 4327 tua
2768 4286 2872 4326 non
2915 4270 3061 4326 illum
3091 4269 3266 4337 docet,
3305 4270 3400 4326 sed
3443 4279 3495 4325 te
3525 4288 3684 4326 mun-

2114 4371 2222 4425 dat.

2182 4465 2238 4518 4.
2276 4461 2345 4516 Et
2366 4460 2473 4530 jam
2513 4457 2789 4515 confessus
2832 4465 2933 4521 est,
2974 4455 3234 4509 invocavit
3265 4474 3279 4509 :
3310 4445 3417 4508 into
3448 4455 3682 4510 confessi

2115 4563 2256 4616 sunt,
2312 4553 2718 4611 invocaverunt;
2768 4556 2822 4603 et
2871 4546 3063 4600 dicitur
3100 4560 3164 4600 ex
3209 4559 3437 4616 persona
3485 4546 3682 4610 unius,

2115 4645 2378 4699 Enarrubo
2400 4643 2568 4698 omnia
2585 4641 2832 4695 mirabilia
2856 4648 2964 4692 tua.
3003 4637 3285 4693 Confessus
3309 4638 3602 4691 exinanivit
3626 4652 3685 4690 se

2116 4738 2286 4798 malis,
2315 4738 2564 4789 invocans
2588 4731 2824 4800 implevit
2848 4744 2906 4784 se
2929 4728 3098 4792 bonis,
3133 4742 3387 4783 enarratis
3421 4730 3685 4782 ernetavit

2115 4841 2219 4897 quo
2237 4842 2297 4881 se
2323 4823 2577 4896 implevit.
2609 4824 2674 4878 Et
2696 4821 2885 4886 videte,
2917 4818 3139 4883 fratres;
3165 4833 3283 4872 cum
3303 4815 3686 4872 confiterentur

2115 4918 2263 4972 multi
2288 4927 2437 4972 erant
2465 4934 2479 4969 :
2511 4913 2865 4982 Conﬁtebimur
2888 4911 2996 4977 tibi,
3019 4909 3186 4972 Deus;
3206 4909 3552 4978 conﬁtebimur
3571 4911 3681 4973 tibi,

2115 5022 2160 5065 et
2186 5008 2519 5064 invocabimus
2553 5021 2731 5059 ncmen
2764 5015 2922 5058 tuum.
2971 5003 3127 5058 Multa
3168 5002 3310 5056 enim
3355 5009 3479 5054 sunt
3520 5000 3681 5056 corda

2114 5100 2495 5164 confitentium,
2524 5113 2682 5151 unum
2729 5092 3077 5150 credentium.
3128 5092 3304 5159 Quare
3346 5092 3510 5146 multa
3558 5104 3684 5146 sunt

2113 5192 2271 5247 corda
2298 5189 2681 5253 confitentium,
2712 5201 2872 5240 unttm
2901 5182 3267 5239 credentium?
3299 5183 3512 5237 Diversa
3537 5183 3679 5237 enim

2115 5294 2329 5356 peccata
2364 5283 2608 5337 homines
2644 5279 2996 5340 confitentur;
3043 5290 3198 5329 unam
3241 5274 3394 5328 fidem
3434 5275 3678 5328 credant.

2113 5379 2228 5435 Jam
2253 5392 2379 5448 ergo
2407 5391 2525 5431 cum
2556 5374 2777 5443 emperit
2811 5370 3052 5425 Christus
3081 5369 3314 5423 habitare
3342 5367 3395 5421 in
3426 5368 3680 5421 interiore

2114 5470 2328 5525 homine
2359 5483 2452 5537 per
2489 5465 2645 5520 fidem
2682 5462 2894 5534 (Ephes.
2925 5476 3002 5521 tu.
3034 5460 3144 5530 Π),
3172 5456 3496 5528 οωροιίιψιο
3527 5458 3680 5510 invn-

2113 5571 2261 5616 catus
2290 5557 2558 5630 possidere
2586 5554 2884 5610 confessum
2911 5568 2925 5615 ;
2956 5551 3011 5604 fit
3040 5561 3179 5604 totus
3205 5550 3466 5605 Christus.
3496 5558 3677 5614 caput,

2113 5664 2164 5705 et
2187 5666 2397 5715 corpus,
2427 5659 2481 5703 ct
2503 5663 2566 5701 ex
2599 5645 2779 5700 multis
2800 5658 2952 5698 unus.
2987 5641 3174 5696 Audite
3200 5640 3307 5709 jam
3339 5641 3491 5693 verba
3525 5637 3673 5691 Chri~

2118 5745 2206 5797 sti.
2234 5713 2361 5798 Nam
2386 5713 2534 5813 quasi
2565 5753 2665 5793 non
2691 5734 2803 5804 ejus
2840 5734 2993 5789 verba
3037 5733 3345 5785 videbantur
3364 5771 3377 5787 .
3408 5728 3672 5784 Cannam.
