4020 6198
311 321 419 380 919

308 460 420 496 mur
446 441 552 508 tibi,
604 441 767 506 Deus;
801 439 1143 507 conﬁtebimur
1183 439 1288 505 tibi,
1329 449 1372 491 et
1407 437 1740 490 invocabimus
1780 450 1869 486 no-

311 552 425 588 men
452 547 609 586 tuum.
633 534 746 587 Jam
773 531 946 601 incipit
978 548 1038 586 ex
1071 545 1290 600 persona
1316 530 1501 598 capitis
1526 543 1721 584 sermo.
1751 527 1872 582 Sive

311 635 484 678 autem
513 634 667 692 caput
693 624 950 690 loquatur,
975 623 1082 675 sive
1114 621 1347 675 membra
1377 621 1679 688 loquantur,
1707 618 1871 670 Chri-

311 727 425 770 51115
453 715 681 782 loquitur
704 729 716 765 :
752 713 980 782 loquitur
995 728 1057 765 ex
1086 725 1306 780 persmia
1326 710 1532 780 capitis,
1557 709 1786 777 loquitur
1805 723 1867 761 ex

311 819 535 859 001⁸101111
557 805 810 874 corporis.
844 804 945 859 Sed
967 803 1088 873 quid
1119 803 1311 857 dictum
1338 803 1454 855 est?
1481 799 1642 853 Erunt
1685 801 1782 852 duo
1820 798 1869 850 in

308 915 598 951 (111-11011110.
635 896 1013 952 Sacrameutum
1043 897 1134 948 hoc
1158 911 1391 965 ntagnum
1417 903 1518 956 est;
1543 910 1652 962 ego,
1681 893 1867 960 inquit,

311 990 442 1050 ilico,
467 991 516 1041 in
547 989 742 1040 (.‘hristo
766 988 880 1040 etin
910 986 1132 1039 Ecclesia
1160 984 1310 1057 (Gen.
1342 984 1501 1049 ",24,
1533 994 1577 1036 et
1596 982 1782 1052 Ephcs.
1816 999 1866 1047 ν,

310 1079 528 1148 51,52).
565 1079 624 1131 Et
660 1078 768 1147 ipse
799 1078 847 1130 in
881 1077 1157 1145 Evangelio
1187 1092 1200 1128 :
1229 1073 1396 1145 Igitur
1424 1075 1535 1144 jam
1581 1091 1680 1126 non
1729 1073 1828 1135 duo
1852 1114 1864 1137 ,

309 1175 510 1223 srduna
536 1188 651 1223 caro
692 1169 902 1240 (Matth.
941 1186 1045 1233 xix,
1086 1167 1164 1236 6).
1208 1167 1338 1221 Nam
1384 1177 1440 1222 ut
1480 1167 1730 1221 noveritis
1775 1167 1870 1219 has

309 1263 438 1315 duas
465 1261 846 1330 quodammodo
885 1275 1002 1314 esse
1045 1274 1319 1328 personas,
1375 1267 1428 1312 et
1479 1274 1662 1312 rursus
1714 1273 1867 1310 unam

309 1351 642 1418 copulatione
679 1349 927 1418 conjugii,
979 1357 1222 1416 tanquam
1283 1363 1416 1401 unus
1468 1347 1696 1416 loquitur
1733 1347 1869 1414 apud

311 1443 516 1505 lsaiam,
552 1450 603 1495 et
624 1441 749 1494 dicit
778 1459 790 1492 :
825 1440 968 1494 Sicut
994 1456 1176 1508 sponso
1220 1439 1444 1508 alligavit
1474 1439 1596 1490 mihi.
1640 1439 1866 1500 mitram,

309 1544 352 1585 rt
376 1535 499 1585 sicut
538 1548 771 1601 sponsam
796 1518 959 1584 induit
995 1548 1070 1585 me
1103 1542 1394 1584 ornamento
1434 1530 1581 1600 (lsai.
1615 1547 1718 1589 LXI,
1755 1531 1864 1600 10).

307 1624 564 1688 Suntsunt
594 1638 651 1677 se
679 1623 809 1676 dixit
851 1638 915 1678 ex
961 1624 1149 1692 capite,
1203 1638 1448 1692 sponsam
1505 1638 1568 1676 ex
1625 1638 1865 1690 corpore.

307 1717 555 1786 Loquitur
582 1731 706 1785 ergo
753 1729 922 1780 unus;
973 1715 1244 1769 audiamus
1273 1731 1413 1776 mm.
1465 1725 1518 1770 et
1562 1715 1612 1768 in
1661 1730 1724 1768 eo
1773 1729 1870 1769 nos

303 1821 512 1875 quoque
544 1807 817 1874 IOquamur
848 1823 860 1857 :
900 1805 1066 1858 simus
1097 1805 1328 1859 membra
1357 1805 1471 1873 ejus
1491 1847 1504 1866 ,
1532 1813 1589 1857 111
1628 1803 1742 1858 haec
1768 1819 1865 1857 vox

305 1908 350 1948 ot
385 1905 558 1948 nostra
585 1911 703 1950 esse
729 1897 911 1964 possit.
943 1893 1223 1960 Enarrabo,
1252 1894 1439 1963 inquit,
1469 1895 1635 1947 omnia
1668 1894 1869 1946 mirabi-

303 1986 370 2038 lia
399 1997 502 2040 tua.
535 1986 869 2055 Evangelizat
896 1986 1136 2039 Christus
1165 1985 1394 2053 seipsum
1416 2026 1430 2049 ,
1460 1984 1782 2054 evangelizat
1809 2000 1868 2040 se

302 2078 456 2129 etiam
491 2077 538 2129 iu
565 2077 816 2131 uteiubris
848 2076 957 2129 suis
976 2076 1082 2145 jam
1126 2074 1491 2138 existentibus,
1538 2084 1598 2127 ut
1646 2084 1697 2127 et
1737 2074 1870 2128 alios

303 2169 548 2234 adducat,
576 2177 631 2222 et
679 2167 931 2223 accedant
965 2167 1052 2236 qui
1098 2183 1200 2220 non
1250 2175 1420 2228 erant,
1461 2175 1514 2220 et
1557 2166 1870 2234 copulentur

304 2265 552 2314 tuendo-is
579 2262 708 2331 ejus,
741 2278 836 2330 per
861 2277 977 2331 qua:
1006 2260 1237 2316 membra
1266 2260 1381 2329 ejus
1419 2259 1757 2330 111-101110οι011]
1787 2269 1870 2313 051

304 2355 638 2424 Evangelium
666 2372 678 2418 ;
709 2365 761 2408 et
785 2356 1052 2408 liatunum
1085 2369 1275 2422 corpus
1300 2353 1396 2407 sub
1430 2368 1534 2406 uno
1571 2353 1771 2422 capite,
1813 2352 1866 2404 in

302 2462 402 2499 ttno
430 2450 634 2514 Spiritu,
666 2449 716 2499 in
744 2463 842 2500 una
867 2448 992 2500 vita.

373 2539 424 2588 Pi.
469 2537 613 2608 [ret-s.
649 2536 725 2609 5.]
772 2536 836 2590 Et
881 2537 1002 2606 quid
1046 2537 1156 2589 ait?
1196 2535 1319 2590 Cmn
1370 2553 1627 2605 accepero,
1680 2539 1866 2607 inquit.

301 2638 491 2696 tempus
519 2644 606 2698 ego
617 2627 1100 2698 justitiasjudicubo.
1120 2627 1868 2696 Quandojudicahitjustitias?

301 2717 428 2770 Cum
451 2718 713 2784 acceperit
743 2727 966 2786 tempus.
1013 2716 1251 2771 Nondum
1296 2727 1377 2772 est
1416 2717 1587 2786 ipsum
1637 2729 1861 2788 tempus.

302 2807 508 2862 Gratias
530 2807 908 2862 misericordia:
936 2808 1049 2877 ejus
1079 2826 1090 2860 :
1121 2808 1267 2878 prius
1286 2808 1870 2878 praedicatjustitias,ct

303 2899 378 2950 sic
403 2897 603 2966 judicat
625 2897 852 2967 justitias
877 2899 916 2952 ³.
939 2898 1068 2952 Nam
1090 2899 1133 2953 si
1155 2907 1276 2953 111110
1293 2898 1695 2966 velletjudicare
1710 2916 1867 2969 quam

306 2991 610 3057 praedicare,
639 2991 756 3061 quis
785 2991 1109 3045 inveniretur
1151 2991 1487 3045 liberandus?
1535 2993 1652 3061 quis
1694 2993 1870 3048 absol-

305 3081 504 3134 vendus
531 3082 874 3136 occurreret?
910 3081 1064 3134 Modo
1089 3096 1214 3150 ergo
1244 3081 1626 3150 prtedicationis
1664 3091 1869 3152 tempus

303 3183 419 3226 est:
451 3172 704 3235 Narrabo,
736 3173 930 3242 inquit,
960 3174 1126 3226 omnia
1153 3173 1403 3227 mirabilia
1431 3183 1538 3228 tua.
1572 3176 1706 3229 Audi
1743 3191 1868 3230 nar-

303 3273 525 3324 rantem,
573 3263 692 3316 audi
733 3263 1144 3332 prmdicanlem;
1196 3280 1315 3318 nam
1368 3265 1411 3318 si
1464 3267 1864 3336 contempseris,

301 3354 426 3408 Cum
454 3371 690 3425 accepero
720 3366 931 3424 tempus,
979 3355 1164 3425 inquit,
1220 3372 1308 3426 ego
1337 3357 1563 3427 justitias
1605 3355 1864 3426 judicabo.

305 3445 475 3507 Dono,
516 3445 703 3515 inquit,
742 3461 883 3500 nunc
921 3460 1131 3515 peccata
1167 3448 1461 3512 conﬁtenti;
1504 3463 1606 3501 non
1657 3463 1868 3516 parcam

301 3552 478 3602 postea
509 3538 884 3591 contemnenti.
916 3537 1313 3591 Misericordiam
1337 3548 1382 3592 et
1411 3539 1664 3608 judicium
1689 3548 1868 3592 canta-

301 3629 358 3681 bo
379 3628 703 3693 tibi,Domine
727 3627 890 3699 (Psal.
905 3644 956 3693 c,
976 3628 1244 3696 l),dicitur
1270 3629 1321 3682 in
1341 3630 1560 3697 psalmo.
1581 3629 1868 3682 Misericor-

300 3721 437 3772 diam
456 3729 500 3772 et
507 3719 754 3790 judicium
774 3735 793 3772 :
812 3719 968 3773 modo
983 3719 1576 3789 misericordiam,postea
1586 3720 1870 3788 judicium;

302 3811 350 3862 in
370 3826 469 3878 qua
485 3809 840 3864 misericordia
854 3818 1065 3876 peccata
1083 3809 1417 3875 donantur,in
1434 3827 1538 3879 quo
1546 3809 1744 3879 judicio
1757 3825 1874 3879 pce.

301 3899 952 3968 001111101111101111Ν1511011
984 3901 1168 3953 timere
1190 3909 1523 3968 peccatorum
1540 3900 1870 3970 punitorem?

305 3995 432 4045 Ama
463 3993 770 4061 donatorem
797 4008 810 4054 ;
839 3991 945 4045 noli
975 4006 1243 4060 respuere,
1262 3992 1367 4045 noli
1388 4001 1437 4046 te
1458 3993 1732 4058 extollere,
1757 3993 1864 4050 noli

302 4083 495 4147 dicere,
520 4083 640 4136 Non
671 4082 840 4136 habeo
867 4082 1006 4152 quod
1032 4082 1156 4136 mihi
1189 4083 1383 4148 donet;
1415 4083 1535 4136 1111111
1565 4084 1703 4138 0111111
1729 4084 1868 4154 quod

303 4175 536 4245 sequitur
565 4193 577 4226 :
606 4174 730 4228 Cum
751 4191 984 4244 accepero
1008 4184 1218 4243 tempus,
1245 4191 1332 4245 ego
1355 4175 1578 4246 justitias
1606 4175 1865 4243 judicabo.

305 4269 515 4336 Accepit
542 4275 745 4336 tempus
767 4266 1054 4340 Christus?
1083 4269 1281 4336 accepit
1306 4278 1508 4336 tempus
1541 4267 1702 4320 Filius
1737 4267 1869 4321 Dei?

302 4359 465 4412 Filius
497 4360 585 4413 Dei
614 4374 719 4413 11011
765 4358 969 4428 accepit
1014 4368 1252 4427 tempus;
1303 4364 1394 4413 sed
1437 4359 1597 4413 Filius
1642 4359 1868 4414 hominis

302 4451 503 4519 accepit
535 4461 756 4519 tempus.
783 4449 925 4504 Idem
969 4451 1078 4516 ipse
1112 4459 1286 4503 autem
1329 4459 1381 4502 et
1425 4449 1588 4502 Filius
1642 4450 1731 4504 Dei
1775 4465 1870 4519 per

303 4558 456 4611 quem
483 4542 601 4595 iacti
630 4556 832 4606 smnus,
866 4552 918 4594 et
944 4541 1109 4594 Filius
1141 4539 1368 4593 hominis
1409 4557 1500 4608 per
1525 4556 1683 4608 quem
1726 4541 1867 4597 refe-

302 4635 370 4688 cti
399 4649 600 4686 smnus.
631 4633 854 4685 1101111110
895 4641 1184 4699 assumpto,
1234 4632 1344 4699 ipse
1388 4648 1488 4683 non
1536 4641 1862 4701 assumptus;

305 4724 515 4777 homine
546 4733 744 4776 mutato
774 4723 823 4774 in
857 4703 1063 4786 melius,
1093 4721 1238 4775 nullo
1263 4721 1546 4789 modoipse
1569 4722 1618 4774 in
1637 4722 1867 4776 deterius

301 4821 674 4874 contunutatus,
708 4826 811 4864 non
835 4810 1040 4864 destitit
1067 4826 1186 4864 esse
1215 4810 1352 4879 quod
1382 4820 1514 4873 erat,
1544 4811 1636 4865 sed
1665 4813 1868 4880 accepit

304 4902 442 4971 quod
473 4918 576 4954 non
603 4910 733 4955 erat.
786 4899 920 4966 Quid
962 4898 1254 4954 erat?Cum
1291 4901 1344 4953 in
1383 4902 1546 4966 {arma
1583 4900 1673 4954 Dei
1719 4911 1863 4968 esset,

303 5014 400 5048 non
422 4986 651 5066 rapinam
679 4994 948 5047 arbitratus
974 5003 1044 5048 est
1073 5011 1176 5049 esse
1211 4995 1416 5064 tequalis
1442 4993 1549 5048 Deo
1583 5011 1600 5048 :
1631 4997 1866 5064 Apostoli

303 5089 459 5139 verba
493 5095 632 5139 sunt.
663 5085 728 5138 Et
749 5085 872 5155 quid
900 5086 1140 5153 accepit?
1170 5086 1273 5138 Sed
1293 5087 1606 5155 semetipsum
1636 5089 1866 5142 1111110111-

301 5181 386 5230 cit.
419 5182 632 5246 formam
661 5177 788 5229 servi
831 5177 1078 5244 accipiens
1119 5176 1371 5245 (Philipp.
1406 5192 1461 5243 tt,
1511 5177 1564 5238 6,
1605 5179 1678 5247 7).
1722 5179 1867 5234 Sicut

303 5272 521 5329 [111-11111111
551 5267 690 5321 servi
714 5267 946 5336 accepit,
981 5268 1051 5320 ita
1079 5277 1132 5322 et
1161 5280 1365 5335 tempus
1407 5269 1629 5336 accepit.
1679 5271 1867 5323 Demu-

301 5373 439 5415 tatus
463 5378 542 5414 es:
590 5359 750 5430 ergo?
778 5359 1076 5413 deminutus
1115 5359 1231 5411 est?
1266 5359 1452 5412 cxilior
1496 5360 1769 5412 redditus?
1814 5363 1864 5415 iu

303 5453 560 5509 defeetum
589 5449 802 5519 lapsus?
849 5449 1014 5502 Ahsxt.
1049 5449 1181 5515 Quid
1209 5465 1334 5519 ergo
1362 5451 1674 5518 semetipsum
1695 5453 1868 5505 exina-

366 5670 379 5700 ¹
409 5670 480 5716 sic
502 5665 685 5728 aliquot
705 5672 810 5714 Mss.
833 5673 886 5713 Αι
909 5672 1000 5728 l-Zr._:
1029 5663 1168 5714 Prius
1205 5663 1436 5728 prtcdicet
1460 5665 1707 5728 iustitiam,
1731 5678 1775 5721 et
1797 5673 1866 5722 sic

292 5730 479 5800 judicct
493 5726 722 5791 juslttias.
745 5734 874 5777 Lov.:
907 5735 958 5776 tn
971 5726 1044 5777 ius
1066 5726 1295 5788 prtrcedit
1324 5727 1529 5789 jttstitia,
1572 5738 1664 5780 etc.

1352 313 1741 372 ENARRATIO
1779 313 1840 368 LV

1973 315 2201 372 :\L:\IUM
2243 319 2472 374 LXXIV.
3452 325 3544 380 150

1976 435 2116 497 nivit,
2143 441 2353 506 [orntum
2397 442 2522 493 serti
2572 441 2863 509 accipiens?
2914 442 3228 498 Exinttnisse
3271 457 3330 498 se
3368 441 3544 498 dictus

1976 535 2058 577 est
2077 527 2384 595 accipiendo
2415 529 2734 596 inferiorem,
2755 548 2857 585 non
2888 532 3256 602 degenerando
3277 533 3344 586 ah
3367 549 3543 602 mqua-

1977 617 2031 670 li.
2065 619 2221 687 Ergo,
2252 620 2454 685 fratres,
2484 623 2606 692 quid
2633 635 2711 677 est
2755 624 2854 678 hoc
2875 667 2886 686 ,
2921 624 3046 678 Cum
3067 640 3302 693 accepero
3326 634 3539 690 trntgms,
3612 615 3620 625 ’

1976 728 2066 782 ego
2081 713 2308 782 jnstitias
2323 715 2564 783 judicabo
2581 717 2607 770 ?
2627 719 2840 784 Accepit
2867 726 3074 786 tempus
3103 727 3157 771 ut
3186 695 3540 771 Filins'homh

1977 803 2095 864 nis;
2127 804 2385 872 gubernat
2429 816 2663 875 tempora
2693 817 2748 860 ut
2779 808 2943 862 Filius
2983 807 3093 864 Dei.
3139 808 3274 862 Audi
3312 808 3432 876 quia
3485 816 3542 861 ut

1977 891 2141 946 Filius
2170 893 2394 948 hominis
2443 900 2642 966 accepit
2701 910 2906 968 tempus
2953 899 3244 968 judieaudi.
3303 900 3435 953 Dicit
3489 900 3538 953 in

1977 981 2262 1052 Evangelio
2288 1004 2300 1038 :
2329 987 2476 1039 Dedit
2518 988 2562 1039 ei
2600 999 2888 1056 potestatem
2911 990 3098 1058 judicii
3135 990 3382 1061 faciendi,
3420 1007 3539 1058 quo-

1975 1073 2109 1124 niam
2141 1073 2306 1128 Filius
2333 1076 2545 1129 hominis
2567 1088 2635 1130 est
2661 1077 2837 1146 (Joan.
2863 1096 2912 1143 ν,
2939 1080 3052 1149 9.7).
3080 1081 3377 1135 Secundum
3399 1081 3538 1149 quod

1979 1163 2139 1218 Filius
2182 1165 2292 1231 Dei,
2342 1184 2605 1237 nunquam
2643 1173 2845 1239 accepit
2894 1181 3204 1239 potestatem
3233 1173 3537 1242 judicaudi;

1975 1253 2093 1320 quia
2137 1270 2399 1325 nunquam
2423 1259 2590 1310 caruit
2620 1269 2876 1327 potestate
2909 1261 3170 1328 judicandi
3206 1280 3220 1315 :
3252 1263 3538 1316 secundum

1974 1345 2111 1412 quod
2143 1345 2300 1399 Filius
2329 1347 2576 1411 hominis,
2609 1352 2810 1420 accepit
2856 1361 3063 1420 tempus
3109 1354 3242 1406 sicut
3291 1354 3537 1408 nascendi

1973 1445 2025 1486 et
2048 1437 2298 1503 patiendi,
2330 1439 2465 1491 sicut
2490 1440 2744 1493 moriendi
2767 1450 2820 1494 et
2846 1441 3220 1510 resurgendict
3247 1443 3536 1496 ascenden-

1973 1526 2047 1590 di,
2078 1528 2145 1580 ita
2175 1529 2418 1584 veniendi
2455 1540 2504 1584 et
2531 1531 2819 1599 judicaudi.
2851 1533 2982 1586 Dicit
3009 1535 3060 1586 in
3097 1534 3188 1588 illo
3214 1535 3310 1588 ista
3341 1545 3395 1590 et
3421 1551 3540 1589 cor-

1975 1631 2069 1682 pus
2095 1616 2209 1684 ejus
2235 1635 2248 1679 ;
2288 1634 2390 1672 non
2430 1621 2569 1673 enim
2610 1622 2726 1674 51110
2753 1622 2853 1674 illis
2877 1622 3132 1690 judicabit
3160 1641 3171 1675 :
3195 1623 3323 1677 dicit
3345 1625 3538 1693 quippe

1973 1706 2023 1760 in
2053 1708 2356 1777 Evangelio,
2390 1710 2634 1766 Sedebitis
2659 1729 2810 1781 super
2827 1712 3086 1766 duodecim
3117 1715 3273 1774 sedes,
3292 1716 3535 1783 judican-

1972 1806 2042 1849 tes
2075 1797 2335 1852 duodecim
2357 1801 2510 1855 tribus
2531 1801 2695 1856 Israel
2714 1801 2925 1874 (Matth.
2955 1820 3060 1868 xxx,
3091 1805 3206 1873 ‘28).
3237 1807 3376 1875 Ergo
3397 1816 3537 1862 totus

1971 1886 2209 1943 Christus
2255 1889 2402 1956 dicit,
2458 1891 2508 1946 id
2555 1904 2635 1946 est
2672 1903 2829 1962 caput
2874 1903 2926 1948 et
2976 1909 3170 1963 corpus
3210 1897 3260 1949 in
3305 1897 3543 1964 sanctis,

1970 1976 2096 2032 Cum
2118 1996 2352 2051 accepero
2377 1993 2589 2053 tempus,
2621 2000 2710 2053 ego
2721 1986 2951 2054 justitias
2969 1987 3231 2056 judicabo.

2041 2067 2094 2122 6.
2125 2066 2375 2142 [vers.4.]
2404 2071 2557 2126 Modo
2585 2084 2759 2128 autem
2804 2075 2965 2143 quid?
3011 2075 3237 2145 Deﬂuxit
3284 2087 3437 2130 terra.
3481 2077 3538 2133 Si

1970 2154 2188 2211 deﬂuxit
2218 2167 2378 2226 terra,
2427 2161 2566 2217 unde
2605 2161 2824 2218 deﬂuxit
2853 2164 2952 2220 nisi
3002 2168 3273 2234 peccatis?
3323 2168 3444 2221 Ideo
3482 2179 3539 2225 01

1971 2248 2157 2304 delicta
2179 2251 2440 2306 dicuntur.
2474 2255 2790 2325 Delinquere
2809 2268 2910 2323 est,
2939 2266 3185 2328 tanquam
3215 2260 3280 2315 de
3297 2261 3494 2330 liquido
3519 2264 3535 2294 ι

1970 2341 2194 2410 quodam
2237 2343 2472 2400 deﬂuere
2535 2361 2565 2399 a
2611 2349 2899 2404 stabilitate
2974 2351 3286 2408 ﬁrmamenti
3331 2356 3540 2410 virtutis

1970 2445 2128 2504 atque
2152 2435 2388 2504 justitize.
2438 2439 2733 2508 Cupiditate
2775 2443 2914 2495 enim
2963 2444 3264 2498 inferiorum
3319 2449 3540 2517 quisque

1973 2536 2152 2594 pereat
2181 2546 2194 2580 :
2229 2528 2364 2582 sicut
2393 2529 2674 2584 roboratur
2697 2531 2953 2588 charitate
2969 2537 3318 2603 superiorum,
3345 2539 3422 2594 sic
3447 2539 3542 2594 de-

1973 2616 2100 2682 ﬁcit,
2120 2626 2175 2672 ct
2211 2619 2359 2686 quasi
2415 2619 2659 2689 liquescit
2700 2622 2986 2691 cupiditate
3015 2625 3342 2681 inferiorum.
3390 2629 3540 2686 lluttc

1973 2707 2169 2774 ﬂuxum
2199 2725 2371 2763 rerum
2403 2711 2452 2765 in
2499 2714 2729 2780 peccatis
2759 2715 3028 2770 hominum
3054 2719 3333 2774 attendens
3374 2721 3540 2776 dona-

1973 2808 2055 2853 tor
2083 2802 2400 2867 misericors,
2423 2803 2648 2859 donator
2677 2817 3032 2874 peccatorum,
3063 2811 3296 2867 nondum
3325 2825 3540 2871 exactor

1973 2892 2369 2960 suppliciorum,
2397 2895 2622 2949 attendit
2644 2907 2698 2950 et
2725 2897 2796 2950 ait
2829 2916 2843 2953 :
2867 2897 3092 2968 Deﬂuxit
3115 2910 3276 2966 terra,
3304 2913 3351 2956 et
3371 2920 3540 2960 omnes

1971 2981 2302 3036 inhabitantes
2327 2985 2378 3037 in
2399 3001 2476 3038 ea.
2510 2985 2626 3055 Ipsa
2649 2989 2829 3056 utique
2852 2996 2990 3042 terra
3019 2990 3242 3046 deﬂuxit
3285 2993 3337 3046 in
3388 2995 3541 3049 habi-

1975 3071 2204 3126 tantibus
2238 3088 2315 3128 sc.
2343 3073 2622 3143 Expositio
2664 3086 2746 3131 est
2783 3092 3149 3150 consequens,
3184 3097 3286 3137 non
3321 3085 3539 3141 additio.

1973 3160 2243 3230 Tanquam
2275 3162 2318 3216 si
2345 3163 2549 3218 diceres
2592 3181 2605 3217 :
2638 3166 2914 3231 Quomodo
2953 3169 3170 3225 deﬂuxit
3200 3173 3384 3227 terra?
3419 3175 3542 3230 sub-

1975 3259 2139 3305 tracta
2159 3263 2282 3306 sunt
2311 3252 2668 3319 fundamenta,
2689 3264 2751 3332 ,01
2771 3257 2968 3327 aliquid
2993 3259 3044 3313 in
3067 3276 3127 3314 ea
3147 3260 3291 3316 hiatu
3311 3264 3540 3333 quodam

1971 3342 2270 3398 demersum
2297 3346 2412 3400 est?
2435 3345 2588 3412 Quod
2613 3347 2732 3401 dico
2763 3357 2977 3413 terram,
3001 3366 3173 3405 omnes
3211 3354 3542 3410 inhabitantes

1971 3435 2023 3486 in
2063 3451 2142 3488 ea.
2174 3435 2375 3500 Inveni,
2404 3437 2590 3506 inquit,
2645 3449 2837 3492 terram
2884 3442 3258 3507 peccatricem;
3309 3453 3360 3498 01
3415 3446 3540 3513 quid

1973 3524 2112 3580 feci?
2140 3527 2249 3596 Ego
2283 3530 2579 3594 conﬁrmavi
2609 3531 2866 3584 columnas
2899 3533 3026 3602 ejus.
3075 3534 3217 3599 Quas
3267 3536 3541 3595 columnas

1973 3616 2344 3670 conﬁrmavit?
2372 3618 2659 3672 Columnas
2679 3620 2962 3688 Apostolos
2982 3621 3109 3675 dicit
3137 3641 3152 3676 :
3175 3624 3249 3677 sic
3271 3627 3542 3696 apostolus

1974 3703 2168 3758 Paulus
2205 3705 2272 3760 de
2311 3707 2629 3776 coapostolis
2672 3709 2801 3773 suis,
2853 3708 2952 3776 Qui
2999 3711 3309 3780 videbantur,
3351 3716 3538 3785 inquit,

1972 3795 2218 3848 columna:
2243 3811 2349 3849 esse
2377 3794 2514 3866 (Gal.
2535 3812 2572 3851 11
2593 3839 2607 3860 ,
2636 3797 2715 3866 9).
2747 3799 2812 3852 Et
2859 3800 2983 3869 quid
3021 3812 3202 3856 essent
3252 3804 3355 3858 illa:
3396 3807 3542 3860 colu-

1973 3902 2130 3950 1111110,
2151 3885 2250 3940 11151
2270 3886 2335 3940 ab
2355 3886 2444 3942 illo
2461 3887 2791 3942 firmarentur
2809 3889 2828 3940 'I
2845 3890 2964 3958 quia
2976 3890 3201 3960 quodam
3227 3903 3378 3947 terra:
3393 3904 3540 3948 motu

1973 3978 2130 4032 etiam
2158 3978 2284 4045 ipsa:
2309 3978 2569 4032 columna:
2598 3988 2947 4041 notaverunt;
2979 3982 3027 4034 111
3061 3982 3304 4051 passione
3330 3984 3540 4040 Domini

1973 4084 2157 4124 omnes
2201 4071 2436 4140 Apostoli
2467 4071 2898 4140 desperaverunt.
2946 4074 3083 4144 Ergo
3125 4075 3386 4130 columna:
3438 4077 3547 4132 illa:

1971 4177 2088 4232 qua:
2119 4162 2362 4230 passione
2402 4163 2611 4217 Domini
2637 4173 2985 4228 notaverunt,
3017 4167 3404 4222 resurrectione
3443 4167 3538 4221 ﬁr-

1972 4263 2127 4308 matae
2152 4263 2292 4307 sunt.
2335 4251 2590 4308 Clamavit
2619 4255 2822 4309 initium
2873 4256 3079 4312 mdiﬁcii
3125 4273 3219 4326 per
3267 4259 3542 4314 columnas

1971 4361 2117 4411 suas,
2173 4354 2229 4401 et
2263 4346 2314 4399 in
2342 4345 2420 4400 eis
2459 4347 2703 4400 omnibus
2753 4347 3018 4402 columnis
3064 4349 3382 4403 architectus
3427 4350 3541 4420 ipse

1971 4436 2241 4490 clamavit.
2296 4435 2549 4490 Columna
2595 4437 2730 4490 enim
2759 4453 2859 4490 una
2911 4448 3028 4492 erat
3074 4455 3137 4493 ex
3187 4439 3291 4495 illis
3347 4441 3541 4497 Paulus

1971 4523 2263 4597 apostolus,
2294 4542 2414 4580 cum
2443 4527 2644 4582 diceret
2675 4545 2688 4580 :
2720 4528 2796 4581 An
2825 4531 2970 4582 vultis
2999 4531 3389 4598 experimentum
3409 4535 3542 4587 acci-

1973 4633 2088 4684 pere
2106 4617 2233 4687 ejus,
2261 4617 2414 4686 quiin
2439 4633 2516 4669 me
2542 4617 2760 4685 loquitur
2781 4616 3006 4672 Christus
3039 4617 3104 4690 (ll
3141 4618 3258 4674 Cor.
3293 4635 3405 4686 snt,
3432 4622 3486 4688 5)
3514 4622 3538 4676 ἳ

1971 4707 2132 4776 Ergo,
2167 4705 2296 4776 Ego,
2335 4707 2519 4776 inquit,
2548 4708 2840 4775 conﬁrmavi
2877 4709 3136 4764 columnas
3174 4712 3286 4781 ejus
3312 4728 3332 4766 .°
3365 4729 3540 4767 resur-

1971 4799 2119 4864 rexi;
2152 4799 2364 4854 ostendi
2391 4809 2615 4854 mortem
2642 4815 2746 4854 non
2777 4815 2895 4856 esse
2928 4802 3300 4871 metuendam,
3333 4805 3540 4863 ostcndi

1973 4890 2274 4944 timentibus
2311 4904 2408 4944 nec
2435 4890 2606 4958 ipsum
2635 4904 2828 4960 corpus
2858 4892 3029 4959 perire
3072 4892 3124 4946 in
3174 4895 3538 4952 morientibus.

1972 4980 2296 5035 Terruerunt
2312 4995 2406 5035 eos
2438 4981 2653 5034 vulnera
2677 4998 2692 5044 ;
2724 4981 3066 5036 ﬁrmaverunt
3092 4985 3382 5040 cicatrices.
3406 4987 3540 5042 Pos-

1972 5080 2053 5123 set
2082 5070 2331 5124 Dominus
2355 5069 2507 5124 Jesus
2533 5069 2773 5125 Christus
2803 5072 2918 5128 sine
2953 5073 3056 5128 ulla
3083 5075 3328 5132 cicatrice
3359 5094 3540 5132 resur-

1970 5177 2130 5231 gere:
2164 5162 2287 5230 quid
2316 5164 2456 5216 enim
2488 5163 2558 5216 illi
2587 5166 2833 5232 potestati
2855 5182 3100 5236 magnum
3139 5179 3278 5235 erat,
3308 5169 3374 5222 ad
3427 5179 3540 5222 tan-

1975 5263 2079 5308 tam
2113 5255 2466 5323 integritatem
2519 5270 2828 5326 compagcm
2881 5261 3120 5328 corporis
3167 5274 3435 5325 revocare,
3485 5269 3541 5316 ut

1973 5345 2172 5397 nullum
2203 5345 2416 5398 omnino
2447 5347 2721 5416 vestigium
2765 5349 3016 5416 praeteriti
3052 5350 3284 5403 vulneris
3320 5363 3534 5417 appare-

1972 5436 2095 5488 ret?
2123 5435 2361 5489 Habebat
2386 5446 2698 5505 potestatem
2737 5439 2876 5494 unde
2906 5439 3034 5494 illud
3057 5441 3214 5494 etiam
3251 5439 3366 5494 siue
3397 5439 3540 5496 0100-

1975 5529 2104 5582 trice
2130 5530 2487 5592 sanaret;sed
2527 5529 2722 5586 habere
2766 5533 2929 5588 voluit
2979 5531 3117 5588 unde
3161 5540 3406 5588 nutantes
3452 5549 3531 5592 co-

1973 5621 2180 5674 lumnas
2201 5621 2450 5675 ﬁrmaret.

2041 5735 2054 5762 ι
2079 5729 2246 5782 Plures
2258 5737 2385 5794 uss,
2405 5732 2508 5784 loco
2520 5731 2746 5795 quodam.
