  <div class='ocr_page' id='page_1' title='image "/cluster/home/n/w/nwhite01/storage/ocr_20150623/36/hvd.32044096580584/483.png"; bbox 0 0 4020 6198; ppageno 0'>
   <div class='ocr_carea' id='block_1_1' title="bbox 514 333 2079 400">
    <p class='ocr_par' dir='ltr' id='par_1_1' title="bbox 514 335 2074 400">
     <span class='ocr_line' id='line_1_1' title="bbox 514 335 2074 400; baseline -0.004 -2"><span class='ocrx_word' id='word_1_1' title='bbox 514 341 604 400; x_wconf 62' lang='grc'><strong>931</strong></span> <span class='ocrx_word' id='word_1_2' title='bbox 1703 338 1761 396; x_wconf 83' lang='grc'><strong>8.</strong></span> <span class='ocrx_word' id='word_1_3' title='bbox 1801 335 2074 397; x_wconf 80' lang='lat' dir='ltr'><strong>AUGUST</strong></span> 
     </span>
    </p>
   </div>
   <div class='ocr_carea' id='block_1_2' title="bbox 2185 333 2501 400">
    <p class='ocr_par' dir='ltr' id='par_1_2' title="bbox 2204 336 2501 395">
     <span class='ocr_line' id='line_1_2' title="bbox 2204 336 2501 395; baseline 0.017 -5"><span class='ocrx_word' id='word_1_4' title='bbox 2204 336 2501 395; x_wconf 81' lang='lat' dir='ltr'><strong>EPISCOPI</strong></span> 
     </span>
    </p>
   </div>
   <div class='ocr_carea' id='block_1_3' title="bbox 582 448 2079 525">
    <p class='ocr_par' dir='ltr' id='par_1_3' title="bbox 582 448 2079 525">
     <span class='ocr_line' id='line_1_3' title="bbox 582 448 2079 525; baseline -0.005 -16"><span class='ocrx_word' id='word_1_5' title='bbox 582 457 632 509; x_wconf 84' lang='grc'><strong>7.</strong></span> <span class='ocrx_word' id='word_1_6' title='bbox 679 454 829 523; x_wconf 72' lang='grc' dir='ltr'><strong>[νινε.</strong></span> <span class='ocrx_word' id='word_1_7' title='bbox 852 450 935 525; x_wconf 81' lang='lat'><strong>5.}</strong></span> <span class='ocrx_word' id='word_1_8' title='bbox 960 451 1266 508; x_wconf 82' lang='lat' dir='ltr'><strong>Audivimus</strong></span> <span class='ocrx_word' id='word_1_9' title='bbox 1284 452 1413 521; x_wconf 88' lang='lat' dir='ltr'><strong>jam,</strong></span> <span class='ocrx_word' id='word_1_10' title='bbox 1446 449 1652 513; x_wconf 88' lang='lat' dir='ltr'><strong>fratres,</strong></span> <span class='ocrx_word' id='word_1_11' title='bbox 1685 450 1824 520; x_wconf 89' lang='lat' dir='ltr'><strong>quod</strong></span> <span class='ocrx_word' id='word_1_12' title='bbox 1844 448 2079 521; x_wconf 74' lang='lat' dir='ltr'><strong>quotidie</strong></span> 
     </span>
    </p>
   </div>
   <div class='ocr_carea' id='block_1_4' title="bbox 510 534 2080 607">
    <p class='ocr_par' dir='ltr' id='par_1_4' title="bbox 510 534 2080 607">
     <span class='ocr_line' id='line_1_4' title="bbox 510 534 2080 607; baseline -0.004 -16"><span class='ocrx_word' id='word_1_13' title='bbox 510 555 616 596; x_wconf 84' lang='lat' dir='ltr'><strong>non</strong></span> <span class='ocrx_word' id='word_1_14' title='bbox 644 548 877 600; x_wconf 75' lang='lat' dir='ltr'><strong>tacetur;</strong></span> <span class='ocrx_word' id='word_1_15' title='bbox 905 536 1179 592; x_wconf 88' lang='lat' dir='ltr'><strong>audiamus</strong></span> <span class='ocrx_word' id='word_1_16' title='bbox 1199 535 1322 607; x_wconf 88' lang='lat' dir='ltr'><strong>quid</strong></span> <span class='ocrx_word' id='word_1_17' title='bbox 1353 535 1665 590; x_wconf 78' lang='lat' dir='ltr'><strong>clamaverit</strong></span> <span class='ocrx_word' id='word_1_18' title='bbox 1692 550 1784 604; x_wconf 87' lang='lat' dir='ltr'><strong>per</strong></span> <span class='ocrx_word' id='word_1_19' title='bbox 1806 534 2080 588; x_wconf 82' lang='lat' dir='ltr'><strong>columnas</strong></span> 
     </span>
    </p>
   </div>
   <div class='ocr_carea' id='block_1_5' title="bbox 512 627 2075 699">
    <p class='ocr_par' dir='ltr' id='par_1_5' title="bbox 512 627 2075 699">
     <span class='ocr_line' id='line_1_5' title="bbox 512 627 2075 699; baseline -0.006 -13"><span class='ocrx_word' id='word_1_20' title='bbox 512 632 625 687; x_wconf 85' lang='lat' dir='ltr'><strong>has.</strong></span> <span class='ocrx_word' id='word_1_21' title='bbox 647 631 878 699; x_wconf 84' lang='lat' dir='ltr'><strong>Tempus</strong></span> <span class='ocrx_word' id='word_1_22' title='bbox 922 629 1165 685; x_wconf 86' lang='lat' dir='ltr'><strong>audiendi</strong></span> <span class='ocrx_word' id='word_1_23' title='bbox 1194 638 1277 684; x_wconf 88' lang='lat' dir='ltr'><strong>est</strong></span> <span class='ocrx_word' id='word_1_24' title='bbox 1325 637 1539 699; x_wconf 86' lang='lat' dir='ltr'><strong>propter</strong></span> <span class='ocrx_word' id='word_1_25' title='bbox 1581 636 1835 683; x_wconf 79' lang='lat' dir='ltr'><strong>terrorem</strong></span> <span class='ocrx_word' id='word_1_26' title='bbox 1888 627 2075 680; x_wconf 88' lang='lat' dir='ltr'><strong>illum:</strong></span> 
     </span>
    </p>
   </div>
   <div class='ocr_carea' id='block_1_6' title="bbox 513 718 2080 795">
    <p class='ocr_par' dir='ltr' id='par_1_6' title="bbox 513 718 2080 795">
     <span class='ocr_line' id='line_1_6' title="bbox 513 718 2080 795; baseline -0.003 -18"><span class='ocrx_word' id='word_1_27' title='bbox 513 724 619 795; x_wconf 70' lang='lat' dir='ltr'><strong>Ego</strong></span> <span class='ocrx_word' id='word_1_28' title='bbox 634 722 1136 795; x_wconf 82' lang='lat' dir='ltr'><strong>justitiusjudicabo,</strong></span> <span class='ocrx_word' id='word_1_29' title='bbox 1165 738 1279 776; x_wconf 84' lang='lat' dir='ltr'><strong>cum</strong></span> <span class='ocrx_word' id='word_1_30' title='bbox 1299 737 1537 791; x_wconf 84' lang='lat' dir='ltr'><strong>accepero</strong></span> <span class='ocrx_word' id='word_1_31' title='bbox 1562 731 1774 791; x_wconf 82' lang='lat' dir='ltr'><strong>tempus.</strong></span> <span class='ocrx_word' id='word_1_32' title='bbox 1808 718 1901 774; x_wconf 84' lang='lat' dir='ltr'><strong>Ille</strong></span> <span class='ocrx_word' id='word_1_33' title='bbox 1929 733 2080 773; x_wconf 85' lang='lat' dir='ltr'><strong>accc-</strong></span> 
     </span>
    </p>
   </div>
   <div class='ocr_carea' id='block_1_7' title="bbox 514 809 2080 884">
    <p class='ocr_par' dir='ltr' id='par_1_7' title="bbox 514 809 2080 884">
     <span class='ocr_line' id='line_1_7' title="bbox 514 809 2080 884; baseline -0.005 -15"><span class='ocrx_word' id='word_1_34' title='bbox 514 826 694 883; x_wconf 76' lang='lat' dir='ltr'><strong>pturus</strong></span> <span class='ocrx_word' id='word_1_35' title='bbox 719 822 802 869; x_wconf 86' lang='lat' dir='ltr'><strong>est</strong></span> <span class='ocrx_word' id='word_1_36' title='bbox 828 824 1036 884; x_wconf 78' lang='lat' dir='ltr'><strong>tempus</strong></span> <span class='ocrx_word' id='word_1_37' title='bbox 1061 812 1295 882; x_wconf 88' lang='lat' dir='ltr'><strong>justitias</strong></span> <span class='ocrx_word' id='word_1_38' title='bbox 1327 810 1595 880; x_wconf 86' lang='lat' dir='ltr'><strong>judicandi</strong></span> <span class='ocrx_word' id='word_1_39' title='bbox 1621 826 1635 875; x_wconf 94' lang='lat'><strong>;</strong></span> <span class='ocrx_word' id='word_1_40' title='bbox 1668 823 1762 864; x_wconf 83' lang='lat' dir='ltr'><strong>vos</strong></span> <span class='ocrx_word' id='word_1_41' title='bbox 1791 809 1900 878; x_wconf 89' lang='lat' dir='ltr'><strong>jam</strong></span> <span class='ocrx_word' id='word_1_42' title='bbox 1941 821 2080 861; x_wconf 86' lang='lat' dir='ltr'><strong>nunc</strong></span> 
     </span>
    </p>
   </div>
   <div class='ocr_carea' id='block_1_8' title="bbox 510 897 2082 974">
    <p class='ocr_par' dir='ltr' id='par_1_8' title="bbox 510 897 2082 974">
     <span class='ocr_line' id='line_1_8' title="bbox 510 897 2082 974; baseline -0.004 -17"><span class='ocrx_word' id='word_1_43' title='bbox 510 906 712 961; x_wconf 84' lang='lat' dir='ltr'><strong>habetis</strong></span> <span class='ocrx_word' id='word_1_44' title='bbox 739 915 944 974; x_wconf 86' lang='lat' dir='ltr'><strong>tempus</strong></span> <span class='ocrx_word' id='word_1_45' title='bbox 979 903 1208 973; x_wconf 87' lang='lat' dir='ltr'><strong>justitias</strong></span> <span class='ocrx_word' id='word_1_46' title='bbox 1239 901 1481 957; x_wconf 80' lang='lat' dir='ltr'><strong>faciendi.</strong></span> <span class='ocrx_word' id='word_1_47' title='bbox 1507 902 1560 957; x_wconf 89' lang='lat' dir='ltr'><strong>Si</strong></span> <span class='ocrx_word' id='word_1_48' title='bbox 1602 910 1817 966; x_wconf 85' lang='lat' dir='ltr'><strong>taceret,</strong></span> <span class='ocrx_word' id='word_1_49' title='bbox 1847 914 1950 952; x_wconf 91' lang='lat' dir='ltr'><strong>non</strong></span> <span class='ocrx_word' id='word_1_50' title='bbox 1988 897 2082 951; x_wconf 87' lang='lat' dir='ltr'><strong>ha-</strong></span> 
     </span>
    </p>
   </div>
   <div class='ocr_carea' id='block_1_9' title="bbox 511 991 2075 1069">
    <p class='ocr_par' dir='ltr' id='par_1_9' title="bbox 511 991 2075 1069">
     <span class='ocr_line' id='line_1_9' title="bbox 511 991 2075 1069; baseline -0.008 -16"><span class='ocrx_word' id='word_1_51' title='bbox 511 999 707 1054; x_wconf 88' lang='lat' dir='ltr'><strong>beretis</strong></span> <span class='ocrx_word' id='word_1_52' title='bbox 733 998 858 1069; x_wconf 87' lang='lat' dir='ltr'><strong>quid</strong></span> <span class='ocrx_word' id='word_1_53' title='bbox 886 999 1086 1062; x_wconf 87' lang='lat' dir='ltr'><strong>facere;</strong></span> <span class='ocrx_word' id='word_1_54' title='bbox 1120 995 1211 1051; x_wconf 89' lang='lat' dir='ltr'><strong>sed</strong></span> <span class='ocrx_word' id='word_1_55' title='bbox 1237 994 1563 1051; x_wconf 89' lang='lat' dir='ltr'><strong>conlirmatis</strong></span> <span class='ocrx_word' id='word_1_56' title='bbox 1579 992 1838 1048; x_wconf 85' lang='lat' dir='ltr'><strong>columnis</strong></span> <span class='ocrx_word' id='word_1_57' title='bbox 1861 991 2075 1046; x_wconf 87' lang='lat' dir='ltr'><strong>clamat.</strong></span> 
     </span>
    </p>
   </div>
   <div class='ocr_carea' id='block_1_10' title="bbox 513 1081 2078 1161">
    <p class='ocr_par' dir='ltr' id='par_1_10' title="bbox 513 1081 2078 1161">
     <span class='ocr_line' id='line_1_10' title="bbox 513 1081 2078 1161; baseline -0.006 -17"><span class='ocrx_word' id='word_1_58' title='bbox 513 1092 647 1161; x_wconf 82' lang='lat' dir='ltr'><strong>Quid</strong></span> <span class='ocrx_word' id='word_1_59' title='bbox 673 1091 900 1146; x_wconf 86' lang='lat' dir='ltr'><strong>clamat?</strong></span> <span class='ocrx_word' id='word_1_60' title='bbox 928 1089 1051 1144; x_wconf 93' lang='lat' dir='ltr'><strong>Dixi</strong></span> <span class='ocrx_word' id='word_1_61' title='bbox 1075 1089 1256 1159; x_wconf 90' lang='lat' dir='ltr'><strong>iniquis</strong></span> <span class='ocrx_word' id='word_1_62' title='bbox 1285 1105 1302 1142; x_wconf 93' lang='lat'><strong>:</strong></span> <span class='ocrx_word' id='word_1_63' title='bbox 1343 1086 1515 1140; x_wconf 89' lang='lat' dir='ltr'><strong>Nolite</strong></span> <span class='ocrx_word' id='word_1_64' title='bbox 1542 1087 1708 1156; x_wconf 89' lang='lat' dir='ltr'><strong>inique</strong></span> <span class='ocrx_word' id='word_1_65' title='bbox 1729 1085 1910 1152; x_wconf 77' lang='lat' dir='ltr'><strong>facere.</strong></span> <span class='ocrx_word' id='word_1_66' title='bbox 1952 1081 2078 1136; x_wconf 85' lang='lat' dir='ltr'><strong>Cla-</strong></span> 
     </span>
    </p>
   </div>
   <div class='ocr_carea' id='block_1_11' title="bbox 511 1172 2080 1247">
    <p class='ocr_par' dir='ltr' id='par_1_11' title="bbox 511 1172 2080 1247">
     <span class='ocr_line' id='line_1_11' title="bbox 511 1172 2080 1247; baseline -0.007 -9"><span class='ocrx_word' id='word_1_67' title='bbox 511 1194 638 1247; x_wconf 88' lang='lat' dir='ltr'><strong>mat,</strong></span> <span class='ocrx_word' id='word_1_68' title='bbox 665 1183 858 1238; x_wconf 82' lang='lat' dir='ltr'><strong>fratres</strong></span> <span class='ocrx_word' id='word_1_69' title='bbox 885 1182 985 1236; x_wconf 88' lang='lat' dir='ltr'><strong>mei</strong></span> <span class='ocrx_word' id='word_1_70' title='bbox 1007 1198 1023 1245; x_wconf 87' lang='lat'><strong>;</strong></span> <span class='ocrx_word' id='word_1_71' title='bbox 1044 1190 1187 1235; x_wconf 89' lang='lat' dir='ltr'><strong>certe</strong></span> <span class='ocrx_word' id='word_1_72' title='bbox 1211 1180 1472 1241; x_wconf 89' lang='lat' dir='ltr'><strong>clamatis,</strong></span> <span class='ocrx_word' id='word_1_73' title='bbox 1501 1176 1729 1230; x_wconf 87' lang='lat' dir='ltr'><strong>delectat</strong></span> <span class='ocrx_word' id='word_1_74' title='bbox 1753 1188 1846 1228; x_wconf 85' lang='lat' dir='ltr'><strong>vos</strong></span> <span class='ocrx_word' id='word_1_75' title='bbox 1863 1214 1878 1236; x_wconf 91' lang='lat'><strong>,</strong></span> <span class='ocrx_word' id='word_1_76' title='bbox 1902 1172 2080 1227; x_wconf 83' lang='lat' dir='ltr'><strong>audite</strong></span> 
     </span>
    </p>
   </div>
   <div class='ocr_carea' id='block_1_12' title="bbox 506 1268 2072 1343">
    <p class='ocr_par' dir='ltr' id='par_1_12' title="bbox 506 1268 2072 1343">
     <span class='ocr_line' id='line_1_12' title="bbox 506 1268 2072 1343; baseline -0.009 -12"><span class='ocrx_word' id='word_1_77' title='bbox 506 1278 843 1332; x_wconf 78' lang='lat' dir='ltr'><strong>clamatam.</strong></span> <span class='ocrx_word' id='word_1_78' title='bbox 870 1276 969 1330; x_wconf 85' lang='lat' dir='ltr'><strong>Per</strong></span> <span class='ocrx_word' id='word_1_79' title='bbox 991 1275 1160 1343; x_wconf 89' lang='lat' dir='ltr'><strong>ipsum</strong></span> <span class='ocrx_word' id='word_1_80' title='bbox 1181 1272 1423 1335; x_wconf 88' lang='lat' dir='ltr'><strong>obsecro,</strong></span> <span class='ocrx_word' id='word_1_81' title='bbox 1457 1278 1645 1324; x_wconf 78' lang='lat' dir='ltr'><strong>terreat</strong></span> <span class='ocrx_word' id='word_1_82' title='bbox 1677 1284 1770 1324; x_wconf 84' lang='lat' dir='ltr'><strong>vos</strong></span> <span class='ocrx_word' id='word_1_83' title='bbox 1801 1268 1898 1321; x_wconf 88' lang='lat' dir='ltr'><strong>ista</strong></span> <span class='ocrx_word' id='word_1_84' title='bbox 1928 1281 2031 1320; x_wconf 82' lang='lat' dir='ltr'><strong>vox</strong></span> <span class='ocrx_word' id='word_1_85' title='bbox 2059 1282 2072 1317; x_wconf 89' lang='lat'><strong>:</strong></span> 
     </span>
    </p>
   </div>
   <div class='ocr_carea' id='block_1_13' title="bbox 510 1359 2076 1447">
    <p class='ocr_par' dir='ltr' id='par_1_13' title="bbox 510 1359 2076 1447">
     <span class='ocr_line' id='line_1_13' title="bbox 510 1359 2076 1447; baseline -0.008 -24"><span class='ocrx_word' id='word_1_86' title='bbox 510 1386 614 1424; x_wconf 87' lang='lat' dir='ltr'><strong>non</strong></span> <span class='ocrx_word' id='word_1_87' title='bbox 652 1379 760 1425; x_wconf 88' lang='lat' dir='ltr'><strong>tam</strong></span> <span class='ocrx_word' id='word_1_88' title='bbox 805 1383 904 1423; x_wconf 82' lang='lat' dir='ltr'><strong>nos</strong></span> <span class='ocrx_word' id='word_1_89' title='bbox 953 1377 1145 1422; x_wconf 73' lang='lat' dir='ltr'><strong>vestrm</strong></span> <span class='ocrx_word' id='word_1_90' title='bbox 1183 1367 1296 1421; x_wconf 67' lang='lat' dir='ltr'><strong>ista:</strong></span> <span class='ocrx_word' id='word_1_91' title='bbox 1340 1378 1501 1419; x_wconf 84' lang='lat' dir='ltr'><strong>voces</strong></span> <span class='ocrx_word' id='word_1_92' title='bbox 1536 1363 1797 1417; x_wconf 86' lang='lat' dir='ltr'><strong>delectare</strong></span> <span class='ocrx_word' id='word_1_93' title='bbox 1846 1359 2076 1447; x_wconf 54' lang='lat' dir='ltr'><strong>debent;</strong></span> 
     </span>
    </p>
   </div>
   <div class='ocr_carea' id='block_1_14' title="bbox 509 1451 2082 1532">
    <p class='ocr_par' dir='ltr' id='par_1_14' title="bbox 509 1451 2082 1532">
     <span class='ocr_line' id='line_1_14' title="bbox 509 1451 2082 1532; baseline -0.009 -17"><span class='ocrx_word' id='word_1_94' title='bbox 509 1478 666 1532; x_wconf 85' lang='lat' dir='ltr'><strong>quam</strong></span> <span class='ocrx_word' id='word_1_95' title='bbox 696 1477 792 1516; x_wconf 86' lang='lat' dir='ltr'><strong>vos</strong></span> <span class='ocrx_word' id='word_1_96' title='bbox 822 1462 938 1515; x_wconf 64' lang='lat' dir='ltr'><strong>istae</strong></span> <span class='ocrx_word' id='word_1_97' title='bbox 960 1471 1179 1514; x_wconf 89' lang='lat' dir='ltr'><strong>terrere.</strong></span> <span class='ocrx_word' id='word_1_98' title='bbox 1211 1456 1335 1511; x_wconf 82' lang='lat' dir='ltr'><strong>Dixi</strong></span> <span class='ocrx_word' id='word_1_99' title='bbox 1358 1454 1540 1527; x_wconf 87' lang='lat' dir='ltr'><strong>iniquis</strong></span> <span class='ocrx_word' id='word_1_100' title='bbox 1561 1469 1578 1507; x_wconf 92' lang='lat'><strong>:</strong></span> <span class='ocrx_word' id='word_1_101' title='bbox 1600 1452 1772 1507; x_wconf 87' lang='lat' dir='ltr'><strong>Nolite</strong></span> <span class='ocrx_word' id='word_1_102' title='bbox 1790 1451 1959 1520; x_wconf 87' lang='lat' dir='ltr'><strong>inique</strong></span> <span class='ocrx_word' id='word_1_103' title='bbox 2002 1452 2082 1520; x_wconf 77' lang='lat' dir='ltr'><strong>fa-</strong></span> 
     </span>
    </p>
   </div>
   <div class='ocr_carea' id='block_1_15' title="bbox 510 1543 2078 1618">
    <p class='ocr_par' dir='ltr' id='par_1_15' title="bbox 510 1543 2078 1618">
     <span class='ocr_line' id='line_1_15' title="bbox 510 1543 2078 1618; baseline -0.009 -11"><span class='ocrx_word' id='word_1_104' title='bbox 510 1570 638 1608; x_wconf 85' lang='lat' dir='ltr'><strong>cere;</strong></span> <span class='ocrx_word' id='word_1_105' title='bbox 667 1552 775 1608; x_wconf 89' lang='lat' dir='ltr'><strong>Sed</strong></span> <span class='ocrx_word' id='word_1_106' title='bbox 800 1552 906 1618; x_wconf 92' lang='lat' dir='ltr'><strong>jam</strong></span> <span class='ocrx_word' id='word_1_107' title='bbox 923 1551 1181 1613; x_wconf 83' lang='lat' dir='ltr'><strong>fecerunt,</strong></span> <span class='ocrx_word' id='word_1_108' title='bbox 1205 1557 1259 1602; x_wconf 91' lang='lat' dir='ltr'><strong>et</strong></span> <span class='ocrx_word' id='word_1_109' title='bbox 1274 1547 1351 1601; x_wconf 90' lang='lat' dir='ltr'><strong>rei</strong></span> <span class='ocrx_word' id='word_1_110' title='bbox 1380 1555 1536 1609; x_wconf 85' lang='lat' dir='ltr'><strong>sunt;</strong></span> <span class='ocrx_word' id='word_1_111' title='bbox 1557 1544 1666 1613; x_wconf 90' lang='lat' dir='ltr'><strong>jam</strong></span> <span class='ocrx_word' id='word_1_112' title='bbox 1693 1543 1903 1610; x_wconf 83' lang='lat' dir='ltr'><strong>deﬂuxit</strong></span> <span class='ocrx_word' id='word_1_113' title='bbox 1925 1551 2078 1608; x_wconf 84' lang='lat' dir='ltr'><strong>terra,</strong></span> 
     </span>
    </p>
   </div>
   <div class='ocr_carea' id='block_1_16' title="bbox 511 1633 2082 1707">
    <p class='ocr_par' dir='ltr' id='par_1_16' title="bbox 511 1633 2082 1707">
     <span class='ocr_line' id='line_1_16' title="bbox 511 1633 2082 1707; baseline -0.008 -8"><span class='ocrx_word' id='word_1_114' title='bbox 511 1656 559 1699; x_wconf 84' lang='lat' dir='ltr'><strong>cl</strong></span> <span class='ocrx_word' id='word_1_115' title='bbox 577 1661 753 1699; x_wconf 84' lang='lat' dir='ltr'><strong>omnes</strong></span> <span class='ocrx_word' id='word_1_116' title='bbox 767 1642 1107 1697; x_wconf 82' lang='lat' dir='ltr'><strong>inhabitantes</strong></span> <span class='ocrx_word' id='word_1_117' title='bbox 1136 1642 1189 1694; x_wconf 87' lang='lat' dir='ltr'><strong>in</strong></span> <span class='ocrx_word' id='word_1_118' title='bbox 1211 1656 1290 1694; x_wconf 85' lang='lat' dir='ltr'><strong>ea.</strong></span> <span class='ocrx_word' id='word_1_119' title='bbox 1314 1636 1623 1707; x_wconf 89' lang='lat' dir='ltr'><strong>Compuneti</strong></span> <span class='ocrx_word' id='word_1_120' title='bbox 1663 1643 1787 1689; x_wconf 89' lang='lat' dir='ltr'><strong>sunt</strong></span> <span class='ocrx_word' id='word_1_121' title='bbox 1805 1633 1965 1689; x_wconf 89' lang='lat' dir='ltr'><strong>corde</strong></span> <span class='ocrx_word' id='word_1_122' title='bbox 1992 1633 2082 1702; x_wconf 89' lang='lat' dir='ltr'><strong>qui</strong></span> 
     </span>
    </p>
   </div>
   <div class='ocr_carea' id='block_1_17' title="bbox 512 1733 2080 1801">
    <p class='ocr_par' dir='ltr' id='par_1_17' title="bbox 512 1733 2080 1801">
     <span class='ocr_line' id='line_1_17' title="bbox 512 1733 2080 1801; baseline -0.008 -11"><span class='ocrx_word' id='word_1_123' title='bbox 512 1736 783 1791; x_wconf 85' lang='lat' dir='ltr'><strong>Christum</strong></span> <span class='ocrx_word' id='word_1_124' title='bbox 811 1733 1214 1797; x_wconf 78' lang='lat' dir='ltr'><strong>crucifixerunt;</strong></span> <span class='ocrx_word' id='word_1_125' title='bbox 1241 1738 1571 1801; x_wconf 84' lang='lat' dir='ltr'><strong>agnoverunt</strong></span> <span class='ocrx_word' id='word_1_126' title='bbox 1598 1737 1873 1798; x_wconf 81' lang='lat' dir='ltr'><strong>peccatum</strong></span> <span class='ocrx_word' id='word_1_127' title='bbox 1903 1739 2080 1790; x_wconf 88' lang='lat' dir='ltr'><strong>suum,</strong></span> 
     </span>
    </p>
   </div>
   <div class='ocr_carea' id='block_1_18' title="bbox 509 1817 2084 1899">
    <p class='ocr_par' dir='ltr' id='par_1_18' title="bbox 509 1817 2084 1899">
     <span class='ocr_line' id='line_1_18' title="bbox 509 1817 2084 1899; baseline -0.011 -11"><span class='ocrx_word' id='word_1_128' title='bbox 509 1833 811 1888; x_wconf 86' lang='lat' dir='ltr'><strong>didicerunt</strong></span> <span class='ocrx_word' id='word_1_129' title='bbox 853 1828 1050 1899; x_wconf 87' lang='lat' dir='ltr'><strong>aliquid</strong></span> <span class='ocrx_word' id='word_1_130' title='bbox 1096 1827 1166 1882; x_wconf 88' lang='lat' dir='ltr'><strong>ab</strong></span> <span class='ocrx_word' id='word_1_131' title='bbox 1197 1825 1487 1896; x_wconf 74' lang='lat' dir='ltr'><strong>Apostolis,</strong></span> <span class='ocrx_word' id='word_1_132' title='bbox 1522 1838 1589 1878; x_wconf 91' lang='lat' dir='ltr'><strong>ne</strong></span> <span class='ocrx_word' id='word_1_133' title='bbox 1632 1822 1981 1891; x_wconf 84' lang='lat' dir='ltr'><strong>desperarent</strong></span> <span class='ocrx_word' id='word_1_134' title='bbox 2015 1817 2084 1871; x_wconf 90' lang='lat' dir='ltr'><strong>de</strong></span> 
     </span>
    </p>
   </div>
   <div class='ocr_carea' id='block_1_19' title="bbox 511 1906 2084 1995">
    <p class='ocr_par' dir='ltr' id='par_1_19' title="bbox 511 1906 2084 1995">
     <span class='ocr_line' id='line_1_19' title="bbox 511 1906 2084 1995; baseline -0.01 -15"><span class='ocrx_word' id='word_1_135' title='bbox 511 1906 834 1995; x_wconf 76' lang='lat' dir='ltr'><strong>indulgentia</strong></span> <span class='ocrx_word' id='word_1_136' title='bbox 865 1920 1225 1992; x_wconf 75' lang='lat' dir='ltr'><strong>przedicatoris</strong></span> <span class='ocrx_word' id='word_1_137' title='bbox 1253 1921 1267 1951; x_wconf 83' lang='grc'>³</span> <span class='ocrx_word' id='word_1_138' title='bbox 1318 1917 1449 1990; x_wconf 78' lang='lat' dir='ltr'><strong>(Act.</strong></span> <span class='ocrx_word' id='word_1_139' title='bbox 1484 1933 1542 1981; x_wconf 87' lang='lat' dir='ltr'><strong>ll,</strong></span> <span class='ocrx_word' id='word_1_140' title='bbox 1571 1916 1659 1979; x_wconf 80' lang='lat'><strong>57,</strong></span> <span class='ocrx_word' id='word_1_141' title='bbox 1692 1914 1808 1984; x_wconf 78' lang='lat'><strong>58).</strong></span> <span class='ocrx_word' id='word_1_142' title='bbox 1850 1911 2084 1967; x_wconf 84' lang='lat' dir='ltr'><strong>Medicus</strong></span> 
     </span>
    </p>
   </div>
   <div class='ocr_carea' id='block_1_20' title="bbox 509 2004 2080 2080">
    <p class='ocr_par' dir='ltr' id='par_1_20' title="bbox 509 2004 2080 2080">
     <span class='ocr_line' id='line_1_20' title="bbox 509 2004 2080 2080; baseline -0.008 -10"><span class='ocrx_word' id='word_1_143' title='bbox 509 2018 649 2073; x_wconf 81' lang='lat' dir='ltr'><strong>enim</strong></span> <span class='ocrx_word' id='word_1_144' title='bbox 668 2024 907 2080; x_wconf 78' lang='lat' dir='ltr'><strong>venerat,</strong></span> <span class='ocrx_word' id='word_1_145' title='bbox 934 2026 987 2069; x_wconf 89' lang='lat' dir='ltr'><strong>et</strong></span> <span class='ocrx_word' id='word_1_146' title='bbox 1012 2014 1130 2069; x_wconf 90' lang='lat' dir='ltr'><strong>ideo</strong></span> <span class='ocrx_word' id='word_1_147' title='bbox 1150 2028 1256 2067; x_wconf 91' lang='lat' dir='ltr'><strong>non</strong></span> <span class='ocrx_word' id='word_1_148' title='bbox 1284 2012 1349 2065; x_wconf 90' lang='lat' dir='ltr'><strong>ad</strong></span> <span class='ocrx_word' id='word_1_149' title='bbox 1376 2024 1536 2065; x_wconf 88' lang='lat' dir='ltr'><strong>sanos</strong></span> <span class='ocrx_word' id='word_1_150' title='bbox 1552 2016 1772 2064; x_wconf 81' lang='lat' dir='ltr'><strong>venerat</strong></span> <span class='ocrx_word' id='word_1_151' title='bbox 1799 2025 1813 2061; x_wconf 88' lang='lat'><strong>:</strong></span> <span class='ocrx_word' id='word_1_152' title='bbox 1842 2004 1962 2061; x_wconf 89' lang='lat' dir='ltr'><strong>Non</strong></span> <span class='ocrx_word' id='word_1_153' title='bbox 1988 2014 2080 2067; x_wconf 88' lang='lat' dir='ltr'><strong>est,</strong></span> 
     </span>
    </p>
   </div>
   <div class='ocr_carea' id='block_1_21' title="bbox 510 2099 2084 2180">
    <p class='ocr_par' dir='ltr' id='par_1_21' title="bbox 510 2099 2084 2180">
     <span class='ocr_line' id='line_1_21' title="bbox 510 2099 2084 2180; baseline -0.009 -17"><span class='ocrx_word' id='word_1_154' title='bbox 510 2111 699 2180; x_wconf 79' lang='lat' dir='ltr'><strong>inquit,</strong></span> <span class='ocrx_word' id='word_1_155' title='bbox 726 2124 851 2178; x_wconf 78' lang='lat' dir='ltr'><strong>Opus</strong></span> <span class='ocrx_word' id='word_1_156' title='bbox 878 2110 1017 2160; x_wconf 85' lang='lat' dir='ltr'><strong>sanis</strong></span> <span class='ocrx_word' id='word_1_157' title='bbox 1042 2105 1282 2167; x_wconf 85' lang='lat' dir='ltr'><strong>medicus,</strong></span> <span class='ocrx_word' id='word_1_158' title='bbox 1329 2104 1417 2157; x_wconf 85' lang='lat' dir='ltr'><strong>sed</strong></span> <span class='ocrx_word' id='word_1_159' title='bbox 1440 2102 1572 2155; x_wconf 86' lang='lat' dir='ltr'><strong>male</strong></span> <span class='ocrx_word' id='word_1_160' title='bbox 1597 2099 1927 2158; x_wconf 78' lang='lat' dir='ltr'><strong>habentibus;</strong></span> <span class='ocrx_word' id='word_1_161' title='bbox 1982 2112 2084 2149; x_wconf 88' lang='lat' dir='ltr'><strong>non</strong></span> 
     </span>
    </p>
   </div>
   <div class='ocr_carea' id='block_1_22' title="bbox 508 2188 2079 2269">
    <p class='ocr_par' dir='ltr' id='par_1_22' title="bbox 508 2188 2079 2269">
     <span class='ocr_line' id='line_1_22' title="bbox 508 2188 2079 2269; baseline -0.011 -11"><span class='ocrx_word' id='word_1_162' title='bbox 508 2203 618 2257; x_wconf 79' lang='lat' dir='ltr'><strong>reni</strong></span> <span class='ocrx_word' id='word_1_163' title='bbox 639 2201 1006 2269; x_wconf 75' lang='lat' dir='ltr'><strong>nocarejustos,</strong></span> <span class='ocrx_word' id='word_1_164' title='bbox 1024 2196 1113 2250; x_wconf 82' lang='lat' dir='ltr'><strong>sed</strong></span> <span class='ocrx_word' id='word_1_165' title='bbox 1129 2203 1407 2266; x_wconf 82' lang='lat' dir='ltr'><strong>peccatores</strong></span> <span class='ocrx_word' id='word_1_166' title='bbox 1427 2193 1494 2247; x_wconf 83' lang='lat' dir='ltr'><strong>ad</strong></span> <span class='ocrx_word' id='word_1_167' title='bbox 1514 2192 1852 2265; x_wconf 73' lang='lat' dir='ltr'><strong>paenitentiam</strong></span> <span class='ocrx_word' id='word_1_168' title='bbox 1872 2188 2079 2262; x_wconf 77' lang='lat' dir='ltr'><strong>(Matth.</strong></span> 
     </span>
    </p>
   </div>
   <div class='ocr_carea' id='block_1_23' title="bbox 519 2282 2080 2359">
    <p class='ocr_par' dir='ltr' id='par_1_23' title="bbox 519 2282 2080 2359">
     <span class='ocr_line' id='line_1_23' title="bbox 519 2282 2080 2359; baseline -0.008 -14"><span class='ocrx_word' id='word_1_169' title='bbox 519 2308 594 2357; x_wconf 68' lang='grc' dir='ltr'><strong>νς,</strong></span> <span class='ocrx_word' id='word_1_170' title='bbox 626 2291 693 2345; x_wconf 70' lang='grc'><strong>12</strong></span> <span class='ocrx_word' id='word_1_171' title='bbox 709 2299 754 2344; x_wconf 89' lang='lat' dir='ltr'><strong>et</strong></span> <span class='ocrx_word' id='word_1_172' title='bbox 779 2288 892 2359; x_wconf 77' lang='grc'><strong>15).</strong></span> <span class='ocrx_word' id='word_1_173' title='bbox 924 2288 1084 2359; x_wconf 81' lang='lat' dir='ltr'><strong>Ergo,</strong></span> <span class='ocrx_word' id='word_1_174' title='bbox 1121 2286 1245 2341; x_wconf 79' lang='lat' dir='ltr'><strong>Dixi</strong></span> <span class='ocrx_word' id='word_1_175' title='bbox 1268 2286 1455 2351; x_wconf 83' lang='lat' dir='ltr'><strong>iniquis</strong></span> <span class='ocrx_word' id='word_1_176' title='bbox 1480 2301 1498 2338; x_wconf 91' lang='lat'><strong>:</strong></span> <span class='ocrx_word' id='word_1_177' title='bbox 1528 2282 1702 2337; x_wconf 83' lang='lat' dir='ltr'><strong>Nolite</strong></span> <span class='ocrx_word' id='word_1_178' title='bbox 1714 2283 1884 2352; x_wconf 86' lang='lat' dir='ltr'><strong>inique</strong></span> <span class='ocrx_word' id='word_1_179' title='bbox 1897 2284 2080 2351; x_wconf 80' lang='lat' dir='ltr'><strong>facere.</strong></span> 
     </span>
    </p>
   </div>
   <div class='ocr_carea' id='block_1_24' title="bbox 515 2374 2085 2438">
    <p class='ocr_par' dir='ltr' id='par_1_24' title="bbox 515 2374 2085 2438">
     <span class='ocr_line' id='line_1_24' title="bbox 515 2374 2085 2438; baseline -0.01 0"><span class='ocrx_word' id='word_1_180' title='bbox 515 2384 630 2438; x_wconf 83' lang='lat' dir='ltr'><strong>Non</strong></span> <span class='ocrx_word' id='word_1_181' title='bbox 656 2380 953 2437; x_wconf 79' lang='lat' dir='ltr'><strong>audierunt.</strong></span> <span class='ocrx_word' id='word_1_182' title='bbox 980 2378 1118 2434; x_wconf 89' lang='lat' dir='ltr'><strong>Olim</strong></span> <span class='ocrx_word' id='word_1_183' title='bbox 1144 2378 1287 2432; x_wconf 90' lang='lat' dir='ltr'><strong>enim</strong></span> <span class='ocrx_word' id='word_1_184' title='bbox 1311 2376 1464 2431; x_wconf 88' lang='lat' dir='ltr'><strong>nobis</strong></span> <span class='ocrx_word' id='word_1_185' title='bbox 1489 2374 1688 2430; x_wconf 90' lang='lat' dir='ltr'><strong>dictum</strong></span> <span class='ocrx_word' id='word_1_186' title='bbox 1705 2381 1788 2429; x_wconf 86' lang='lat' dir='ltr'><strong>est</strong></span> <span class='ocrx_word' id='word_1_187' title='bbox 1815 2389 1831 2438; x_wconf 91' lang='lat'><strong>;</strong></span> <span class='ocrx_word' id='word_1_188' title='bbox 1858 2386 1963 2426; x_wconf 91' lang='lat' dir='ltr'><strong>non</strong></span> <span class='ocrx_word' id='word_1_189' title='bbox 1990 2386 2085 2424; x_wconf 87' lang='lat' dir='ltr'><strong>au-</strong></span> 
     </span>
    </p>
   </div>
   <div class='ocr_carea' id='block_1_25' title="bbox 512 2461 2080 2542">
    <p class='ocr_par' dir='ltr' id='par_1_25' title="bbox 512 2461 2080 2542">
     <span class='ocr_line' id='line_1_25' title="bbox 512 2461 2080 2542; baseline -0.011 -11"><span class='ocrx_word' id='word_1_190' title='bbox 512 2477 761 2539; x_wconf 76' lang='lat' dir='ltr'><strong>divimus,</strong></span> <span class='ocrx_word' id='word_1_191' title='bbox 786 2473 931 2542; x_wconf 82' lang='lat' dir='ltr'><strong>lapsi</strong></span> <span class='ocrx_word' id='word_1_192' title='bbox 941 2485 1145 2537; x_wconf 82' lang='lat' dir='ltr'><strong>sumus,</strong></span> <span class='ocrx_word' id='word_1_193' title='bbox 1165 2468 1416 2523; x_wconf 86' lang='lat' dir='ltr'><strong>mortales</strong></span> <span class='ocrx_word' id='word_1_194' title='bbox 1442 2466 1583 2532; x_wconf 91' lang='lat' dir='ltr'><strong>facti,</strong></span> <span class='ocrx_word' id='word_1_195' title='bbox 1611 2464 1868 2521; x_wconf 89' lang='lat' dir='ltr'><strong>mortales</strong></span> <span class='ocrx_word' id='word_1_196' title='bbox 1886 2461 2080 2533; x_wconf 79' lang='lat' dir='ltr'><strong>geniti:</strong></span> 
     </span>
    </p>
   </div>
   <div class='ocr_carea' id='block_1_26' title="bbox 512 2552 2086 2636">
    <p class='ocr_par' dir='ltr' id='par_1_26' title="bbox 512 2552 2086 2636">
     <span class='ocr_line' id='line_1_26' title="bbox 512 2552 2086 2636; baseline -0.009 -16"><span class='ocrx_word' id='word_1_197' title='bbox 512 2566 723 2636; x_wconf 74' lang='lat' dir='ltr'><strong>deﬂuxit</strong></span> <span class='ocrx_word' id='word_1_198' title='bbox 762 2572 915 2619; x_wconf 76' lang='lat' dir='ltr'><strong>terra.</strong></span> <span class='ocrx_word' id='word_1_199' title='bbox 961 2560 1192 2617; x_wconf 80' lang='lat' dir='ltr'><strong>Audiant</strong></span> <span class='ocrx_word' id='word_1_200' title='bbox 1220 2560 1303 2615; x_wconf 82' lang='lat' dir='ltr'><strong>vel</strong></span> <span class='ocrx_word' id='word_1_201' title='bbox 1338 2558 1516 2624; x_wconf 89' lang='lat' dir='ltr'><strong>modo,</strong></span> <span class='ocrx_word' id='word_1_202' title='bbox 1548 2566 1605 2611; x_wconf 88' lang='lat' dir='ltr'><strong>ut</strong></span> <span class='ocrx_word' id='word_1_203' title='bbox 1638 2562 1876 2626; x_wconf 77' lang='lat' dir='ltr'><strong>surgant,</strong></span> <span class='ocrx_word' id='word_1_204' title='bbox 1918 2552 2086 2607; x_wconf 88' lang='lat' dir='ltr'><strong>medi-</strong></span> 
     </span>
    </p>
   </div>
   <div class='ocr_carea' id='block_1_27' title="bbox 511 2644 2085 2727">
    <p class='ocr_par' dir='ltr' id='par_1_27' title="bbox 511 2644 2085 2727">
     <span class='ocr_line' id='line_1_27' title="bbox 511 2644 2085 2727; baseline -0.006 -16"><span class='ocrx_word' id='word_1_205' title='bbox 511 2656 737 2727; x_wconf 83' lang='lat' dir='ltr'><strong>eumqui</strong></span> <span class='ocrx_word' id='word_1_206' title='bbox 762 2655 909 2710; x_wconf 88' lang='lat' dir='ltr'><strong>venit</strong></span> <span class='ocrx_word' id='word_1_207' title='bbox 929 2652 995 2707; x_wconf 91' lang='lat' dir='ltr'><strong>ad</strong></span> <span class='ocrx_word' id='word_1_208' title='bbox 1023 2649 1328 2723; x_wconf 80' lang='lat' dir='ltr'><strong>languidum</strong></span> <span class='ocrx_word' id='word_1_209' title='bbox 1372 2666 1385 2703; x_wconf 90' lang='lat'><strong>:</strong></span> <span class='ocrx_word' id='word_1_210' title='bbox 1419 2663 1576 2719; x_wconf 83' lang='lat' dir='ltr'><strong>quem</strong></span> <span class='ocrx_word' id='word_1_211' title='bbox 1604 2644 2085 2702; x_wconf 84' lang='lat' dir='ltr'><strong>nolueruntaudire</strong></span> 
     </span>
    </p>
   </div>
   <div class='ocr_carea' id='block_1_28' title="bbox 510 2741 2082 2813">
    <p class='ocr_par' dir='ltr' id='par_1_28' title="bbox 510 2741 2082 2813">
     <span class='ocr_line' id='line_1_28' title="bbox 510 2741 2082 2813; baseline -0.006 -14"><span class='ocrx_word' id='word_1_212' title='bbox 510 2749 643 2813; x_wconf 68' lang='lat' dir='ltr'><strong>sani,</strong></span> <span class='ocrx_word' id='word_1_213' title='bbox 675 2754 734 2801; x_wconf 93' lang='lat' dir='ltr'><strong>ut</strong></span> <span class='ocrx_word' id='word_1_214' title='bbox 771 2761 875 2801; x_wconf 89' lang='lat' dir='ltr'><strong>non</strong></span> <span class='ocrx_word' id='word_1_215' title='bbox 920 2743 1208 2807; x_wconf 86' lang='lat' dir='ltr'><strong>caderent;</strong></span> <span class='ocrx_word' id='word_1_216' title='bbox 1236 2741 1455 2796; x_wconf 87' lang='lat' dir='ltr'><strong>audiant</strong></span> <span class='ocrx_word' id='word_1_217' title='bbox 1471 2743 1731 2810; x_wconf 88' lang='lat' dir='ltr'><strong>jaceutes,</strong></span> <span class='ocrx_word' id='word_1_218' title='bbox 1755 2748 1813 2793; x_wconf 90' lang='lat' dir='ltr'><strong>ut</strong></span> <span class='ocrx_word' id='word_1_219' title='bbox 1842 2744 2082 2807; x_wconf 78' lang='lat' dir='ltr'><strong>surgant.</strong></span> 
     </span>
    </p>
   </div>
   <div class='ocr_carea' id='block_1_29' title="bbox 521 2826 2082 2907">
    <p class='ocr_par' dir='ltr' id='par_1_29' title="bbox 521 2826 2082 2907">
     <span class='ocr_line' id='line_1_29' title="bbox 521 2826 2082 2907; baseline -0.006 -18"><span class='ocrx_word' id='word_1_220' title='bbox 521 2839 637 2893; x_wconf 82' lang='lat' dir='ltr'><strong>Dixi</strong></span> <span class='ocrx_word' id='word_1_221' title='bbox 660 2838 846 2907; x_wconf 80' lang='lat' dir='ltr'><strong>iniquis</strong></span> <span class='ocrx_word' id='word_1_222' title='bbox 878 2851 898 2890; x_wconf 90' lang='lat'><strong>:</strong></span> <span class='ocrx_word' id='word_1_223' title='bbox 933 2833 1104 2889; x_wconf 84' lang='lat' dir='ltr'><strong>Nolite</strong></span> <span class='ocrx_word' id='word_1_224' title='bbox 1125 2826 1299 2901; x_wconf 83' lang='lat' dir='ltr'><strong>inique</strong></span> <span class='ocrx_word' id='word_1_225' title='bbox 1313 2831 1496 2902; x_wconf 80' lang='lat' dir='ltr'><strong>facere.</strong></span> <span class='ocrx_word' id='word_1_226' title='bbox 1526 2828 1661 2898; x_wconf 82' lang='lat' dir='ltr'><strong>Quid</strong></span> <span class='ocrx_word' id='word_1_227' title='bbox 1692 2828 1896 2899; x_wconf 83' lang='lat' dir='ltr'><strong>agimus</strong></span> <span class='ocrx_word' id='word_1_228' title='bbox 1925 2845 1938 2880; x_wconf 89' lang='lat'><strong>:</strong></span> <span class='ocrx_word' id='word_1_229' title='bbox 1966 2826 2082 2881; x_wconf 85' lang='lat' dir='ltr'><strong>Jam</strong></span> 
     </span>
    </p>
   </div>
   <div class='ocr_carea' id='block_1_30' title="bbox 512 2922 2084 2995">
    <p class='ocr_par' dir='ltr' id='par_1_30' title="bbox 512 2922 2084 2995">
     <span class='ocr_line' id='line_1_30' title="bbox 512 2922 2084 2995; baseline -0.008 -10"><span class='ocrx_word' id='word_1_230' title='bbox 512 2932 749 2985; x_wconf 73' lang='lat' dir='ltr'><strong>ierimus.</strong></span> <span class='ocrx_word' id='word_1_231' title='bbox 781 2929 849 2984; x_wconf 82' lang='lat' dir='ltr'><strong>Et</strong></span> <span class='ocrx_word' id='word_1_232' title='bbox 876 2926 1274 2995; x_wconf 78' lang='lat' dir='ltr'><strong>delinquentibus</strong></span> <span class='ocrx_word' id='word_1_233' title='bbox 1305 2941 1323 2979; x_wconf 92' lang='lat'><strong>:</strong></span> <span class='ocrx_word' id='word_1_234' title='bbox 1353 2923 1527 2978; x_wconf 82' lang='lat' dir='ltr'><strong>Nolite</strong></span> <span class='ocrx_word' id='word_1_235' title='bbox 1567 2922 1791 2978; x_wconf 81' lang='lat' dir='ltr'><strong>exaltare</strong></span> <span class='ocrx_word' id='word_1_236' title='bbox 1815 2936 1973 2974; x_wconf 89' lang='lat' dir='ltr'><strong>cornu</strong></span> <span class='ocrx_word' id='word_1_237' title='bbox 1997 2935 2084 2973; x_wconf 82' lang='lat' dir='ltr'><strong>ve-</strong></span> 
     </span>
    </p>
   </div>
   <div class='ocr_carea' id='block_1_31' title="bbox 508 3013 2085 3090">
    <p class='ocr_par' dir='ltr' id='par_1_31' title="bbox 508 3013 2085 3090">
     <span class='ocr_line' id='line_1_31' title="bbox 508 3013 2085 3090; baseline -0.006 -14"><span class='ocrx_word' id='word_1_238' title='bbox 508 3034 667 3076; x_wconf 81' lang='lat' dir='ltr'><strong>strum</strong></span> <span class='ocrx_word' id='word_1_239' title='bbox 701 3024 745 3075; x_wconf 77' lang='grc'><strong>³.</strong></span> <span class='ocrx_word' id='word_1_240' title='bbox 785 3019 920 3090; x_wconf 87' lang='lat' dir='ltr'><strong>Quid</strong></span> <span class='ocrx_word' id='word_1_241' title='bbox 972 3026 1055 3075; x_wconf 89' lang='lat' dir='ltr'><strong>est</strong></span> <span class='ocrx_word' id='word_1_242' title='bbox 1113 3016 1248 3073; x_wconf 84' lang='lat' dir='ltr'><strong>hoc?</strong></span> <span class='ocrx_word' id='word_1_243' title='bbox 1292 3016 1346 3072; x_wconf 92' lang='lat' dir='ltr'><strong>Si</strong></span> <span class='ocrx_word' id='word_1_244' title='bbox 1377 3015 1576 3071; x_wconf 82' lang='lat' dir='ltr'><strong>fecistis</strong></span> <span class='ocrx_word' id='word_1_245' title='bbox 1618 3013 1944 3083; x_wconf 84' lang='lat' dir='ltr'><strong>iniquitatem</strong></span> <span class='ocrx_word' id='word_1_246' title='bbox 1987 3026 2085 3080; x_wconf 88' lang='lat' dir='ltr'><strong>per</strong></span> 
     </span>
    </p>
   </div>
   <div class='ocr_carea' id='block_1_32' title="bbox 508 3103 2080 3183">
    <p class='ocr_par' dir='ltr' id='par_1_32' title="bbox 508 3103 2080 3183">
     <span class='ocr_line' id='line_1_32' title="bbox 508 3103 2080 3183; baseline -0.005 -19"><span class='ocrx_word' id='word_1_247' title='bbox 508 3112 867 3183; x_wconf 81' lang='lat' dir='ltr'><strong>cupiditatem,</strong></span> <span class='ocrx_word' id='word_1_248' title='bbox 916 3109 1081 3164; x_wconf 85' lang='lat' dir='ltr'><strong>nolite</strong></span> <span class='ocrx_word' id='word_1_249' title='bbox 1116 3123 1233 3163; x_wconf 79' lang='lat' dir='ltr'><strong>eam</strong></span> <span class='ocrx_word' id='word_1_250' title='bbox 1282 3105 1573 3162; x_wconf 84' lang='lat' dir='ltr'><strong>defendere</strong></span> <span class='ocrx_word' id='word_1_251' title='bbox 1615 3120 1709 3175; x_wconf 86' lang='lat' dir='ltr'><strong>per</strong></span> <span class='ocrx_word' id='word_1_252' title='bbox 1750 3103 2080 3159; x_wconf 87' lang='lat' dir='ltr'><strong>elationem:</strong></span> 
     </span>
    </p>
   </div>
   <div class='ocr_carea' id='block_1_33' title="bbox 508 3196 2084 3270">
    <p class='ocr_par' dir='ltr' id='par_1_33' title="bbox 508 3196 2084 3270">
     <span class='ocr_line' id='line_1_33' title="bbox 508 3196 2084 3270; baseline -0.005 -12"><span class='ocrx_word' id='word_1_253' title='bbox 508 3202 856 3270; x_wconf 81' lang='lat' dir='ltr'><strong>conﬁtemini,</strong></span> <span class='ocrx_word' id='word_1_254' title='bbox 887 3201 937 3256; x_wconf 86' lang='lat' dir='ltr'><strong>si</strong></span> <span class='ocrx_word' id='word_1_255' title='bbox 965 3201 1182 3257; x_wconf 75' lang='lat' dir='ltr'><strong>fecisus.</strong></span> <span class='ocrx_word' id='word_1_256' title='bbox 1223 3199 1327 3267; x_wconf 88' lang='lat' dir='ltr'><strong>Qui</strong></span> <span class='ocrx_word' id='word_1_257' title='bbox 1351 3199 1494 3254; x_wconf 91' lang='lat' dir='ltr'><strong>enim</strong></span> <span class='ocrx_word' id='word_1_258' title='bbox 1539 3213 1643 3252; x_wconf 91' lang='lat' dir='ltr'><strong>non</strong></span> <span class='ocrx_word' id='word_1_259' title='bbox 1679 3196 1979 3263; x_wconf 82' lang='lat' dir='ltr'><strong>conﬁtetur,</strong></span> <span class='ocrx_word' id='word_1_260' title='bbox 2029 3204 2084 3251; x_wconf 91' lang='lat' dir='ltr'><strong>et</strong></span> 
     </span>
    </p>
   </div>
   <div class='ocr_carea' id='block_1_34' title="bbox 511 3286 2081 3364">
    <p class='ocr_par' dir='ltr' id='par_1_34' title="bbox 511 3286 2081 3364">
     <span class='ocr_line' id='line_1_34' title="bbox 511 3286 2081 3364; baseline -0.005 -16"><span class='ocrx_word' id='word_1_261' title='bbox 511 3296 723 3364; x_wconf 87' lang='lat' dir='ltr'><strong>iniquus</strong></span> <span class='ocrx_word' id='word_1_262' title='bbox 747 3302 847 3358; x_wconf 88' lang='lat' dir='ltr'><strong>est,</strong></span> <span class='ocrx_word' id='word_1_263' title='bbox 878 3293 901 3324; x_wconf 86' lang='grc'>⁸</span> <span class='ocrx_word' id='word_1_264' title='bbox 925 3292 1120 3348; x_wconf 79' lang='lat' dir='ltr'><strong>exaltat</strong></span> <span class='ocrx_word' id='word_1_265' title='bbox 1137 3306 1324 3347; x_wconf 83' lang='lat' dir='ltr'><strong>cornu.</strong></span> <span class='ocrx_word' id='word_1_266' title='bbox 1373 3288 1495 3342; x_wconf 80' lang='lat' dir='ltr'><strong>Dixi</strong></span> <span class='ocrx_word' id='word_1_267' title='bbox 1529 3288 1753 3358; x_wconf 75' lang='lat' dir='ltr'><strong>iniquis:</strong></span> <span class='ocrx_word' id='word_1_268' title='bbox 1780 3286 1952 3341; x_wconf 86' lang='lat' dir='ltr'><strong>Nolite</strong></span> <span class='ocrx_word' id='word_1_269' title='bbox 1977 3287 2081 3341; x_wconf 76' lang='lat' dir='ltr'><strong>ini—</strong></span> 
     </span>
    </p>
   </div>
   <div class='ocr_carea' id='block_1_35' title="bbox 509 3378 2081 3458">
    <p class='ocr_par' dir='ltr' id='par_1_35' title="bbox 509 3378 2081 3458">
     <span class='ocr_line' id='line_1_35' title="bbox 509 3378 2081 3458; baseline -0.006 -17"><span class='ocrx_word' id='word_1_270' title='bbox 509 3404 604 3458; x_wconf 90' lang='lat' dir='ltr'><strong>que</strong></span> <span class='ocrx_word' id='word_1_271' title='bbox 626 3390 829 3458; x_wconf 82' lang='lat' dir='ltr'><strong>facere;</strong></span> <span class='ocrx_word' id='word_1_272' title='bbox 860 3395 905 3438; x_wconf 91' lang='lat' dir='ltr'><strong>et</strong></span> <span class='ocrx_word' id='word_1_273' title='bbox 938 3381 1339 3455; x_wconf 78' lang='lat' dir='ltr'><strong>delinquentibus</strong></span> <span class='ocrx_word' id='word_1_274' title='bbox 1374 3396 1395 3434; x_wconf 90' lang='lat'><strong>:</strong></span> <span class='ocrx_word' id='word_1_275' title='bbox 1448 3378 1624 3434; x_wconf 86' lang='lat' dir='ltr'><strong>Nolite</strong></span> <span class='ocrx_word' id='word_1_276' title='bbox 1650 3378 1872 3432; x_wconf 78' lang='lat' dir='ltr'><strong>exaltare</strong></span> <span class='ocrx_word' id='word_1_277' title='bbox 1922 3394 2081 3432; x_wconf 89' lang='lat' dir='ltr'><strong>cornu</strong></span> 
     </span>
    </p>
   </div>
   <div class='ocr_carea' id='block_1_36' title="bbox 508 3468 2080 3532">
    <p class='ocr_par' dir='ltr' id='par_1_36' title="bbox 508 3468 2080 3532">
     <span class='ocr_line' id='line_1_36' title="bbox 508 3468 2080 3532; baseline -0.004 -3"><span class='ocrx_word' id='word_1_278' title='bbox 508 3486 742 3531; x_wconf 74' lang='lat' dir='ltr'><strong>uestrum.</strong></span> <span class='ocrx_word' id='word_1_279' title='bbox 795 3474 1122 3530; x_wconf 71' lang='lat' dir='ltr'><strong>Esaltabitur</strong></span> <span class='ocrx_word' id='word_1_280' title='bbox 1147 3472 1201 3526; x_wconf 91' lang='lat' dir='ltr'><strong>in</strong></span> <span class='ocrx_word' id='word_1_281' title='bbox 1243 3471 1394 3527; x_wconf 80' lang='lat' dir='ltr'><strong>vobis</strong></span> <span class='ocrx_word' id='word_1_282' title='bbox 1431 3484 1596 3525; x_wconf 87' lang='lat' dir='ltr'><strong>cornu</strong></span> <span class='ocrx_word' id='word_1_283' title='bbox 1637 3468 1855 3532; x_wconf 88' lang='lat' dir='ltr'><strong>Christi,</strong></span> <span class='ocrx_word' id='word_1_284' title='bbox 1894 3469 1937 3523; x_wconf 90' lang='lat' dir='ltr'><strong>si</strong></span> <span class='ocrx_word' id='word_1_285' title='bbox 1973 3484 2080 3523; x_wconf 88' lang='lat' dir='ltr'><strong>non</strong></span> 
     </span>
    </p>
   </div>
   <div class='ocr_carea' id='block_1_37' title="bbox 509 3558 2080 3629">
    <p class='ocr_par' dir='ltr' id='par_1_37' title="bbox 509 3558 2080 3629">
     <span class='ocr_line' id='line_1_37' title="bbox 509 3558 2080 3629; baseline -0.006 -7"><span class='ocrx_word' id='word_1_286' title='bbox 509 3566 777 3623; x_wconf 75' lang='lat' dir='ltr'><strong>esaltetur&#39;</strong></span> <span class='ocrx_word' id='word_1_287' title='bbox 802 3580 967 3621; x_wconf 85' lang='lat' dir='ltr'><strong>cornu</strong></span> <span class='ocrx_word' id='word_1_288' title='bbox 1005 3574 1258 3619; x_wconf 81' lang='lat' dir='ltr'><strong>vestrum.</strong></span> <span class='ocrx_word' id='word_1_289' title='bbox 1292 3558 1468 3616; x_wconf 84' lang='lat' dir='ltr'><strong>Cornu</strong></span> <span class='ocrx_word' id='word_1_290' title='bbox 1504 3569 1739 3615; x_wconf 88' lang='lat' dir='ltr'><strong>vestrum</strong></span> <span class='ocrx_word' id='word_1_291' title='bbox 1780 3559 1849 3614; x_wconf 85' lang='lat' dir='ltr'><strong>de</strong></span> <span class='ocrx_word' id='word_1_292' title='bbox 1887 3558 2080 3629; x_wconf 90' lang='lat' dir='ltr'><strong>iniqui-</strong></span> 
     </span>
    </p>
   </div>
   <div class='ocr_carea' id='block_1_38' title="bbox 509 3653 1618 3723">
    <p class='ocr_par' dir='ltr' id='par_1_38' title="bbox 509 3653 1618 3723">
     <span class='ocr_line' id='line_1_38' title="bbox 509 3653 1618 3723; baseline -0.006 -10"><span class='ocrx_word' id='word_1_293' title='bbox 509 3668 617 3714; x_wconf 84' lang='lat' dir='ltr'><strong>tate</strong></span> <span class='ocrx_word' id='word_1_294' title='bbox 663 3664 746 3714; x_wconf 89' lang='lat' dir='ltr'><strong>est</strong></span> <span class='ocrx_word' id='word_1_295' title='bbox 771 3673 787 3723; x_wconf 90' lang='lat'><strong>;</strong></span> <span class='ocrx_word' id='word_1_296' title='bbox 819 3671 982 3713; x_wconf 87' lang='lat' dir='ltr'><strong>cornu</strong></span> <span class='ocrx_word' id='word_1_297' title='bbox 1010 3654 1202 3711; x_wconf 87' lang='lat' dir='ltr'><strong>Christi</strong></span> <span class='ocrx_word' id='word_1_298' title='bbox 1228 3653 1295 3708; x_wconf 90' lang='lat' dir='ltr'><strong>de</strong></span> <span class='ocrx_word' id='word_1_299' title='bbox 1322 3653 1618 3721; x_wconf 84' lang='lat' dir='ltr'><strong>majestate.</strong></span> 
     </span>
    </p>
   </div>
   <div class='ocr_carea' id='block_1_39' title="bbox 582 3741 2079 3821">
    <p class='ocr_par' dir='ltr' id='par_1_39' title="bbox 582 3741 2079 3821">
     <span class='ocr_line' id='line_1_39' title="bbox 582 3741 2079 3821; baseline -0.006 -17"><span class='ocrx_word' id='word_1_300' title='bbox 582 3750 636 3804; x_wconf 84' lang='lat'><strong>8.</strong></span> <span class='ocrx_word' id='word_1_301' title='bbox 668 3747 816 3821; x_wconf 82' lang='lat' dir='ltr'><strong>[vers.</strong></span> <span class='ocrx_word' id='word_1_302' title='bbox 843 3745 988 3818; x_wconf 85' lang='lat'><strong>6-8.]</strong></span> <span class='ocrx_word' id='word_1_303' title='bbox 1033 3744 1208 3799; x_wconf 84' lang='lat' dir='ltr'><strong>Nolite</strong></span> <span class='ocrx_word' id='word_1_304' title='bbox 1225 3760 1342 3814; x_wconf 83' lang='lat' dir='ltr'><strong>ergo</strong></span> <span class='ocrx_word' id='word_1_305' title='bbox 1360 3742 1530 3810; x_wconf 76' lang='lat' dir='ltr'><strong>e/ferri</strong></span> <span class='ocrx_word' id='word_1_306' title='bbox 1554 3757 1575 3796; x_wconf 91' lang='lat'><strong>:</strong></span> <span class='ocrx_word' id='word_1_307' title='bbox 1597 3759 1659 3796; x_wconf 91' lang='lat' dir='ltr'><strong>ne</strong></span> <span class='ocrx_word' id='word_1_308' title='bbox 1685 3741 1959 3810; x_wconf 85' lang='lat' dir='ltr'><strong>loquamini</strong></span> <span class='ocrx_word' id='word_1_309' title='bbox 1981 3742 2079 3795; x_wconf 84' lang='lat' dir='ltr'><strong>ad-</strong></span> 
     </span>
    </p>
   </div>
   <div class='ocr_carea' id='block_1_40' title="bbox 506 3836 2075 3910">
    <p class='ocr_par' dir='ltr' id='par_1_40' title="bbox 506 3836 2075 3910">
     <span class='ocr_line' id='line_1_40' title="bbox 506 3836 2075 3910; baseline -0.006 -13"><span class='ocrx_word' id='word_1_310' title='bbox 506 3858 678 3897; x_wconf 76' lang='lat' dir='ltr'><strong>uersus</strong></span> <span class='ocrx_word' id='word_1_311' title='bbox 704 3841 862 3895; x_wconf 87' lang='lat' dir='ltr'><strong>Deum</strong></span> <span class='ocrx_word' id='word_1_312' title='bbox 886 3839 1217 3910; x_wconf 82' lang='lat' dir='ltr'><strong>iniquitatem.</strong></span> <span class='ocrx_word' id='word_1_313' title='bbox 1248 3837 1440 3891; x_wconf 82' lang='lat' dir='ltr'><strong>Audite</strong></span> <span class='ocrx_word' id='word_1_314' title='bbox 1455 3836 1563 3906; x_wconf 88' lang='lat' dir='ltr'><strong>jam</strong></span> <span class='ocrx_word' id='word_1_315' title='bbox 1585 3850 1745 3891; x_wconf 81' lang='lat' dir='ltr'><strong>voces</strong></span> <span class='ocrx_word' id='word_1_316' title='bbox 1759 3837 2075 3901; x_wconf 90' lang='lat' dir='ltr'><strong>multorum;</strong></span> 
     </span>
    </p>
   </div>
   <div class='ocr_carea' id='block_1_41' title="bbox 515 3925 2076 3998">
    <p class='ocr_par' dir='ltr' id='par_1_41' title="bbox 515 3925 2076 3998">
     <span class='ocr_line' id='line_1_41' title="bbox 515 3925 2076 3998; baseline -0.004 -12"><span class='ocrx_word' id='word_1_317' title='bbox 515 3931 697 3986; x_wconf 78' lang='lat' dir='ltr'><strong>audiat</strong></span> <span class='ocrx_word' id='word_1_318' title='bbox 722 3929 1112 3998; x_wconf 75' lang='lat' dir='ltr'><strong>unusquisque.</strong></span> <span class='ocrx_word' id='word_1_319' title='bbox 1141 3937 1195 3982; x_wconf 90' lang='lat' dir='ltr'><strong>et</strong></span> <span class='ocrx_word' id='word_1_320' title='bbox 1221 3936 1503 3997; x_wconf 87' lang='lat' dir='ltr'><strong>pungalur.</strong></span> <span class='ocrx_word' id='word_1_321' title='bbox 1534 3925 1670 3993; x_wconf 86' lang='lat' dir='ltr'><strong>Quid</strong></span> <span class='ocrx_word' id='word_1_322' title='bbox 1699 3925 1875 3981; x_wconf 88' lang='lat' dir='ltr'><strong>solent</strong></span> <span class='ocrx_word' id='word_1_323' title='bbox 1902 3926 2076 3981; x_wconf 89' lang='lat' dir='ltr'><strong>homi-</strong></span> 
     </span>
    </p>
   </div>
   <div class='ocr_carea' id='block_1_42' title="bbox 512 4015 2081 4088">
    <p class='ocr_par' dir='ltr' id='par_1_42' title="bbox 512 4015 2081 4088">
     <span class='ocr_line' id='line_1_42' title="bbox 512 4015 2081 4088; baseline -0.003 -13"><span class='ocrx_word' id='word_1_324' title='bbox 512 4036 608 4077; x_wconf 90' lang='lat' dir='ltr'><strong>nes</strong></span> <span class='ocrx_word' id='word_1_325' title='bbox 631 4021 807 4075; x_wconf 89' lang='lat' dir='ltr'><strong>diecre</strong></span> <span class='ocrx_word' id='word_1_326' title='bbox 827 4020 851 4074; x_wconf 78' lang='lat' dir='ltr'><strong>i</strong></span> <span class='ocrx_word' id='word_1_327' title='bbox 874 4019 1008 4074; x_wconf 84' lang='lat' dir='ltr'><strong>Vere</strong></span> <span class='ocrx_word' id='word_1_328' title='bbox 1025 4017 1230 4088; x_wconf 89' lang='lat' dir='ltr'><strong>judicat</strong></span> <span class='ocrx_word' id='word_1_329' title='bbox 1268 4017 1407 4073; x_wconf 89' lang='lat' dir='ltr'><strong>Deus</strong></span> <span class='ocrx_word' id='word_1_330' title='bbox 1436 4015 1504 4071; x_wconf 90' lang='lat' dir='ltr'><strong>de</strong></span> <span class='ocrx_word' id='word_1_331' title='bbox 1522 4016 1683 4071; x_wconf 88' lang='lat' dir='ltr'><strong>rebus</strong></span> <span class='ocrx_word' id='word_1_332' title='bbox 1722 4015 1998 4072; x_wconf 85' lang='lat' dir='ltr'><strong>humanis?</strong></span> <span class='ocrx_word' id='word_1_333' title='bbox 2027 4024 2081 4070; x_wconf 91' lang='lat' dir='ltr'><strong>ct</strong></span> 
     </span>
    </p>
   </div>
   <div class='ocr_carea' id='block_1_43' title="bbox 511 4107 2079 4181">
    <p class='ocr_par' dir='ltr' id='par_1_43' title="bbox 511 4107 2079 4181">
     <span class='ocr_line' id='line_1_43' title="bbox 511 4107 2079 4181; baseline -0.004 -13"><span class='ocrx_word' id='word_1_334' title='bbox 511 4121 596 4168; x_wconf 88' lang='lat' dir='ltr'><strong>est</strong></span> <span class='ocrx_word' id='word_1_335' title='bbox 628 4111 754 4166; x_wconf 84' lang='lat' dir='ltr'><strong>illud</strong></span> <span class='ocrx_word' id='word_1_336' title='bbox 772 4111 1027 4181; x_wconf 87' lang='lat' dir='ltr'><strong>judicium</strong></span> <span class='ocrx_word' id='word_1_337' title='bbox 1061 4109 1153 4164; x_wconf 88' lang='lat' dir='ltr'><strong>Dei</strong></span> <span class='ocrx_word' id='word_1_338' title='bbox 1173 4107 1233 4162; x_wconf 70' lang='lat'><strong>‘2’</strong></span> <span class='ocrx_word' id='word_1_339' title='bbox 1271 4116 1362 4162; x_wconf 90' lang='lat' dir='ltr'><strong>aut</strong></span> <span class='ocrx_word' id='word_1_340' title='bbox 1388 4122 1518 4162; x_wconf 84' lang='lat' dir='ltr'><strong>vero</strong></span> <span class='ocrx_word' id='word_1_341' title='bbox 1549 4116 1701 4162; x_wconf 86' lang='lat' dir='ltr'><strong>curat</strong></span> <span class='ocrx_word' id='word_1_342' title='bbox 1726 4108 1852 4178; x_wconf 89' lang='lat' dir='ltr'><strong>quid</strong></span> <span class='ocrx_word' id='word_1_343' title='bbox 1894 4118 2079 4179; x_wconf 79' lang='lat' dir='ltr'><strong>agatur</strong></span> 
     </span>
    </p>
   </div>
   <div class='ocr_carea' id='block_1_44' title="bbox 510 4199 2073 4271">
    <p class='ocr_par' dir='ltr' id='par_1_44' title="bbox 510 4199 2073 4271">
     <span class='ocr_line' id='line_1_44' title="bbox 510 4199 2073 4271; baseline -0.007 -10"><span class='ocrx_word' id='word_1_344' title='bbox 510 4209 566 4261; x_wconf 89' lang='lat' dir='ltr'><strong>in</strong></span> <span class='ocrx_word' id='word_1_345' title='bbox 593 4204 769 4260; x_wconf 85' lang='lat' dir='ltr'><strong>terra?</strong></span> <span class='ocrx_word' id='word_1_346' title='bbox 796 4204 924 4257; x_wconf 90' lang='lat' dir='ltr'><strong>Tam</strong></span> <span class='ocrx_word' id='word_1_347' title='bbox 955 4202 1106 4257; x_wconf 90' lang='lat' dir='ltr'><strong>multi</strong></span> <span class='ocrx_word' id='word_1_348' title='bbox 1148 4200 1311 4271; x_wconf 84' lang='lat' dir='ltr'><strong>iniqui</strong></span> <span class='ocrx_word' id='word_1_349' title='bbox 1354 4199 1653 4255; x_wconf 86' lang='lat' dir='ltr'><strong>redundant</strong></span> <span class='ocrx_word' id='word_1_350' title='bbox 1699 4200 2073 4262; x_wconf 82' lang='lat' dir='ltr'><strong>felicitatibus;</strong></span> 
     </span>
    </p>
   </div>
   <div class='ocr_carea' id='block_1_45' title="bbox 513 4289 2081 4364">
    <p class='ocr_par' dir='ltr' id='par_1_45' title="bbox 513 4289 2081 4364">
     <span class='ocr_line' id='line_1_45' title="bbox 513 4289 2081 4364; baseline -0.006 -11"><span class='ocrx_word' id='word_1_351' title='bbox 513 4299 824 4353; x_wconf 85' lang='lat' dir='ltr'><strong>innocentes</strong></span> <span class='ocrx_word' id='word_1_352' title='bbox 866 4301 1178 4364; x_wconf 87' lang='lat' dir='ltr'><strong>premuntur</strong></span> <span class='ocrx_word' id='word_1_353' title='bbox 1243 4291 1544 4346; x_wconf 81' lang='lat' dir='ltr'><strong>laboribus!</strong></span> <span class='ocrx_word' id='word_1_354' title='bbox 1613 4290 1718 4346; x_wconf 89' lang='lat' dir='ltr'><strong>Sed</strong></span> <span class='ocrx_word' id='word_1_355' title='bbox 1754 4290 1848 4344; x_wconf 88' lang='lat' dir='ltr'><strong>.illi</strong></span> <span class='ocrx_word' id='word_1_356' title='bbox 1887 4289 2081 4344; x_wconf 83' lang='lat' dir='ltr'><strong>accidit</strong></span> 
     </span>
    </p>
   </div>
   <div class='ocr_carea' id='block_1_46' title="bbox 510 4381 2080 4459">
    <p class='ocr_par' dir='ltr' id='par_1_46' title="bbox 510 4381 2080 4459">
     <span class='ocr_line' id='line_1_46' title="bbox 510 4381 2080 4459; baseline -0.008 -13"><span class='ocrx_word' id='word_1_357' title='bbox 510 4388 695 4446; x_wconf 87' lang='lat' dir='ltr'><strong>nescio</strong></span> <span class='ocrx_word' id='word_1_358' title='bbox 715 4385 841 4459; x_wconf 90' lang='lat' dir='ltr'><strong>quid</strong></span> <span class='ocrx_word' id='word_1_359' title='bbox 886 4385 1034 4451; x_wconf 89' lang='lat' dir='ltr'><strong>mali,</strong></span> <span class='ocrx_word' id='word_1_360' title='bbox 1061 4383 1355 4453; x_wconf 81' lang='lat' dir='ltr'><strong>castigante</strong></span> <span class='ocrx_word' id='word_1_361' title='bbox 1398 4383 1508 4437; x_wconf 84' lang='lat' dir='ltr'><strong>Deo</strong></span> <span class='ocrx_word' id='word_1_362' title='bbox 1555 4390 1611 4437; x_wconf 83' lang='lat' dir='ltr'><strong>et</strong></span> <span class='ocrx_word' id='word_1_363' title='bbox 1655 4381 1995 4447; x_wconf 84' lang='lat' dir='ltr'><strong>admonente,</strong></span> <span class='ocrx_word' id='word_1_364' title='bbox 2027 4389 2080 4434; x_wconf 92' lang='lat' dir='ltr'><strong>et</strong></span> 
     </span>
    </p>
   </div>
   <div class='ocr_carea' id='block_1_47' title="bbox 512 4472 2077 4542">
    <p class='ocr_par' dir='ltr' id='par_1_47' title="bbox 512 4472 2077 4542">
     <span class='ocr_line' id='line_1_47' title="bbox 512 4472 2077 4542; baseline -0.006 -7"><span class='ocrx_word' id='word_1_365' title='bbox 512 4480 657 4536; x_wconf 88' lang='lat' dir='ltr'><strong>novit</strong></span> <span class='ocrx_word' id='word_1_366' title='bbox 682 4476 1063 4534; x_wconf 86' lang='lat' dir='ltr'><strong>conscientiam</strong></span> <span class='ocrx_word' id='word_1_367' title='bbox 1095 4488 1281 4538; x_wconf 89' lang='lat' dir='ltr'><strong>suam;</strong></span> <span class='ocrx_word' id='word_1_368' title='bbox 1313 4472 1461 4528; x_wconf 90' lang='lat' dir='ltr'><strong>novit</strong></span> <span class='ocrx_word' id='word_1_369' title='bbox 1486 4487 1581 4542; x_wconf 93' lang='lat' dir='ltr'><strong>pro</strong></span> <span class='ocrx_word' id='word_1_370' title='bbox 1604 4472 1799 4526; x_wconf 88' lang='lat' dir='ltr'><strong>merito</strong></span> <span class='ocrx_word' id='word_1_371' title='bbox 1828 4479 2077 4542; x_wconf 82' lang='lat' dir='ltr'><strong>peccato-</strong></span> 
     </span>
    </p>
   </div>
   <div class='ocr_carea' id='block_1_48' title="bbox 505 4563 2077 4638">
    <p class='ocr_par' dir='ltr' id='par_1_48' title="bbox 505 4563 2077 4638">
     <span class='ocr_line' id='line_1_48' title="bbox 505 4563 2077 4638; baseline -0.004 -14"><span class='ocrx_word' id='word_1_372' title='bbox 505 4586 623 4627; x_wconf 80' lang='lat' dir='ltr'><strong>mm</strong></span> <span class='ocrx_word' id='word_1_373' title='bbox 648 4584 862 4626; x_wconf 84' lang='lat' dir='ltr'><strong>suorum</strong></span> <span class='ocrx_word' id='word_1_374' title='bbox 903 4564 1101 4638; x_wconf 86' lang='lat' dir='ltr'><strong>aliquid</strong></span> <span class='ocrx_word' id='word_1_375' title='bbox 1151 4580 1210 4620; x_wconf 91' lang='lat' dir='ltr'><strong>se</strong></span> <span class='ocrx_word' id='word_1_376' title='bbox 1254 4564 1457 4634; x_wconf 82' lang='lat' dir='ltr'><strong>perpeti</strong></span> <span class='ocrx_word' id='word_1_377' title='bbox 1507 4578 1663 4632; x_wconf 86' lang='lat' dir='ltr'><strong>posse</strong></span> <span class='ocrx_word' id='word_1_378' title='bbox 1694 4580 1710 4619; x_wconf 92' lang='lat'><strong>:</strong></span> <span class='ocrx_word' id='word_1_379' title='bbox 1738 4563 1878 4618; x_wconf 89' lang='lat' dir='ltr'><strong>unde</strong></span> <span class='ocrx_word' id='word_1_380' title='bbox 1915 4577 2077 4633; x_wconf 78' lang='lat' dir='ltr'><strong>argu-</strong></span> 
     </span>
    </p>
   </div>
   <div class='ocr_carea' id='block_1_49' title="bbox 506 4654 2075 4724">
    <p class='ocr_par' dir='ltr' id='par_1_49' title="bbox 506 4654 2075 4724">
     <span class='ocr_line' id='line_1_49' title="bbox 506 4654 2075 4724; baseline -0.003 -10"><span class='ocrx_word' id='word_1_381' title='bbox 506 4671 773 4721; x_wconf 87' lang='lat' dir='ltr'><strong>mentatur</strong></span> <span class='ocrx_word' id='word_1_382' title='bbox 794 4660 1054 4715; x_wconf 89' lang='lat' dir='ltr'><strong>adversus</strong></span> <span class='ocrx_word' id='word_1_383' title='bbox 1094 4655 1300 4711; x_wconf 82' lang='lat' dir='ltr'><strong>Deum?</strong></span> <span class='ocrx_word' id='word_1_384' title='bbox 1348 4654 1480 4722; x_wconf 91' lang='lat' dir='ltr'><strong>Quia</strong></span> <span class='ocrx_word' id='word_1_385' title='bbox 1507 4670 1610 4708; x_wconf 90' lang='lat' dir='ltr'><strong>non</strong></span> <span class='ocrx_word' id='word_1_386' title='bbox 1645 4663 1819 4724; x_wconf 86' lang='lat' dir='ltr'><strong>potest</strong></span> <span class='ocrx_word' id='word_1_387' title='bbox 1857 4655 2075 4722; x_wconf 86' lang='lat' dir='ltr'><strong>dicere,</strong></span> 
     </span>
    </p>
   </div>
   <div class='ocr_carea' id='block_1_50' title="bbox 504 4746 2079 4821">
    <p class='ocr_par' dir='ltr' id='par_1_50' title="bbox 504 4746 2079 4821">
     <span class='ocr_line' id='line_1_50' title="bbox 504 4746 2079 4821; baseline -0.003 -14"><span class='ocrx_word' id='word_1_388' title='bbox 504 4755 685 4807; x_wconf 83' lang='lat' dir='ltr'><strong>Justus</strong></span> <span class='ocrx_word' id='word_1_389' title='bbox 713 4766 863 4818; x_wconf 91' lang='lat' dir='ltr'><strong>sum;</strong></span> <span class='ocrx_word' id='word_1_390' title='bbox 894 4750 1023 4821; x_wconf 89' lang='lat' dir='ltr'><strong>quid</strong></span> <span class='ocrx_word' id='word_1_391' title='bbox 1050 4758 1298 4819; x_wconf 88' lang='lat' dir='ltr'><strong>putamus</strong></span> <span class='ocrx_word' id='word_1_392' title='bbox 1326 4762 1445 4800; x_wconf 87' lang='lat' dir='ltr'><strong>eum</strong></span> <span class='ocrx_word' id='word_1_393' title='bbox 1468 4746 1687 4801; x_wconf 86' lang='lat' dir='ltr'><strong>dicere?</strong></span> <span class='ocrx_word' id='word_1_394' title='bbox 1717 4746 1851 4802; x_wconf 89' lang='lat' dir='ltr'><strong>Sunt</strong></span> <span class='ocrx_word' id='word_1_395' title='bbox 1873 4747 2079 4816; x_wconf 88' lang='lat' dir='ltr'><strong>pejores</strong></span> 
     </span>
    </p>
   </div>
   <div class='ocr_carea' id='block_1_51' title="bbox 505 4838 2079 4913">
    <p class='ocr_par' dir='ltr' id='par_1_51' title="bbox 505 4838 2079 4913">
     <span class='ocr_line' id='line_1_51' title="bbox 505 4838 2079 4913; baseline -0.001 -16"><span class='ocrx_word' id='word_1_396' title='bbox 505 4842 692 4913; x_wconf 82' lang='lat' dir='ltr'><strong>iniqui,</strong></span> <span class='ocrx_word' id='word_1_397' title='bbox 719 4852 772 4897; x_wconf 90' lang='lat' dir='ltr'><strong>et</strong></span> <span class='ocrx_word' id='word_1_398' title='bbox 799 4847 973 4899; x_wconf 80' lang='lat' dir='ltr'><strong>tamen</strong></span> <span class='ocrx_word' id='word_1_399' title='bbox 1004 4842 1106 4897; x_wconf 84' lang='lat' dir='ltr'><strong>ista</strong></span> <span class='ocrx_word' id='word_1_400' title='bbox 1135 4855 1238 4895; x_wconf 86' lang='lat' dir='ltr'><strong>non</strong></span> <span class='ocrx_word' id='word_1_401' title='bbox 1257 4840 1547 4910; x_wconf 88' lang='lat' dir='ltr'><strong>patiuntur.</strong></span> <span class='ocrx_word' id='word_1_402' title='bbox 1580 4838 1704 4892; x_wconf 72' lang='lat' dir='ltr'><strong>Haec</strong></span> <span class='ocrx_word' id='word_1_403' title='bbox 1727 4848 1809 4895; x_wconf 88' lang='lat' dir='ltr'><strong>est</strong></span> <span class='ocrx_word' id='word_1_404' title='bbox 1832 4840 2079 4909; x_wconf 81' lang='lat' dir='ltr'><strong>iniquitas</strong></span> 
     </span>
    </p>
   </div>
   <div class='ocr_carea' id='block_1_52' title="bbox 505 4928 2077 5004">
    <p class='ocr_par' dir='ltr' id='par_1_52' title="bbox 505 4928 2077 5004">
     <span class='ocr_line' id='line_1_52' title="bbox 505 4928 2077 5004; baseline -0.001 -18"><span class='ocrx_word' id='word_1_405' title='bbox 505 4948 664 5004; x_wconf 86' lang='lat' dir='ltr'><strong>quam</strong></span> <span class='ocrx_word' id='word_1_406' title='bbox 687 4933 977 5003; x_wconf 82' lang='lat' dir='ltr'><strong>loquuntur</strong></span> <span class='ocrx_word' id='word_1_407' title='bbox 1005 4931 1250 4987; x_wconf 83' lang='lat' dir='ltr'><strong>homines</strong></span> <span class='ocrx_word' id='word_1_408' title='bbox 1271 4929 1526 4985; x_wconf 85' lang='lat' dir='ltr'><strong>adversus</strong></span> <span class='ocrx_word' id='word_1_409' title='bbox 1556 4930 1740 4984; x_wconf 88' lang='lat' dir='ltr'><strong>Deum.</strong></span> <span class='ocrx_word' id='word_1_410' title='bbox 1768 4928 1954 4985; x_wconf 86' lang='lat' dir='ltr'><strong>Videte</strong></span> <span class='ocrx_word' id='word_1_411' title='bbox 1982 4946 2077 4985; x_wconf 83' lang='lat' dir='ltr'><strong>au-</strong></span> 
     </span>
    </p>
   </div>
   <div class='ocr_carea' id='block_1_53' title="bbox 507 5023 2073 5096">
    <p class='ocr_par' dir='ltr' id='par_1_53' title="bbox 507 5023 2073 5096">
     <span class='ocr_line' id='line_1_53' title="bbox 507 5023 2073 5096; baseline -0.003 -13"><span class='ocrx_word' id='word_1_412' title='bbox 507 5040 615 5083; x_wconf 88' lang='lat' dir='ltr'><strong>tem</strong></span> <span class='ocrx_word' id='word_1_413' title='bbox 641 5040 801 5096; x_wconf 88' lang='lat' dir='ltr'><strong>quam</strong></span> <span class='ocrx_word' id='word_1_414' title='bbox 834 5025 1073 5095; x_wconf 88' lang='lat' dir='ltr'><strong>iniquum</strong></span> <span class='ocrx_word' id='word_1_415' title='bbox 1111 5025 1179 5080; x_wconf 90' lang='lat' dir='ltr'><strong>sit</strong></span> <span class='ocrx_word' id='word_1_416' title='bbox 1212 5040 1227 5078; x_wconf 92' lang='lat'><strong>:</strong></span> <span class='ocrx_word' id='word_1_417' title='bbox 1254 5023 1377 5078; x_wconf 91' lang='lat' dir='ltr'><strong>dum</strong></span> <span class='ocrx_word' id='word_1_418' title='bbox 1421 5036 1479 5077; x_wconf 87' lang='lat' dir='ltr'><strong>se</strong></span> <span class='ocrx_word' id='word_1_419' title='bbox 1502 5023 1617 5077; x_wconf 85' lang='lat' dir='ltr'><strong>vult</strong></span> <span class='ocrx_word' id='word_1_420' title='bbox 1652 5024 1853 5091; x_wconf 86' lang='lat' dir='ltr'><strong>justum</strong></span> <span class='ocrx_word' id='word_1_421' title='bbox 1886 5023 2073 5092; x_wconf 83' lang='lat' dir='ltr'><strong>videri,</strong></span> 
     </span>
    </p>
   </div>
   <div class='ocr_carea' id='block_1_54' title="bbox 506 5114 2076 5186">
    <p class='ocr_par' dir='ltr' id='par_1_54' title="bbox 506 5114 2076 5186">
     <span class='ocr_line' id='line_1_54' title="bbox 506 5114 2076 5186; baseline -0.004 -10"><span class='ocrx_word' id='word_1_422' title='bbox 506 5121 656 5176; x_wconf 89' lang='lat' dir='ltr'><strong>illum</strong></span> <span class='ocrx_word' id='word_1_423' title='bbox 688 5117 814 5172; x_wconf 90' lang='lat' dir='ltr'><strong>facit</strong></span> <span class='ocrx_word' id='word_1_424' title='bbox 849 5116 1125 5186; x_wconf 79' lang='lat' dir='ltr'><strong>injustam.</strong></span> <span class='ocrx_word' id='word_1_425' title='bbox 1155 5116 1256 5184; x_wconf 91' lang='lat' dir='ltr'><strong>Qui</strong></span> <span class='ocrx_word' id='word_1_426' title='bbox 1297 5115 1439 5171; x_wconf 84' lang='lat' dir='ltr'><strong>enim</strong></span> <span class='ocrx_word' id='word_1_427' title='bbox 1482 5114 1629 5180; x_wconf 88' lang='lat' dir='ltr'><strong>dicit,</strong></span> <span class='ocrx_word' id='word_1_428' title='bbox 1679 5114 1861 5184; x_wconf 85' lang='lat' dir='ltr'><strong>luique</strong></span> <span class='ocrx_word' id='word_1_429' title='bbox 1904 5117 2076 5184; x_wconf 86' lang='lat' dir='ltr'><strong>patior</strong></span> 
     </span>
    </p>
   </div>
   <div class='ocr_carea' id='block_1_55' title="bbox 514 5207 2074 5284">
    <p class='ocr_par' dir='ltr' id='par_1_55' title="bbox 514 5207 2074 5284">
     <span class='ocr_line' id='line_1_55' title="bbox 514 5207 2074 5284; baseline -0.004 -16"><span class='ocrx_word' id='word_1_430' title='bbox 514 5212 653 5284; x_wconf 92' lang='lat' dir='ltr'><strong>quod</strong></span> <span class='ocrx_word' id='word_1_431' title='bbox 681 5209 890 5281; x_wconf 88' lang='lat' dir='ltr'><strong>patior;</strong></span> <span class='ocrx_word' id='word_1_432' title='bbox 929 5209 1073 5263; x_wconf 91' lang='lat' dir='ltr'><strong>illum</strong></span> <span class='ocrx_word' id='word_1_433' title='bbox 1100 5209 1336 5279; x_wconf 88' lang='lat' dir='ltr'><strong>iniquum</strong></span> <span class='ocrx_word' id='word_1_434' title='bbox 1360 5207 1486 5263; x_wconf 86' lang='lat' dir='ltr'><strong>facit</strong></span> <span class='ocrx_word' id='word_1_435' title='bbox 1524 5207 1678 5276; x_wconf 87' lang='lat' dir='ltr'><strong>cujus</strong></span> <span class='ocrx_word' id='word_1_436' title='bbox 1712 5207 1911 5277; x_wconf 88' lang='lat' dir='ltr'><strong>judicio</strong></span> <span class='ocrx_word' id='word_1_437' title='bbox 1937 5210 2074 5279; x_wconf 88' lang='lat' dir='ltr'><strong>pati-</strong></span> 
     </span>
    </p>
   </div>
   <div class='ocr_carea' id='block_1_56' title="bbox 511 5299 2072 5371">
    <p class='ocr_par' dir='ltr' id='par_1_56' title="bbox 511 5299 2072 5371">
     <span class='ocr_line' id='line_1_56' title="bbox 511 5299 2072 5371; baseline -0.002 -13"><span class='ocrx_word' id='word_1_438' title='bbox 511 5318 616 5371; x_wconf 90' lang='lat' dir='ltr'><strong>tur,</strong></span> <span class='ocrx_word' id='word_1_439' title='bbox 658 5318 718 5360; x_wconf 88' lang='lat' dir='ltr'><strong>se</strong></span> <span class='ocrx_word' id='word_1_440' title='bbox 744 5310 920 5356; x_wconf 89' lang='lat' dir='ltr'><strong>autem</strong></span> <span class='ocrx_word' id='word_1_441' title='bbox 949 5299 1149 5369; x_wconf 91' lang='lat' dir='ltr'><strong>justum</strong></span> <span class='ocrx_word' id='word_1_442' title='bbox 1185 5300 1272 5369; x_wconf 88' lang='lat' dir='ltr'><strong>qui</strong></span> <span class='ocrx_word' id='word_1_443' title='bbox 1296 5299 1474 5369; x_wconf 89' lang='lat' dir='ltr'><strong>inique</strong></span> <span class='ocrx_word' id='word_1_444' title='bbox 1523 5301 1738 5369; x_wconf 85' lang='lat' dir='ltr'><strong>patitur.</strong></span> <span class='ocrx_word' id='word_1_445' title='bbox 1789 5299 1937 5371; x_wconf 78' lang='lat' dir='ltr'><strong>Rogo</strong></span> <span class='ocrx_word' id='word_1_446' title='bbox 1956 5315 2072 5364; x_wconf 91' lang='lat' dir='ltr'><strong>vos,</strong></span> 
     </span>
    </p>
   </div>
   <div class='ocr_carea' id='block_1_57' title="bbox 510 5392 2075 5464">
    <p class='ocr_par' dir='ltr' id='par_1_57' title="bbox 510 5392 2075 5464">
     <span class='ocr_line' id='line_1_57' title="bbox 510 5392 2075 5464; baseline -0.004 -12"><span class='ocrx_word' id='word_1_447' title='bbox 510 5403 700 5454; x_wconf 82' lang='lat' dir='ltr'><strong>fratres</strong></span> <span class='ocrx_word' id='word_1_448' title='bbox 730 5396 856 5462; x_wconf 88' lang='lat' dir='ltr'><strong>mei,</strong></span> <span class='ocrx_word' id='word_1_449' title='bbox 891 5407 1099 5464; x_wconf 65' lang='lat' dir='ltr'><strong>aequum</strong></span> <span class='ocrx_word' id='word_1_450' title='bbox 1128 5392 1353 5459; x_wconf 86' lang='lat' dir='ltr'><strong>esthoc,</strong></span> <span class='ocrx_word' id='word_1_451' title='bbox 1383 5401 1441 5447; x_wconf 88' lang='lat' dir='ltr'><strong>ut</strong></span> <span class='ocrx_word' id='word_1_452' title='bbox 1485 5393 1622 5448; x_wconf 87' lang='lat' dir='ltr'><strong>Deus</strong></span> <span class='ocrx_word' id='word_1_453' title='bbox 1652 5392 1898 5449; x_wconf 85' lang='lat' dir='ltr'><strong>credatur</strong></span> <span class='ocrx_word' id='word_1_454' title='bbox 1941 5393 2075 5463; x_wconf 81' lang='lat' dir='ltr'><strong>inju—</strong></span> 
     </span>
    </p>
   </div>
   <div class='ocr_carea' id='block_1_58' title="bbox 565 5552 1254 5617">
    <p class='ocr_par' dir='ltr' id='par_1_58' title="bbox 565 5552 1254 5617">
     <span class='ocr_line' id='line_1_58' title="bbox 565 5552 1254 5617; baseline -0.013 -14"><span class='ocrx_word' id='word_1_455' title='bbox 565 5557 580 5587; x_wconf 80' lang='grc' dir='ltr'><strong><em>ι</em></strong></span> <span class='ocrx_word' id='word_1_456' title='bbox 609 5552 797 5617; x_wconf 75' lang='lat' dir='ltr'><strong>Aliquot</strong></span> <span class='ocrx_word' id='word_1_457' title='bbox 817 5558 945 5610; x_wconf 61' lang='lat' dir='ltr'><strong>Mss,</strong></span> <span class='ocrx_word' id='word_1_458' title='bbox 967 5553 1254 5617; x_wconf 68' lang='lat' dir='ltr'><strong>peccatores.</strong></span> 
     </span>
    </p>
   </div>
   <div class='ocr_carea' id='block_1_59' title="bbox 564 5608 1886 5671">
    <p class='ocr_par' dir='ltr' id='par_1_59' title="bbox 564 5608 1886 5671">
     <span class='ocr_line' id='line_1_59' title="bbox 564 5608 1886 5671; baseline -0.005 -9"><span class='ocrx_word' id='word_1_459' title='bbox 564 5618 585 5648; x_wconf 75' lang='grc'>³</span> <span class='ocrx_word' id='word_1_460' title='bbox 610 5608 726 5671; x_wconf 72' lang='lat' dir='ltr'><strong>t&#39;ox&#39;,</strong></span> <span class='ocrx_word' id='word_1_461' title='bbox 752 5608 977 5671; x_wconf 69' lang='lat' dir='ltr'><strong>vestrum,</strong></span> <span class='ocrx_word' id='word_1_462' title='bbox 1000 5611 1079 5662; x_wconf 89' lang='lat' dir='ltr'><strong>hic</strong></span> <span class='ocrx_word' id='word_1_463' title='bbox 1096 5617 1148 5660; x_wconf 89' lang='lat' dir='ltr'><strong>et</strong></span> <span class='ocrx_word' id='word_1_464' title='bbox 1171 5608 1291 5659; x_wconf 80' lang='lat' dir='ltr'><strong>infra</strong></span> <span class='ocrx_word' id='word_1_465' title='bbox 1313 5611 1454 5659; x_wconf 89' lang='lat' dir='ltr'><strong>abest</strong></span> <span class='ocrx_word' id='word_1_466' title='bbox 1471 5622 1497 5658; x_wconf 88' lang='lat' dir='ltr'><strong>a</strong></span> <span class='ocrx_word' id='word_1_467' title='bbox 1515 5608 1760 5671; x_wconf 84' lang='lat' dir='ltr'><strong>plerisque</strong></span> <span class='ocrx_word' id='word_1_468' title='bbox 1780 5614 1886 5656; x_wconf 78' lang='lat' dir='ltr'><strong>Mss.</strong></span> 
     </span>
    </p>
   </div>
   <div class='ocr_carea' id='block_1_60' title="bbox 566 5669 1898 5737">
    <p class='ocr_par' dir='ltr' id='par_1_60' title="bbox 566 5669 1898 5737">
     <span class='ocr_line' id='line_1_60' title="bbox 566 5669 1898 5737; baseline -0.006 -14"><span class='ocrx_word' id='word_1_469' title='bbox 566 5679 587 5708; x_wconf 78' lang='grc'><strong><em>³</em></strong></span> <span class='ocrx_word' id='word_1_470' title='bbox 610 5669 741 5736; x_wconf 68' lang='grc' dir='ltr'><strong>ιείιιιέ,</strong></span> <span class='ocrx_word' id='word_1_471' title='bbox 766 5684 810 5737; x_wconf 83' lang='lat' dir='ltr'><strong>et</strong></span> <span class='ocrx_word' id='word_1_472' title='bbox 834 5669 1013 5726; x_wconf 75' lang='lat' dir='ltr'><strong>exultat</strong></span> <span class='ocrx_word' id='word_1_473' title='bbox 1037 5687 1203 5725; x_wconf 78' lang='lat' dir='ltr'><strong>cornu.</strong></span> <span class='ocrx_word' id='word_1_474' title='bbox 1228 5675 1373 5737; x_wconf 57' lang='lat' dir='ltr'><strong>abest</strong></span> <span class='ocrx_word' id='word_1_475' title='bbox 1392 5669 1638 5732; x_wconf 84' lang='lat' dir='ltr'><strong>particula,</strong></span> <span class='ocrx_word' id='word_1_476' title='bbox 1654 5669 1898 5737; x_wconf 46' lang='lat' dir='ltr'><strong>_et,ua~tttss.</strong></span> 
     </span>
    </p>
   </div>
   <div class='ocr_carea' id='block_1_61' title="bbox 564 5728 2071 5788">
    <p class='ocr_par' dir='ltr' id='par_1_61' title="bbox 564 5728 2071 5788">
     <span class='ocr_line' id='line_1_61' title="bbox 564 5728 2071 5788; baseline -0.003 -4"><span class='ocrx_word' id='word_1_477' title='bbox 564 5742 583 5767; x_wconf 68' lang='grc' dir='ltr'>δ</span> <span class='ocrx_word' id='word_1_478' title='bbox 607 5740 679 5786; x_wconf 70' lang='lat' dir='ltr'><strong>sic</strong></span> <span class='ocrx_word' id='word_1_479' title='bbox 700 5728 928 5788; x_wconf 80' lang='lat' dir='ltr'><strong>meliores</strong></span> <span class='ocrx_word' id='word_1_480' title='bbox 948 5743 1054 5787; x_wconf 78' lang='lat' dir='ltr'><strong>Mss.</strong></span> <span class='ocrx_word' id='word_1_481' title='bbox 1095 5746 1148 5784; x_wconf 79' lang='lat' dir='ltr'><strong>At.</strong></span> <span class='ocrx_word' id='word_1_482' title='bbox 1186 5735 1328 5783; x_wconf 81' lang='lat' dir='ltr'><strong>Edd.:</strong></span> <span class='ocrx_word' id='word_1_483' title='bbox 1378 5728 1494 5779; x_wconf 64' lang='lat' dir='ltr'><strong>fere</strong></span> <span class='ocrx_word' id='word_1_484' title='bbox 1516 5743 1606 5778; x_wconf 88' lang='lat' dir='ltr'><strong>non</strong></span> <span class='ocrx_word' id='word_1_485' title='bbox 1634 5728 1825 5788; x_wconf 78' lang='lat' dir='ltr'><strong>judicat</strong></span> <span class='ocrx_word' id='word_1_486' title='bbox 1855 5736 1977 5778; x_wconf 75' lang='lat' dir='ltr'><strong>Deus</strong></span> <span class='ocrx_word' id='word_1_487' title='bbox 2012 5728 2071 5779; x_wconf 87' lang='lat' dir='ltr'><strong>de</strong></span> 
     </span>
    </p>
   </div>
   <div class='ocr_carea' id='block_1_62' title="bbox 505 5780 1646 5853">
    <p class='ocr_par' dir='ltr' id='par_1_62' title="bbox 505 5780 1646 5853">
     <span class='ocr_line' id='line_1_62' title="bbox 505 5780 1646 5853; baseline -0.006 -6"><span class='ocrx_word' id='word_1_488' title='bbox 505 5806 540 5847; x_wconf 82' lang='lat' dir='ltr'><strong>r.</strong></span> <span class='ocrx_word' id='word_1_489' title='bbox 560 5780 1068 5850; x_wconf 53' lang='lat' dir='ltr'><strong>iis‘i;;;,3;t}i.‘fﬁ&#39;£si</strong></span> <span class='ocrx_word' id='word_1_490' title='bbox 1092 5780 1243 5847; x_wconf 56' lang='lat' dir='ltr'><strong>una</strong></span> <span class='ocrx_word' id='word_1_491' title='bbox 1256 5780 1343 5843; x_wconf 60' lang='lat' dir='ltr'><strong>“ne</strong></span> <span class='ocrx_word' id='word_1_492' title='bbox 1357 5789 1601 5853; x_wconf 79' lang='lat' dir='ltr'><strong>judicium</strong></span> <span class='ocrx_word' id='word_1_493' title='bbox 1622 5780 1646 5840; x_wconf 57' lang='lat'><strong>:5</strong></span> 
     </span>
    </p>
   </div>
   <div class='ocr_carea' id='block_1_63' title="bbox 3653 347 3764 405">
    <p class='ocr_par' dir='ltr' id='par_1_63' title="bbox 3653 347 3764 405">
     <span class='ocr_line' id='line_1_63' title="bbox 3653 347 3764 405; baseline -0.018 0"><span class='ocrx_word' id='word_1_494' title='bbox 3653 347 3764 405; x_wconf 59' lang='lat'><strong>$55</strong></span> 
     </span>
    </p>
   </div>
   <div class='ocr_carea' id='block_1_64' title="bbox 2188 452 3757 530">
    <p class='ocr_par' dir='ltr' id='par_1_64' title="bbox 2188 452 3757 530">
     <span class='ocr_line' id='line_1_64' title="bbox 2188 452 3757 530; baseline 0.005 -26"><span class='ocrx_word' id='word_1_495' title='bbox 2188 459 2321 516; x_wconf 88' lang='lat' dir='ltr'><strong>stus,</strong></span> <span class='ocrx_word' id='word_1_496' title='bbox 2351 460 2405 507; x_wconf 91' lang='lat' dir='ltr'><strong>tu</strong></span> <span class='ocrx_word' id='word_1_497' title='bbox 2426 453 2640 522; x_wconf 83' lang='lat' dir='ltr'><strong>justus?</strong></span> <span class='ocrx_word' id='word_1_498' title='bbox 2684 452 2815 511; x_wconf 84' lang='lat' dir='ltr'><strong>Cum</strong></span> <span class='ocrx_word' id='word_1_499' title='bbox 2855 464 3037 512; x_wconf 89' lang='lat' dir='ltr'><strong>autem</strong></span> <span class='ocrx_word' id='word_1_500' title='bbox 3058 456 3172 514; x_wconf 71' lang='lat' dir='ltr'><strong>lucc</strong></span> <span class='ocrx_word' id='word_1_501' title='bbox 3197 457 3351 521; x_wconf 85' lang='lat' dir='ltr'><strong>dicis,</strong></span> <span class='ocrx_word' id='word_1_502' title='bbox 3398 458 3627 530; x_wconf 83' lang='lat' dir='ltr'><strong>loqueris</strong></span> <span class='ocrx_word' id='word_1_503' title='bbox 3663 458 3757 512; x_wconf 82' lang='lat' dir='ltr'><strong>ad-</strong></span> 
     </span>
    </p>
   </div>
   <div class='ocr_carea' id='block_1_65' title="bbox 2191 543 2950 615">
    <p class='ocr_par' dir='ltr' id='par_1_65' title="bbox 2191 543 2950 615">
     <span class='ocr_line' id='line_1_65' title="bbox 2191 543 2950 615; baseline 0.011 -23"><span class='ocrx_word' id='word_1_504' title='bbox 2191 556 2377 596; x_wconf 87' lang='lat' dir='ltr'><strong>versus</strong></span> <span class='ocrx_word' id='word_1_505' title='bbox 2404 543 2567 598; x_wconf 87' lang='lat' dir='ltr'><strong>Deum</strong></span> <span class='ocrx_word' id='word_1_506' title='bbox 2600 545 2950 615; x_wconf 84' lang='lat' dir='ltr'><strong>iniquitatem.</strong></span> 
     </span>
    </p>
   </div>
   <div class='ocr_carea' id='block_1_66' title="bbox 2256 620 3765 708">
    <p class='ocr_par' dir='ltr' id='par_1_66' title="bbox 2256 620 3765 708">
     <span class='ocr_line' id='line_1_66' title="bbox 2256 620 3765 708; baseline 0.005 -20"><span class='ocrx_word' id='word_1_507' title='bbox 2256 633 2310 688; x_wconf 88' lang='lat'><strong>9.</strong></span> <span class='ocrx_word' id='word_1_508' title='bbox 2338 632 2472 700; x_wconf 88' lang='lat' dir='ltr'><strong>Quid</strong></span> <span class='ocrx_word' id='word_1_509' title='bbox 2509 634 2635 690; x_wconf 89' lang='lat' dir='ltr'><strong>dicit</strong></span> <span class='ocrx_word' id='word_1_510' title='bbox 2675 636 2725 689; x_wconf 89' lang='lat' dir='ltr'><strong>in</strong></span> <span class='ocrx_word' id='word_1_511' title='bbox 2771 637 2879 691; x_wconf 90' lang='lat' dir='ltr'><strong>alio</strong></span> <span class='ocrx_word' id='word_1_512' title='bbox 2908 630 3153 708; x_wconf 73' lang='lat' dir='ltr'><strong>psallite?</strong></span> <span class='ocrx_word' id='word_1_513' title='bbox 3180 638 3308 694; x_wconf 66' lang='lat' dir='ltr'><strong>Hm</strong></span> <span class='ocrx_word' id='word_1_514' title='bbox 3336 620 3499 707; x_wconf 70' lang='lat' dir='ltr'><strong>fecisti</strong></span> <span class='ocrx_word' id='word_1_515' title='bbox 3525 654 3765 695; x_wconf 81' lang='lat' dir='ltr'><strong>:nnme-</strong></span> 
     </span>
    </p>
   </div>
   <div class='ocr_carea' id='block_1_67' title="bbox 2185 724 3763 803">
    <p class='ocr_par' dir='ltr' id='par_1_67' title="bbox 2185 724 3763 803">
     <span class='ocr_line' id='line_1_67' title="bbox 2185 724 3763 803; baseline 0.004 -26"><span class='ocrx_word' id='word_1_516' title='bbox 2185 724 2313 778; x_wconf 88' lang='lat' dir='ltr'><strong>ratis</strong></span> <span class='ocrx_word' id='word_1_517' title='bbox 2338 725 2648 794; x_wconf 88' lang='lat' dir='ltr'><strong>quibusdam</strong></span> <span class='ocrx_word' id='word_1_518' title='bbox 2679 729 2925 796; x_wconf 86' lang='lat' dir='ltr'><strong>peccatis.</strong></span> <span class='ocrx_word' id='word_1_519' title='bbox 2954 728 3098 796; x_wconf 69' lang='lat' dir='ltr'><strong>Hcce,</strong></span> <span class='ocrx_word' id='word_1_520' title='bbox 3131 731 3321 801; x_wconf 89' lang='lat' dir='ltr'><strong>inquit,</strong></span> <span class='ocrx_word' id='word_1_521' title='bbox 3346 732 3530 803; x_wconf 78' lang='lat' dir='ltr'><strong>fecisti,</strong></span> <span class='ocrx_word' id='word_1_522' title='bbox 3584 740 3635 784; x_wconf 87' lang='lat' dir='ltr'><strong>et</strong></span> <span class='ocrx_word' id='word_1_523' title='bbox 3683 740 3763 784; x_wconf 85' lang='lat' dir='ltr'><strong>ta-</strong></span> 
     </span>
    </p>
   </div>
   <div class='ocr_carea' id='block_1_68' title="bbox 2186 815 3760 892">
    <p class='ocr_par' dir='ltr' id='par_1_68' title="bbox 2186 815 3760 892">
     <span class='ocr_line' id='line_1_68' title="bbox 2186 815 3760 892; baseline 0.007 -27"><span class='ocrx_word' id='word_1_524' title='bbox 2186 815 2285 869; x_wconf 79' lang='lat' dir='ltr'><strong>cui.</strong></span> <span class='ocrx_word' id='word_1_525' title='bbox 2331 815 2464 883; x_wconf 89' lang='lat' dir='ltr'><strong>Quid</strong></span> <span class='ocrx_word' id='word_1_526' title='bbox 2491 825 2593 883; x_wconf 86' lang='lat' dir='ltr'><strong>est,</strong></span> <span class='ocrx_word' id='word_1_527' title='bbox 2623 819 2796 872; x_wconf 83' lang='lat' dir='ltr'><strong>tacui?</strong></span> <span class='ocrx_word' id='word_1_528' title='bbox 2841 819 3116 890; x_wconf 87' lang='lat' dir='ltr'><strong>Nunquam</strong></span> <span class='ocrx_word' id='word_1_529' title='bbox 3163 830 3303 877; x_wconf 88' lang='lat' dir='ltr'><strong>tacet</strong></span> <span class='ocrx_word' id='word_1_530' title='bbox 3328 832 3619 892; x_wconf 65' lang='lat' dir='ltr'><strong>praacepto,</strong></span> <span class='ocrx_word' id='word_1_531' title='bbox 3663 824 3760 876; x_wconf 86' lang='lat' dir='ltr'><strong>sed</strong></span> 
     </span>
    </p>
   </div>
   <div class='ocr_carea' id='block_1_69' title="bbox 2185 906 3760 981">
    <p class='ocr_par' dir='ltr' id='par_1_69' title="bbox 2185 906 3760 981">
     <span class='ocr_line' id='line_1_69' title="bbox 2185 906 3760 981; baseline 0.003 -22"><span class='ocrx_word' id='word_1_532' title='bbox 2185 906 2395 962; x_wconf 89' lang='lat' dir='ltr'><strong>interim</strong></span> <span class='ocrx_word' id='word_1_533' title='bbox 2429 917 2563 963; x_wconf 91' lang='lat' dir='ltr'><strong>tacet</strong></span> <span class='ocrx_word' id='word_1_534' title='bbox 2591 909 2847 979; x_wconf 90' lang='lat' dir='ltr'><strong>supplicio</strong></span> <span class='ocrx_word' id='word_1_535' title='bbox 2871 927 2884 973; x_wconf 92' lang='lat'><strong>;</strong></span> <span class='ocrx_word' id='word_1_536' title='bbox 2912 911 3135 980; x_wconf 89' lang='lat' dir='ltr'><strong>quiescit</strong></span> <span class='ocrx_word' id='word_1_537' title='bbox 3160 926 3191 965; x_wconf 88' lang='lat' dir='ltr'><strong>a</strong></span> <span class='ocrx_word' id='word_1_538' title='bbox 3218 911 3469 975; x_wconf 81' lang='lat' dir='ltr'><strong>vindicta,</strong></span> <span class='ocrx_word' id='word_1_539' title='bbox 3498 926 3604 966; x_wconf 91' lang='lat' dir='ltr'><strong>non</strong></span> <span class='ocrx_word' id='word_1_540' title='bbox 3636 927 3760 981; x_wconf 84' lang='lat' dir='ltr'><strong>pro-</strong></span> 
     </span>
    </p>
   </div>
   <div class='ocr_carea' id='block_1_70' title="bbox 2184 998 3764 1058">
    <p class='ocr_par' dir='ltr' id='par_1_70' title="bbox 2184 998 3764 1058">
     <span class='ocr_line' id='line_1_70' title="bbox 2184 998 3764 1058; baseline 0.004 -7"><span class='ocrx_word' id='word_1_541' title='bbox 2184 998 2286 1052; x_wconf 89' lang='lat' dir='ltr'><strong>fert</strong></span> <span class='ocrx_word' id='word_1_542' title='bbox 2307 998 2360 1053; x_wconf 92' lang='lat' dir='ltr'><strong>in</strong></span> <span class='ocrx_word' id='word_1_543' title='bbox 2375 999 2682 1054; x_wconf 88' lang='lat' dir='ltr'><strong>damnatum</strong></span> <span class='ocrx_word' id='word_1_544' title='bbox 2704 1002 3043 1056; x_wconf 78' lang='lat' dir='ltr'><strong>sententiam.</strong></span> <span class='ocrx_word' id='word_1_545' title='bbox 3066 1001 3171 1058; x_wconf 91' lang='lat' dir='ltr'><strong>Sed</strong></span> <span class='ocrx_word' id='word_1_546' title='bbox 3202 1002 3304 1057; x_wconf 83' lang='lat' dir='ltr'><strong>hoc</strong></span> <span class='ocrx_word' id='word_1_547' title='bbox 3326 1002 3413 1058; x_wconf 89' lang='lat' dir='ltr'><strong>ille</strong></span> <span class='ocrx_word' id='word_1_548' title='bbox 3435 1001 3564 1058; x_wconf 89' lang='lat' dir='ltr'><strong>dicit</strong></span> <span class='ocrx_word' id='word_1_549' title='bbox 3588 1020 3601 1057; x_wconf 92' lang='lat'><strong>:</strong></span> <span class='ocrx_word' id='word_1_550' title='bbox 3633 1002 3764 1057; x_wconf 61' lang='lat' dir='ltr'><strong>Feci</strong></span> 
     </span>
    </p>
   </div>
   <div class='ocr_carea' id='block_1_71' title="bbox 2184 1091 3760 1160">
    <p class='ocr_par' dir='ltr' id='par_1_71' title="bbox 2184 1091 3760 1160">
     <span class='ocr_line' id='line_1_71' title="bbox 2184 1091 3760 1160; baseline 0.003 -16"><span class='ocrx_word' id='word_1_551' title='bbox 2184 1091 2271 1145; x_wconf 90' lang='lat' dir='ltr'><strong>illa</strong></span> <span class='ocrx_word' id='word_1_552' title='bbox 2300 1102 2355 1146; x_wconf 88' lang='lat' dir='ltr'><strong>et</strong></span> <span class='ocrx_word' id='word_1_553' title='bbox 2380 1091 2487 1156; x_wconf 89' lang='lat' dir='ltr'><strong>illa,</strong></span> <span class='ocrx_word' id='word_1_554' title='bbox 2518 1102 2572 1147; x_wconf 87' lang='lat' dir='ltr'><strong>et</strong></span> <span class='ocrx_word' id='word_1_555' title='bbox 2599 1108 2703 1148; x_wconf 91' lang='lat' dir='ltr'><strong>non</strong></span> <span class='ocrx_word' id='word_1_556' title='bbox 2736 1092 3018 1149; x_wconf 87' lang='lat' dir='ltr'><strong>vindicavit</strong></span> <span class='ocrx_word' id='word_1_557' title='bbox 3056 1094 3228 1160; x_wconf 89' lang='lat' dir='ltr'><strong>Deus;</strong></span> <span class='ocrx_word' id='word_1_558' title='bbox 3279 1108 3404 1150; x_wconf 88' lang='lat' dir='ltr'><strong>ecce</strong></span> <span class='ocrx_word' id='word_1_559' title='bbox 3425 1108 3587 1150; x_wconf 85' lang='lat' dir='ltr'><strong>sanus</strong></span> <span class='ocrx_word' id='word_1_560' title='bbox 3612 1109 3760 1157; x_wconf 85' lang='lat' dir='ltr'><strong>sum.</strong></span> 
     </span>
    </p>
   </div>
   <div class='ocr_carea' id='block_1_72' title="bbox 2184 1181 3760 1256">
    <p class='ocr_par' dir='ltr' id='par_1_72' title="bbox 2184 1181 3760 1256">
     <span class='ocr_line' id='line_1_72' title="bbox 2184 1181 3760 1256; baseline 0.002 -21"><span class='ocrx_word' id='word_1_561' title='bbox 2184 1181 2314 1235; x_wconf 89' lang='lat' dir='ltr'><strong>nihil</strong></span> <span class='ocrx_word' id='word_1_562' title='bbox 2343 1183 2464 1236; x_wconf 91' lang='lat' dir='ltr'><strong>mali</strong></span> <span class='ocrx_word' id='word_1_563' title='bbox 2493 1184 2712 1253; x_wconf 86' lang='lat' dir='ltr'><strong>contigit</strong></span> <span class='ocrx_word' id='word_1_564' title='bbox 2735 1184 2888 1241; x_wconf 90' lang='lat' dir='ltr'><strong>mihi.</strong></span> <span class='ocrx_word' id='word_1_565' title='bbox 2926 1183 3053 1239; x_wconf 76' lang='lat' dir='ltr'><strong>ch</strong></span> <span class='ocrx_word' id='word_1_566' title='bbox 3088 1186 3271 1256; x_wconf 80' lang='lat' dir='ltr'><strong>fecisti,</strong></span> <span class='ocrx_word' id='word_1_567' title='bbox 3301 1194 3352 1241; x_wconf 82' lang='lat' dir='ltr'><strong>et</strong></span> <span class='ocrx_word' id='word_1_568' title='bbox 3386 1185 3521 1239; x_wconf 86' lang='lat' dir='ltr'><strong>tacui</strong></span> <span class='ocrx_word' id='word_1_569' title='bbox 3543 1186 3760 1254; x_wconf 80' lang='lat' dir='ltr'><strong>:suspi-</strong></span> 
     </span>
    </p>
   </div>
   <div class='ocr_carea' id='block_1_73' title="bbox 2184 1274 3761 1346">
    <p class='ocr_par' dir='ltr' id='par_1_73' title="bbox 2184 1274 3761 1346">
     <span class='ocr_line' id='line_1_73' title="bbox 2184 1274 3761 1346; baseline 0.004 -21"><span class='ocrx_word' id='word_1_570' title='bbox 2184 1282 2326 1328; x_wconf 85' lang='lat' dir='ltr'><strong>catus</strong></span> <span class='ocrx_word' id='word_1_571' title='bbox 2352 1289 2403 1327; x_wconf 86' lang='lat' dir='ltr'><strong>es</strong></span> <span class='ocrx_word' id='word_1_572' title='bbox 2427 1274 2754 1343; x_wconf 81' lang='lat' dir='ltr'><strong>iniquitatem.</strong></span> <span class='ocrx_word' id='word_1_573' title='bbox 2802 1274 2938 1346; x_wconf 84' lang='lat' dir='ltr'><strong>quod</strong></span> <span class='ocrx_word' id='word_1_574' title='bbox 2970 1291 3054 1329; x_wconf 86' lang='lat' dir='ltr'><strong>ero</strong></span> <span class='ocrx_word' id='word_1_575' title='bbox 3096 1276 3184 1329; x_wconf 88' lang='lat' dir='ltr'><strong>tibi</strong></span> <span class='ocrx_word' id='word_1_576' title='bbox 3219 1276 3417 1330; x_wconf 88' lang='lat' dir='ltr'><strong>similis.</strong></span> <span class='ocrx_word' id='word_1_577' title='bbox 3463 1275 3601 1343; x_wconf 86' lang='lat' dir='ltr'><strong>Quid</strong></span> <span class='ocrx_word' id='word_1_578' title='bbox 3654 1284 3761 1340; x_wconf 82' lang='lat' dir='ltr'><strong>est,</strong></span> 
     </span>
    </p>
   </div>
   <div class='ocr_carea' id='block_1_74' title="bbox 2183 1364 3761 1437">
    <p class='ocr_par' dir='ltr' id='par_1_74' title="bbox 2183 1364 3761 1437">
     <span class='ocr_line' id='line_1_74' title="bbox 2183 1364 3761 1437; baseline 0.003 -20"><span class='ocrx_word' id='word_1_579' title='bbox 2183 1364 2318 1433; x_wconf 80' lang='lat' dir='ltr'><strong>quod</strong></span> <span class='ocrx_word' id='word_1_580' title='bbox 2359 1380 2454 1429; x_wconf 79' lang='lat' dir='ltr'><strong>erol</strong></span> <span class='ocrx_word' id='word_1_581' title='bbox 2471 1364 2559 1419; x_wconf 86' lang='lat' dir='ltr'><strong>tibi</strong></span> <span class='ocrx_word' id='word_1_582' title='bbox 2576 1366 2796 1420; x_wconf 82' lang='lat' dir='ltr'><strong>similis?</strong></span> <span class='ocrx_word' id='word_1_583' title='bbox 2831 1366 2964 1434; x_wconf 85' lang='lat' dir='ltr'><strong>Quia</strong></span> <span class='ocrx_word' id='word_1_584' title='bbox 2990 1374 3042 1421; x_wconf 90' lang='lat' dir='ltr'><strong>tu</strong></span> <span class='ocrx_word' id='word_1_585' title='bbox 3069 1366 3282 1437; x_wconf 89' lang='lat' dir='ltr'><strong>iniquus</strong></span> <span class='ocrx_word' id='word_1_586' title='bbox 3302 1382 3387 1433; x_wconf 86' lang='lat' dir='ltr'><strong>es,</strong></span> <span class='ocrx_word' id='word_1_587' title='bbox 3433 1378 3489 1422; x_wconf 89' lang='lat' dir='ltr'><strong>et</strong></span> <span class='ocrx_word' id='word_1_588' title='bbox 3531 1382 3617 1420; x_wconf 90' lang='lat' dir='ltr'><strong>me</strong></span> <span class='ocrx_word' id='word_1_589' title='bbox 3654 1366 3761 1421; x_wconf 80' lang='lat' dir='ltr'><strong>ini-</strong></span> 
     </span>
    </p>
   </div>
   <div class='ocr_carea' id='block_1_75' title="bbox 2185 1456 3737 1529">
    <p class='ocr_par' dir='ltr' id='par_1_75' title="bbox 2185 1456 3737 1529">
     <span class='ocr_line' id='line_1_75' title="bbox 2185 1456 3737 1529; baseline 0.002 -19"><span class='ocrx_word' id='word_1_590' title='bbox 2185 1471 2347 1526; x_wconf 91' lang='lat' dir='ltr'><strong>quum</strong></span> <span class='ocrx_word' id='word_1_591' title='bbox 2370 1456 2562 1526; x_wconf 87' lang='lat' dir='ltr'><strong>putasti</strong></span> <span class='ocrx_word' id='word_1_592' title='bbox 2585 1473 2600 1518; x_wconf 86' lang='lat'><strong>;</strong></span> <span class='ocrx_word' id='word_1_593' title='bbox 2624 1467 2870 1528; x_wconf 89' lang='lat' dir='ltr'><strong>tanquam</strong></span> <span class='ocrx_word' id='word_1_594' title='bbox 2898 1458 3301 1529; x_wconf 86' lang='lat' dir='ltr'><strong>approbatorem</strong></span> <span class='ocrx_word' id='word_1_595' title='bbox 3326 1458 3617 1514; x_wconf 85' lang='lat' dir='ltr'><strong>facinorum</strong></span> <span class='ocrx_word' id='word_1_596' title='bbox 3645 1468 3737 1513; x_wconf 87' lang='lat' dir='ltr'><strong>tuo</strong></span> 
     </span>
    </p>
   </div>
   <div class='ocr_carea' id='block_1_76' title="bbox 2185 1548 3761 1622">
    <p class='ocr_par' dir='ltr' id='par_1_76' title="bbox 2185 1548 3761 1622">
     <span class='ocr_line' id='line_1_76' title="bbox 2185 1548 3761 1622; baseline 0.003 -21"><span class='ocrx_word' id='word_1_597' title='bbox 2185 1562 2325 1613; x_wconf 88' lang='lat' dir='ltr'><strong>rum,</strong></span> <span class='ocrx_word' id='word_1_598' title='bbox 2354 1563 2457 1602; x_wconf 91' lang='lat' dir='ltr'><strong>non</strong></span> <span class='ocrx_word' id='word_1_599' title='bbox 2487 1548 2881 1605; x_wconf 85' lang='lat' dir='ltr'><strong>adversatorem</strong></span> <span class='ocrx_word' id='word_1_600' title='bbox 2906 1551 2945 1616; x_wconf 76' lang='grc' dir='ltr'><strong>ί,</strong></span> <span class='ocrx_word' id='word_1_601' title='bbox 2966 1565 3070 1604; x_wconf 91' lang='lat' dir='ltr'><strong>non</strong></span> <span class='ocrx_word' id='word_1_602' title='bbox 3098 1551 3345 1608; x_wconf 86' lang='lat' dir='ltr'><strong>ultorem.</strong></span> <span class='ocrx_word' id='word_1_603' title='bbox 3364 1550 3428 1605; x_wconf 87' lang='lat' dir='ltr'><strong>Et</strong></span> <span class='ocrx_word' id='word_1_604' title='bbox 3452 1550 3582 1622; x_wconf 88' lang='lat' dir='ltr'><strong>quid</strong></span> <span class='ocrx_word' id='word_1_605' title='bbox 3605 1559 3761 1622; x_wconf 85' lang='lat' dir='ltr'><strong>post-</strong></span> 
     </span>
    </p>
   </div>
   <div class='ocr_carea' id='block_1_77' title="bbox 2185 1640 3761 1713">
    <p class='ocr_par' dir='ltr' id='par_1_77' title="bbox 2185 1640 3761 1713">
     <span class='ocr_line' id='line_1_77' title="bbox 2185 1640 3761 1713; baseline 0 -18"><span class='ocrx_word' id='word_1_606' title='bbox 2185 1654 2248 1695; x_wconf 89' lang='lat' dir='ltr'><strong>ea</strong></span> <span class='ocrx_word' id='word_1_607' title='bbox 2297 1640 2388 1694; x_wconf 90' lang='lat' dir='ltr'><strong>tibi</strong></span> <span class='ocrx_word' id='word_1_608' title='bbox 2418 1640 2587 1696; x_wconf 82' lang='lat' dir='ltr'><strong>dicit?</strong></span> <span class='ocrx_word' id='word_1_609' title='bbox 2640 1643 2862 1712; x_wconf 83' lang='lat' dir='ltr'><strong>Arguam</strong></span> <span class='ocrx_word' id='word_1_610' title='bbox 2887 1652 2955 1708; x_wconf 89' lang='lat' dir='ltr'><strong>te,</strong></span> <span class='ocrx_word' id='word_1_611' title='bbox 2981 1651 3027 1696; x_wconf 88' lang='lat' dir='ltr'><strong>et</strong></span> <span class='ocrx_word' id='word_1_612' title='bbox 3041 1642 3342 1696; x_wconf 82' lang='lat' dir='ltr'><strong>constituant</strong></span> <span class='ocrx_word' id='word_1_613' title='bbox 3365 1653 3411 1696; x_wconf 90' lang='lat' dir='ltr'><strong>te</strong></span> <span class='ocrx_word' id='word_1_614' title='bbox 3437 1650 3554 1697; x_wconf 79' lang='lat' dir='ltr'><strong>ante</strong></span> <span class='ocrx_word' id='word_1_615' title='bbox 3580 1642 3761 1713; x_wconf 72' lang='lat' dir='ltr'><strong>faciem</strong></span> 
     </span>
    </p>
   </div>
   <div class='ocr_carea' id='block_1_78' title="bbox 2187 1732 3749 1806">
    <p class='ocr_par' dir='ltr' id='par_1_78' title="bbox 2187 1732 3749 1806">
     <span class='ocr_line' id='line_1_78' title="bbox 2187 1732 3749 1806; baseline -0.001 -19"><span class='ocrx_word' id='word_1_616' title='bbox 2187 1743 2326 1787; x_wconf 89' lang='lat' dir='ltr'><strong>tuam</strong></span> <span class='ocrx_word' id='word_1_617' title='bbox 2351 1733 2518 1803; x_wconf 85' lang='lat' dir='ltr'><strong>(Psal.</strong></span> <span class='ocrx_word' id='word_1_618' title='bbox 2546 1750 2690 1800; x_wconf 77' lang='lat' dir='ltr'><strong>xm,</strong></span> <span class='ocrx_word' id='word_1_619' title='bbox 2712 1732 2824 1806; x_wconf 74' lang='lat'><strong>2|).</strong></span> <span class='ocrx_word' id='word_1_620' title='bbox 2856 1734 2988 1804; x_wconf 89' lang='lat' dir='ltr'><strong>Quid</strong></span> <span class='ocrx_word' id='word_1_621' title='bbox 3012 1733 3259 1789; x_wconf 86' lang='lat' dir='ltr'><strong>esthoc?</strong></span> <span class='ocrx_word' id='word_1_622' title='bbox 3283 1734 3414 1800; x_wconf 86' lang='lat' dir='ltr'><strong>Quia</strong></span> <span class='ocrx_word' id='word_1_623' title='bbox 3443 1734 3603 1790; x_wconf 88' lang='lat' dir='ltr'><strong>modo</strong></span> <span class='ocrx_word' id='word_1_624' title='bbox 3632 1749 3749 1805; x_wconf 79' lang='lat' dir='ltr'><strong>pec-</strong></span> 
     </span>
    </p>
   </div>
   <div class='ocr_carea' id='block_1_79' title="bbox 2185 1824 3754 1897">
    <p class='ocr_par' dir='ltr' id='par_1_79' title="bbox 2185 1824 3754 1897">
     <span class='ocr_line' id='line_1_79' title="bbox 2185 1824 3754 1897; baseline 0 -18"><span class='ocrx_word' id='word_1_625' title='bbox 2185 1824 2356 1879; x_wconf 89' lang='lat' dir='ltr'><strong>cando</strong></span> <span class='ocrx_word' id='word_1_626' title='bbox 2376 1834 2496 1895; x_wconf 90' lang='lat' dir='ltr'><strong>post</strong></span> <span class='ocrx_word' id='word_1_627' title='bbox 2518 1833 2663 1897; x_wconf 85' lang='lat' dir='ltr'><strong>terga</strong></span> <span class='ocrx_word' id='word_1_628' title='bbox 2695 1835 2744 1881; x_wconf 87' lang='lat' dir='ltr'><strong>te</strong></span> <span class='ocrx_word' id='word_1_629' title='bbox 2771 1827 2943 1896; x_wconf 88' lang='lat' dir='ltr'><strong>ponis,</strong></span> <span class='ocrx_word' id='word_1_630' title='bbox 2972 1840 3075 1881; x_wconf 91' lang='lat' dir='ltr'><strong>non</strong></span> <span class='ocrx_word' id='word_1_631' title='bbox 3102 1834 3152 1881; x_wconf 88' lang='lat' dir='ltr'><strong>te</strong></span> <span class='ocrx_word' id='word_1_632' title='bbox 3181 1825 3350 1891; x_wconf 84' lang='lat' dir='ltr'><strong>vides,</strong></span> <span class='ocrx_word' id='word_1_633' title='bbox 3380 1840 3486 1880; x_wconf 89' lang='lat' dir='ltr'><strong>non</strong></span> <span class='ocrx_word' id='word_1_634' title='bbox 3509 1835 3565 1881; x_wconf 89' lang='lat' dir='ltr'><strong>te</strong></span> <span class='ocrx_word' id='word_1_635' title='bbox 3592 1826 3754 1896; x_wconf 65' lang='lat' dir='ltr'><strong>inspio</strong></span> 
     </span>
    </p>
   </div>
   <div class='ocr_carea' id='block_1_80' title="bbox 2185 1914 3758 1986">
    <p class='ocr_par' dir='ltr' id='par_1_80' title="bbox 2185 1914 3758 1986">
     <span class='ocr_line' id='line_1_80' title="bbox 2185 1914 3758 1986; baseline 0.001 -17"><span class='ocrx_word' id='word_1_636' title='bbox 2185 1914 2291 1980; x_wconf 92' lang='lat' dir='ltr'><strong>cis;</strong></span> <span class='ocrx_word' id='word_1_637' title='bbox 2326 1930 2425 1985; x_wconf 89' lang='lat' dir='ltr'><strong>ego</strong></span> <span class='ocrx_word' id='word_1_638' title='bbox 2445 1924 2496 1971; x_wconf 91' lang='lat' dir='ltr'><strong>te</strong></span> <span class='ocrx_word' id='word_1_639' title='bbox 2537 1932 2726 1986; x_wconf 90' lang='lat' dir='ltr'><strong>ponam</strong></span> <span class='ocrx_word' id='word_1_640' title='bbox 2760 1930 2882 1972; x_wconf 86' lang='lat' dir='ltr'><strong>ante</strong></span> <span class='ocrx_word' id='word_1_641' title='bbox 2899 1926 2971 1983; x_wconf 89' lang='lat' dir='ltr'><strong>te,</strong></span> <span class='ocrx_word' id='word_1_642' title='bbox 3017 1925 3071 1972; x_wconf 90' lang='lat' dir='ltr'><strong>et</strong></span> <span class='ocrx_word' id='word_1_643' title='bbox 3099 1916 3288 1972; x_wconf 86' lang='lat' dir='ltr'><strong>faciam</strong></span> <span class='ocrx_word' id='word_1_644' title='bbox 3314 1916 3409 1971; x_wconf 86' lang='lat' dir='ltr'><strong>tibi</strong></span> <span class='ocrx_word' id='word_1_645' title='bbox 3436 1915 3758 1986; x_wconf 85' lang='lat' dir='ltr'><strong>supplicium</strong></span> 
     </span>
    </p>
   </div>
   <div class='ocr_carea' id='block_1_81' title="bbox 2187 2004 3757 2079">
    <p class='ocr_par' dir='ltr' id='par_1_81' title="bbox 2187 2004 3757 2079">
     <span class='ocr_line' id='line_1_81' title="bbox 2187 2004 3757 2079; baseline -0.001 -18"><span class='ocrx_word' id='word_1_646' title='bbox 2187 2004 2254 2061; x_wconf 88' lang='lat' dir='ltr'><strong>de</strong></span> <span class='ocrx_word' id='word_1_647' title='bbox 2281 2015 2351 2061; x_wconf 90' lang='lat' dir='ltr'><strong>te.</strong></span> <span class='ocrx_word' id='word_1_648' title='bbox 2381 2006 2468 2063; x_wconf 90' lang='lat' dir='ltr'><strong>Sic</strong></span> <span class='ocrx_word' id='word_1_649' title='bbox 2490 2018 2541 2062; x_wconf 90' lang='lat' dir='ltr'><strong>et</strong></span> <span class='ocrx_word' id='word_1_650' title='bbox 2570 2008 2671 2064; x_wconf 89' lang='lat' dir='ltr'><strong>hic.</strong></span> <span class='ocrx_word' id='word_1_651' title='bbox 2703 2006 2786 2062; x_wconf 85' lang='lat' dir='ltr'><strong>Ne</strong></span> <span class='ocrx_word' id='word_1_652' title='bbox 2810 2008 3084 2079; x_wconf 85' lang='lat' dir='ltr'><strong>loquamini</strong></span> <span class='ocrx_word' id='word_1_653' title='bbox 3109 2008 3352 2063; x_wconf 81' lang='lat' dir='ltr'><strong>adversus</strong></span> <span class='ocrx_word' id='word_1_654' title='bbox 3379 2006 3544 2062; x_wconf 84' lang='lat' dir='ltr'><strong>Deum</strong></span> <span class='ocrx_word' id='word_1_655' title='bbox 3569 2007 3757 2077; x_wconf 65' lang='lat' dir='ltr'><strong>iniquio</strong></span> 
     </span>
    </p>
   </div>
   <div class='ocr_carea' id='block_1_82' title="bbox 2187 2098 3759 2171">
    <p class='ocr_par' dir='ltr' id='par_1_82' title="bbox 2187 2098 3759 2171">
     <span class='ocr_line' id='line_1_82' title="bbox 2187 2098 3759 2171; baseline 0.001 -20"><span class='ocrx_word' id='word_1_656' title='bbox 2187 2108 2355 2152; x_wconf 86' lang='lat' dir='ltr'><strong>tatem.</strong></span> <span class='ocrx_word' id='word_1_657' title='bbox 2383 2100 2672 2156; x_wconf 86' lang='lat' dir='ltr'><strong>Attendite.</strong></span> <span class='ocrx_word' id='word_1_658' title='bbox 2705 2100 2850 2155; x_wconf 80' lang='lat' dir='ltr'><strong>Multi</strong></span> <span class='ocrx_word' id='word_1_659' title='bbox 2878 2110 3053 2155; x_wconf 85' lang='lat' dir='ltr'><strong>autem</strong></span> <span class='ocrx_word' id='word_1_660' title='bbox 3080 2099 3367 2171; x_wconf 89' lang='lat' dir='ltr'><strong>loquuntur</strong></span> <span class='ocrx_word' id='word_1_661' title='bbox 3387 2098 3541 2154; x_wconf 75' lang='lat' dir='ltr'><strong>istam</strong></span> <span class='ocrx_word' id='word_1_662' title='bbox 3570 2098 3759 2168; x_wconf 82' lang='lat' dir='ltr'><strong>iniqui-</strong></span> 
     </span>
    </p>
   </div>
   <div class='ocr_carea' id='block_1_83' title="bbox 2189 2189 3761 2262">
    <p class='ocr_par' dir='ltr' id='par_1_83' title="bbox 2189 2189 3761 2262">
     <span class='ocr_line' id='line_1_83' title="bbox 2189 2189 3761 2262; baseline 0 -19"><span class='ocrx_word' id='word_1_663' title='bbox 2189 2198 2346 2244; x_wconf 88' lang='lat' dir='ltr'><strong>tatem</strong></span> <span class='ocrx_word' id='word_1_664' title='bbox 2373 2206 2387 2255; x_wconf 93' lang='lat'><strong>;</strong></span> <span class='ocrx_word' id='word_1_665' title='bbox 2429 2189 2522 2246; x_wconf 90' lang='lat' dir='ltr'><strong>sed</strong></span> <span class='ocrx_word' id='word_1_666' title='bbox 2551 2206 2656 2245; x_wconf 90' lang='lat' dir='ltr'><strong>non</strong></span> <span class='ocrx_word' id='word_1_667' title='bbox 2686 2190 2884 2246; x_wconf 87' lang='lat' dir='ltr'><strong>audent</strong></span> <span class='ocrx_word' id='word_1_668' title='bbox 2908 2191 3101 2262; x_wconf 87' lang='lat' dir='ltr'><strong>palam,</strong></span> <span class='ocrx_word' id='word_1_669' title='bbox 3130 2205 3197 2246; x_wconf 91' lang='lat' dir='ltr'><strong>ne</strong></span> <span class='ocrx_word' id='word_1_670' title='bbox 3227 2189 3527 2260; x_wconf 86' lang='lat' dir='ltr'><strong>blasphemi</strong></span> <span class='ocrx_word' id='word_1_671' title='bbox 3564 2190 3761 2244; x_wconf 72' lang='lat' dir='ltr'><strong>exhor-</strong></span> 
     </span>
    </p>
   </div>
   <div class='ocr_carea' id='block_1_84' title="bbox 2186 2279 3760 2352">
    <p class='ocr_par' dir='ltr' id='par_1_84' title="bbox 2186 2279 3760 2352">
     <span class='ocr_line' id='line_1_84' title="bbox 2186 2279 3760 2352; baseline -0.003 -17"><span class='ocrx_word' id='word_1_672' title='bbox 2186 2289 2405 2336; x_wconf 87' lang='lat' dir='ltr'><strong>reantur</strong></span> <span class='ocrx_word' id='word_1_673' title='bbox 2429 2281 2498 2336; x_wconf 90' lang='lat' dir='ltr'><strong>ab</strong></span> <span class='ocrx_word' id='word_1_674' title='bbox 2523 2281 2824 2336; x_wconf 88' lang='lat' dir='ltr'><strong>hominibus</strong></span> <span class='ocrx_word' id='word_1_675' title='bbox 2849 2282 2948 2352; x_wconf 89' lang='lat' dir='ltr'><strong>piis</strong></span> <span class='ocrx_word' id='word_1_676' title='bbox 2978 2297 2992 2334; x_wconf 95' lang='lat'><strong>:</strong></span> <span class='ocrx_word' id='word_1_677' title='bbox 3023 2281 3075 2336; x_wconf 92' lang='lat' dir='ltr'><strong>in</strong></span> <span class='ocrx_word' id='word_1_678' title='bbox 3095 2280 3257 2337; x_wconf 89' lang='lat' dir='ltr'><strong>corde</strong></span> <span class='ocrx_word' id='word_1_679' title='bbox 3281 2296 3379 2336; x_wconf 90' lang='lat' dir='ltr'><strong>suo</strong></span> <span class='ocrx_word' id='word_1_680' title='bbox 3408 2280 3509 2335; x_wconf 88' lang='lat' dir='ltr'><strong>ista</strong></span> <span class='ocrx_word' id='word_1_681' title='bbox 3543 2279 3760 2344; x_wconf 77' lang='lat' dir='ltr'><strong>rodunt.</strong></span> 
     </span>
    </p>
   </div>
   <div class='ocr_carea' id='block_1_85' title="bbox 2188 2369 3760 2442">
    <p class='ocr_par' dir='ltr' id='par_1_85' title="bbox 2188 2369 3760 2442">
     <span class='ocr_line' id='line_1_85' title="bbox 2188 2369 3760 2442; baseline -0.003 -17"><span class='ocrx_word' id='word_1_682' title='bbox 2188 2371 2329 2428; x_wconf 89' lang='lat' dir='ltr'><strong>intus</strong></span> <span class='ocrx_word' id='word_1_683' title='bbox 2356 2373 2443 2427; x_wconf 84' lang='lat' dir='ltr'><strong>tali</strong></span> <span class='ocrx_word' id='word_1_684' title='bbox 2475 2372 2677 2428; x_wconf 89' lang='lat' dir='ltr'><strong>nefario</strong></span> <span class='ocrx_word' id='word_1_685' title='bbox 2714 2373 2835 2428; x_wconf 90' lang='lat' dir='ltr'><strong>cibo</strong></span> <span class='ocrx_word' id='word_1_686' title='bbox 2857 2382 3175 2442; x_wconf 89' lang='lat' dir='ltr'><strong>pascuntur;</strong></span> <span class='ocrx_word' id='word_1_687' title='bbox 3214 2371 3445 2427; x_wconf 87' lang='lat' dir='ltr'><strong>delectat</strong></span> <span class='ocrx_word' id='word_1_688' title='bbox 3480 2385 3576 2426; x_wconf 83' lang='lat' dir='ltr'><strong>eos</strong></span> <span class='ocrx_word' id='word_1_689' title='bbox 3619 2369 3760 2441; x_wconf 89' lang='lat' dir='ltr'><strong>loqui</strong></span> 
     </span>
    </p>
   </div>
   <div class='ocr_carea' id='block_1_86' title="bbox 2188 2462 3758 2535">
    <p class='ocr_par' dir='ltr' id='par_1_86' title="bbox 2188 2462 3758 2535">
     <span class='ocr_line' id='line_1_86' title="bbox 2188 2462 3758 2535; baseline -0.002 -15"><span class='ocrx_word' id='word_1_690' title='bbox 2188 2467 2442 2522; x_wconf 86' lang='lat' dir='ltr'><strong>adversus</strong></span> <span class='ocrx_word' id='word_1_691' title='bbox 2486 2467 2674 2531; x_wconf 91' lang='lat' dir='ltr'><strong>Deum,</strong></span> <span class='ocrx_word' id='word_1_692' title='bbox 2715 2474 2772 2522; x_wconf 91' lang='lat' dir='ltr'><strong>et</strong></span> <span class='ocrx_word' id='word_1_693' title='bbox 2806 2466 2849 2519; x_wconf 89' lang='lat' dir='ltr'><strong>si</strong></span> <span class='ocrx_word' id='word_1_694' title='bbox 2894 2480 2998 2520; x_wconf 92' lang='lat' dir='ltr'><strong>non</strong></span> <span class='ocrx_word' id='word_1_695' title='bbox 3029 2474 3312 2535; x_wconf 81' lang='lat' dir='ltr'><strong>erumpunt</strong></span> <span class='ocrx_word' id='word_1_696' title='bbox 3355 2464 3552 2534; x_wconf 78' lang='lat' dir='ltr'><strong>lingua,</strong></span> <span class='ocrx_word' id='word_1_697' title='bbox 3602 2462 3758 2518; x_wconf 85' lang='lat' dir='ltr'><strong>corde</strong></span> 
     </span>
    </p>
   </div>
   <div class='ocr_carea' id='block_1_87' title="bbox 2188 2554 3759 2625">
    <p class='ocr_par' dir='ltr' id='par_1_87' title="bbox 2188 2554 3759 2625">
     <span class='ocr_line' id='line_1_87' title="bbox 2188 2554 3759 2625; baseline -0.001 -15"><span class='ocrx_word' id='word_1_698' title='bbox 2188 2572 2292 2611; x_wconf 89' lang='lat' dir='ltr'><strong>non</strong></span> <span class='ocrx_word' id='word_1_699' title='bbox 2317 2562 2506 2613; x_wconf 74' lang='lat' dir='ltr'><strong>lucem.</strong></span> <span class='ocrx_word' id='word_1_700' title='bbox 2538 2555 2687 2612; x_wconf 89' lang='lat' dir='ltr'><strong>Unde</strong></span> <span class='ocrx_word' id='word_1_701' title='bbox 2710 2557 2763 2610; x_wconf 91' lang='lat' dir='ltr'><strong>in</strong></span> <span class='ocrx_word' id='word_1_702' title='bbox 2791 2556 2897 2610; x_wconf 84' lang='lat' dir='ltr'><strong>alio</strong></span> <span class='ocrx_word' id='word_1_703' title='bbox 2923 2555 3126 2625; x_wconf 86' lang='lat' dir='ltr'><strong>psalmo</strong></span> <span class='ocrx_word' id='word_1_704' title='bbox 3147 2554 3339 2610; x_wconf 86' lang='lat' dir='ltr'><strong>dicitur</strong></span> <span class='ocrx_word' id='word_1_705' title='bbox 3364 2572 3377 2607; x_wconf 93' lang='lat'><strong>:</strong></span> <span class='ocrx_word' id='word_1_706' title='bbox 3410 2554 3557 2608; x_wconf 82' lang='lat' dir='ltr'><strong>Dixit</strong></span> <span class='ocrx_word' id='word_1_707' title='bbox 3582 2556 3759 2608; x_wconf 80' lang='lat' dir='ltr'><strong>stultus</strong></span> 
     </span>
    </p>
   </div>
   <div class='ocr_carea' id='block_1_88' title="bbox 2186 2645 3757 2721">
    <p class='ocr_par' dir='ltr' id='par_1_88' title="bbox 2186 2645 3757 2721">
     <span class='ocr_line' id='line_1_88' title="bbox 2186 2645 3757 2721; baseline -0.003 -19"><span class='ocrx_word' id='word_1_708' title='bbox 2186 2650 2241 2704; x_wconf 91' lang='lat' dir='ltr'><strong>in</strong></span> <span class='ocrx_word' id='word_1_709' title='bbox 2265 2650 2414 2703; x_wconf 86' lang='lat' dir='ltr'><strong>corde</strong></span> <span class='ocrx_word' id='word_1_710' title='bbox 2435 2665 2546 2715; x_wconf 91' lang='lat' dir='ltr'><strong>suo,</strong></span> <span class='ocrx_word' id='word_1_711' title='bbox 2594 2648 2714 2702; x_wconf 89' lang='lat' dir='ltr'><strong>Non</strong></span> <span class='ocrx_word' id='word_1_712' title='bbox 2743 2658 2815 2703; x_wconf 83' lang='lat' dir='ltr'><strong>est</strong></span> <span class='ocrx_word' id='word_1_713' title='bbox 2836 2647 2973 2702; x_wconf 89' lang='lat' dir='ltr'><strong>Deus</strong></span> <span class='ocrx_word' id='word_1_714' title='bbox 2995 2647 3162 2721; x_wconf 87' lang='lat' dir='ltr'><strong>(Psal.</strong></span> <span class='ocrx_word' id='word_1_715' title='bbox 3194 2663 3309 2712; x_wconf 80' lang='lat' dir='ltr'><strong>xm,</strong></span> <span class='ocrx_word' id='word_1_716' title='bbox 3345 2648 3416 2718; x_wconf 80' lang='grc'><strong>1).</strong></span> <span class='ocrx_word' id='word_1_717' title='bbox 3464 2645 3609 2700; x_wconf 84' lang='lat' dir='ltr'><strong>Dixit</strong></span> <span class='ocrx_word' id='word_1_718' title='bbox 3636 2645 3757 2699; x_wconf 81' lang='lat' dir='ltr'><strong>stul-</strong></span> 
     </span>
    </p>
   </div>
   <div class='ocr_carea' id='block_1_89' title="bbox 2188 2736 3757 2801">
    <p class='ocr_par' dir='ltr' id='par_1_89' title="bbox 2188 2736 3757 2801">
     <span class='ocr_line' id='line_1_89' title="bbox 2188 2736 3757 2801; baseline -0.003 -8"><span class='ocrx_word' id='word_1_719' title='bbox 2188 2750 2306 2801; x_wconf 88' lang='lat' dir='ltr'><strong>tus;</strong></span> <span class='ocrx_word' id='word_1_720' title='bbox 2352 2740 2447 2794; x_wconf 90' lang='lat' dir='ltr'><strong>sed</strong></span> <span class='ocrx_word' id='word_1_721' title='bbox 2473 2740 2718 2794; x_wconf 89' lang='lat' dir='ltr'><strong>homines</strong></span> <span class='ocrx_word' id='word_1_722' title='bbox 2746 2739 2920 2793; x_wconf 88' lang='lat' dir='ltr'><strong>timuit</strong></span> <span class='ocrx_word' id='word_1_723' title='bbox 2944 2756 2957 2792; x_wconf 93' lang='lat'><strong>:</strong></span> <span class='ocrx_word' id='word_1_724' title='bbox 2981 2738 3152 2794; x_wconf 88' lang='lat' dir='ltr'><strong>noluit</strong></span> <span class='ocrx_word' id='word_1_725' title='bbox 3177 2739 3357 2793; x_wconf 89' lang='lat' dir='ltr'><strong>dicere</strong></span> <span class='ocrx_word' id='word_1_726' title='bbox 3392 2736 3478 2791; x_wconf 90' lang='lat' dir='ltr'><strong>ubi</strong></span> <span class='ocrx_word' id='word_1_727' title='bbox 3515 2736 3757 2791; x_wconf 84' lang='lat' dir='ltr'><strong>audirent</strong></span> 
     </span>
    </p>
   </div>
   <div class='ocr_carea' id='block_1_90' title="bbox 2189 2826 3759 2900">
    <p class='ocr_par' dir='ltr' id='par_1_90' title="bbox 2189 2826 3759 2900">
     <span class='ocr_line' id='line_1_90' title="bbox 2189 2826 3759 2900; baseline -0.001 -17"><span class='ocrx_word' id='word_1_728' title='bbox 2189 2830 2468 2894; x_wconf 87' lang='lat' dir='ltr'><strong>homines;</strong></span> <span class='ocrx_word' id='word_1_729' title='bbox 2512 2839 2567 2885; x_wconf 90' lang='lat' dir='ltr'><strong>et</strong></span> <span class='ocrx_word' id='word_1_730' title='bbox 2593 2830 2664 2885; x_wconf 90' lang='lat' dir='ltr'><strong>ibi</strong></span> <span class='ocrx_word' id='word_1_731' title='bbox 2692 2829 2844 2895; x_wconf 80' lang='lat' dir='ltr'><strong>dixit,</strong></span> <span class='ocrx_word' id='word_1_732' title='bbox 2890 2829 2979 2884; x_wconf 90' lang='lat' dir='ltr'><strong>ubi</strong></span> <span class='ocrx_word' id='word_1_733' title='bbox 3004 2829 3213 2884; x_wconf 88' lang='lat' dir='ltr'><strong>audiret</strong></span> <span class='ocrx_word' id='word_1_734' title='bbox 3241 2829 3356 2900; x_wconf 90' lang='lat' dir='ltr'><strong>ipse</strong></span> <span class='ocrx_word' id='word_1_735' title='bbox 3381 2827 3447 2883; x_wconf 91' lang='lat' dir='ltr'><strong>de</strong></span> <span class='ocrx_word' id='word_1_736' title='bbox 3470 2843 3574 2897; x_wconf 89' lang='lat' dir='ltr'><strong>quo</strong></span> <span class='ocrx_word' id='word_1_737' title='bbox 3598 2826 3759 2881; x_wconf 80' lang='lat' dir='ltr'><strong>dixit.</strong></span> 
     </span>
    </p>
   </div>
   <div class='ocr_carea' id='block_1_91' title="bbox 2189 2918 3756 2992">
    <p class='ocr_par' dir='ltr' id='par_1_91' title="bbox 2189 2918 3756 2992">
     <span class='ocr_line' id='line_1_91' title="bbox 2189 2918 3756 2992; baseline -0.002 -15"><span class='ocrx_word' id='word_1_738' title='bbox 2189 2923 2471 2992; x_wconf 86' lang='lat' dir='ltr'><strong>Propterea</strong></span> <span class='ocrx_word' id='word_1_739' title='bbox 2497 2930 2552 2977; x_wconf 91' lang='lat' dir='ltr'><strong>et</strong></span> <span class='ocrx_word' id='word_1_740' title='bbox 2579 2922 2665 2976; x_wconf 89' lang='lat' dir='ltr'><strong>hic</strong></span> <span class='ocrx_word' id='word_1_741' title='bbox 2685 2922 2734 2976; x_wconf 92' lang='lat' dir='ltr'><strong>in</strong></span> <span class='ocrx_word' id='word_1_742' title='bbox 2756 2921 2856 2977; x_wconf 88' lang='lat' dir='ltr'><strong>isto</strong></span> <span class='ocrx_word' id='word_1_743' title='bbox 2875 2921 3104 2991; x_wconf 86' lang='lat' dir='ltr'><strong>psalmo,</strong></span> <span class='ocrx_word' id='word_1_744' title='bbox 3117 2919 3439 2985; x_wconf 89' lang='lat' dir='ltr'><strong>charissimi,</strong></span> <span class='ocrx_word' id='word_1_745' title='bbox 3469 2918 3756 2981; x_wconf 85' lang='lat' dir='ltr'><strong>intendite,</strong></span> 
     </span>
    </p>
   </div>
   <div class='ocr_carea' id='block_1_92' title="bbox 2186 3007 3759 3083">
    <p class='ocr_par' dir='ltr' id='par_1_92' title="bbox 2186 3007 3759 3083">
     <span class='ocr_line' id='line_1_92' title="bbox 2186 3007 3759 3083; baseline -0.003 -17"><span class='ocrx_word' id='word_1_746' title='bbox 2186 3014 2433 3083; x_wconf 88' lang='lat' dir='ltr'><strong>quoniam</strong></span> <span class='ocrx_word' id='word_1_747' title='bbox 2464 3013 2566 3069; x_wconf 90' lang='lat' dir='ltr'><strong>hoc</strong></span> <span class='ocrx_word' id='word_1_748' title='bbox 2592 3010 2732 3082; x_wconf 89' lang='lat' dir='ltr'><strong>quod</strong></span> <span class='ocrx_word' id='word_1_749' title='bbox 2761 3012 2913 3078; x_wconf 83' lang='lat' dir='ltr'><strong>dixit,</strong></span> <span class='ocrx_word' id='word_1_750' title='bbox 2961 3010 3132 3065; x_wconf 87' lang='lat' dir='ltr'><strong>Nolite</strong></span> <span class='ocrx_word' id='word_1_751' title='bbox 3154 3009 3296 3082; x_wconf 36' lang='lat' dir='ltr'><strong>lloqui</strong></span> <span class='ocrx_word' id='word_1_752' title='bbox 3319 3010 3554 3065; x_wconf 69' lang='lat' dir='ltr'><strong>adversus</strong></span> <span class='ocrx_word' id='word_1_753' title='bbox 3590 3007 3759 3063; x_wconf 74' lang='lat' dir='ltr'><strong>Deum</strong></span> 
     </span>
    </p>
   </div>
   <div class='ocr_carea' id='block_1_93' title="bbox 2185 3102 3759 3175">
    <p class='ocr_par' dir='ltr' id='par_1_93' title="bbox 2185 3102 3759 3175">
     <span class='ocr_line' id='line_1_93' title="bbox 2185 3102 3759 3175; baseline -0.002 -17"><span class='ocrx_word' id='word_1_754' title='bbox 2185 3105 2512 3175; x_wconf 86' lang='lat' dir='ltr'><strong>iniquitatem,</strong></span> <span class='ocrx_word' id='word_1_755' title='bbox 2557 3104 2683 3159; x_wconf 87' lang='lat' dir='ltr'><strong>vidit</strong></span> <span class='ocrx_word' id='word_1_756' title='bbox 2714 3103 2907 3159; x_wconf 90' lang='lat' dir='ltr'><strong>multos</strong></span> <span class='ocrx_word' id='word_1_757' title='bbox 2950 3103 3053 3158; x_wconf 86' lang='lat' dir='ltr'><strong>hoc</strong></span> <span class='ocrx_word' id='word_1_758' title='bbox 3080 3103 3133 3158; x_wconf 91' lang='lat' dir='ltr'><strong>in</strong></span> <span class='ocrx_word' id='word_1_759' title='bbox 3158 3102 3320 3157; x_wconf 88' lang='lat' dir='ltr'><strong>corde</strong></span> <span class='ocrx_word' id='word_1_760' title='bbox 3361 3116 3542 3172; x_wconf 85' lang='lat' dir='ltr'><strong>agere,</strong></span> <span class='ocrx_word' id='word_1_761' title='bbox 3583 3111 3640 3156; x_wconf 88' lang='lat' dir='ltr'><strong>et</strong></span> <span class='ocrx_word' id='word_1_762' title='bbox 3668 3102 3759 3155; x_wconf 84' lang='lat' dir='ltr'><strong>ad-</strong></span> 
     </span>
    </p>
   </div>
   <div class='ocr_carea' id='block_1_94' title="bbox 2185 3194 3759 3267">
    <p class='ocr_par' dir='ltr' id='par_1_94' title="bbox 2185 3194 3759 3267">
     <span class='ocr_line' id='line_1_94' title="bbox 2185 3194 3759 3267; baseline -0.002 -17"><span class='ocrx_word' id='word_1_763' title='bbox 2185 3197 2393 3266; x_wconf 78' lang='lat' dir='ltr'><strong>iunxit:</strong></span> <span class='ocrx_word' id='word_1_764' title='bbox 2427 3195 2677 3262; x_wconf 82' lang='lat' dir='ltr'><strong>Quoniam</strong></span> <span class='ocrx_word' id='word_1_765' title='bbox 2697 3211 2852 3267; x_wconf 84' lang='lat' dir='ltr'><strong>neque</strong></span> <span class='ocrx_word' id='word_1_766' title='bbox 2871 3194 2931 3248; x_wconf 84' lang='lat' dir='ltr'><strong>ab</strong></span> <span class='ocrx_word' id='word_1_767' title='bbox 2963 3195 3172 3261; x_wconf 84' lang='lat' dir='ltr'><strong>oriente,</strong></span> <span class='ocrx_word' id='word_1_768' title='bbox 3216 3210 3374 3265; x_wconf 85' lang='lat' dir='ltr'><strong>neque</strong></span> <span class='ocrx_word' id='word_1_769' title='bbox 3399 3195 3463 3247; x_wconf 84' lang='lat' dir='ltr'><strong>ab</strong></span> <span class='ocrx_word' id='word_1_770' title='bbox 3482 3194 3759 3257; x_wconf 82' lang='lat' dir='ltr'><strong>occidente,</strong></span> 
     </span>
    </p>
   </div>
   <div class='ocr_carea' id='block_1_95' title="bbox 2185 3286 3759 3361">
    <p class='ocr_par' dir='ltr' id='par_1_95' title="bbox 2185 3286 3759 3361">
     <span class='ocr_line' id='line_1_95' title="bbox 2185 3286 3759 3361; baseline -0.001 -17"><span class='ocrx_word' id='word_1_771' title='bbox 2185 3306 2341 3361; x_wconf 84' lang='lat' dir='ltr'><strong>neque</strong></span> <span class='ocrx_word' id='word_1_772' title='bbox 2364 3306 2397 3342; x_wconf 91' lang='lat' dir='ltr'><strong>a</strong></span> <span class='ocrx_word' id='word_1_773' title='bbox 2438 3289 2646 3343; x_wconf 84' lang='lat' dir='ltr'><strong>desertis</strong></span> <span class='ocrx_word' id='word_1_774' title='bbox 2674 3288 2961 3355; x_wconf 86' lang='lat' dir='ltr'><strong>montium;</strong></span> <span class='ocrx_word' id='word_1_775' title='bbox 3005 3289 3240 3355; x_wconf 82' lang='lat' dir='ltr'><strong>quoniam</strong></span> <span class='ocrx_word' id='word_1_776' title='bbox 3279 3286 3418 3342; x_wconf 85' lang='lat' dir='ltr'><strong>Deus</strong></span> <span class='ocrx_word' id='word_1_777' title='bbox 3454 3286 3624 3359; x_wconf 75' lang='lat' dir='ltr'><strong>judex</strong></span> <span class='ocrx_word' id='word_1_778' title='bbox 3663 3296 3759 3343; x_wconf 85' lang='lat' dir='ltr'><strong>est.</strong></span> 
     </span>
    </p>
   </div>
   <div class='ocr_carea' id='block_1_96' title="bbox 2184 3377 3760 3451">
    <p class='ocr_par' dir='ltr' id='par_1_96' title="bbox 2184 3377 3760 3451">
     <span class='ocr_line' id='line_1_96' title="bbox 2184 3377 3760 3451; baseline -0.002 -15"><span class='ocrx_word' id='word_1_779' title='bbox 2184 3380 2522 3451; x_wconf 88' lang='lat' dir='ltr'><strong>lniquitatum</strong></span> <span class='ocrx_word' id='word_1_780' title='bbox 2554 3388 2762 3435; x_wconf 88' lang='lat' dir='ltr'><strong>tuarum</strong></span> <span class='ocrx_word' id='word_1_781' title='bbox 2786 3379 2947 3448; x_wconf 82' lang='lat' dir='ltr'><strong>judex</strong></span> <span class='ocrx_word' id='word_1_782' title='bbox 2977 3380 3117 3435; x_wconf 89' lang='lat' dir='ltr'><strong>Deus</strong></span> <span class='ocrx_word' id='word_1_783' title='bbox 3140 3388 3245 3435; x_wconf 89' lang='lat' dir='ltr'><strong>est.</strong></span> <span class='ocrx_word' id='word_1_784' title='bbox 3271 3377 3327 3435; x_wconf 91' lang='lat' dir='ltr'><strong>Si</strong></span> <span class='ocrx_word' id='word_1_785' title='bbox 3354 3379 3496 3434; x_wconf 86' lang='lat' dir='ltr'><strong>Deus</strong></span> <span class='ocrx_word' id='word_1_786' title='bbox 3514 3384 3615 3442; x_wconf 70' lang='lat' dir='ltr'><strong>est,</strong></span> <span class='ocrx_word' id='word_1_787' title='bbox 3640 3381 3760 3433; x_wconf 86' lang='lat' dir='ltr'><strong>ubi-</strong></span> 
     </span>
    </p>
   </div>
   <div class='ocr_carea' id='block_1_97' title="bbox 2183 3469 3758 3543">
    <p class='ocr_par' dir='ltr' id='par_1_97' title="bbox 2183 3469 3758 3543">
     <span class='ocr_line' id='line_1_97' title="bbox 2183 3469 3758 3543; baseline -0.002 -16"><span class='ocrx_word' id='word_1_788' title='bbox 2183 3487 2287 3543; x_wconf 91' lang='lat' dir='ltr'><strong>que</strong></span> <span class='ocrx_word' id='word_1_789' title='bbox 2313 3486 2547 3541; x_wconf 68' lang='lat' dir='ltr'><strong>prazsens</strong></span> <span class='ocrx_word' id='word_1_790' title='bbox 2574 3480 2676 3526; x_wconf 91' lang='lat' dir='ltr'><strong>est.</strong></span> <span class='ocrx_word' id='word_1_791' title='bbox 2717 3470 2834 3537; x_wconf 87' lang='lat' dir='ltr'><strong>Quo</strong></span> <span class='ocrx_word' id='word_1_792' title='bbox 2860 3480 2911 3527; x_wconf 90' lang='lat' dir='ltr'><strong>te</strong></span> <span class='ocrx_word' id='word_1_793' title='bbox 2936 3469 3147 3525; x_wconf 83' lang='lat' dir='ltr'><strong>auferes</strong></span> <span class='ocrx_word' id='word_1_794' title='bbox 3172 3470 3241 3524; x_wconf 89' lang='lat' dir='ltr'><strong>ab</strong></span> <span class='ocrx_word' id='word_1_795' title='bbox 3261 3470 3432 3526; x_wconf 89' lang='lat' dir='ltr'><strong>oculis</strong></span> <span class='ocrx_word' id='word_1_796' title='bbox 3461 3470 3572 3533; x_wconf 88' lang='lat' dir='ltr'><strong>Dei,</strong></span> <span class='ocrx_word' id='word_1_797' title='bbox 3616 3481 3675 3524; x_wconf 91' lang='lat' dir='ltr'><strong>ut</strong></span> <span class='ocrx_word' id='word_1_798' title='bbox 3706 3472 3758 3525; x_wconf 90' lang='lat' dir='ltr'><strong>in</strong></span> 
     </span>
    </p>
   </div>
   <div class='ocr_carea' id='block_1_98' title="bbox 2185 3564 3759 3636">
    <p class='ocr_par' dir='ltr' id='par_1_98' title="bbox 2185 3564 3759 3636">
     <span class='ocr_line' id='line_1_98' title="bbox 2185 3564 3759 3636; baseline 0 -16"><span class='ocrx_word' id='word_1_799' title='bbox 2185 3575 2333 3636; x_wconf 86' lang='lat' dir='ltr'><strong>parte</strong></span> <span class='ocrx_word' id='word_1_800' title='bbox 2379 3566 2554 3635; x_wconf 83' lang='lat' dir='ltr'><strong>aliqua</strong></span> <span class='ocrx_word' id='word_1_801' title='bbox 2598 3565 2832 3635; x_wconf 88' lang='lat' dir='ltr'><strong>loquaris</strong></span> <span class='ocrx_word' id='word_1_802' title='bbox 2868 3564 3006 3635; x_wconf 91' lang='lat' dir='ltr'><strong>quod</strong></span> <span class='ocrx_word' id='word_1_803' title='bbox 3057 3565 3144 3620; x_wconf 89' lang='lat' dir='ltr'><strong>ille</strong></span> <span class='ocrx_word' id='word_1_804' title='bbox 3182 3579 3285 3619; x_wconf 90' lang='lat' dir='ltr'><strong>non</strong></span> <span class='ocrx_word' id='word_1_805' title='bbox 3336 3564 3553 3620; x_wconf 82' lang='lat' dir='ltr'><strong>audiat?</strong></span> <span class='ocrx_word' id='word_1_806' title='bbox 3603 3564 3660 3617; x_wconf 84' lang='lat' dir='ltr'><strong>Si</strong></span> <span class='ocrx_word' id='word_1_807' title='bbox 3692 3566 3759 3620; x_wconf 85' lang='lat' dir='ltr'><strong>ab</strong></span> 
     </span>
    </p>
   </div>
   <div class='ocr_carea' id='block_1_99' title="bbox 2183 3655 3759 3726">
    <p class='ocr_par' dir='ltr' id='par_1_99' title="bbox 2183 3655 3759 3726">
     <span class='ocr_line' id='line_1_99' title="bbox 2183 3655 3759 3726; baseline 0 -15"><span class='ocrx_word' id='word_1_808' title='bbox 2183 3658 2389 3713; x_wconf 87' lang='lat' dir='ltr'><strong>oriente</strong></span> <span class='ocrx_word' id='word_1_809' title='bbox 2413 3656 2613 3726; x_wconf 89' lang='lat' dir='ltr'><strong>judicat</strong></span> <span class='ocrx_word' id='word_1_810' title='bbox 2659 3657 2819 3722; x_wconf 77' lang='lat' dir='ltr'><strong>Deus,</strong></span> <span class='ocrx_word' id='word_1_811' title='bbox 2866 3655 3057 3711; x_wconf 88' lang='lat' dir='ltr'><strong>secede</strong></span> <span class='ocrx_word' id='word_1_812' title='bbox 3094 3656 3145 3709; x_wconf 93' lang='lat' dir='ltr'><strong>in</strong></span> <span class='ocrx_word' id='word_1_813' title='bbox 3186 3656 3539 3719; x_wconf 85' lang='lat' dir='ltr'><strong>oecidentem,</strong></span> <span class='ocrx_word' id='word_1_814' title='bbox 3581 3667 3636 3710; x_wconf 90' lang='lat' dir='ltr'><strong>et</strong></span> <span class='ocrx_word' id='word_1_815' title='bbox 3672 3656 3759 3711; x_wconf 78' lang='lat' dir='ltr'><strong>die</strong></span> 
     </span>
    </p>
   </div>
   <div class='ocr_carea' id='block_1_100' title="bbox 2182 3746 3756 3818">
    <p class='ocr_par' dir='ltr' id='par_1_100' title="bbox 2182 3746 3756 3818">
     <span class='ocr_line' id='line_1_100' title="bbox 2182 3746 3756 3818; baseline -0.002 -16"><span class='ocrx_word' id='word_1_816' title='bbox 2182 3747 2437 3818; x_wconf 89' lang='lat' dir='ltr'><strong>quidquid</strong></span> <span class='ocrx_word' id='word_1_817' title='bbox 2479 3747 2558 3802; x_wconf 91' lang='lat' dir='ltr'><strong>vis</strong></span> <span class='ocrx_word' id='word_1_818' title='bbox 2584 3746 2840 3802; x_wconf 84' lang='lat' dir='ltr'><strong>adversus</strong></span> <span class='ocrx_word' id='word_1_819' title='bbox 2870 3747 3032 3801; x_wconf 90' lang='lat' dir='ltr'><strong>Deum</strong></span> <span class='ocrx_word' id='word_1_820' title='bbox 3058 3763 3072 3808; x_wconf 93' lang='lat'><strong>;</strong></span> <span class='ocrx_word' id='word_1_821' title='bbox 3117 3746 3159 3800; x_wconf 90' lang='lat' dir='ltr'><strong>si</strong></span> <span class='ocrx_word' id='word_1_822' title='bbox 3188 3746 3257 3801; x_wconf 91' lang='lat' dir='ltr'><strong>ab</strong></span> <span class='ocrx_word' id='word_1_823' title='bbox 3283 3746 3580 3812; x_wconf 88' lang='lat' dir='ltr'><strong>occidente,</strong></span> <span class='ocrx_word' id='word_1_824' title='bbox 3626 3746 3756 3799; x_wconf 79' lang='lat' dir='ltr'><strong>vade</strong></span> 
     </span>
    </p>
   </div>
   <div class='ocr_carea' id='block_1_101' title="bbox 2184 3828 3757 3908">
    <p class='ocr_par' dir='ltr' id='par_1_101' title="bbox 2184 3828 3757 3908">
     <span class='ocr_line' id='line_1_101' title="bbox 2184 3828 3757 3908; baseline -0.001 -15"><span class='ocrx_word' id='word_1_825' title='bbox 2184 3840 2236 3893; x_wconf 91' lang='lat' dir='ltr'><strong>in</strong></span> <span class='ocrx_word' id='word_1_826' title='bbox 2262 3828 2544 3904; x_wconf 80' lang='lat' dir='ltr'><strong>orientem,</strong></span> <span class='ocrx_word' id='word_1_827' title='bbox 2588 3847 2643 3893; x_wconf 90' lang='lat' dir='ltr'><strong>et</strong></span> <span class='ocrx_word' id='word_1_828' title='bbox 2670 3838 2741 3893; x_wconf 90' lang='lat' dir='ltr'><strong>ibi</strong></span> <span class='ocrx_word' id='word_1_829' title='bbox 2785 3837 3037 3908; x_wconf 87' lang='lat' dir='ltr'><strong>loquere;</strong></span> <span class='ocrx_word' id='word_1_830' title='bbox 3086 3837 3190 3892; x_wconf 90' lang='lat' dir='ltr'><strong>sia</strong></span> <span class='ocrx_word' id='word_1_831' title='bbox 3229 3837 3459 3893; x_wconf 80' lang='lat' dir='ltr'><strong>desertis</strong></span> <span class='ocrx_word' id='word_1_832' title='bbox 3499 3838 3757 3892; x_wconf 73' lang='lat' dir='ltr'><strong>monzium</strong></span> 
     </span>
    </p>
   </div>
   <div class='ocr_carea' id='block_1_102' title="bbox 2178 3928 3758 4001">
    <p class='ocr_par' dir='ltr' id='par_1_102' title="bbox 2178 3928 3758 4001">
     <span class='ocr_line' id='line_1_102' title="bbox 2178 3928 3758 4001; baseline -0.001 -16"><span class='ocrx_word' id='word_1_833' title='bbox 2178 3928 2617 4001; x_wconf 85' lang='lat' dir='ltr'><strong>judicat,vadein</strong></span> <span class='ocrx_word' id='word_1_834' title='bbox 2651 3928 2880 3984; x_wconf 91' lang='lat' dir='ltr'><strong>medium</strong></span> <span class='ocrx_word' id='word_1_835' title='bbox 2906 3928 3243 3999; x_wconf 86' lang='lat' dir='ltr'><strong>populorum,</strong></span> <span class='ocrx_word' id='word_1_836' title='bbox 3271 3929 3357 3984; x_wconf 90' lang='lat' dir='ltr'><strong>ubi</strong></span> <span class='ocrx_word' id='word_1_837' title='bbox 3391 3929 3482 3984; x_wconf 88' lang='lat' dir='ltr'><strong>tibi</strong></span> <span class='ocrx_word' id='word_1_838' title='bbox 3507 3931 3758 3985; x_wconf 87' lang='lat' dir='ltr'><strong>submur—</strong></span> 
     </span>
    </p>
   </div>
   <div class='ocr_carea' id='block_1_103' title="bbox 2182 4020 3758 4093">
    <p class='ocr_par' dir='ltr' id='par_1_103' title="bbox 2182 4020 3758 4093">
     <span class='ocr_line' id='line_1_103' title="bbox 2182 4020 3758 4093; baseline -0.001 -15"><span class='ocrx_word' id='word_1_839' title='bbox 2182 4039 2379 4078; x_wconf 83' lang='lat' dir='ltr'><strong>mures.</strong></span> <span class='ocrx_word' id='word_1_840' title='bbox 2423 4023 2497 4078; x_wconf 91' lang='lat' dir='ltr'><strong>De</strong></span> <span class='ocrx_word' id='word_1_841' title='bbox 2535 4021 2683 4077; x_wconf 90' lang='lat' dir='ltr'><strong>nullo</strong></span> <span class='ocrx_word' id='word_1_842' title='bbox 2724 4022 2881 4077; x_wconf 78' lang='lat' dir='ltr'><strong>loco’</strong></span> <span class='ocrx_word' id='word_1_843' title='bbox 2903 4020 3125 4090; x_wconf 87' lang='lat' dir='ltr'><strong>judicat,</strong></span> <span class='ocrx_word' id='word_1_844' title='bbox 3157 4022 3244 4093; x_wconf 91' lang='lat' dir='ltr'><strong>qui</strong></span> <span class='ocrx_word' id='word_1_845' title='bbox 3279 4022 3477 4093; x_wconf 86' lang='lat' dir='ltr'><strong>ubique</strong></span> <span class='ocrx_word' id='word_1_846' title='bbox 3521 4032 3758 4079; x_wconf 82' lang='lat' dir='ltr'><strong>secretus</strong></span> 
     </span>
    </p>
   </div>
   <div class='ocr_carea' id='block_1_104' title="bbox 2181 4112 3756 4185">
    <p class='ocr_par' dir='ltr' id='par_1_104' title="bbox 2181 4112 3756 4185">
     <span class='ocr_line' id='line_1_104' title="bbox 2181 4112 3756 4185; baseline -0.004 -14"><span class='ocrx_word' id='word_1_847' title='bbox 2181 4125 2283 4176; x_wconf 73' lang='lat' dir='ltr'><strong>est,</strong></span> <span class='ocrx_word' id='word_1_848' title='bbox 2316 4115 2510 4185; x_wconf 90' lang='lat' dir='ltr'><strong>ubique</strong></span> <span class='ocrx_word' id='word_1_849' title='bbox 2538 4112 2820 4182; x_wconf 89' lang='lat' dir='ltr'><strong>publicus;</strong></span> <span class='ocrx_word' id='word_1_850' title='bbox 2864 4128 3022 4183; x_wconf 88' lang='lat' dir='ltr'><strong>quem</strong></span> <span class='ocrx_word' id='word_1_851' title='bbox 3051 4113 3177 4167; x_wconf 91' lang='lat' dir='ltr'><strong>nulli</strong></span> <span class='ocrx_word' id='word_1_852' title='bbox 3216 4114 3339 4168; x_wconf 90' lang='lat' dir='ltr'><strong>licet</strong></span> <span class='ocrx_word' id='word_1_853' title='bbox 3374 4122 3429 4167; x_wconf 90' lang='lat' dir='ltr'><strong>ut</strong></span> <span class='ocrx_word' id='word_1_854' title='bbox 3449 4121 3533 4168; x_wconf 89' lang='lat' dir='ltr'><strong>est</strong></span> <span class='ocrx_word' id='word_1_855' title='bbox 3556 4128 3756 4184; x_wconf 87' lang='lat' dir='ltr'><strong>cogno-</strong></span> 
     </span>
    </p>
   </div>
   <div class='ocr_carea' id='block_1_105' title="bbox 2182 4209 3756 4281">
    <p class='ocr_par' dir='ltr' id='par_1_105' title="bbox 2182 4209 3756 4281">
     <span class='ocr_line' id='line_1_105' title="bbox 2182 4209 3756 4281; baseline 0.001 -18"><span class='ocrx_word' id='word_1_856' title='bbox 2182 4225 2351 4271; x_wconf 84' lang='lat' dir='ltr'><strong>scere,</strong></span> <span class='ocrx_word' id='word_1_857' title='bbox 2382 4218 2435 4264; x_wconf 87' lang='lat' dir='ltr'><strong>et</strong></span> <span class='ocrx_word' id='word_1_858' title='bbox 2460 4225 2618 4278; x_wconf 86' lang='lat' dir='ltr'><strong>quem</strong></span> <span class='ocrx_word' id='word_1_859' title='bbox 2650 4224 2806 4264; x_wconf 88' lang='lat' dir='ltr'><strong>nemo</strong></span> <span class='ocrx_word' id='word_1_860' title='bbox 2831 4209 3156 4279; x_wconf 88' lang='lat' dir='ltr'><strong>permittitur</strong></span> <span class='ocrx_word' id='word_1_861' title='bbox 3180 4210 3443 4280; x_wconf 85' lang='lat' dir='ltr'><strong>ignorare.</strong></span> <span class='ocrx_word' id='word_1_862' title='bbox 3478 4210 3615 4266; x_wconf 87' lang='lat' dir='ltr'><strong>Vide</strong></span> <span class='ocrx_word' id='word_1_863' title='bbox 3633 4211 3756 4281; x_wconf 87' lang='lat' dir='ltr'><strong>quid</strong></span> 
     </span>
    </p>
   </div>
   <div class='ocr_carea' id='block_1_106' title="bbox 2181 4302 3757 4375">
    <p class='ocr_par' dir='ltr' id='par_1_106' title="bbox 2181 4302 3757 4375">
     <span class='ocr_line' id='line_1_106' title="bbox 2181 4302 3757 4375; baseline 0.002 -21"><span class='ocrx_word' id='word_1_864' title='bbox 2181 4318 2326 4372; x_wconf 79' lang='lat' dir='ltr'><strong>agas.</strong></span> <span class='ocrx_word' id='word_1_865' title='bbox 2372 4302 2627 4373; x_wconf 88' lang='lat' dir='ltr'><strong>Loqueris</strong></span> <span class='ocrx_word' id='word_1_866' title='bbox 2655 4303 2910 4358; x_wconf 86' lang='lat' dir='ltr'><strong>adversus</strong></span> <span class='ocrx_word' id='word_1_867' title='bbox 2939 4303 3103 4358; x_wconf 89' lang='lat' dir='ltr'><strong>Deum</strong></span> <span class='ocrx_word' id='word_1_868' title='bbox 3135 4304 3488 4373; x_wconf 89' lang='lat' dir='ltr'><strong>iniquitatem.</strong></span> <span class='ocrx_word' id='word_1_869' title='bbox 3530 4304 3757 4375; x_wconf 76' lang='lat' dir='ltr'><strong>Spiritus</strong></span> 
     </span>
    </p>
   </div>
   <div class='ocr_carea' id='block_1_107' title="bbox 2183 4394 3758 4466">
    <p class='ocr_par' dir='ltr' id='par_1_107' title="bbox 2183 4394 3758 4466">
     <span class='ocr_line' id='line_1_107' title="bbox 2183 4394 3758 4466; baseline 0.002 -18"><span class='ocrx_word' id='word_1_870' title='bbox 2183 4395 2391 4449; x_wconf 88' lang='lat' dir='ltr'><strong>Domini</strong></span> <span class='ocrx_word' id='word_1_871' title='bbox 2415 4396 2620 4466; x_wconf 76' lang='lat' dir='ltr'><strong>repleuit</strong></span> <span class='ocrx_word' id='word_1_872' title='bbox 2646 4395 2812 4448; x_wconf 81' lang='lat' dir='ltr'><strong>orbem</strong></span> <span class='ocrx_word' id='word_1_873' title='bbox 2852 4405 3101 4449; x_wconf 88' lang='lat' dir='ltr'><strong>terrarum</strong></span> <span class='ocrx_word' id='word_1_874' title='bbox 3133 4394 3272 4464; x_wconf 87' lang='lat' dir='ltr'><strong>(alia</strong></span> <span class='ocrx_word' id='word_1_875' title='bbox 3314 4396 3587 4466; x_wconf 87' lang='lat' dir='ltr'><strong>Scriptura</strong></span> <span class='ocrx_word' id='word_1_876' title='bbox 3631 4397 3758 4451; x_wconf 84' lang='lat' dir='ltr'><strong>dicit</strong></span> 
     </span>
    </p>
   </div>
   <div class='ocr_carea' id='block_1_108' title="bbox 2183 4488 3759 4560">
    <p class='ocr_par' dir='ltr' id='par_1_108' title="bbox 2183 4488 3759 4560">
     <span class='ocr_line' id='line_1_108' title="bbox 2183 4488 3759 4560; baseline 0.001 -19"><span class='ocrx_word' id='word_1_877' title='bbox 2183 4489 2304 4559; x_wconf 85' lang='lat' dir='ltr'><strong>hoc)</strong></span> <span class='ocrx_word' id='word_1_878' title='bbox 2325 4506 2339 4555; x_wconf 87' lang='lat'><strong>;</strong></span> <span class='ocrx_word' id='word_1_879' title='bbox 2363 4499 2407 4543; x_wconf 89' lang='lat' dir='ltr'><strong>et</strong></span> <span class='ocrx_word' id='word_1_880' title='bbox 2434 4489 2527 4543; x_wconf 84' lang='lat' dir='ltr'><strong>hoc</strong></span> <span class='ocrx_word' id='word_1_881' title='bbox 2546 4489 2682 4560; x_wconf 82' lang='lat' dir='ltr'><strong>quod</strong></span> <span class='ocrx_word' id='word_1_882' title='bbox 2705 4489 2919 4542; x_wconf 80' lang='lat' dir='ltr'><strong>continet</strong></span> <span class='ocrx_word' id='word_1_883' title='bbox 2937 4491 3105 4542; x_wconf 87' lang='lat' dir='ltr'><strong>omnia</strong></span> <span class='ocrx_word' id='word_1_884' title='bbox 3122 4489 3379 4542; x_wconf 81' lang='lat' dir='ltr'><strong>scientiam</strong></span> <span class='ocrx_word' id='word_1_885' title='bbox 3406 4489 3553 4543; x_wconf 87' lang='lat' dir='ltr'><strong>habet</strong></span> <span class='ocrx_word' id='word_1_886' title='bbox 3583 4488 3718 4543; x_wconf 74' lang='lat' dir='ltr'><strong>vocis</strong></span> <span class='ocrx_word' id='word_1_887' title='bbox 3737 4504 3759 4544; x_wconf 90' lang='lat'><strong>:</strong></span> 
     </span>
    </p>
   </div>
   <div class='ocr_carea' id='block_1_109' title="bbox 2184 4580 3755 4653">
    <p class='ocr_par' dir='ltr' id='par_1_109' title="bbox 2184 4580 3755 4653">
     <span class='ocr_line' id='line_1_109' title="bbox 2184 4580 3755 4653; baseline 0.001 -21"><span class='ocrx_word' id='word_1_888' title='bbox 2184 4591 2387 4650; x_wconf 77' lang='lat' dir='ltr'><strong>propter</strong></span> <span class='ocrx_word' id='word_1_889' title='bbox 2416 4581 2509 4634; x_wconf 85' lang='lat' dir='ltr'><strong>hoc</strong></span> <span class='ocrx_word' id='word_1_890' title='bbox 2532 4581 2619 4650; x_wconf 88' lang='lat' dir='ltr'><strong>qui</strong></span> <span class='ocrx_word' id='word_1_891' title='bbox 2644 4580 2865 4650; x_wconf 84' lang='lat' dir='ltr'><strong>loquitur</strong></span> <span class='ocrx_word' id='word_1_892' title='bbox 2889 4581 3082 4647; x_wconf 87' lang='lat' dir='ltr'><strong>iniqua,</strong></span> <span class='ocrx_word' id='word_1_893' title='bbox 3111 4597 3210 4634; x_wconf 87' lang='lat' dir='ltr'><strong>non</strong></span> <span class='ocrx_word' id='word_1_894' title='bbox 3239 4591 3394 4649; x_wconf 84' lang='lat' dir='ltr'><strong>potest</strong></span> <span class='ocrx_word' id='word_1_895' title='bbox 3417 4580 3576 4634; x_wconf 78' lang='lat' dir='ltr'><strong>latere</strong></span> <span class='ocrx_word' id='word_1_896' title='bbox 3599 4580 3755 4653; x_wconf 63' lang='lat' dir='ltr'><strong>(Sor.</strong></span> 
     </span>
    </p>
   </div>
   <div class='ocr_carea' id='block_1_110' title="bbox 2182 4670 3756 4743">
    <p class='ocr_par' dir='ltr' id='par_1_110' title="bbox 2182 4670 3756 4743">
     <span class='ocr_line' id='line_1_110' title="bbox 2182 4670 3756 4743; baseline 0.003 -18"><span class='ocrx_word' id='word_1_897' title='bbox 2182 4687 2218 4733; x_wconf 83' lang='grc' dir='ltr'><strong>ι,</strong></span> <span class='ocrx_word' id='word_1_898' title='bbox 2240 4673 2270 4724; x_wconf 86' lang='lat'><strong>7</strong></span> <span class='ocrx_word' id='word_1_899' title='bbox 2288 4681 2333 4725; x_wconf 91' lang='lat' dir='ltr'><strong>et</strong></span> <span class='ocrx_word' id='word_1_900' title='bbox 2350 4670 2428 4743; x_wconf 89' lang='lat'><strong>8).</strong></span> <span class='ocrx_word' id='word_1_901' title='bbox 2460 4671 2576 4725; x_wconf 80' lang='lat' dir='ltr'><strong>Noli</strong></span> <span class='ocrx_word' id='word_1_902' title='bbox 2600 4687 2724 4740; x_wconf 77' lang='lat' dir='ltr'><strong>ergo</strong></span> <span class='ocrx_word' id='word_1_903' title='bbox 2741 4671 2973 4741; x_wconf 81' lang='lat' dir='ltr'><strong>cogitare</strong></span> <span class='ocrx_word' id='word_1_904' title='bbox 3003 4670 3170 4725; x_wconf 89' lang='lat' dir='ltr'><strong>Deum</strong></span> <span class='ocrx_word' id='word_1_905' title='bbox 3198 4671 3249 4724; x_wconf 94' lang='lat' dir='ltr'><strong>in</strong></span> <span class='ocrx_word' id='word_1_906' title='bbox 3282 4671 3439 4734; x_wconf 88' lang='lat' dir='ltr'><strong>locis;</strong></span> <span class='ocrx_word' id='word_1_907' title='bbox 3470 4671 3561 4726; x_wconf 92' lang='lat' dir='ltr'><strong>ille</strong></span> <span class='ocrx_word' id='word_1_908' title='bbox 3584 4681 3756 4729; x_wconf 86' lang='lat' dir='ltr'><strong>tecum</strong></span> 
     </span>
    </p>
   </div>
   <div class='ocr_carea' id='block_1_111' title="bbox 2182 4758 3753 4830">
    <p class='ocr_par' dir='ltr' id='par_1_111' title="bbox 2182 4758 3753 4830">
     <span class='ocr_line' id='line_1_111' title="bbox 2182 4758 3753 4830; baseline -0.004 -13"><span class='ocrx_word' id='word_1_909' title='bbox 2182 4771 2264 4817; x_wconf 81' lang='lat' dir='ltr'><strong>est</strong></span> <span class='ocrx_word' id='word_1_910' title='bbox 2290 4762 2431 4826; x_wconf 89' lang='lat' dir='ltr'><strong>talis,</strong></span> <span class='ocrx_word' id='word_1_911' title='bbox 2479 4762 2648 4830; x_wconf 85' lang='lat' dir='ltr'><strong>qualis</strong></span> <span class='ocrx_word' id='word_1_912' title='bbox 2679 4761 2862 4816; x_wconf 87' lang='lat' dir='ltr'><strong>fueris.</strong></span> <span class='ocrx_word' id='word_1_913' title='bbox 2890 4759 3025 4826; x_wconf 85' lang='lat' dir='ltr'><strong>Quid</strong></span> <span class='ocrx_word' id='word_1_914' title='bbox 3052 4772 3135 4815; x_wconf 88' lang='lat' dir='ltr'><strong>est</strong></span> <span class='ocrx_word' id='word_1_915' title='bbox 3157 4761 3295 4823; x_wconf 87' lang='lat' dir='ltr'><strong>talis,</strong></span> <span class='ocrx_word' id='word_1_916' title='bbox 3338 4760 3510 4830; x_wconf 89' lang='lat' dir='ltr'><strong>qualis</strong></span> <span class='ocrx_word' id='word_1_917' title='bbox 3553 4758 3753 4817; x_wconf 84' lang='lat' dir='ltr'><strong>fueris?</strong></span> 
     </span>
    </p>
   </div>
   <div class='ocr_carea' id='block_1_112' title="bbox 2185 4835 3754 4917">
    <p class='ocr_par' dir='ltr' id='par_1_112' title="bbox 2185 4835 3754 4917">
     <span class='ocr_line' id='line_1_112' title="bbox 2185 4835 3754 4917; baseline 0 -9"><span class='ocrx_word' id='word_1_918' title='bbox 2185 4855 2390 4916; x_wconf 90' lang='lat' dir='ltr'><strong>Bonus,</strong></span> <span class='ocrx_word' id='word_1_919' title='bbox 2434 4854 2479 4907; x_wconf 91' lang='lat' dir='ltr'><strong>si</strong></span> <span class='ocrx_word' id='word_1_920' title='bbox 2510 4855 2681 4908; x_wconf 88' lang='lat' dir='ltr'><strong>bonus</strong></span> <span class='ocrx_word' id='word_1_921' title='bbox 2714 4850 2902 4910; x_wconf 87' lang='lat' dir='ltr'><strong>fueris:</strong></span> <span class='ocrx_word' id='word_1_922' title='bbox 2948 4861 3003 4906; x_wconf 90' lang='lat' dir='ltr'><strong>et</strong></span> <span class='ocrx_word' id='word_1_923' title='bbox 3042 4835 3213 4905; x_wconf 84' lang='lat' dir='ltr'><strong>malus</strong></span> <span class='ocrx_word' id='word_1_924' title='bbox 3254 4852 3345 4905; x_wconf 88' lang='lat' dir='ltr'><strong>tibi</strong></span> <span class='ocrx_word' id='word_1_925' title='bbox 3391 4852 3680 4917; x_wconf 83' lang='lat' dir='ltr'><strong>videbitur,</strong></span> <span class='ocrx_word' id='word_1_926' title='bbox 3712 4854 3754 4908; x_wconf 87' lang='lat' dir='ltr'><strong>si</strong></span> 
     </span>
    </p>
   </div>
   <div class='ocr_carea' id='block_1_113' title="bbox 2182 4944 3755 5015">
    <p class='ocr_par' dir='ltr' id='par_1_113' title="bbox 2182 4944 3755 5015">
     <span class='ocr_line' id='line_1_113' title="bbox 2182 4944 3755 5015; baseline 0.001 -15"><span class='ocrx_word' id='word_1_927' title='bbox 2182 4947 2353 5000; x_wconf 85' lang='lat' dir='ltr'><strong>malus</strong></span> <span class='ocrx_word' id='word_1_928' title='bbox 2386 4946 2547 5001; x_wconf 90' lang='lat' dir='ltr'><strong>fueris</strong></span> <span class='ocrx_word' id='word_1_929' title='bbox 2570 4946 2692 5001; x_wconf 87' lang='lat' dir='ltr'><strong>:sed</strong></span> <span class='ocrx_word' id='word_1_930' title='bbox 2720 4944 3005 5015; x_wconf 88' lang='lat' dir='ltr'><strong>opitulator</strong></span> <span class='ocrx_word' id='word_1_931' title='bbox 3029 4946 3073 4999; x_wconf 89' lang='lat' dir='ltr'><strong>si</strong></span> <span class='ocrx_word' id='word_1_932' title='bbox 3107 4944 3275 5000; x_wconf 88' lang='lat' dir='ltr'><strong>bonus</strong></span> <span class='ocrx_word' id='word_1_933' title='bbox 3298 4944 3493 5009; x_wconf 87' lang='lat' dir='ltr'><strong>fueris;</strong></span> <span class='ocrx_word' id='word_1_934' title='bbox 3546 4946 3690 5001; x_wconf 87' lang='lat' dir='ltr'><strong>ultor</strong></span> <span class='ocrx_word' id='word_1_935' title='bbox 3714 4947 3755 5001; x_wconf 82' lang='lat' dir='ltr'><strong>si</strong></span> 
     </span>
    </p>
   </div>
   <div class='ocr_carea' id='block_1_114' title="bbox 2182 5034 3758 5103">
    <p class='ocr_par' dir='ltr' id='par_1_114' title="bbox 2182 5034 3758 5103">
     <span class='ocr_line' id='line_1_114' title="bbox 2182 5034 3758 5103; baseline 0.003 -15"><span class='ocrx_word' id='word_1_936' title='bbox 2182 5037 2349 5091; x_wconf 86' lang='lat' dir='ltr'><strong>malus</strong></span> <span class='ocrx_word' id='word_1_937' title='bbox 2369 5037 2550 5092; x_wconf 89' lang='lat' dir='ltr'><strong>lueris.</strong></span> <span class='ocrx_word' id='word_1_938' title='bbox 2576 5035 2651 5090; x_wconf 91' lang='lat' dir='ltr'><strong>lbi</strong></span> <span class='ocrx_word' id='word_1_939' title='bbox 2676 5035 2838 5089; x_wconf 90' lang='lat' dir='ltr'><strong>babes</strong></span> <span class='ocrx_word' id='word_1_940' title='bbox 2862 5034 3094 5103; x_wconf 71' lang='lat' dir='ltr'><strong>judicent</strong></span> <span class='ocrx_word' id='word_1_941' title='bbox 3113 5036 3165 5088; x_wconf 91' lang='lat' dir='ltr'><strong>in</strong></span> <span class='ocrx_word' id='word_1_942' title='bbox 3187 5043 3519 5091; x_wconf 88' lang='lat' dir='ltr'><strong>sccretotuo.</strong></span> <span class='ocrx_word' id='word_1_943' title='bbox 3561 5036 3758 5092; x_wconf 82' lang='lat' dir='ltr'><strong>Volens</strong></span> 
     </span>
    </p>
   </div>
   <div class='ocr_carea' id='block_1_115' title="bbox 2184 5124 3752 5197">
    <p class='ocr_par' dir='ltr' id='par_1_115' title="bbox 2184 5124 3752 5197">
     <span class='ocr_line' id='line_1_115' title="bbox 2184 5124 3752 5197; baseline -0.001 -15"><span class='ocrx_word' id='word_1_944' title='bbox 2184 5128 2357 5183; x_wconf 85' lang='lat' dir='ltr'><strong>facere</strong></span> <span class='ocrx_word' id='word_1_945' title='bbox 2384 5126 2581 5197; x_wconf 88' lang='lat' dir='ltr'><strong>aliquid</strong></span> <span class='ocrx_word' id='word_1_946' title='bbox 2609 5126 2752 5192; x_wconf 86' lang='lat' dir='ltr'><strong>mali,</strong></span> <span class='ocrx_word' id='word_1_947' title='bbox 2799 5124 2865 5179; x_wconf 90' lang='lat' dir='ltr'><strong>de</strong></span> <span class='ocrx_word' id='word_1_948' title='bbox 2906 5125 3115 5194; x_wconf 89' lang='lat' dir='ltr'><strong>publico</strong></span> <span class='ocrx_word' id='word_1_949' title='bbox 3140 5124 3331 5194; x_wconf 76' lang='lat' dir='ltr'><strong>recipis</strong></span> <span class='ocrx_word' id='word_1_950' title='bbox 3357 5134 3409 5179; x_wconf 91' lang='lat' dir='ltr'><strong>te</strong></span> <span class='ocrx_word' id='word_1_951' title='bbox 3449 5126 3502 5179; x_wconf 92' lang='lat' dir='ltr'><strong>in</strong></span> <span class='ocrx_word' id='word_1_952' title='bbox 3537 5126 3752 5180; x_wconf 88' lang='lat' dir='ltr'><strong>domum</strong></span> 
     </span>
    </p>
   </div>
   <div class='ocr_carea' id='block_1_116' title="bbox 2181 5215 3752 5286">
    <p class='ocr_par' dir='ltr' id='par_1_116' title="bbox 2181 5215 3752 5286">
     <span class='ocr_line' id='line_1_116' title="bbox 2181 5215 3752 5286; baseline -0.003 -10"><span class='ocrx_word' id='word_1_953' title='bbox 2181 5232 2347 5286; x_wconf 89' lang='lat' dir='ltr'><strong>tuam,</strong></span> <span class='ocrx_word' id='word_1_954' title='bbox 2380 5218 2466 5273; x_wconf 90' lang='lat' dir='ltr'><strong>ubi</strong></span> <span class='ocrx_word' id='word_1_955' title='bbox 2506 5233 2660 5272; x_wconf 88' lang='lat' dir='ltr'><strong>nemo</strong></span> <span class='ocrx_word' id='word_1_956' title='bbox 2689 5217 3020 5271; x_wconf 90' lang='lat' dir='ltr'><strong>inimicorum</strong></span> <span class='ocrx_word' id='word_1_957' title='bbox 3048 5215 3260 5277; x_wconf 86' lang='lat' dir='ltr'><strong>videat;</strong></span> <span class='ocrx_word' id='word_1_958' title='bbox 3309 5215 3377 5271; x_wconf 88' lang='lat' dir='ltr'><strong>de</strong></span> <span class='ocrx_word' id='word_1_959' title='bbox 3409 5216 3542 5272; x_wconf 87' lang='lat' dir='ltr'><strong>locis</strong></span> <span class='ocrx_word' id='word_1_960' title='bbox 3567 5217 3752 5272; x_wconf 80' lang='lat' dir='ltr'><strong>domus</strong></span> 
     </span>
    </p>
   </div>
   <div class='ocr_carea' id='block_1_117' title="bbox 2180 5305 3754 5383">
    <p class='ocr_par' dir='ltr' id='par_1_117' title="bbox 2180 5305 3754 5383">
     <span class='ocr_line' id='line_1_117' title="bbox 2180 5305 3754 5383; baseline -0.005 -15"><span class='ocrx_word' id='word_1_961' title='bbox 2180 5324 2285 5368; x_wconf 75' lang='lat' dir='ltr'><strong>tua:</strong></span> <span class='ocrx_word' id='word_1_962' title='bbox 2316 5310 2574 5383; x_wconf 85' lang='lat' dir='ltr'><strong>promptis</strong></span> <span class='ocrx_word' id='word_1_963' title='bbox 2599 5317 2653 5363; x_wconf 90' lang='lat' dir='ltr'><strong>et</strong></span> <span class='ocrx_word' id='word_1_964' title='bbox 2679 5308 2730 5362; x_wconf 92' lang='lat' dir='ltr'><strong>in</strong></span> <span class='ocrx_word' id='word_1_965' title='bbox 2757 5307 2943 5362; x_wconf 85' lang='lat' dir='ltr'><strong>faciem</strong></span> <span class='ocrx_word' id='word_1_966' title='bbox 2985 5305 3306 5367; x_wconf 88' lang='lat' dir='ltr'><strong>constitutis,</strong></span> <span class='ocrx_word' id='word_1_967' title='bbox 3346 5321 3595 5361; x_wconf 74' lang='lat' dir='ltr'><strong>removes</strong></span> <span class='ocrx_word' id='word_1_968' title='bbox 3625 5317 3676 5362; x_wconf 90' lang='lat' dir='ltr'><strong>te</strong></span> <span class='ocrx_word' id='word_1_969' title='bbox 3705 5310 3754 5361; x_wconf 92' lang='lat' dir='ltr'><strong>in</strong></span> 
     </span>
    </p>
   </div>
   <div class='ocr_carea' id='block_1_118' title="bbox 2180 5396 3751 5463">
    <p class='ocr_par' dir='ltr' id='par_1_118' title="bbox 2180 5396 3751 5463">
     <span class='ocr_line' id='line_1_118' title="bbox 2180 5396 3751 5463; baseline -0.007 -2"><span class='ocrx_word' id='word_1_970' title='bbox 2180 5402 2513 5463; x_wconf 89' lang='lat' dir='ltr'><strong>cubiculum;</strong></span> <span class='ocrx_word' id='word_1_971' title='bbox 2552 5401 2708 5454; x_wconf 88' lang='lat' dir='ltr'><strong>times</strong></span> <span class='ocrx_word' id='word_1_972' title='bbox 2731 5407 2784 5452; x_wconf 89' lang='lat' dir='ltr'><strong>et</strong></span> <span class='ocrx_word' id='word_1_973' title='bbox 2824 5397 2874 5451; x_wconf 92' lang='lat' dir='ltr'><strong>in</strong></span> <span class='ocrx_word' id='word_1_974' title='bbox 2909 5396 3153 5452; x_wconf 87' lang='lat' dir='ltr'><strong>cubiculo</strong></span> <span class='ocrx_word' id='word_1_975' title='bbox 3201 5396 3416 5452; x_wconf 85' lang='lat' dir='ltr'><strong>aliunde</strong></span> <span class='ocrx_word' id='word_1_976' title='bbox 3455 5399 3751 5461; x_wconf 86' lang='lat' dir='ltr'><strong>conscium,</strong></span> 
     </span>
    </p>
   </div>
   <div class='ocr_carea' id='block_1_119' title="bbox 2186 5488 3753 5554">
    <p class='ocr_par' dir='ltr' id='par_1_119' title="bbox 2186 5488 3753 5554">
     <span class='ocr_line' id='line_1_119' title="bbox 2186 5488 3753 5554; baseline -0.008 0"><span class='ocrx_word' id='word_1_977' title='bbox 2186 5496 2393 5554; x_wconf 88' lang='lat' dir='ltr'><strong>secedis</strong></span> <span class='ocrx_word' id='word_1_978' title='bbox 2419 5495 2469 5548; x_wconf 89' lang='lat' dir='ltr'><strong>in</strong></span> <span class='ocrx_word' id='word_1_979' title='bbox 2501 5506 2593 5547; x_wconf 89' lang='lat' dir='ltr'><strong>cor</strong></span> <span class='ocrx_word' id='word_1_980' title='bbox 2612 5503 2775 5553; x_wconf 88' lang='lat' dir='ltr'><strong>tuum,</strong></span> <span class='ocrx_word' id='word_1_981' title='bbox 2810 5489 2880 5545; x_wconf 90' lang='lat' dir='ltr'><strong>ibi</strong></span> <span class='ocrx_word' id='word_1_982' title='bbox 2906 5488 3177 5544; x_wconf 87' lang='lat' dir='ltr'><strong>meditaris</strong></span> <span class='ocrx_word' id='word_1_983' title='bbox 3207 5504 3219 5538; x_wconf 91' lang='lat'><strong>:</strong></span> <span class='ocrx_word' id='word_1_984' title='bbox 3255 5488 3341 5542; x_wconf 79' lang='lat' dir='ltr'><strong>ille</strong></span> <span class='ocrx_word' id='word_1_985' title='bbox 3357 5488 3518 5543; x_wconf 84' lang='lat' dir='ltr'><strong>corde</strong></span> <span class='ocrx_word' id='word_1_986' title='bbox 3544 5497 3643 5543; x_wconf 89' lang='lat' dir='ltr'><strong>tuo</strong></span> <span class='ocrx_word' id='word_1_987' title='bbox 3672 5490 3753 5542; x_wconf 86' lang='lat' dir='ltr'><strong>in-</strong></span> 
     </span>
    </p>
   </div>
   <div class='ocr_carea' id='block_1_120' title="bbox 2183 5577 3753 5653">
    <p class='ocr_par' dir='ltr' id='par_1_120' title="bbox 2183 5577 3753 5653">
     <span class='ocr_line' id='line_1_120' title="bbox 2183 5577 3753 5653; baseline -0.007 -9"><span class='ocrx_word' id='word_1_988' title='bbox 2183 5591 2346 5644; x_wconf 86' lang='lat' dir='ltr'><strong>terior</strong></span> <span class='ocrx_word' id='word_1_989' title='bbox 2364 5595 2467 5641; x_wconf 88' lang='lat' dir='ltr'><strong>est.</strong></span> <span class='ocrx_word' id='word_1_990' title='bbox 2496 5585 2839 5653; x_wconf 59' lang='lat' dir='ltr'><strong>Quocumque</strong></span> <span class='ocrx_word' id='word_1_991' title='bbox 2862 5596 2989 5651; x_wconf 80' lang='lat' dir='ltr'><strong>ergo</strong></span> <span class='ocrx_word' id='word_1_992' title='bbox 3016 5578 3230 5651; x_wconf 79' lang='lat' dir='ltr'><strong>fugeris,</strong></span> <span class='ocrx_word' id='word_1_993' title='bbox 3271 5579 3341 5632; x_wconf 90' lang='lat' dir='ltr'><strong>ibi</strong></span> <span class='ocrx_word' id='word_1_994' title='bbox 3368 5587 3468 5635; x_wconf 82' lang='lat' dir='ltr'><strong>est.</strong></span> <span class='ocrx_word' id='word_1_995' title='bbox 3497 5577 3753 5650; x_wconf 76' lang='lat' dir='ltr'><strong>Teipsunt</strong></span> 
     </span>
    </p>
   </div>
   <div class='ocr_carea' id='block_1_121' title="bbox 2243 5716 3254 5785">
    <p class='ocr_par' dir='ltr' id='par_1_121' title="bbox 2243 5716 3254 5785">
     <span class='ocr_line' id='line_1_121' title="bbox 2243 5716 3254 5785; baseline -0.013 -12"><span class='ocrx_word' id='word_1_996' title='bbox 2243 5728 2258 5758; x_wconf 76' lang='grc' dir='ltr'><strong><em>ι</em></strong></span> <span class='ocrx_word' id='word_1_997' title='bbox 2287 5724 2505 5785; x_wconf 80' lang='lat' dir='ltr'><strong>Plerique</strong></span> <span class='ocrx_word' id='word_1_998' title='bbox 2530 5728 2658 5785; x_wconf 53' lang='lat' dir='ltr'><strong>Mss,</strong></span> <span class='ocrx_word' id='word_1_999' title='bbox 2682 5731 2773 5767; x_wconf 84' lang='lat' dir='ltr'><strong>non</strong></span> <span class='ocrx_word' id='word_1_1000' title='bbox 2804 5716 3254 5785; x_wconf 71' lang='lat' dir='ltr'><strong>animadversarem.</strong></span> 
     </span>
    </p>
   </div>
   <div class='ocr_carea' id='block_1_122' title="bbox 2240 5779 3493 5847">
    <p class='ocr_par' dir='ltr' id='par_1_122' title="bbox 2240 5779 3493 5847">
     <span class='ocr_line' id='line_1_122' title="bbox 2240 5779 3493 5847; baseline -0.01 -11"><span class='ocrx_word' id='word_1_1001' title='bbox 2240 5790 2260 5819; x_wconf 78' lang='lat'><strong>&#39;</strong></span> <span class='ocrx_word' id='word_1_1002' title='bbox 2284 5794 2414 5847; x_wconf 80' lang='lat' dir='ltr'><strong>Luv.,</strong></span> <span class='ocrx_word' id='word_1_1003' title='bbox 2430 5779 2523 5832; x_wconf 59' lang='lat' dir='ltr'><strong>&quot;non</strong></span> <span class='ocrx_word' id='word_1_1004' title='bbox 2538 5781 2746 5845; x_wconf 82' lang='lat' dir='ltr'><strong>judicat.</strong></span> <span class='ocrx_word' id='word_1_1005' title='bbox 2770 5779 2930 5839; x_wconf 77' lang='lat' dir='ltr'><strong>Abest,</strong></span> <span class='ocrx_word' id='word_1_1006' title='bbox 2952 5790 3061 5835; x_wconf 82' lang='lat' dir='ltr'><strong>non,</strong></span> <span class='ocrx_word' id='word_1_1007' title='bbox 3092 5779 3151 5825; x_wconf 86' lang='lat' dir='ltr'><strong>ab</strong></span> <span class='ocrx_word' id='word_1_1008' title='bbox 3174 5783 3245 5825; x_wconf 73' lang='lat' dir='ltr'><strong>Er.</strong></span> <span class='ocrx_word' id='word_1_1009' title='bbox 3273 5784 3321 5825; x_wconf 85' lang='lat' dir='ltr'><strong>et</strong></span> <span class='ocrx_word' id='word_1_1010' title='bbox 3340 5788 3368 5824; x_wconf 85' lang='lat' dir='ltr'><strong>a</strong></span> <span class='ocrx_word' id='word_1_1011' title='bbox 3389 5781 3493 5825; x_wconf 62' lang='lat' dir='ltr'><strong>uss.</strong></span> 
     </span>
    </p>
   </div>
  </div>
