4020 6198
335 379 437 435 933

339 511 442 564 quo
474 491 679 562 fugies?
719 489 901 544 Nonne.
924 501 1251 558 quocumque
1282 484 1473 553 fugeris
1496 525 1510 539 .
1539 493 1587 536 te
1612 479 1852 551 sequeris
1878 475 1900 532 ἲ

340 586 562 653 Quando
599 595 772 637 autem
819 593 872 636 et
914 583 1080 650 teipso
1123 579 1339 632 interior
1370 587 1472 640 est,
1525 593 1629 630 non
1673 585 1750 629 est
1795 588 1899 643 quo

340 679 506 748 fugias
544 693 571 731 a
606 677 712 730 Deo
733 677 887 739 irato,
935 674 1033 726 nisi
1063 673 1124 724 ad
1157 673 1319 724 Deum
1351 670 1612 738 placatum
1640 685 1652 720 :
1681 680 1898 736 prorsus

346 785 451 823 non
479 778 559 822 est
583 783 686 836 quo
710 767 894 836 fugias.
929 765 1018 818 Vis
1045 764 1222 832 fugere
1248 764 1313 815 ab
1351 760 1503 830 ipso?
1546 760 1687 829 Fuge
1713 758 1777 812 ad
1821 758 1900 826 ip-

339 878 474 915 sum.
505 861 644 929 Ergo
663 875 728 914 ne
756 857 1039 928 loquamini
1066 855 1320 910 adversus
1349 855 1514 907 Deum
1547 853 1894 919 iniquitatem,

347 969 444 1008 nec.
470 953 576 1006 illic
605 952 690 1005 ubi
721 949 1014 1019 loquimini.
1046 947 1385 1016 lniquitutetn,
1415 945 1597 1014 inquit,
1634 943 1901 996 meditatus

339 1057 408 1099 τοι
433 1047 482 1099 in
513 1044 663 1098 cubili
693 1059 782 1095 suo
806 1042 976 1108 (Psal.
1009 1056 1175 1100 xxxv,
1203 1040 1280 1108 5).
1327 1037 1460 1104 Quid
1516 1035 1798 1090 meditatus
1819 1043 1900 1087 est

341 1138 391 1189 in
444 1135 600 1190 cubili
641 1134 777 1186 suo?
805 1131 988 1184 Cubile
1034 1145 1128 1183 eor
1167 1129 1300 1196 ejus,
1347 1127 1530 1181 dicens
1563 1145 1575 1179 :
1609 1125 1904 1192 Sacriﬁcnte

342 1228 645 1296 sacriﬁcium
665 1227 872 1289 justitice
892 1266 906 1287 ,
949 1233 993 1276 et
1032 1231 1227 1292 sperate
1253 1222 1304 1273 in
1333 1219 1572 1273 Domino.
1613 1217 1713 1273 Sed
1746 1231 1902 1283 supra

343 1319 494 1378 dixit,
522 1316 689 1369 Dicite
707 1316 757 1367 in
779 1313 1006 1366 cordibus
1037 1313 1228 1376 vestris,
1281 1321 1326 1363 et
1368 1313 1419 1364 in
1445 1309 1688 1363 cubilibus
1731 1307 1903 1360 vestris

341 1408 732 1479 compungimini
761 1405 908 1477 (Psal
928 1445 940 1457 .
973 1420 1046 1463 tv.
1079 1404 1130 1464 6,
1159 1404 1236 1472 5).
1282 1403 1415 1470 Quot
1453 1401 1614 1454 habes
1663 1401 1730 1452 ibi
1771 1414 1905 1468 pun-

341 1501 542 1552 ctiones
569 1500 874 1560 facinorum,
911 1504 986 1549 tot
1007 1495 1139 1548 habe
1163 1495 1267 1548 illic
1308 1493 1738 1562 compnnetiones
1777 1505 1906 1544 con—

345 1591 652 1644 fessionum.
685 1588 781 1644 Ubi
812 1604 937 1657 ergo
963 1587 1191 1656 loqueris
1227 1586 1480 1641 adversus
1513 1586 1675 1639 Deum
1715 1583 1906 1653 iniqui-

343 1692 526 1746 tatem,
559 1683 622 1734 ibi
650 1691 700 1736 te
731 1681 931 1746 judicat
963 1698 975 1732 :
1007 1697 1108 1733 non
1133 1679 1384 1746 judicium
1421 1678 1615 1742 differt.
1665 1677 1756 1732 sed
1791 1693 1904 1746 pte-

345 1790 483 1826 uam.
539 1771 650 1826 Jam
679 1771 896 1840 judicat,
921 1770 1029 1839 jam
1059 1770 1220 1834 novit,
1260 1770 1366 1837 jam
1396 1770 1540 1824 videt
1571 1784 1768 1838 Lpoena
1815 1782 1902 1821 re-

340 1875 481 1923 stat;
505 1877 622 1917 cum
648 1862 802 1916 fuerit
827 1869 1158 1930 prtesentata,
1186 1861 1400 1915 habebis
1427 1867 1481 1914 et
1508 1876 1739 1928 pmnam,
1782 1873 1900 1913 cum

341 1953 637 2020 apparuerit
664 1953 820 2006 facies
850 1953 986 2006 illius
1016 1952 1242 2005 hominis
1259 1952 1347 2021 qui
1375 1951 1459 2005 hic
1482 1952 1665 2006 irrisus
1689 1962 1785 2013 est,
1812 1951 1902 2019 qui

338 2045 621 2112 judicatus,
642 2044 729 2112 qui
757 2043 1056 2104 crucifixus,
1085 2042 1173 2112 qui
1201 2042 1300 2097 sub
1332 2042 1508 2112 judice
1554 2042 1737 2104 stetit;
1782 2056 1902 2094 eum

342 2134 903 2203 apparueritjtnlieans
943 2135 992 2187 in
1024 2133 1305 2203 prmseutia
1353 2148 1466 2196 sua,
1513 2141 1639 2186 tunc
1685 2131 1903 2185 habebis

340 2241 572 2293 pumam,
601 2225 646 2278 si
680 2235 729 2279 te
755 2240 857 2278 non
880 2225 1196 2278 correxeris.
1245 2224 1376 2289 Quid
1407 2239 1532 2293 ergo
1561 2223 1716 2276 modo
1744 2223 1903 2277 facie-

342 2318 501 2369 mus?
530 2317 916 2370 l‘rtr-veniamus
942 2317 1124 2371 faciem
1155 2317 1289 2383 ejus,
1317 2323 1361 2370 ἐν
1381 2323 1704 2383 ἐξομολογήσει
1731 2315 1899 2370 (Psal.

341 2422 481 2470 xcrv,
512 2407 591 2472 2).
627 2407 858 2461 Przeveni
892 2408 940 2460 in
965 2406 1296 2460 confessione
1325 2423 1336 2457 :
1365 2407 1538 2460 veniet
1581 2407 1719 2458 milis
1746 2421 1902 2474 quem

342 2497 540 2551 feceras
572 2498 782 2552 iratum.
828 2496 1004 2566 Neque
1043 2514 1074 2548 a
1113 2497 1319 2550 desertis
1351 2498 1627 2560 montium;
1669 2497 1904 2565 quoniam

343 2587 480 2640 Deus
509 2588 671 2656 judea:
709 2599 776 2640 est
805 2603 822 2640 :
849 2602 950 2640 non
990 2586 1055 2640 ab
1085 2586 1311 2650 oriente,
1363 2602 1465 2639 non
1509 2587 1574 2640 ab
1609 2573 1898 2649 occidente,

342 2695 448 2732 non
481 2693 507 2730 a
539 2677 761 2731 desertis
785 2677 1057 2729 montium.
1089 2675 1304 2742 Quare?
1355 2676 1604 2742 Quoniam
1647 2675 1780 2728 Deus
1813 2676 1905 2746 ju-

342 2773 440 2823 ἄρα)
477 2779 566 2823 cst.
616 2769 670 2823 Si
700 2770 749 2821 in
787 2769 960 2846 aliquo
989 2769 1005 2798 ¹
1036 2768 1150 2821 loco
1201 2775 1362 2829 esset,
1409 2781 1512 2820 non
1541 2775 1681 2820 esset
1728 2768 1902 2821 Deus:

343 2862 462 2929 quia
497 2875 622 2912 vero
645 2860 779 2912 Deus
800 2858 958 2927 judex
981 2866 1080 2920 est,
1113 2872 1215 2910 non
1248 2857 1406 2910 homo
1429 2897 1444 2922 ,
1475 2857 1579 2909 noli
1619 2857 1760 2910 illum
1809 2871 1904 2911 ex-

343 2961 584 3018 Speetare
619 2949 683 3003 de
712 2949 860 3002 locis.
916 2948 1088 3002 Locus
1131 2948 1244 3016 ejus
1275 2956 1326 3001 tu
1356 2948 1482 3013 eris,
1507 2947 1551 3002 si
1577 2949 1597 2978 '
1625 2947 1815 3012 bonus,
1859 2948 1903 3003 si

343 3041 617 3094 confessus
639 3039 960 3093 invocaveris
990 3054 1134 3092 eum.

416 3131 658 3186 lOJlunc
688 3131 935 3194 Immiliat,
973 3140 1016 3184 et
1045 3131 1178 3184 hunc
1208 3131 1411 3184 exultat.
1451 3130 1616 3198 Quem
1645 3130 1903 3196 humiliat,

343 3238 496 3292 quem
525 3223 718 3276 cxaltat
739 3221 898 3290 judex
931 3221 1053 3274 ille?
1090 3221 1356 3276 Attendite
1379 3221 1510 3276 duos
1537 3221 1651 3274 illos
1689 3222 1739 3274 in
1770 3231 1906 3274 tem-

345 3316 454 3381 plo,
471 3323 524 3368 et
540 3312 726 3366 videtis
749 3327 906 3380 quem
928 3311 1181 3371 luuniliat.
1197 3322 1250 3366 et
1270 3327 1424 3382 quem
1444 3313 1906 3366 exaltat.cAscen-

345 3404 534 3457 derttnt
593 3403 642 3456 in
697 3403 891 3472 templo
944 3417 1098 3456 orare
1121 3444 1135 3467 ,
1172 3421 1190 3454 ι
1233 3403 1299 3456 ait
1329 3419 1342 3466 ;
1372 3421 1391 3454 ‹
1427 3417 1560 3457 unus
1585 3402 1902 3463 Pbarisacus.

344 3507 398 3550 et
425 3498 556 3549 alter
588 3494 923 3548 Publicanus.
960 3513 977 3543 ι
1026 3492 1324 3547 Pharismus
1365 3493 1614 3548 dicebat:
1652 3512 1671 3546 ι
1699 3493 1906 3549 Gratias

345 3589 434 3641 tibi
465 3603 582 3656 ago,
627 3588 747 3656 quia
775 3601 878 3640 non
901 3592 1016 3640 sum
1043 3586 1177 3639 sicut
1203 3586 1382 3641 caeteri
1413 3587 1676 3651 homines,
1705 3587 1903 3654 injusti,

345 3689 608 3746 raptores,
654 3677 897 3738 adulteri,
959 3677 1094 3729 sicut
1127 3685 1180 3728 et
1221 3675 1306 3728 hic
1345 3675 1700 3730 Publicanus:
1720 3676 1904 3744 jejuno

345 3769 427 3822 bis
450 3770 500 3820 in
532 3767 784 3830 sabbato;
815 3767 1047 3820 decimas
1072 3765 1139 3818 do
1161 3766 1392 3818 omnium
1420 3781 1538 3835 qua:
1577 3766 1841 3834 possideo.
1881 3784 1900 3818 ι

345 3861 424 3914 Ad
469 3858 728 3912 medicum
757 3856 1086 3920 ascenderat,
1135 3866 1188 3908 et
1237 3856 1470 3909 membra
1496 3871 1620 3910 sana
1660 3856 1909 3911 ostende-

347 3951 430 4004 bat
459 3967 473 4014 ;
502 3950 718 4004 vulnera
741 3949 966 4018 tegebat.
1015 3946 1147 4014 Quid
1191 3963 1318 4016 ergo
1361 3947 1445 4001 ille
1476 3947 1564 4017 qui
1593 3948 1783 4002 melius
1809 3964 1907 4002 no-

345 4052 492 4096 verat
520 4039 658 4094 unde
684 4040 990 4094 sanaretur?
1022 4038 1326 4093 Publicanus
1351 4049 1515 4092 autem
1551 4038 1614 4092 de
1639 4040 1906 4109 longinquo

343 4133 530 4198 stabat,
571 4142 616 4186 et
659 4131 960 4202 percutiebat
1005 4140 1172 4199 pectus
1210 4147 1374 4184 suum.
1427 4129 1628 4184 Videtis
1671 4145 1791 4184 cum
1840 4130 1908 4186 de

345 4226 628 4295 longinquo
642 4233 867 4278 stantem
899 4239 911 4276 :
941 4223 1013 4276 illi
1039 4222 1586 4291 pr0pinquabatquem
1611 4221 1904 4276 invocabat.

352 4337 371 4368 α
401 4320 464 4372 Et
485 4317 807 4387 perentiebat
830 4325 1010 4382 pectus
1031 4330 1205 4377 suum,
1224 4314 1406 4368 dicens
1426 4332 1438 4367 :
1461 4315 1618 4376 Deus,
1654 4314 1909 4383 propitius

345 4419 461 4462 esto
488 4407 611 4460 mihi
643 4406 922 4474 peccatori.
954 4407 1120 4458 Amen
1135 4405 1254 4458 dico
1278 4404 1444 4466 vobis;
1463 4403 1735 4459 descendit
1756 4405 1909 4472 justi--

347 4500 530 4552 flcatns
575 4497 887 4556 Publicanus
919 4497 1025 4560 ille,
1058 4496 1220 4565 magis
1260 4511 1414 4565 quam
1456 4495 1750 4549 Pharisteus
1775 4496 1905 4551 ille:

345 4589 461 4658 quia
475 4588 647 4639 omnis
667 4587 754 4652 qui
777 4586 1061 4649 seexaltat,
1081 4585 1466 4647 lmmiliabitur;
1489 4595 1541 4638 et
1557 4586 1643 4653 qui
1665 4600 1722 4639 se
1739 4585 1912 4639 humi-

347 4683 456 4736 liat.
477 4679 788 4734 exaltabitur
806 4695 824 4728 ι
848 4677 995 4746 (Luc.
1015 4693 1165 4741 xvut,
1189 4676 1684 4744 iO-M).Expositus
1697 4687 1778 4730 est
1793 4693 1910 4731 ver-

347 4788 438 4826 sus
456 4774 636 4842 psalmi
655 4772 828 4839 hujus.
851 4773 984 4826 Deus
1001 4771 1160 4838 judex
1175 4771 1296 4840 quid
1319 4769 1470 4825 facit?
1491 4769 1636 4824 Hunc
1657 4772 1905 4839 Immiliat,

345 4876 390 4917 et
417 4866 547 4917 hunc
575 4866 797 4927 exultat;
827 4864 1062 4918 lmmiliat
1087 4863 1388 4932 superbum,
1416 4862 1609 4915 exaltat
1636 4863 1907 4918 humilem.

419 4955 505 5007 Η,
534 4954 682 5023 lucra.
714 4953 790 5026 9.]
843 4953 974 5019 Quia
995 4953 1129 5006 calix
1155 4953 1206 5005 in
1233 4969 1385 5004 manu
1414 4951 1620 5004 Domini
1658 4953 1756 5004 vini
1785 4954 1908 5006 meri

346 5050 522 5114 plenus
544 5060 614 5102 est
645 5051 817 5102 mixto.
841 5050 1046 5104 Merito.
1080 5049 1140 5101 Et
1169 5050 1422 5102 inclinavit
1443 5066 1506 5103 ea:
1537 5051 1628 5104 hoc
1661 5052 1710 5104 in
1747 5052 1908 5116 hunc;

347 5151 681 5192 verumtamen
713 5144 813 5209 rara:
843 5141 949 5210 ejus
993 5157 1092 5193 non
1133 5149 1202 5192 est
1227 5141 1478 5193 exinanita
1506 5140 1704 5194 :bibent
1741 5159 1908 5197 omnes

350 5241 632 5298 peccatores
677 5240 840 5283 [ενι-ω.
887 5230 1229 5284 Renovamini
1284 5230 1584 5297 paululum;
1626 5232 1904 5287 obscurum

348 5321 546 5390 aliquid
574 5329 656 5375 est
684 5339 696 5374 :
727 5322 840 5386 sed,
869 5322 1133 5391 quomodo
1170 5321 1465 5376 audivimus
1513 5324 1778 5393 Evangelii
1829 5326 1905 5380 le-

347 5413 578 5465 ctionem
605 5413 1044 5476 recentissimam,
1079 5412 1260 5476 Petite.
1289 5423 1335 5465 et
1354 5412 1551 5466 dabitur
1582 5414 1714 5468 vobis
1735 5431 1755 5478 ;
1775 5432 1909 5485 qua:-

352 5504 442 5554 rite
463 5511 507 5555 et
537 5503 792 5555 invenietis
811 5544 825 5565 ,
851 5504 1068 5571 pulsate,
1093 5513 1139 5556 et
1157 5505 1405 5571 aperietur
1423 5505 1556 5557 vobis
1584 5504 1793 5574 (Matth.
1813 5523 1903 5569 vn,

344 5597 421 5656 7;.
456 5593 559 5649 Sed
583 5593 714 5649 dicis
744 5612 754 5646 :
785 5594 901 5661 Quo
936 5595 1105 5664 pulso,
1132 5603 1188 5648 ut
1228 5597 1494 5662 aperiatur
1533 5595 1699 5650 mihi?
1735 5596 1908 5667 Neque

408 5731 420 5759 ¹
451 5728 522 5776 sic
547 5735 617 5776 Er.
643 5737 694 5778 et
717 5727 898 5778 aliquot
919 5734 1022 5777 Mss.
1048 5736 1097 5776 At
1120 5734 1246 5776 ιον..
1274 5728 1321 5775 .σί
1343 5729 1389 5776 in
1411 5728 1519 5778 alio.

405 5792 426 5822 ³
449 5790 692 5850 t‘articula,
719 5791 780 5852 si,
799 5789 886 5840 hoc
910 5791 1014 5839 loco
1031 5803 1058 5839 a
1082 5795 1186 5841 uss.
1205 5789 1448 5854 Plerisque
1469 5794 1622 5843 abest.

1396 365 1784 424 ENARRATIO
1823 363 1887 419 IN
1927 362 2238 419 PSALMUM
2279 363 2505 421 LXXW.

3462 371 3565 427 ἔνῦῶ

2007 479 2068 531 ab
2097 481 2298 546 oriente,
2327 498 2482 552 neque
2517 483 2578 535 ab
2617 483 2886 549 occidente,
2925 499 3082 552 neque
3116 499 3149 536 a
3187 483 3389 540 desertis
3423 501 3564 539 mon-

2006 571 2429 639 tium;.quoniam
2479 571 2614 626 Deus
2653 574 2817 644 judea:
2853 585 2948 629 est.
2994 574 3047 629 Si
3089 589 3320 643 pra‘sens
3365 585 3444 628 est
3480 575 3563 631 hic

2005 671 2160 730 atque
2189 662 2313 725 illic,
2359 672 2410 716 et
2436 664 2627 717 absens
2657 681 2935 734 nusquam,
2975 666 3060 718 ubi
3086 675 3214 729 stas,
3261 666 3328 720 ibi
3372 666 3563 734 pulsa;

2005 752 2075 806 ibi
2104 762 2304 807 tantum
2334 762 2434 810 sta.
2486 755 2605 824 quia
2643 756 2831 810 stando
2860 758 3117 825 pulsatur.
3158 756 3292 823 Quid
3337 771 3462 826 ergo
3483 766 3567 812 est

2005 844 2150 897 hoc?
2191 845 2362 898 Prima
2391 848 2610 914 quarstio
2654 847 2751 901 ista
2784 849 3034 909 occurrit,
3075 845 3193 900 Vini
3240 849 3360 900 meri
3389 847 3566 916 plenus

2005 944 2076 987 est
2107 936 2260 988 mixto
2287 937 2587 1006 :quomodo
2616 939 2756 999 meri.
2795 939 2838 992 si
2866 937 3065 991 mixto?
3099 937 3385 999 Cancrum,
3416 935 3568 990 (Iulia:

2005 1025 2056 1078 in
2083 1042 2230 1078 manu
2253 1025 2478 1092 Domini,
2532 1043 2648 1081 cum
2667 1028 2812 1090 dicit,
2833 1028 3052 1082 eruditis
3077 1028 3126 1080 iu
3153 1027 3384 1082 Ecclesia
3413 1025 3568 1079 Chri-

2006 1117 2070 1168 sti
2106 1118 2308 1186 loquor.
2361 1133 2462 1171 non
2495 1119 2669 1188 utique
2693 1119 2852 1172 veluti
2881 1118 3046 1172 forma
3077 1119 3303 1171 lnnmtna
3334 1118 3560 1171 circum-

2007 1207 2258 1276 scriptum
2285 1209 2447 1262 Deum
2487 1209 2689 1263 debetis
2719 1210 2865 1262 vobis
2914 1210 2962 1261 in
3007 1209 3168 1263 corde
3215 1209 3445 1277 pingere,
3500 1223 3564 1262 ne

2006 1299 2200 1353 clausis
2219 1301 2427 1368 templis
2453 1302 2730 1355 simulacra
2754 1302 2804 1353 in
2837 1301 3081 1355 cordibus
3113 1300 3397 1354 fabricelis.
3417 1300 3565 1354 Calix

2007 1407 2132 1461 ergo
2155 1392 2251 1446 iste
2280 1393 2473 1462 aliquid
2505 1393 2783 1461 signiﬁcat.
2814 1392 3144 1446 Inveniemus
3174 1392 3293 1445 hoc.
3324 1389 3390 1444 In
3413 1407 3563 1442 manu

2007 1491 2180 1535 autem
2202 1481 2427 1547 Domini,
2455 1491 2538 1536 est
2567 1483 2616 1534 in
2649 1491 2904 1550 potestate
2931 1481 3130 1534 Dotniui
3166 1499 3178 1534 :
3209 1495 3394 1534 manus
3420 1479 3561 1533 enim

2008 1574 2099 1627 Dei
2131 1582 2362 1642 potestas
2395 1573 2485 1628 Dei
2510 1572 2874 1627 commendata
2911 1581 3008 1626 est.
3040 1571 3169 1624 Nam
3195 1581 3249 1626 et
3287 1571 3352 1624 de
3394 1567 3566 1622 homi-

2008 1665 2159 1718 nibus
2202 1665 2511 1734 plerumque
2537 1663 2750 1738 dicitur,
2783 1664 2834 1716 In
2881 1679 3039 1716 manu
3077 1663 3176 1717 hoc
3221 1661 3414 1723 habet;
3461 1660 3563 1715 hoc

2007 1765 2108 1819 est,
2149 1756 2199 1809 in
2243 1763 2501 1824 potestate
2542 1754 2716 1817 habet,
2771 1769 2888 1807 eum
2932 1754 3040 1806 vult
3087 1753 3226 1807 facit.
3270 1751 3392 1804 Vini
3443 1751 3566 1804 meri

2008 1848 2184 1918 plenus
2204 1855 2276 1900 est
2305 1847 2476 1900 mixto.
2495 1844 2891 1915 Conscqttenter
2909 1845 3020 1913 ipse
3037 1843 3277 1912 exposuit
3299 1860 3312 1895 :
3338 1842 3567 1895 Inclina-

2009 1941 2094 2005 eit,
2127 1940 2311 2008 inquit,
2343 1955 2404 1992 ea:
2441 1940 2534 1992 lwc
2563 1940 2614 1992 in
2630 1939 2790 2002 hunc;
2821 1947 3153 1991 verumtamen
3172 1938 3274 2007 [ivx
3307 1937 3414 2006 ejus
3465 1951 3566 1988 non

2007 2038 2077 2082 est
2104 2030 2378 2083 exinanita.
2410 2030 2548 2084 Ecce
2576 2029 2713 2083 unde
2743 2029 2906 2082 mixto
2926 2029 3047 2082 vino
3079 2028 3263 2096 plenus
3288 2036 3419 2081 erat.
3448 2025 3564 2080 Non

2007 2138 2134 2192 ergo
2157 2137 2248 2176 vos
2279 2132 2492 2186 terreat,
2523 2122 2643 2192 quia
2672 2131 2724 2174 et
2755 2137 2956 2175 merum
2982 2129 3036 2175 et
3072 2123 3287 2174 mixtum
3319 2137 3331 2172 :
3360 2135 3563 2173 merum

2007 2223 2220 2284 propter
2245 2214 2620 2276 sinceritatem,
2663 2214 2880 2266 mixtum
2927 2221 3140 2280 propter
3177 2212 3379 2265 faecem.
3430 2209 3564 2278 Quid

2005 2321 2130 2375 ergo
2157 2305 2224 2360 ibi
2252 2307 2448 2370 viuum,
2490 2315 2542 2358 et
2580 2305 2700 2373 quid
2738 2304 2873 2356 fam?
2912 2304 2975 2357 Et
3001 2302 3123 2373 quid
3153 2311 3253 2366 est,
3301 2301 3575 2354 Inclinattit

2006 2413 2069 2450 ea:
2101 2397 2194 2450 hoc
2217 2397 2268 2450 in
2286 2397 2435 2458 lnmc,
2461 2398 2530 2449 ita
2559 2405 2616 2449 ut
2642 2395 2737 2448 hex
2765 2394 2878 2463 ejus
2903 2409 3005 2447 non
3034 2404 3176 2448 esset
3204 2392 3512 2447 exinanita?

2082 2488 2168 2542 l2.
2198 2487 2347 2544 Unde
2373 2487 2576 2541 venerit
2611 2486 2676 2540 ad
2723 2486 2839 2549 hoc,
2873 2484 3218 2540 recordamini
3255 2503 3269 2538 :
3297 2483 3447 2536 Hunc
3475 2483 3574 2536 lm-

2007 2580 2274 2644 miliat,.et
2309 2581 2438 2632 hunc
2465 2579 2670 2631 exultat.
2707 2577 2855 2645 Quod
2898 2577 3174 2645 figuratum
3213 2586 3294 2629 est
3330 2575 3482 2630 nobis
3521 2575 3573 2629 in

2007 2673 2291 2741 Evangelio
2316 2687 2412 2740 per
2435 2671 2566 2726 duos
2594 2670 2852 2733 homines,
2883 2669 3200 2723 Pharisanun
3237 2677 3290 2722 et
3332 2667 3574 2722 Publica-

2007 2782 2154 2830 num,
2197 2765 2298 2819 hoc
2336 2763 2491 2820 la’tius
2531 2765 2868 2831 accipientes,
2912 2763 3264 2831 intelligamus
3303 2762 3435 2816 duos
3475 2777 3574 2830 po-
3607 2751 3613 2757 ’

2006 2861 2180 2927 pulos,
2212 2858 2515 2913 Iudaeorum
2585 2866 2638 2910 et
2675 2857 2919 2912 Gentium
2954 2853 3572 2923 :Judzeorumpopttlus,

2007 2950 2306 3005 Pharisteus
2349 2949 2468 3011 ille;
2513 2947 2754 3002 Gentium
2803 2946 3046 3016 pepultts,
3097 2944 3412 2999 Publicanus
3463 2944 3573 2998 ille.

2007 3043 2307 3097 Judmorum
2359 3040 2580 3110 populus
2626 3039 2857 3108 jactahat
2909 3038 3094 3092 merita
3149 3051 3282 3101 sua;
3325 3035 3573 3090 Gentium

2006 3135 2355 3191 confitebatur
2385 3141 2593 3202 peccata
2622 3147 2736 3185 sua.
2768 3131 2864 3198 Qui
2894 3130 3038 3182 novit
3065 3129 3116 3182 in
3137 3129 3351 3182 Litteris
3377 3127 3576 3182 sanctis

2006 3238 2061 3284 et
2089 3227 2352 3296 Epistolas
2374 3225 2710 3294 apostolicas,
2742 3234 2793 3277 et
2817 3225 2981 3276 Actus
3005 3221 3399 3290 Apostolorum,
3433 3219 3576 3274 videt

2007 3321 2075 3376 ibi
2098 3319 2238 3390 quod
2267 3318 2386 3373 dico
2415 3336 2428 3372 :
2477 3333 2542 3370 ne
2593 3318 2800 3385 longum
2833 3314 3018 3370 faciam
3041 3315 3303 3384 quomodo
3335 3314 3574 3383 Apostoli

2007 3410 2422 3468 exhortabantur
2445 3409 2639 3474 Gentes
2665 3425 2729 3460 ne
2750 3407 3113 3475 desperarent,
3137 3407 3344 3476 quodin
3373 3407 3574 3475 magnis

2007 3504 2238 3573 peccatis
2277 3501 2596 3571 jacuissent;
2647 3509 2699 3554 et
2741 3498 3353 3568 reprimebantJudams.
3406 3514 3471 3552 ne
3516 3513 3576 3553 se

2009 3595 2324 3649 extollerent
2348 3593 2494 3662 quasi
2526 3607 2586 3644 es
2611 3589 3071 3658 justilicatiouibus
3097 3589 3270 3655 Legis,
3299 3599 3349 3642 et
3378 3589 3495 3643 ideo
3515 3603 3574 3644 se

2008 3693 2253 3752 putarent
2272 3682 2463 3750 justos,
2491 3680 2725 3734 Gentiles
2755 3687 2930 3732 autem
2959 3687 3262 3747 peccatores
3288 3693 3424 3742 esse,
3452 3679 3572 3747 quia

2009 3773 2206 3828 ludatis
2235 3783 2285 3825 et
2316 3772 2420 3824 Lex
2445 3778 2580 3831 erat,
2611 3779 2664 3823 et
2695 3769 2944 3837 templum
2975 3780 3108 3833 erat,
3141 3781 3194 3823 et
3220 3768 3571 3823 sacerdotium

2009 3874 2123 3920 erat
2156 3864 2331 3933 (Rom.
2381 3877 2457 3924 ut,
2491 3860 2586 3932 tv).
2621 3861 2697 3914 Illi
2726 3869 2898 3913 autem
2927 3876 3110 3928 omnes
3136 3860 3366 3914 cultores
3403 3860 3572 3914 idolo-

2008 3971 2147 4021 rum,
2177 3965 2512 4009 veneratores
2540 3953 2945 4017 daemoniorum,
2978 3952 3130 4022 longe
3155 3952 3364 4021 quidem
3393 3952 3570 4021 positi;

2010 4049 2146 4103 sicut
2187 4047 2498 4101 Publicanus
2538 4045 2624 4099 ille
2661 4045 2726 4098 de
2776 4046 3057 4114 longinquo
3099 4045 3290 4098 stabat.
3323 4044 3469 4100 Sicut
3499 4045 3572 4098 illi

2010 4137 2362 4206 superhiendo
2390 4147 2745 4202 recesserunt,
2782 4136 2858 4190 sic
2907 4136 2989 4190 is1i
3032 4136 3332 4190 centiteudo
3360 4136 3574 4206 prepin-

2011 4238 2319 4302 quaverunt.
2349 4229 2496 4282 Catia:
2525 4243 2652 4298 ergo
2679 4228 2781 4280 riui
2822 4227 2942 4279 meri
2980 4228 3154 4295 plenus
3192 4228 3243 4280 in
3274 4243 3425 4280 manu
3462 4226 3573 4280 Do-

2010 4323 2151 4385 mini,
2182 4329 2430 4391 quantum
2467 4319 2626 4372 donat
2658 4317 2902 4371 Dominus
2943 4325 2999 4370 ut
3038 4316 3340 4385 intelligam-
3365 4317 3574 4385 (potest

2010 4417 2150 4469 enim
2177 4413 2313 4467 alius
2347 4412 2553 4476 melius,
2578 4411 2698 4480 quia
2737 4411 2814 4466 sic
2846 4426 2903 4463 se
2931 4410 3087 4463 habet
3109 4410 3401 4463 obscuritas
3426 4409 3573 4465 Seri-

2011 4519 2281 4578 ptnrarum
2313 4523 2326 4558 :
2359 4505 2570 4559 difficile
2609 4512 2688 4558 est
2731 4512 2788 4556 ttt
2816 4519 2972 4556 unum
3001 4501 3202 4570 pariant
3228 4501 3573 4557 intellectum.

2011 4598 2337 4666 Quicumque
2367 4606 2540 4649 tamen
2584 4593 2879 4648 intellectus
2904 4593 3110 4655 exierit,
3140 4605 3272 4659 opus
3299 4601 3381 4645 est
3409 4601 3464 4644 ut
3491 4607 3576 4645 re-

2010 4691 2144 4760 gula:
2176 4690 2294 4744 fidei
2323 4698 2578 4757 congruat
2619 4706 2632 4739 :
2673 4701 2770 4740 nec
2804 4683 3087 4753 majoribus
3129 4683 3442 4746 invidemus,
3477 4699 3575 4739 nec

2012 4783 2212 4850 parvuli
2239 4783 2581 4848 deSperamus
2603 4779 2641 4828 ¹.
2672 4775 2806 4843 Quid
2846 4775 2999 4828 nobis
3028 4773 3267 4828 videatur
3294 4773 3412 4828 dico
3435 4775 3575 4828 Gha-

2011 4873 2153 4929 ritati
2187 4872 2404 4935 Vestra),
2433 4885 2536 4923 non
2563 4877 2618 4922 ut
2642 4867 2910 4921 ohstrnam
2931 4881 3082 4920 aures
3105 4875 3305 4919 vestras
3323 4865 3573 4919 adversus

2011 4967 2146 5020 alios
2171 4965 2356 5018 melius
2381 4961 2572 5032 aliquid
2592 4960 2724 5014 forte
2749 4957 3023 5029 dicturos).
3046 4957 3192 5013 Catia:
3217 4960 3315 5012 viui
3329 4961 3449 5012 meri
3469 4959 3574 5030 pte-

2012 5075 2104 5110 nus
2134 5058 2288 5110 mixto
2316 5054 2521 5108 videtur
2549 5051 2675 5105 mihi
2704 5065 2823 5105 esse
2845 5051 2948 5104 Lex
2966 5065 3082 5119 quae
3107 5050 3222 5102 data
3248 5062 3329 5104 ρει
3353 5050 3570 5108 Iudaeis.

2013 5160 2063 5204 et
2093 5147 2265 5202 omnis
2303 5146 2386 5200 illa
2417 5143 2685 5211 Scriptura
2717 5141 2920 5196 Veteris
2970 5139 3108 5208 quod
3151 5140 3340 5193 dicitur
3385 5139 3568 5193 Testao

2013 5241 2197 5301 menti,
2226 5237 2296 5290 ibi
2319 5246 2442 5290 sunt
2472 5233 2702 5302 pondera
2747 5232 2978 5286 omnium
3018 5233 3415 5285 sententiarum.
3438 5229 3572 5283 Nam

2012 5331 2084 5386 ibi
2108 5330 2310 5384 Nevum
2339 5327 2730 5382 Testamentum
2759 5323 3122 5378 absconditum
3153 5323 3296 5384 latet,
3323 5329 3568 5388 tanquam

2015 5423 2066 5476 in
2119 5420 2248 5475 fame
2299 5419 2651 5488 corporalium
2707 5423 3174 5470 sacramentorum.
3230 5410 3573 5467 Circumcisio

2013 5514 2187 5568 carnis
2217 5511 2390 5580 magni
2417 5510 2727 5564 sacramenti
2761 5521 2847 5562 res
2890 5517 2989 5569 est,
3018 5517 3072 5559 et
3117 5501 3420 5571 intelligitur
3446 5499 3569 5554 inde

2013 5606 2342 5660 circumcisio
2366 5603 2559 5658 cordis.
2599 5601 2872 5670 Templum
2912 5599 3034 5652 illud
3077 5597 3367 5650 Jerusalem
3396 5584 3573 5662 magni

2015 5699 2326 5754 sacramenti
2357 5706 2438 5750 est
2458 5710 2571 5758 res,
2608 5703 2661 5747 et
2699 5692 3002 5760 intelligitur
3029 5703 3091 5741 ex
3130 5701 3192 5739 eo
3241 5697 3434 5754 corpus
3469 5683 3571 5740 Do-

2081 5792 2095 5822 ί
2118 5789 2187 5839 sic
2209 5795 2311 5838 Mss.
2338 5794 2392 5836 At
2416 5784 2548 5848 Μαι,
2567 5796 2651 5834 nec
2676 5783 2736 5840 dc
2755 5778 2964 5845 parvulis
2987 5777 3310 5840 desperatam.
