4020 6198
486 361 589 419 955

490 477 635 532 mini.
678 472 841 528 'l‘erra
884 463 1248 540 promissionis
1287 458 1593 529 intelligitur
1635 469 1854 524 regnum
1881 450 2046 508 «mlo—

494 584 629 623 rum.
678 559 1002 620 Sacriﬁcium
1049 557 1375 613 victimarum
1415 561 1469 607 et
1516 562 1765 620 pecorum
1806 558 2050 614 magnum

494 660 649 715 habet
672 661 1092 713 sacramentum;
1134 649 1228 703 sed
1274 646 1327 699 in
1369 643 1615 699 omnibus
1651 640 1753 694 illis
1773 636 2052 707 generibus

492 749 866 808 sacriﬁciorum
912 741 1217 811 intelligitur
1258 752 1419 793 unum
1467 732 1596 811 illud
1644 728 1956 785 sacriﬁcium
1998 735 2054 781 et

492 845 645 907 upica
668 841 876 895 victima
899 838 948 891 in
975 849 1131 890 cruce
1172 831 1425 886 Dominus
1448 829 1465 860 ¹
1494 844 1508 880 :
1540 840 1634 897 pro
1660 823 1851 895 quibus
1877 819 2050 874 onnii-

493 937 588 989 bus
615 930 884 987 sacriﬁciis
914 943 1073 983 unum
1114 938 1210 980 nos
1254 922 1527 984 habemus,
1568 917 1687 987 quia
1725 924 1778 969 et
1806 913 1893 968 illa
1926 912 2054 981 lign-

493 1028 680 1082 rabant
717 1026 847 1087 hinc,
890 1022 941 1077 id
989 1028 1090 1082 est.
1144 1018 1246 1072 illis
1281 1015 1396 1069 haec
1433 1011 1806 1080 ligurabanlur.
1837 1005 2057 1078 Accepit

494 1122 718 1192 populus
745 1120 831 1173 ille
869 1118 1099 1187 Legem;
1128 1112 1330 1181 accepit
1356 1107 1599 1163 mandata
1633 1104 1772 1173 justa
1812 1109 1866 1155 et
1893 1100 2053 1192 bona.

495 1190 630 1279 Quid
658 1221 762 1267 tam
781 1210 978 1280 justum
1015 1220 1192 1277 quam,
1235 1202 1357 1257 Non
1385 1198 1596 1263 occides,
1634 1194 1755 1249 Non
1782 1190 2057 1247 ntmcbabe-

497 1305 585 1367 ris,
616 1301 734 1356 Non
763 1300 1026 1372 furaberis,
1060 1296 1179 1350 Non
1204 1295 1388 1363 falsum
1408 1288 1738 1347 testimonium
1758 1285 1911 1339 dices.
1948 1281 2058 1336 Ho-

498 1411 622 1448 nora
651 1401 841 1462 patrem
863 1400 908 1444 et
936 1396 1162 1453 matrem,
1195 1384 1317 1439 Non
1353 1382 1670 1452 concupisces
1703 1394 1807 1432 rem
1843 1372 2059 1447 proximi

501 1487 590 1542 tui.
626 1484 745 1538 Non
768 1482 1083 1551 concupisces
1114 1494 1321 1534 uxorem
1354 1476 1569 1548 proximi
1592 1474 1683 1539 tui,
1710 1471 1879 1527 Unum
1904 1468 2060 1522 Deum

501 1577 752 1640 adorabis,
780 1585 825 1629 ct
852 1575 950 1645 ipsi
975 1574 1072 1628 soli
1106 1572 1284 1627 seruies
1315 1568 1505 1639 (Exod.
1533 1582 1627 1631 xx,
1654 1566 1806 1624 7-17.
1837 1572 1881 1615 et
1907 1561 2057 1615 Deut.

501 1685 554 1734 v,
587 1667 779 1738 6-2l)?
818 1665 1004 1721 Omnia
1052 1664 1148 1718 ista
1187 1661 1251 1716 ad
1294 1661 1472 1715 vinum
1503 1658 1783 1728 pertinent.
1808 1653 1898 1706 Illa
1935 1665 2062 1705 vero

502 1758 730 1813 carnalia
760 1757 908 1827 quasi
933 1756 1260 1820 resederunt,
1293 1763 1353 1808 ut
1392 1757 1725 1807 remanerent
1750 1746 1889 1819 apud
1918 1744 2059 1808 illos,

503 1861 558 1906 et
599 1849 961 1907 elfunderetur
1006 1847 1128 1903 inde
1172 1847 1345 1904 omnis
1402 1843 1688 1914 spiritualis
1740 1840 2061 1895 intellectus.

504 1943 652 1999 Calix
676 1956 804 1998 vero
830 1942 881 1995 in
901 1956 1055 1994 manu
1086 1938 1302 2004 Domini,
1324 1937 1375 1992 id
1401 1945 1484 1991 est
1509 1936 1561 1990 in
1591 1939 1850 2004 potestate
1887 1928 2064 1985 Domi-

507 2037 592 2100 ni;
621 2035 722 2088 uini
755 2034 897 2099 meri,
929 2033 981 2088 id
1004 2041 1086 2087 est
1112 2030 1266 2100 Legis
1292 2030 1545 2092 sincerae;
1572 2027 1747 2097 plenus
1786 2033 1857 2078 est
1888 2023 2063 2084 mixto,

509 2124 560 2178 id
589 2133 670 2179 est
687 2139 807 2177 cum
834 2122 961 2177 faece
985 2120 1338 2190 corporalium
1364 2124 1831 2172 sacramentorum.
1855 2112 1923 2167 Et
1943 2112 2066 2181 quia

509 2220 639 2268 hunc
683 2203 933 2279 Itumiliat,
976 2211 1258 2281 superbum
1298 2207 1558 2269 Jndmum,
1597 2214 1646 2260 et
1693 2205 1826 2257 nunc
1859 2202 2065 2265 exciuit,

508 2307 846 2362 conﬁtentem
873 2304 1154 2369 Geutilem,
1184 2300 1439 2355 inclinavit
1462 2315 1526 2354 ea:
1546 2302 1640 2352 hoc
1667 2297 1719 2350 in
1742 2295 1893 2361 hunc,
1918 2293 1968 2349 id
1989 2301 2072 2348 est
2110 2352 2115 2359 ι

510 2397 783 2452 a‘Judaico
809 2398 999 2465 populo
1019 2395 1072 2448 in
1098 2392 1356 2449 Gentilem
1386 2389 1655 2461 populum.
1686 2385 1822 2452 Quid
1854 2385 2073 2438 inclina-

513 2489 623 2542 vit?
642 2488 833 2558 Legem
859 2503 872 2540 :
899 2486 1157 2555 eliquatus
1181 2491 1261 2539 est
1274 2481 1408 2558 inde
1424 2478 1710 2551 spiritualis
1737 2475 2070 2540 intellectus;

520 2579 866 2634 Verumtamen
888 2577 992 2647 [tes
1010 2576 1118 2647 ejus
1141 2591 1239 2629 non
1265 2554 1335 2628 cst
1351 2571 1623 2633 exinanita,
1647 2568 1767 2639 quia
1786 2566 1959 2621 omnia
1989 2580 2076 2619 sa-

512 2679 779 2726 cramenta
807 2668 1036 2737 carnalia
1061 2666 1200 2738 apud
1232 2664 1443 2720 Judaeos
1471 2667 1856 2717 remanserunt.
1896 2656 2076 2711 Bibent

513 2777 682 2816 omnes
702 2770 980 2832 peccatores
1004 2768 1166 2813 terra.
1196 2756 1294 2825 Qui
1327 2753 1545 2811 bibent?
1577 2751 1762 2806 Omnes
1795 2756 2076 2819 peccatores

513 2865 674 2910 terra.
696 2852 797 2922 Qui
821 2862 1128 2924 peccatores
1149 2859 1303 2905 terra:
1318 2847 1523 2904 lludazi
1550 2854 1699 2901 erant
1719 2841 1931 2914 quidem
1953 2853 2078 2910 pce-

514 2957 743 3014 catores,
774 2945 867 3001 sed
891 2943 1140 3015 superbi;
1165 2942 1403 2999 Gentiles
1437 2950 1614 2995 autem
1653 2947 1803 2993 erant
1830 2943 2076 3006 peceato-

514 3054 622 3104 res,
653 3036 748 3092 sed
783 3037 1011 3093 humiles
1039 3051 1053 3090 :
1085 3035 1268 3089 Omnes
1308 3043 1586 3104 peccatores
1614 3031 1812 3093 bibent;
1839 3027 1931 3082 sed
1959 3025 2079 3080 vide

515 3131 603 3200 qui
639 3128 843 3194 faecem,
884 3127 974 3197 qui
1015 3127 1215 3180 vinum.
1258 3124 1461 3179 Etenim
1501 3123 1575 3177 illi
1617 3120 1845 3176 bibendo
1874 3118 2076 3179 faecem,

517 3225 877 3281 evanuerunt;
908 3216 994 3271 isti
1020 3214 1247 3271 bibendo
1274 3214 1474 3276 viuum,
1501 3210 1770 3282 iustiﬁcati
1796 3217 1919 3262 sunt
1946 3223 2079 3263 :au-

516 3310 670 3364 deam
696 3308 872 3363 dicere
898 3315 953 3362 et
981 3305 1284 3369 inebriatos,
1314 3313 1369 3359 et
1394 3318 1498 3358 non
1531 3301 1755 3366 timebo;
1785 3306 1943 3366 atque
1980 3296 2083 3351 uti-

519 3414 640 3453 nam
693 3412 880 3453 omnes
918 3398 999 3454 sic
1042 3393 1406 3452 inebrieminil
1458 3388 1827 3447 Recordamini
1873 3403 1888 3441 :
1933 3384 2082 3440 Catia:

517 3502 632 3546 tuus
658 3491 910 3546 inebrians
949 3500 1098 3560 Quam
1134 3486 1406 3560 prteclarus
1427 3483 1592 3556 (Psal.
1631 3497 1766 3546 χχιι,
1807 3477 1900 3548 5)!
1945 3476 2080 3545 Quid

517 3584 697 3638 enim?
718 3582 932 3651 putatis,
961 3581 1150 3635 fratres
1170 3578 1297 3645 mei,
1320 3590 1507 3632 omnes
1530 3575 1648 3630 illos
1667 3573 1756 3643 qui
1782 3568 2082 3625 conﬁtendo

518 3676 784 3729 Christum
851 3674 1009 3729 etiam
1074 3671 1207 3726 mori
1248 3669 1566 3733 voluerunt,
1624 3664 1832 3720 sobrios
1883 3659 2081 3716 fuisse?

522 3766 697 3836 Usque
738 3766 871 3820 adeo
917 3763 1045 3819 ebrii
1084 3770 1262 3825 erant,
1311 3770 1368 3815 ut
1408 3773 1535 3814 suos
1577 3772 1682 3811 non
1713 3761 2078 3826 agnoscerent.
2134 3755 2141 3761 '

518 3832 715 3915 Olli-lies
757 3857 1033 3929 propinqui
1061 3856 1164 3923 sui,
1196 3855 1283 3925 qui
1317 3867 1411 3909 eos
1452 3867 1483 3906 a
1512 3866 1605 3921 spe
1626 3847 1919 3905 cmlestium
1947 3832 2128 3914 prie-3

522 3951 745 4004 miorum
789 3948 1009 4001 terrenis
1046 3942 1419 4002 blandimentis
1460 3949 1698 3997 avertere
1740 3936 1904 3995 moliti
1935 3943 2076 3999 sunt,
2108 3936 2127 4003 ξι

520 4055 625 4093 non
649 4048 774 4093 sunt
796 4039 978 4108 agniti,
1007 4052 1112 4093 non
1141 4044 1264 4092 sunt
1288 4034 1450 4089 auditi
1477 4032 1547 4088 ab
1584 4031 1765 4087 ebriis.
1793 4028 1907 4083 Non
1931 4032 2083 4101 erant

520 4133 673 4196 ebrii,
701 4130 888 4200 quibus
921 4138 1173 4183 mutatum
1196 4142 1287 4183 cor
1305 4127 1454 4182 erat?
1473 4124 1589 4180 Non
1608 4129 1761 4178 erant
1779 4119 1930 4184 ebrii,
1952 4131 2083 4188 quo-

522 4240 635 4279 mm
664 4239 812 4278 mens
834 4222 1058 4277 alienata
1078 4229 1192 4276 erat
1209 4220 1274 4273 ah
1292 4219 1394 4274 hoc
1414 4216 1643 4273 steculo?
1671 4214 1863 4279 Bibent,
1894 4212 2078 4282 inquit,

522 4333 692 4371 omnes
720 4324 998 4386 peccatores
1037 4324 1198 4367 terra.
1228 4311 1332 4367 Sed
1374 4310 1461 4379 qui
1488 4309 1671 4363 bibent
1696 4305 1911 4360 vinum?
1949 4304 2079 4358 Pee-

521 4418 728 4463 catores
753 4406 952 4468 bibent,
995 4403 1089 4459 sed
1126 4418 1194 4458 ne
1219 4408 1527 4456 remaneant
1553 4406 1885 4469 peccatores;
1913 4404 1970 4450 ut
1992 4394 2081 4465 ju-
2128 4405 2137 4467 ᾗ

2096 4477 2121 4507 3‘.

510 4499 828 4561 stiﬁceulur,
865 4511 969 4550 non
1000 4504 1056 4548 ut
1082 4493 1384 4564 puniantur.

590 4592 676 4646 l3.
709 4589 857 4662 iners.
882 4586 996 4660 40.]
1025 4586 1133 4658 Ego
1158 4595 1322 4639 autem
1352 4599 1513 4640 :nam
1534 4588 1719 4638 omnes
1739 4582 1956 4647 bibunt;
1986 4580 2082 4635 sed

519 4696 756 4736 seorsum
782 4697 890 4747 ego,
917 4680 967 4733 id
997 4686 1080 4733 est
1103 4677 1344 4733 Christus
1374 4690 1492 4731 cum
1519 4690 1741 4745 corpore
1760 4689 1887 4737 suo;
1913 4676 1965 4728 in
1980 4688 2084 4728 ste-

517 4771 686 4824 culum
714 4770 972 4841 gaudebo;
1001 4767 1214 4840 psallam
1246 4767 1349 4821 Deo
1383 4766 1544 4820 Iacob
1571 4782 1590 4820 :
1617 4765 1964 4837 promissione
1992 4765 2080 4819 illa
2123 4816 2129 4823 .

518 4859 693 4914 futura
723 4862 773 4915 in
801 4863 924 4928 ﬁne,
954 4861 1022 4916 de
1048 4876 1149 4931 qua
1179 4859 1392 4925 dicitur,
1421 4856 1505 4912 Ne
1522 4872 1834 4927 corrumpas.
1860 4856 1969 4927 Ego
1987 4871 2083 4909 au-

519 4964 615 5007 tem
637 4952 687 5005 in
709 4954 945 5007 steculum
970 4953 1215 5023 gaudebo.

590 5046 677 5100 M.
701 5044 847 5117 [vers.
874 5048 899 5099 1
914 5047 930 5098 l
945 5044 984 5118 .]
1010 5044 1078 5099 Et
1119 5045 1287 5099 omnia
1306 5058 1501 5098 cornua
1524 5051 1839 5111 peccatorum
1859 5040 2083 5108 confrin-

520 5150 672 5209 gant;
701 5145 747 5189 et
769 5137 1120 5190 excitabuntur
1141 5152 1332 5190 cornua
1346 5135 1497 5206 justi.
1520 5132 1632 5188 Hoc
1663 5139 1766 5195 est,
1800 5130 1951 5185 Hunc
1982 5131 2081 5184 Itu-

520 5230 700 5293 miliat,
728 5237 772 5282 et
800 5227 932 5280 hunc
957 5228 1162 5282 exultat.
1188 5227 1381 5283 Nolunt
1403 5226 1502 5283 sibi
1522 5226 1685 5295 frangi
1708 5227 1728 5256 ⁸
1744 5238 1938 5280 cornua
1962 5237 2082 5292 pec-

523 5332 750 5383 catores,
776 5331 894 5387 qua:
918 5316 1032 5371 sine
1054 5317 1212 5372 dubio
1233 5317 1538 5388 frangentur
1558 5316 1610 5371 in
1640 5315 1762 5369 ﬁne.
1786 5313 1896 5369 Non
1924 5313 2001 5366 vis
2026 5319 2083 5368 ut

524 5412 610 5467 ille
641 5423 764 5467 tunc
790 5406 1105 5478 frangat‘itu
1134 5407 1289 5461 hodie
1316 5407 1515 5477 frange.
1557 5407 1760 5462 Audisti
1807 5406 1948 5461 enim
1988 5418 2081 5458 su-

522 5519 647 5573 pra;
691 5501 802 5559 noli
846 5510 1231 5557 contemnere:
1278 5497 1400 5552 Dixi
1434 5498 1648 5568 iniquis,
1696 5497 1869 5552 Nolite
1917 5496 2082 5567 inique

514 5609 669 5665 agere
683 5610 703 5658 ;
718 5605 763 5648 et
783 5589 1196 5662 delinquentibus,
1221 5586 1394 5642 Nolite
1416 5590 1636 5643 exaltare
1658 5604 1833 5641 cornu.
1861 5586 2082 5654 Quando

582 5731 599 5761 ι
625 5727 758 5787 κω..
782 5727 982 5779 Domini.
1002 5734 1057 5777 At
1081 5725 1241 5787 probae
1259 5732 1385 5776 notae
1409 5732 1535 5784 Mss,
1565 5732 1803 5776 Dominus.

585 5792 606 5823 ³
626 5793 804 5841 Catina.
830 5797 935 5851 115.,
957 5791 1197 5852 limere.

1703 337 1761 395 s.
1801 293 2165 387 Ancusruu
2202 327 2494 385 EPleIOPI

3612 328 3719 384 956

2154 443 2365 507 audisti,
2397 444 2566 501 Nolite
2606 447 2827 500 exaltare
2862 462 3038 508 cornu,
3072 442 3470 514 contempsisti,
3498 451 3555 499 et
3576 445 3727 499 exal-

2157 536 2277 590 tasti
2296 551 2489 601 cornu;
2517 539 2697 591 venies
2723 538 2789 590 ad
2821 538 3000 598 linem,
3039 538 3126 591 ubi
3168 538 3276 602 lict,
3320 535 3503 590 Omnia
3532 551 3728 588 cornua

2157 640 2470 697 peccatorum
2509 630 2842 701 confringam,
2882 641 2929 684 et
2968 631 3315 685 rxaltabuntur
3356 644 3545 682 cornua
3579 628 3720 696 iusti.

2156 719 2364 775 Cornua
2392 729 2748 789 peccatorum,
2787 721 3068 788 dignitates
3099 721 3488 791 superborum;
3522 733 3724 772 cornua

2153 809 2307 880 justi,
2338 826 2553 865 munera
2580 808 2772 865 Christi
2804 829 2817 864 :
2850 826 2944 880 per
2970 825 3166 865 cornua
3195 811 3335 865 enim
3374 810 3729 865 sublimitates

2158 901 2537 971 intelliguntur.
2566 900 2754 956 Oderis
2782 903 2835 957 in
2866 911 3004 956 terra
3038 901 3409 956 sublimitatem
3437 909 3726 962 terrenam.

2161 1004 2217 1051 ut
2245 998 2415 1065 possis
2458 996 2655 1053 habere
2696 998 2987 1054 caelestem.
3024 1000 3181 1052 Amas
3211 1010 3512 1061 terrenam;
3546 1013 3652 1050 non
3680 1006 3731 1050 te

2160 1087 2388 1141 admittit
2410 1088 2475 1140 ad
2514 1090 2784 1143 caelestem
2828 1107 2842 1144 :
2873 1098 2927 1143 et
2952 1088 3017 1142 ad
3046 1087 3409 1143 confusionem
3443 1088 3732 1156 pertinebit

2160 1176 2300 1246 quod
2338 1176 2592 1247 frangitur
2618 1178 2710 1232 tibi
2749 1193 2944 1242 cornu;
2976 1180 3242 1249 quomodo
3265 1180 3328 1233 ad
3353 1179 3574 1250 gloriam
3607 1194 3731 1247 per-

2165 1266 2367 1334 tinebit,
2397 1268 2440 1321 si
2462 1268 2720 1323 exaltatur
2751 1268 2842 1324 tibi
2866 1284 3051 1324 cornu.
3078 1268 3230 1323 Modo
3258 1284 3384 1339 ergo
3409 1277 3491 1323 est
3521 1280 3733 1338 tempus

2163 1358 2387 1428 eligendi
2411 1378 2426 1423 ;
2459 1370 2580 1415 tunc
2609 1376 2713 1415 non
2739 1360 2859 1416 erit.
2884 1360 3000 1415 Non
3025 1375 3084 1416 es
3109 1360 3360 1425 dicturus,
3406 1360 3655 1414 Dimittar
3679 1369 3732 1414 et

2163 1452 2354 1522 eligam
2392 1470 2406 1507 :
2440 1445 2836 1521 praecesserunt
2876 1451 3019 1506 enim
3047 1466 3222 1514 voces,
3272 1450 3388 1505 Dixi
3424 1451 3630 1521 iniquis.
3676 1450 3733 1505 Si

2165 1558 2270 1597 non
2299 1542 2427 1606 dixi,
2474 1558 2598 1613 para
2628 1543 3041 1602 excusationem,
3081 1558 3209 1613 para
3249 1541 3612 1597 defensionem
3642 1560 3657 1595 :
3690 1542 3735 1596 si

2166 1643 2341 1688 autem
2374 1633 2517 1700 dixi,
2547 1649 2856 1704 prazoecupa
2884 1634 3290 1696 confessionem,
3333 1650 3399 1686 ne
3438 1632 3621 1687 venias
3668 1632 3736 1687 ad

2166 1725 2591 1790 damnationem;
2628 1726 2751 1795 quia
2791 1732 2914 1780 tunc
2953 1722 3215 1780 confessio
3253 1738 3373 1779 sera
3396 1723 3519 1787 erit,
3559 1731 3613 1777 et
3641 1725 3738 1777 de-

2170 1814 2338 1871 fensio
2362 1816 2506 1871 nulla
2529 1816 2652 1871 erit.

2563 2026 2645 2090 IN
2687 2027 3062 2090 PSALMUM
3105 2025 3339 2088 LXXV

2732 2146 3143 2203 ENARRATIO.

2684 2277 2854 2318 εειιιιο
2883 2278 2950 2317 Δί)
2975 2277 3199 2317 Ριειιειι.

2246 2385 2298 2440 1.
2329 2382 2476 2453 luere.
2499 2377 2579 2452 2.]
2604 2377 2787 2434 Solent
2812 2375 3006 2431 inimici
3037 2373 3237 2428 Domini
3256 2371 3381 2427 Jesu
3411 2370 3607 2426 Christi
3633 2385 3746 2423 om-

2178 2475 2331 2529 nibus
2360 2472 2467 2527 noti
2496 2470 2662 2525 Judaei
2693 2467 2903 2538 gloriari
2942 2467 2992 2519 in
3020 2466 3120 2541 isto
3143 2463 3345 2533 psalmo
3367 2478 3525 2533 quem
3563 2471 3746 2515 canui-

2177 2552 2366 2627 vimus,
2395 2561 2646 2623 dicentes,
2677 2556 2844 2612 Notus
2883 2556 2937 2609 in
2963 2555 3146 2609 Juda'a
3173 2553 3345 2621 Deus;
3371 2554 3421 2605 in
3448 2551 3617 2605 Israel
3636 2568 3747 2603 ma-

2179 2671 2331 2727 gnum
2366 2669 2547 2708 nomen
2582 2652 2728 2723 ejus,
2768 2660 2819 2705 et
2860 2649 3110 2704 insultare
3137 2647 3393 2702 Gentibus
3421 2645 3616 2714 quibus
3644 2661 3749 2705 non

2180 2758 2263 2805 est
2286 2758 2443 2803 notus
2484 2746 2644 2809 Deus,
2694 2754 2749 2800 et
2784 2743 2959 2798 dicere
2983 2742 3103 2812 quia
3152 2739 3250 2794 sibi
3294 2738 3424 2793 solis
3475 2747 3631 2791 notus
3670 2747 3751 2791 est

2183 2841 2350 2906 Deus;
2383 2838 2592 2910 quando
2628 2835 2890 2907 Propheta
2919 2835 3064 2897 dicit.
3095 2833 3259 2887 Notus
3286 2832 3339 2885 in
3365 2830 3548 2885 ludam
3572 2829 3751 2884 Deus:

2181 2933 2305 2987 alibi
2331 2946 2457 3001 ergo
2485 2930 2707 3000 ignotus.
2739 2928 2905 2982 Notus
2932 2936 3014 2980 est
3054 2933 3229 2979 autem
3277 2937 3457 2979 revera
3486 2921 3536 2976 in
3559 2921 3753 2976 Jutla-a

2185 3025 2344 3089 Deus,
2368 3025 2411 3077 si
2436 3022 2725 3091 intelligant
2749 3019 2872 3090 quid
2905 3019 2972 3073 sit
2994 3017 3195 3072 .ludaia.
3224 3015 3357 3070 Nam
3381 3029 3501 3069 vere
3526 3029 3637 3066 non
3667 3025 3755 3068 est

2182 3126 2340 3172 notus
2366 3116 2503 3172 Deus
2532 3113 2629 3168 nisi
2650 3113 2713 3183 in
2754 3110 2956 3167 Judaea.
2989 3109 3129 3165 Ecce
3154 3117 3209 3165 et
3249 3121 3348 3162 nos
3373 3107 3474 3161 hoc
3500 3106 3751 3169 dicimus,

2182 3208 2304 3277 quia
2332 3207 2427 3260 nisi
2455 3205 2677 3276 quisque
2711 3203 2866 3258 fuerit
2894 3203 2947 3256 in
2985 3201 3186 3265 Judara,
3212 3207 3370 3255 notus
3391 3198 3441 3253 ei
3472 3198 3612 3252 Deus
3636 3211 3754 3251 esse

2185 3315 2289 3355 non
2320 3306 2511 3368 potest.
2542 3295 2647 3352 Sed
2671 3294 2795 3366 quid
2824 3294 2951 3349 dicit
2984 3290 3306 3361 Apostolus?
3341 3288 3441 3356 Qui
3468 3290 3523 3343 in
3560 3289 3754 3341 occulto

2182 3391 2396 3446 Judwus
2423 3398 2526 3454 est;
2564 3387 2651 3458 qui
2690 3384 3063 3439 circumcisione
3090 3381 3276 3447 cordis,
3317 3397 3418 3435 non
3454 3380 3639 3444 littera,
3667 3377 3755 3430 sed

2184 3483 2362 3551 spiritu
2386 3479 2558 3550 (Rom.
2593 3493 2649 3542 ll,
2679 3476 2772 3546 9.9)
2799 3493 2813 3530 :
2840 3484 2965 3530 sunt
3003 3488 3130 3545 ergo
3167 3471 3336 3528 ειυὐωί
3385 3471 3438 3524 in
3472 3470 3757 3524 circumci—

2185 3574 2332 3628 sione
2355 3570 2549 3635 carnis,
2575 3578 2629 3624 et
2656 3578 2777 3623 sunt
2812 3565 2981 3621 Judazi
3026 3565 3085 3618 in‘
3108 3561 3513 3619 circumcisione
3551 3559 3754 3613 cordis.

2187 3666 2370 3720 l‘atres
2395 3663 2558 3718 nostri
2593 3661 2741 3716 multi
2768 3660 2959 3722 sancti,
2996 3668 3049 3712 et
3089 3655 3546 3712 circumcisionem
3576 3652 3756 3706 carnis

2185 3758 2449 3814 habebant
2475 3764 2692 3828 propter
2709 3753 3030 3824 signaculum
3054 3750 3193 3816 ﬁdei,
3217 3758 3269 3804 et
3294 3746 3752 3803 circumcisionem

2185 3851 2360 3908 cordis
2382 3858 2598 3921 prepter
2618 3848 2783 3917 ipsam
2811 3844 2989 3900 ﬁdem.
3021 3844 3103 3896 Ab
3142 3840 3222 3895 his
3257 3839 3493 3910 patribus
3520 3838 3754 3907 degene-

2185 3950 2363 3997 rantes
2387 3940 2471 3995 isti
2496 3939 2583 4009 qui
2605 3936 2762 3991 modo
2786 3936 2837 3991 in
2861 3933 3072 3989 nomine
3095 3931 3385 4002 gloriantur
3399 3938 3455 3984 et
3474 3926 3613 3983 facta
3636 3943 3759 3996 per-

2185 4034 2463 4097 diderunt;
2490 4032 2558 4087 ab
2588 4030 2669 4085 his
2702 4043 2831 4100 ergo
2856 4027 3091 4098 patribus
3115 4025 3515 4095 degenerantes,
3539 4036 3759 4076 reman-

2185 4135 2369 4181 serunt
2396 4124 2449 4178 in
2473 4137 2631 4178 carne
2658 4120 2847 4186 Judzei,
2876 4120 2927 4173 in
2952 4117 3113 4174 corde
3138 4115 3351 4187 Pagani.
3377 4115 3476 4185 Ipsi
3503 4115 3646 4168 enim
3666 4113 3761 4169 Ju-

2185 4217 2309 4284 daei,
2340 4217 2427 4287 qui
2456 4225 2666 4271 suntex
2705 4211 2991 4277 Abraham,
3022 4226 3051 4264 a
3080 4225 3186 4281 quo
3218 4209 3359 4263 Isaae
3388 4218 3542 4261 natus
3571 4217 3677 4271 est,
3705 4214 3761 4260 et

2185 4324 2252 4366 ex
2279 4309 2368 4364 illo
2393 4307 2574 4370 Jacob,
2598 4310 2735 4362 et‘ex
2753 4304 2917 4361 Jaeob
2947 4303 3223 4359 duodecim
3250 4299 3592 4361 Patriarcbm,
3618 4308 3671 4353 et
3690 4313 3761 4353 ex

2184 4400 2461 4456 duodecim
2500 4397 2819 4453 Patriarcbis
2860 4395 3085 4466 populus
3124 4394 3403 4448 universus
3426 4390 3759 4445 Judasorum.

2187 4494 2292 4548 Sed
2322 4492 2479 4548 Iudici
2506 4501 2785 4562 propterea
2814 4488 3041 4543 maxime
3066 4484 3310 4555 appellati
3348 4491 3493 4547 sunt,
3522 4482 3642 4551 quia
3666 4481 3764 4537 Ju-

2134 4631 2139 4635 _
2186 4585 2283 4641 das
2308 4598 2442 4638 unus
2467 4591 2580 4637 erat
2603 4581 2671 4636 de
2698 4578 2819 4634 ﬁliis
2844 4577 3123 4633 duodecim
3143 4575 3325 4640 Jacob,
3353 4572 3656 4644 patriarcha
3678 4573 3763 4627 in-

2139 4738 2156 4755 .
2185 4685 2268 4732 ter
2294 4675 2591 4740 duodecim,
2618 4682 2672 4729 et
2698 4672 2764 4728 de
2786 4672 2949 4741 stirpe
2972 4670 3086 4739 ejus
3123 4684 3342 4739 regnum
3381 4667 3631 4721 veniebat
3664 4666 3762 4720 Ju-

2185 4768 2334 4823 drcis.
2379 4767 2505 4821 Nam
2545 4765 2717 4820 omnis
2756 4763 2844 4817 ille
2890 4762 3115 4832 populus
3147 4758 3435 4814 secundum
3470 4772 3759 4812 numerum

2185 4859 2460 4915 duodecim
2500 4858 2726 4912 ﬁliorum
2768 4855 2932 4912 Jacob
2975 4853 3256 4909 duodecim
3296 4852 3465 4906 tribus
3504 4850 3756 4905 habebat.

2094 4998 2096 5001 .
2184 4951 2377 5006 Tribus
2399 4949 2645 5004 dicuntur
2660 4956 2904 5015 tanquam
2915 4945 3076 5000 curiae
3096 4952 3153 4999 et
3177 4942 3617 5013 congregatioaes
3641 4941 3757 4995 dis-

2188 5041 2365 5097 tincta:
2416 5039 2747 5109 populorum.
2778 5036 3013 5091 Habebat
3031 5048 3157 5104 ergo
3182 5034 3269 5088 ille
3294 5033 3522 5102 populus
3549 5030 3756 5087 duode-

2185 5134 2287 5186 cim
2311 5132 2505 5194 tribus;
2530 5147 2560 5184 e
2578 5129 2767 5200 quibus
2785 5125 3062 5182 duodecim
3082 5124 3323 5179 tribubus
3340 5139 3442 5178 una
3461 5122 3631 5177 tribus
3644 5130 3759 5177 erat

2183 5225 2317 5281 .luda
2336 5240 2398 5279 ex
2424 5238 2525 5293 qua
2556 5229 2707 5277 erant
2732 5235 2907 5291 reges,
2940 5204 3136 5273 etcrat
3159 5217 3323 5272 altera
3347 5217 3520 5271 tribus
3543 5216 3668 5271 Levi
3690 5232 3757 5270 ex

2185 5333 2287 5389 qua
2312 5325 2464 5371 erant
2506 5313 2825 5370 sacerdotes.
2871 5311 2975 5368 Sed
3003 5311 3125 5380 quia
3163 5310 3528 5366 sacerdotibus
3557 5310 3758 5378 templo

2186 5407 2537 5464 servientibus
2585 5413 2723 5459 terra
2766 5403 2929 5457 divisa
2971 5416 3074 5456 non
3115 5409 3197 5456 est
3240 5398 3422 5473 (Nam.
3450 5410 3607 5465 thn,
3638 5399 3753 5472 20),

2187 5500 2463 5570 oportebat
2499 5505 2672 5551 autem
2702 5502 2760 5549 ut
2787 5492 3061 5548 duodecim
3107 5491 3346 5546 tribubus
3380 5490 3758 5560 dispertiretur

2187 5592 2362 5650 omnis
2386 5591 2530 5661 regio
2550 5586 2909 5660 promissionis
2931 5601 2945 5639 :
2968 5593 3192 5653 excepta
3211 5596 3338 5652 ergo
3360 5597 3463 5636 uua
3486 5581 3626 5635 tribu
3648 5597 3759 5635 ma-

2187 5684 2317 5755 juris
2338 5680 2626 5752 dignitatis,
2652 5679 2788 5733 Iribu
2815 5676 2960 5742 Levi,
2989 5690 3107 5745 qua:
3137 5681 3252 5729 erat
3288 5674 3341 5726 in
3363 5671 3753 5736 sacerdotibus,

2192 5783 2524 5835 remanerent
2566 5768 2847 5833 undecim,
2873 5769 2972 5824 nisi
3013 5780 3107 5836 per
3146 5764 3480 5827 adoptionem
3527 5762 3757 5819 duorum
