4020 6198
259 373 357 432 957
374 427 380 434 .

259 495 483 548 filiorum
509 493 704 564 Joseph
734 495 1009 552 duodecim
1032 498 1438 568 complerentur.
1460 499 1569 554 lloc
1590 499 1711 568 quid
1733 500 1824 564 sit,

254 585 531 640 advertite.
565 585 712 640 Unus
741 587 806 641 de
832 587 1107 642 duodecim
1139 591 1257 643 lilils
1281 589 1441 644 JaCob
1467 601 1581 644 erat
1605 590 1820 657 .loseph.

257 678 358 731 lste
385 687 467 731 est
484 677 680 746 Ioseph
707 695 860 749 quem
885 679 1073 734 fratres
1110 683 1188 734 sui
1230 682 1278 736 in
1317 681 1599 752 .Egyptum
1640 683 1826 738 vendi-

255 772 466 834 derunt,
500 780 552 825 et
574 773 676 825 illic
703 774 890 827 merito
916 775 1171 828 castitatis
1199 775 1261 828 ad
1293 776 1568 829 sublimem
1596 777 1823 846 dignita-

257 874 358 938 tem
391 866 673 934 perductus
696 877 794 928 est,
819 878 872 922 et
911 869 1072 921 adfuit
1099 870 1168 922 illi
1216 870 1350 924 Deus
1377 871 1426 924 in
1471 872 1613 925 onmi
1660 887 1822 940 opere

253 972 377 1019 suo;
409 965 460 1010 et
481 959 710 1026 suscepit
735 958 920 1013 fratres
949 975 1074 1015 suos
1117 977 1145 1014 a
1175 962 1364 1031 quibus
1402 963 1645 1018 venditus
1684 973 1816 1026 erat,

253 1058 305 1100 et
351 1058 573 1116 patrem,
626 1048 762 1104 fame
809 1052 1142 1116 laborantes,
1191 1063 1244 1107 et
1282 1065 1494 1123 propter
1527 1071 1712 1124 panem
1753 1057 1817 1108 ad

252 1139 539 1211 ﬁgyptum
568 1141 970 1199 descendentes.
1013 1143 1114 1198 lste
1153 1144 1346 1215 .loseph
1387 1146 1517 1200 duos
1550 1147 1682 1200 filios
1722 1147 1816 1199 ba-

253 1231 382 1292 buit,
421 1231 668 1304 Ephraim
706 1243 758 1289 et
787 1234 1041 1290 Manasse.
1081 1236 1306 1290 Moriens
1347 1237 1528 1301 Jacco,
1570 1250 1815 1308 tanquam

253 1335 568 1380 testamento
592 1329 630 1389 ι,
649 1331 932 1395 aSsumpsit
951 1329 1067 1383 illos
1085 1339 1302 1396 nepotes
1322 1345 1445 1386 suos
1467 1333 1516 1385 in
1540 1348 1813 1386 numerum

251 1417 498 1479 filiorum,
528 1428 579 1472 ct
605 1418 735 1472 dixit
765 1419 872 1472 lilio
900 1434 996 1472 suo
1021 1419 1213 1489 Josepb
1245 1439 1258 1475 :
1288 1419 1464 1476 Caneri
1491 1423 1577 1490 qui
1597 1439 1813 1476 nascun-

251 1522 348 1570 tur,
375 1511 462 1563 tibi
486 1522 627 1564 erunt
645 1527 664 1575 ;
684 1513 766 1565 isti
790 1521 951 1565 autem
981 1513 1121 1574 mihi,
1158 1522 1204 1568 et
1240 1515 1459 1568 divident
1488 1524 1669 1569 terram
1702 1532 1816 1569 cum

252 1603 485 1668 fratribus
512 1604 614 1656 suis
641 1601 788 1673 (Gen.
817 1619 998 1667 sum,
1018 1606 1072 1668 5.
1090 1605 1168 1675 6).
1193 1606 1379 1660 Adlmc
1406 1623 1508 1660 non
1529 1614 1642 1662 erat
1669 1607 1810 1670 data,

250 1708 346 1746 nec
367 1693 528 1746 divisa
563 1701 696 1746 terra
729 1695 1120 1762 promissionis;
1149 1695 1239 1749 sed
1268 1695 1472 1749 dicebat
1499 1697 1589 1750 ille
1613 1697 1661 1749 in
1690 1696 1810 1764 Spi-

247 1783 349 1835 ritu
379 1782 714 1851 prophetaus.
744 1784 1128 1839 Accedentibus
1153 1799 1280 1855 ergo
1322 1787 1524 1840 duolms
1568 1786 1687 1841 filiis
1723 1786 1786 1840 Jo

244 1873 398 1940 seph,
429 1875 576 1925 facta:
610 1882 734 1928 sunt
774 1876 1116 1930 nihilominus
1161 1877 1434 1932 duodecim
1465 1879 1648 1942 tribus,
1689 1879 1808 1946 quia

241 1966 344 2033 jam
374 1966 624 2021 tredecim
656 1979 778 2022 sunt
806 1987 820 2022 :
851 1985 944 2037 pro
991 1985 1088 2024 una
1118 1970 1256 2024 enim
1286 1971 1421 2026 tribu
1448 1969 1664 2040 Joseph,
1691 1970 1808 2024 dua:

241 2067 596 2122 accesserunt,
647 2067 700 2113 et
748 2059 896 2114 facta:
943 2071 1066 2114 sunt
1109 2061 1382 2116 tredecim.
1426 2063 1653 2130 Excepta
1683 2077 1808 2131 ergo

244 2148 378 2201 tribu
413 2148 556 2214 Levi,
590 2148 672 2203 illa
707 2151 842 2204 tribu
874 2151 1203 2205 sacerdotum
1232 2167 1348 2221 qua:
1383 2152 1640 2206 serviebat
1676 2161 1810 2206 tem-

243 2241 347 2305 plo,
385 2249 437 2293 et
465 2239 531 2294 de
555 2240 775 2296 decimis
803 2244 1008 2297 vivebat
1032 2253 1338 2297 camerarum
1364 2245 1594 2296 omnimn
1618 2244 1808 2313 quibus

242 2339 378 2383 terra
402 2332 565 2386 divisa
597 2345 696 2394 est,
726 2345 999 2388 remanent
1019 2335 1314 2389 duodecim.
1343 2335 1395 2388 lu
1427 2335 1508 2389 bis
1528 2336 1804 2390 duodecim

218 2431 354 2483 .erat
384 2424 548 2479 tribus
574 2425 725 2489 Juda,
753 2427 889 2480 unde
916 2442 1068 2495 reges
1091 2436 1261 2481 erant.
1284 2427 1411 2480 Nam
1435 2428 1604 2498 primo
1621 2429 1685 2482 de
1705 2428 1802 2480 alia

241 2518 375 2571 tribu
405 2517 558 2572 datus
593 2529 673 2571 est
712 2534 801 2574 rex
831 2518 954 2572 Saitl
978 2518 1020 2587 (Ι
1051 2519 1177 2589 Reg.
1201 2535 1279 2583 Ix,
1313 2517 1386 2588 1),
1418 2528 1467 2572 et
1498 2519 1806 2586 reprobatus

235 2618 319 2663 est
346 2618 589 2677 tanquam
612 2610 781 2662 malus
806 2625 929 2675 rex;
961 2618 1137 2678 pestea
1160 2609 1312 2663 datus
1332 2609 1496 2663 estde
1519 2610 1651 2664 tribu
1671 2609 1803 2663 Juda

237 2719 334 2755 rex
367 2702 547 2769 David,
574 2713 626 2756 et
652 2719 714 2756 ex
739 2703 828 2756 illo
859 2703 923 2758 de
953 2702 1087 2756 tribu
1127 2703 1259 2757 .luda
1291 2703 1498 2757 fuerunt
1523 2717 1671 2772 reges
1694 2701 1804 2769 (Id.

237 2808 342 2854 XVI,
376 2791 484 2862 12).
511 2792 672 2847 Jacob
709 2805 882 2846 autem
914 2794 998 2847 ille
1021 2793 1118 2847 ltoc
1155 2793 1378 2858 dixerat,
1407 2793 1616 2862 quando
1639 2793 1801 2848 bene-

235 2881 441 2936 dixerat
469 2883 601 2936 filios
627 2898 752 2936 suos
785 2901 798 2936 :
831 2883 948 2936 Non
976 2883 1167 2952 deﬁciet
1196 2885 1423 2952 princeps
1443 2884 1506 2936 de
1525 2882 1557 2936 J
1565 2883 1684 2948 uda,
1713 2900 1804 2937 nec

235 2977 340 3028 dua:
359 2975 419 3026 de
442 2975 709 3047 femoribus
734 2977 858 3045 ejus,
884 2976 1040 3028 donec
1061 2977 1219 3028 veniat
1254 2976 1334 3028 cui
1360 2976 1710 3045 repromissum
1732 2982 1803 3029 est

235 3065 387 3133 (Ceu.
411 3084 548 3133 χιιι,
580 3069 688 3138 10).
719 3069 793 3123 De
837 3069 972 3122 tribu
1012 3079 1185 3122 autem
1221 3069 1351 3123 .lnda
1383 3069 1525 3124 venit
1553 3069 1801 3123 Dominus

235 3169 415 3211 noster
449 3159 601 3212 Jesus
629 3159 893 3213 Christus.
940 3160 1032 3214 Est
1062 3160 1200 3213 enim
1221 3202 1234 3220 ,
1258 3161 1391 3212 sicut
1416 3159 1680 3228 Scriptura
1714 3159 1799 3212 di-

231 3251 306 3303 cit
334 3251 563 3305 etmodo
584 3251 820 3316 audistis,
857 3267 918 3304 ea:
935 3251 1120 3305 semine
1143 3249 1327 3316 David,
1355 3261 1507 3305 natus
1531 3252 1596 3306 de
1616 3251 1794 3328 Maria.

229 3332 493 3397 Caeterum
519 3343 656 3412 quod
687 3343 871 3398 attinet
911 3342 974 3396 ad
1017 3343 1341 3397 divinitatem
1391 3342 1596 3396 Domini
1632 3343 1797 3397 nostri

229 3434 355 3488 Jesu
397 3433 608 3496 Christi,
657 3434 706 3487 in
748 3450 846 3502 qua
897 3435 1113 3504 arqualis
1152 3444 1234 3488 est
1263 3433 1432 3499 Patri;
1479 3450 1580 3488 non
1625 3435 1794 3489 solum

228 3534 354 3578 ante
390 3525 620 3586 Jnd:eos,
665 3525 756 3578 sed
787 3525 943 3580 etiam
986 3536 1109 3579 ante
1140 3526 1306 3593 ipsum
1337 3524 1791 3594 Abrahamann.

229 3619 342 3678 'vtn,
374 3618 461 3685 58)
487 3634 500 3681 ;
525 3634 622 3671 nec
640 3617 807 3669 solum
835 3626 956 3670 ante
972 3617 1256 3680 Abraham,
1281 3617 1370 3670 sed
1392 3625 1444 3670 et
1460 3627 1582 3670 ante
1605 3615 1790 3680 Adam;

230 3727 330 3764 nec
355 3711 520 3763 solum
552 3719 673 3762 ante
711 3709 897 3774 Adam,
927 3709 1017 3762 sed
1046 3720 1098 3763 et
1129 3718 1249 3762 ante
1279 3710 1469 3764 malum
1499 3717 1549 3762 et
1580 3718 1792 3770 terram,

226 3813 283 3856 ct
309 3813 430 3855 ante
471 3801 694 3854 smcula:
723 3800 842 3869 quia
883 3801 1050 3853 omnia
1078 3817 1164 3868 per
1201 3801 1366 3866 ipsum
1394 3803 1526 3870 facta
1568 3809 1702 3862 sunt,
1745 3807 1795 3852 et

224 3895 336 3946 sine
368 3894 475 3963 ipso
506 3895 693 3963 factum
733 3901 806 3943 est
831 3891 956 3943 nihil
977 3890 1083 3960 (Id.
1116 3906 1154 3955 ι,
1183 3889 1258 3960 5).
1285 3891 1415 3956 Quia
1446 3906 1572 3959 ergo
1599 3891 1648 3944 in
1673 3905 1794 3959 pro-

227 3983 403 4053 phetia
434 3983 628 4036 dictum
654 3990 753 4045 est,
798 3979 916 4034 Non
947 3981 1139 4049 deﬁciet
1174 3984 1402 4051 princeps
1430 3998 1490 4034 ea:
1516 3981 1674 4041 Iuda,
1705 3998 1793 4034 ue-

223 4093 326 4142 que
354 4075 459 4128 dua:
491 4074 552 4126 de
576 4074 845 4144 feruoribus
875 4074 1000 4143 ejus,
1043 4073 1197 4125 donec
1231 4073 1393 4125 veniat
1419 4074 1500 4127 cui
1527 4074 1794 4140 repromis—
1824 4088 1825 4091 ‘

224 4183 339 4220 sum.
373 4177 485 4219 est:
511 4164 912 4218 considerantur
947 4165 1121 4234 priora
1149 4173 1405 4232 tempora,
1433 4173 1484 4218 et
1525 4163 1793 4218 invenitur

226 4259 348 4326 quia
375 4257 538 4312 Judaei
582 4257 646 4311 de
689 4257 824 4310 tribu
859 4256 989 4310 Juda
1031 4271 1241 4324 semper
1282 4271 1434 4326 reges
1475 4255 1787 4322 habuerunt,

231 4351 370 4404 unde
396 4351 517 4404 dicti
543 4361 663 4402 sunt
687 4349 886 4413 Judaai;
917 4360 970 4403 et
1000 4365 1100 4402 non
1133 4349 1426 4403 habuerunt
1449 4364 1620 4418 regem
1645 4349 1791 4417 prius

226 4442 596 4511 alienigenam,
631 4441 727 4494 nisi
761 4440 1019 4494 Herodem
1053 4440 1197 4493 illum
1223 4439 1309 4508 qui
1339 4439 1432 4493 fuit
1456 4440 1664 4509 quando
1689 4439 1790 4492 Do-

226 4534 404 4587 minus
441 4542 592 4585 natus
633 4542 706 4586 est
740 4531 883 4600 (Luc.
931 4548 1004 4594 ιιι,
1052 4533 1128 4602 i).
1165 4530 1290 4585 Inde
1328 4541 1600 4598 coeperunt
1638 4546 1790 4600 reges

227 4627 556 4695 alienigente,
585 4625 650 4678 ab
673 4624 899 4678 llerode.
925 4626 1058 4676 Ante
1087 4623 1346 4677 llerodem
1371 4637 1554 4676 omnes
1570 4623 1635 4675 de
1653 4623 1787 4676 tribu

223 4718 378 4779 .luda,
407 4718 497 4770 sed
537 4716 705 4769 donec
747 4715 951 4768 veniret
991 4715 1072 4767 cui
1097 4715 1450 4782 repromissum
1488 4723 1578 4766 est.
1609 4711 1787 4782 itaque

227 4809 468 4878 ipsojam
494 4808 735 4861 veniente
777 4807 1018 4865 Domino,
1050 4820 1290 4858 eversum
1331 4813 1414 4858 est
1442 4819 1657 4870 regnum
1696 4803 1786 4858 Ju-

223 4901 481 4962 datorum,
503 4907 556 4951 et
575 4898 830 4951 sublatum
854 4906 935 4951 est
958 4913 1019 4950 ex
1047 4895 1261 4950 Judaeis.
1291 4895 1442 4948 Modo
1467 4911 1569 4949 non
1595 4895 1780 4949 habent

223 5003 466 5056 regnum,
507 4988 624 5056 quia
665 4987 850 5039 nolunt
892 5001 1212 5055 cognoscere
1247 5001 1428 5040 verum
1461 5001 1658 5055 regem.
1693 4985 1783 5038 Vi-

220 5083 343 5134 dete
365 5079 473 5146 jam
516 5079 558 5133 si
589 5077 753 5131 Judzci
804 5079 910 5131 sint
958 5077 1272 5146 appellandi.
1311 5076 1424 5132 Jam
1455 5077 1636 5132 videtis
1663 5077 1782 5146 quia

219 5170 388 5226 Judaei
433 5185 534 5222 non
561 5178 682 5222 sunt
707 5168 1024 5238 appellandi.
1061 5169 1158 5235 lpsi
1199 5183 1324 5222 voce
1371 5182 1461 5220 sua
1503 5167 1783 5222 abdicave-

221 5274 344 5318 rnn:
373 5277 430 5316 se
455 5262 521 5315 ab
549 5262 649 5315 isto
687 5263 920 5324 nomine,
958 5271 1012 5315 ut
1042 5261 1208 5316 Judaai
1238 5276 1339 5314 non
1373 5261 1479 5314 sint
1512 5261 1650 5331 digni
1689 5277 1784 5330 ap-

224 5355 428 5424 pellari,
459 5353 557 5408 nisi
586 5363 785 5406 tantum
813 5369 990 5408 carne.
1026 5354 1121 5409 Ubi
1152 5368 1278 5422 ergo
1315 5369 1373 5408 se
1409 5362 1783 5423 separaverunt

221 5450 283 5501 ab
307 5449 407 5500 isto
432 5446 681 5500 nomine?
712 5447 979 5509 Dicebant,
1009 5446 1294 5500 saeviebant
1329 5445 1379 5499 in
1419 5445 1703 5509 Christum,
1730 5446 1780 5500 id

223 5551 299 5594 est
324 5542 344 5570 ’
373 5554 536 5610 genus
559 5537 714 5603 Juda,
754 5537 1038 5593 Steviebant
1075 5537 1125 5590 in
1162 5551 1340 5591 semen
1385 5536 1565 5590 David.
1610 5537 1676 5591 Et
1709 5538 1782 5591 ait

283 5697 295 5725 ι
326 5695 454 5748 ΕΓΗ..
479 5700 751 5743 testamento
768 5699 1022 5753 assumpto.
1049 5700 1162 5750 vos,
1181 5698 1438 5753 assumpto,
1460 5693 1599 5743 abest
1619 5694 1680 5743 ab
1697 5693 1780 5743 ali-

225 5763 462 5875 ""3133:
485 5818 533 5866 id
555 5817 690 5868 estin
710 5829 853 5879 aeuus
877 5817 1019 5864 Juda.
1048 5815 1206 5875 Abest,
1227 5813 1292 5876 in,
1318 5827 1342 5863 a
1363 5819 1466 5864 Mss.

1270 380 1660 436 ENARRATIO
1698 379 1763 432 IN
1801 378 2114 438 PSALMUM
2144 384 2347 440 LXXV.
2416 423 2418 426 -

3393 404 3494 458 958

1932 499 2032 554 illis
2057 503 2283 559 Pilatus:
2315 507 2498 578 Regem
2519 521 2730 567 vestrum
2748 516 3085 587 cruci/igam?
3115 519 3180 574 Et
3219 521 3292 574 illi
3337 542 3348 576 :
3386 523 3494 578 Nos

1929 611 2026 647 non
2070 597 2305 650 habemus
2347 616 2530 670 regem,
2576 604 2672 658 nisi
2695 604 2940 660 Ctzsarem
2963 606 3138 679 (.ioan.
3178 627 3281 675 six,
3310 614 3417 682 lii).
3451 615 3494 669 0

1926 685 2089 740 Judaei
2117 689 2204 757 qui
2236 693 2515 753 vocamini,
2538 705 2589 747 et
2621 711 2724 749 non
2760 699 2922 764 estis;
2950 700 2993 752 si
3036 717 3138 753 non
3173 702 3376 756 habetis
3406 722 3489 758 re-

1925 794 2064 847 gem,
2099 781 2195 833 nisi
2241 782 2526 850 Caesarem,
2567 786 2757 841 defecit
2785 789 2893 857 jam
2930 791 3174 860 princeps
3208 794 3274 848 de
3310 794 3439 848 Juda
3474 814 3488 850 :

1925 873 2066 927 venit
2090 889 2212 942 ergo
2239 874 2328 929 ille
2354 877 2432 928 cui
2462 879 2814 944 repromissum
2839 891 2929 933 est.
2957 880 3032 936 Illi
3054 898 3178 952 ergo
3205 886 3376 938 verius
3394 885 3490 940 Ju-

1924 965 2040 1032 daei,
2087 967 2174 1035 qui
2204 967 2475 1023 christiani
2524 969 2644 1025 facti
2690 984 2898 1028 suntex
2919 975 3160 1030 Judaeis:
3193 981 3369 1033 caeteri
3393 981 3486 1034 .lu-

1923 1057 2021 1111 (la'i
2049 1059 2134 1127 qni
2173 1060 2222 1111 in
2255 1059 2519 1114 Christum
2566 1080 2667 1116 non
2698 1067 3055 1132 crediderunt,
3097 1071 3254 1124 etiam
3293 1088 3483 1127 nomen
3541 1080 3553 1101 '

1921 1149 2092 1217 ipsum
2122 1150 2339 1217 perdere
2365 1151 2504 1221 digni
2539 1152 2764 1209 fuerunt.
2796 1157 2974 1211 .lutlaea
3007 1175 3132 1230 ergo
3159 1178 3301 1228 vera,
3331 1161 3484 1217 Chri-

1919 1242 1984 1295 sti
2017 1241 2247 1296 Ecclesia
2273 1253 2372 1310 est,
2404 1246 2627 1300 credens
2655 1249 2704 1300 in
2743 1249 2886 1302 illum
2929 1267 3101 1321 regem
3133 1255 3216 1323 qui
3246 1257 3386 1310 venit
3418 1272 3482 1311 ex

1922 1332 2058 1386 tribu
2089 1332 2221 1387 .luda
2251 1350 2343 1403 per
2368 1338 2621 1405 virginem
2646 1339 2889 1405 Mariam;
2919 1345 3140 1397 credens
3168 1347 3216 1399 in
3247 1348 3390 1400 illum
3416 1349 3484 1402 de

1918 1440 2023 1494 quo
2045 1427 2201 1480 modo
2231 1429 2513 1496 Apostolus
2536 1430 2760 1492 dicebat,
2780 1434 2844 1487 ad
2863 1435 3191 1490 Timotheum
3223 1440 3480 1494 scribens:

1919 1513 2114 1568 Mentor
2146 1527 2248 1570 esto
2275 1516 2450 1571 Iesum
2479 1518 2731 1574 Christum
2755 1506 3091 1580 ‘resurrexisse
3132 1544 3162 1580 a
3189 1531 3393 1581 mortuis
3423 1546 3486 1583 ex

1916 1609 2100 1660 semine
2125 1608 2306 1674 David,
2337 1613 2606 1664 secundant
2641 1614 2970 1685 Evangeliuut
2999 1636 3158 1671 meum
3178 1620 3237 1686 (ll
3260 1619 3391 1673 Tim.
3425 1638 3480 1685 ιι,

1916 1695 1991 1764 8).
2025 1697 2097 1752 De
2120 1699 2249 1753 Juda
2285 1702 2422 1754 enim
2453 1703 2633 1765 David,
2676 1713 2730 1758 et
2755 1722 2817 1760 ex
2860 1707 3018 1760 David
3048 1709 3295 1764 Dominus
3329 1712 3482 1768 Jesus

1914 1787 2176 1842 Christus.
2208 1789 2314 1844 Nos
2339 1792 2614 1848 credentes
2653 1796 2702 1848 in
2744 1795 3008 1850 Christum
3055 1800 3375 1866 pertinemus
3413 1803 3478 1855 ad

1912 1877 2134 1943 Jadam;
2167 1889 2218 1934 et
2250 1897 2344 1935 nos
2372 1885 2714 1953 cognovimus
2751 1884 3018 1941 Christum
3049 1889 3133 1956 qui
3179 1890 3346 1943 oculis
3375 1907 3478 1946 non

1914 1970 2157 2032 vidimus,
2200 1973 2301 2027 fide
2347 1976 2654 2030 retinemus.
2687 1977 2798 2032 Non
2837 1995 2962 2050 ergo
3003 1981 3252 2036 iuSultent
3289 1983 3477 2047 Judaei,

1911 2063 1999 2132 qui
2022 2062 2130 2132 jam
2161 2081 2262 2118 non
2293 2075 2416 2120 sunt
2445 2066 2609 2121 Judzei
2637 2086 2649 2120 :
2680 2069 2776 2138 ipsi
2812 2071 3078 2138 dixerunt,
3109 2069 3220 2125 Nos
3256 2089 3354 2125 non
3388 2073 3481 2126 ha-

1912 2155 2078 2207 bemus
2103 2173 2283 2226 regem,
2322 2159 2418 2210 nisi
2456 2158 2721 2213 Caesarem.
2749 2161 2876 2215 Nam
2905 2163 3093 2217 melius
3119 2165 3220 2218 illis
3259 2176 3391 2230 erat,
3424 2177 3478 2220 ut

1911 2263 1999 2300 rex
2027 2249 2229 2302 illorum
2263 2263 2401 2306 esset
2430 2252 2692 2316 Christus,
2723 2271 2786 2308 ex
2816 2257 3020 2311 semine
3061 2257 3220 2312 David
3253 2259 3318 2314 de
3340 2261 3476 2315 tribu

1910 2336 2062 2390 Juda.
2093 2337 2291 2392 Tamen
2319 2342 2435 2408 quia
2461 2341 2571 2409 ipse
2600 2343 2841 2397 Christus
2869 2363 2931 2399 ex
2963 2349 3165 2402 semine
3206 2348 3363 2402 David
3387 2367 3473 2403 se-

1910 2427 2137 2480 cundum
2165 2444 2398 2496 carnem,
2429 2431 2565 2485 Deus
2589 2443 2763 2486 autem
2788 2449 2945 2503 super
2965 2438 3138 2489 omnia
3162 2437 3471 2492 benedictus

1911 2516 1961 2568 iu
2010 2519 2223 2583 sweula,
2269 2520 2381 2588 ipse
2427 2537 2517 2574 rex
2550 2532 2729 2576 noster
2757 2534 2838 2578 est
2871 2534 2924 2578 et
2965 2526 3100 2580 Deus
3130 2539 3308 2580 noster
3336 2546 3348 2582 :
3380 2545 3471 2582 rex

1909 2617 2108 2674 noster,
2155 2611 2440 2664 secundum
2482 2615 2619 2681 quod
2652 2626 2804 2668 natus
2841 2626 2921 2669 est
2960 2632 3022 2670 ex
3059 2617 3194 2671 tribu
3224 2618 3353 2672 Juda
3385 2635 3473 2674 sc-

1906 2699 2135 2753 cundum
2175 2715 2409 2765 carnem,
2455 2703 2696 2758 Christus
2746 2705 2995 2760 Dominus
3035 2708 3306 2773 Salvator;
3336 2710 3473 2764 Deus

1906 2801 2079 2844 autem
2103 2802 2305 2858 noster,
2341 2793 2426 2862 qui
2458 2804 2538 2848 est
2575 2805 2697 2849 aute
2729 2795 2937 2858 Judam,
2973 2806 3026 2851 et
3053 2809 3173 2852 ante
3196 2802 3386 2856 cmlum
3416 2812 3472 2856 et

1908 2887 2124 2944 terram,
2165 2897 2258 2950 per
2283 2898 2438 2952 quem
2468 2883 2601 2938 facta
2628 2895 2750 2939 snnt
2779 2889 2975 2952 omnia,
3017 2900 3068 2942 et
3106 2889 3388 2958 spiritualia
3419 2901 3472 2945 et

1905 2970 2220 3038 corporalia.
2265 2970 2320 3027 Si
2362 2974 2500 3027 enim
2540 2976 2707 3027 omnia
2745 2992 2832 3045 per
2869 2977 3031 3046 ipsum
3070 2981 3203 3050 facta
3235 2991 3386 3044 sunt;
3416 2992 3469 3035 et

1904 3060 2014 3127 ipsa
2040 3059 2198 3114 Maria
2225 3061 2290 3116 de
2314 3079 2417 3133 qua
2448 3076 2601 3118 natus
2620 3074 2718 3127 est,
2746 3082 2838 3135 per
2863 3068 3029 3136 ipsum
3054 3067 3187 3122 facta
3215 3079 3316 3124 est.
3336 3071 3470 3138 Quo-
3504 3085 3513 3094 '

1903 3149 2062 3206 modo
2089 3168 2215 3223 ergo
2241 3154 2328 3208 ille
2347 3155 2496 3224 quasi
2523 3157 2699 3211 caeteri
2731 3157 2971 3211 homines
3010 3169 3332 3227 nasceretur,
3375 3162 3466 3230 qui

1901 3242 1998 3296 sibi
2033 3242 2154 3298 fecit
2187 3255 2406 3300 matrem
2434 3247 2500 3300 de
2529 3262 2630 3317 qua
2675 3250 3017 3304 nasceretur?
3050 3252 3184 3321 lirgo
3223 3252 3332 3321 ipse
3360 3253 3466 3306 Do-

1901 3337 2072 3390 minus
2105 3354 2117 3390 :
2150 3339 2403 3407 Apostolo
2427 3340 2655 3405 dicente,
2685 3356 2804 3395 cum
2836 3342 3136 3412 loqueretur
3157 3344 3222 3397 de
3241 3343 3462 3410 Judmis,

1903 3427 2127 3494 Quorum
2168 3440 2366 3498 patres;
2417 3437 2463 3482 et
2509 3446 2570 3484 ea:
2605 3431 2780 3499 quibus
2819 3441 2890 3484 est
2934 3431 3157 3485 Christus
3184 3435 3456 3486 secundum

1898 3535 2118 3584 carnem,
2141 3519 2226 3583 qui
2263 3530 2334 3572 est
2366 3537 2514 3589 super
2538 3522 2703 3573 omnia
2733 3519 2870 3572 Deus
2899 3522 3179 3574 benedictus
3207 3523 3257 3575 in
3278 3526 3464 3577 stvcttla

1901 3605 2072 3677 (Rom.
2104 3623 2176 3670 Ix,
2205 3608 2280 3677 5).
2309 3608 2439 3674 Quia
2467 3623 2594 3676 ergo
2617 3609 2787 3661 Judaei
2826 3609 3066 3662 viderunt
3095 3610 3381 3677 Christum,
3410 3623 3458 3666 ct

1897 3698 2288 3762 crucifixerunt,
2318 3715 2421 3752 non
2445 3699 2686 3753 viderunt
2710 3701 2869 3753 Demn
2901 3700 3126 3755 :Gentes
3146 3711 3319 3754 autem
3341 3703 3460 3771 quia

1896 3805 2000 3843 non
2051 3790 2315 3856 viderunt,
2361 3799 2413 3843 et
2450 3790 2808 3854 crediderunt,
2856 3791 3224 3846 intellexerunt
3269 3793 3457 3848 Deum.

1897 3878 2037 3950 Ergo
2061 3882 2104 3935 si
2135 3882 2357 3936 innotuit
2385 3883 2461 3936 eis
2494 3883 2630 3936 Deus
2657 3884 2705 3936 in
2732 3882 2945 3937 Christo
2986 3884 3233 3938 mundum
3274 3901 3461 3940 recon-

1895 3973 2079 4027 cilians
2109 3972 2207 4026 sibi
2249 3973 2311 4042 (ll
2340 3971 2457 4029 Cor.
2487 3990 2540 4042 v,
2574 3974 2682 4044 l9),
2710 3984 2764 4028 et
2793 3974 2910 4029 ideo
2946 3976 3018 4029 illi
3063 3976 3455 4044 crucilixerunl,

1895 4065 2013 4133 quia
2044 4065 2096 4118 in
2123 4079 2280 4119 carne
2304 4065 2552 4120 latentem
2582 4065 2742 4119 Deum
2764 4081 2868 4120 non
2899 4067 3285 4135 intellexerunt,
3310 4085 3457 4126 rece-

1893 4155 1981 4210 dat
2012 4157 2094 4208 illa
2123 4172 2238 4225 qua:
2263 4168 2476 4211 vocatur
2502 4157 2703 4221 Judam,
2734 4169 2786 4211 et
2816 4175 2917 4212 non
2941 4170 3020 4213 est
3046 4176 3059 4223 ;
3083 4159 3300 4214 accedat
3329 4177 3454 4216 vera

1891 4246 2092 4311 Judam,
2121 4247 2202 4301 cui
2228 4248 2454 4304 dicitur:
2486 4251 2712 4303 Accedite
2736 4251 2801 4302 ad
2827 4267 2958 4316 eum,
3003 4263 3047 4304 et
3082 4236 3450 4316 illuminamini,

1892 4349 1937 4391 et
1967 4339 2133 4392 vultus
2156 4341 2300 4392 vestri
2332 4356 2428 4392 non
2460 4340 2740 4392 erubesceut
2771 4340 2940 4412 (I’sul.
2963 4358 3143 4406 xxxm,
3166 4342 3241 4412 6).
3269 4341 3455 4396 Vultus

1891 4445 2029 4480 vera:
2055 4428 2250 4482 Jud:e:B
2276 4443 2380 4482 non
2401 4427 2805 4482 confundentur.
2838 4430 3042 4484 Etenim
3080 4430 3376 4494 audierunt,
3401 4441 3453 4485 et

1891 4519 2259 4584 crediderunt;
2287 4528 2340 4573 et
2364 4517 2496 4573 facta
2523 4529 2603 4573 est
2629 4520 2861 4574 Ecclesia
2888 4536 3008 4575 vera
3037 4521 3236 4582 Judam,
3262 4521 3346 4574 ubi
3365 4539 3454 4574 no-

1893 4621 1976 4664 tus
2003 4612 2259 4672 Christus,
2304 4610 2392 4680 qui
2433 4609 2592 4664 homo
2630 4620 2711 4665 est
2760 4625 2825 4665 ex
2861 4613 3062 4665 semine
3103 4611 3284 4674 David,
3313 4611 3451 4666 Deus

1889 4709 2048 4770 super
2071 4701 2250 4756 David.

1955 4793 2009 4845 2.
2044 4791 2207 4846 Notus
2233 4792 2284 4845 in
2307 4790 2491 4846 Iudaea
2517 4792 2684 4854 Deus;
2712 4792 2772 4845 in
2809 4791 2971 4846 Israel
2994 4809 3228 4863 magnum
3264 4809 3446 4847 nomen

1888 4887 2015 4955 ejus.
2041 4886 2108 4939 Et
2134 4885 2200 4940 de
2229 4885 2386 4939 lsrael
2425 4886 2502 4938 sic
2524 4884 2776 4939 debemus
2803 4885 3062 4953 accipere,
3091 4884 3355 4954 quomodo
3381 4886 3447 4940 de

1886 4978 2065 5033 Judzea
2100 4995 2111 5030 :
2141 4977 2404 5046 quomodo
2431 4977 2502 5031 illi
2532 4993 2656 5029 noni
2682 4984 2804 5029 sunt
2846 4977 2952 5030 veri
2981 4975 3176 5041 Judmi,
3225 4977 3300 5029 sic
3347 4992 3447 5032 nec

1887 5083 2039 5120 verus
2076 5067 2251 5122 Israel.
2282 5067 2410 5132 Quis
2431 5069 2569 5119 enim
2601 5065 2791 5119 dicitur
2813 5065 3005 5120 Israel?
3035 5065 3225 5121 Videns
3257 5066 3441 5138 Deum.

1887 5159 1954 5213 Et
1982 5159 2243 5229 quomodo
2272 5159 2346 5213 illi
2373 5158 2614 5213 viderunt
2646 5158 2808 5212 Deum
2834 5199 2848 5222 ,
2882 5159 3018 5212 inter
3043 5174 3174 5227 quos
3202 5159 3444 5214 ambula-

1885 5251 1956 5303 vit
2004 5252 2054 5304 in
2081 5265 2260 5312 carne,
2287 5261 2338 5304 et
2367 5266 2486 5304 cum
2517 5259 2759 5318 putarent
2789 5248 3072 5315 hominem,
3095 5251 3449 5304 occiderunt?

1885 5341 2184 5410 Resurgens
2206 5341 2291 5395 ille
2329 5341 2570 5410 apparuit
2609 5341 2744 5395 Deus
2769 5341 3012 5397 omnibus
3037 5328 3226 5412 quibus
3254 5357 3314 5396 se
3346 5357 3441 5395 vo-

1886 5434 1980 5488 luit
2003 5433 2384 5488 demonstrare.
2415 5433 2489 5486 llli
2535 5449 2658 5504 ergo
2685 5435 2824 5505 digni
2853 5445 2974 5488 sunt
3005 5434 3164 5490 lsrael
3190 5433 3290 5487 dici
3307 5473 3322 5498 ,
3352 5433 3442 5502 qui

1886 5533 2192 5579 meruerunt
2218 5523 2484 5577 Christum
2513 5525 2802 5595 intelligere
2833 5525 2994 5580 Deum
3037 5527 3086 5578 in
3113 5539 3271 5578 carne
3303 5522 3444 5591 posi-

1885 5632 2014 5686 tum,
2053 5631 2110 5674 ut
2137 5637 2237 5674 non
2278 5620 2415 5690 quod
2446 5619 2690 5674 videbant
2713 5628 3130 5680 contemnerent,
3175 5616 3267 5670 sed
3297 5616 3438 5685 quod

1886 5731 1986 5770 non
2008 5713 2254 5768 videbant
2273 5712 2569 5767 adorarent.
2607 5711 2720 5766 Non
2743 5713 2910 5766 visum
2936 5711 3075 5765 enim
3101 5709 3266 5763 oculis
3291 5708 3438 5763 Gen-

1889 5819 1967 5866 tes
1994 5808 2176 5863 humili
2203 5817 2377 5862 mente
2406 5815 2749 5876 perceperunt
2787 5805 2934 5860 illum
2971 5817 3129 5871 quem
3160 5816 3264 5856 non
3293 5800 3440 5882 vide-
