4020 6198
527 342 636 399 959

531 459 656 511 bant
676 497 692 521 ,
722 464 774 511 et
801 452 903 508 fide
932 445 1489 516 tcntterunt.,Proiudc
1515 444 1586 500 illi
1613 445 1700 516 qui
1728 443 1968 499 manibus
2006 452 2087 497 te-

531 556 776 607 nuerunt,
798 542 1131 606 occiderunt;
1160 540 1247 610 qui
1267 538 1367 594 fide
1389 544 1690 602 tenuerunt,
1712 534 2088 589 adoravi-runt.

530 643 593 696 Iu
627 638 787 695 Israel
812 653 1048 706 maguum
1071 650 1248 687 nomen
1280 633 1407 702 ejus.
1431 630 1521 684 Vis
1547 644 1665 683 esse
1706 626 1901 681 Israel?
1938 625 2088 679 lllum

526 730 739 785 attende
781 729 846 783 de
889 743 995 798 quo
1022 726 1275 780 Dominus
1303 723 1374 777 ait
1403 739 1416 775 :
1453 719 1579 772 Ecce
1605 734 1717 772 vere
1743 715 1996 781 Israelita,
2037 713 2091 767 in

524 821 794 890 quo‘dolus
817 836 918 873 non
949 827 1022 871 est
1055 815 1231 890 (Joan.
1262 830 1297 877 l,
1328 811 1435 884 47).
1467 810 1524 866 Si
1550 823 1706 864 verus
1726 806 1960 861 Israelita
1981 845 1996 869 ,
2037 803 2092 904 in

525 929 621 982 quo
650 912 797 965 dolus
824 926 921 962 non
952 917 1023 961 est
1043 949 1057 969 ,
1089 904 1255 960 dolosi
1283 912 1338 958 et
1386 898 1672 956 mendaces
1702 904 1805 952 non
1836 903 1955 949 sunt
1979 898 2090 948 veri

528 1002 797 1059 Israelita}.
820 1000 932 1055 Non
961 1013 1088 1069 ergo
1116 997 1292 1051 dicant
1318 994 1401 1048 isti
1430 993 1678 1085 qquniam
1696 987 1833 1059 apud
1864 986 1978 1041 illos
2009 993 2093 1040 est

528 1096 687 1158 licus,
717 1102 770 1147 et
793 1106 1037 1160 magnum
1079 1102 1270 1143 nomen
1301 1085 1416 1155 ejus
1454 1078 1506 1137 in
1545 1081 1707 1137 Israel
1738 1098 1752 1134 :
1787 1078 2007 1149 probent
2032 1091 2092 1130 se

530 1186 811 1251 ΙμιτιυΙὶιιις,
839 1195 891 1238 ct
918 1181 1152 1238 concedo
1179 1196 1275 1251 ego
1304 1178 1425 1248 quia
1467 1177 1520 1230 in
1548 1173 1711 1229 Israel
1737 1187 1975 1243 magnum
2000 1185 2091 1224 no-

527 1297 637 1333 men
669 1279 794 1346 ejus.

682 1369 829 1443 [vers.
855 1366 932 1439 3.]
977 1366 1039 1419 Et
1070 1371 1232 1435 [actus
1257 1373 1325 1417 est
1354 1362 1405 1415 in
1437 1377 1557 1431 pace
1586 1360 1726 1413 locus
1752 1358 1861 1426 ejus
1884 1397 1898 1421 ,
1931 1363 1976 1407 et
2000 1353 2092 1407 Iut-

530 1464 703 1519 bitatio
732 1463 837 1532 ejus
866 1462 917 1513 in
959 1458 1107 1513 Sion.
1138 1456 1342 1511 Rursus
1365 1453 1491 1508 Sion
1518 1450 1666 1522 quasi
1697 1448 1862 1518 patria
1886 1454 1967 1501 est
1994 1444 2089 1500 Ju-

526 1559 759 1612 dmorum
793 1573 805 1608 :
835 1569 956 1609 vera
986 1551 1111 1608 Sion
1144 1547 1376 1605 Ecclesia
1420 1556 1503 1600 est
1529 1543 1972 1599 Christianorum.
2002 1537 2091 1593 ln—

530 1647 836 1717 terpretatio
885 1653 1060 1698 autem
1116 1640 1386 1696 nominum
1442 1637 1774 1691 hehrzeorum
1825 1633 1904 1688 sic
1941 1632 2093 1686 nobis

530 1740 793 1793 traditur:
824 1736 1001 1793 Judzca
1044 1731 1316 1788 Confessio
1346 1730 1749 1797 interpretatur;
1789 1722 1949 1778 lsracl
1997 1722 2092 1776 Vi-

528 1830 663 1884 ilens
687 1829 872 1883 Deum.
900 1826 1026 1880 Post
1043 1824 1278 1879 Judmam
1303 1819 1462 1874 Israel
1489 1837 1502 1872 :
1527 1818 1604 1873 sic
1628 1817 1714 1871 hic
1743 1816 1967 1885 positum
1989 1824 2088 1878 cst,

534 1921 699 1976 Notus
737 1924 789 1974 in
812 1920 994 1973 Judtea
1025 1917 1156 1970 Deus
1181 1932 1199 1979 ;
1225 1916 1276 1968 in
1307 1912 1470 1966 Israel
1497 1926 1733 1979 magnum
1758 1925 1935 1962 nomen
1964 1907 2091 1977 ejus.

532 2016 696 2070 Deum
725 2015 802 2067 vis
825 1996 1042 2066 videre?
1073 2010 1225 2063 Prius
1248 2005 1500 2061 confitere
1545 2013 1599 2058 tu
1617 2045 1631 2064 .
1658 2010 1712 2056 et
1739 2002 1817 2056 sic
1847 2000 1897 2055 in
1927 1999 2097 2068 teipso

532 2106 591 2160 lit
614 2107 759 2159 locus
786 2103 899 2167 Dei;
922 2102 1041 2171 quia
1069 2104 1230 2171 {actus
1257 2105 1330 2151 est
1358 2097 1411 2150 in
1437 2111 1556 2165 pace
1576 2093 1715 2148 locus
1740 2092 1869 2162 ejus.
1895 2090 2094 2157 Quam-

532 2198 621 2249 diu
648 2210 772 2265 ergo
820 2208 922 2248 non
968 2189 1238 2246 confiteris
1279 2195 1491 2256 peccata
1541 2194 1666 2247 tua,
1709 2180 2097 2254 quodammodo

533 2287 722 2341 rixaris
748 2301 866 2339 cum
888 2284 999 2338 Deo
1041 2300 1054 2334 :
1098 2278 1363 2352 quomodo
1393 2278 1533 2332 enim
1578 2291 1683 2330 non
1714 2290 1834 2329 cum
1866 2274 1956 2328 illo
1986 2272 2096 2329 liti—

534 2395 645 2449 gas,
673 2377 759 2448 qui
785 2375 923 2446 quod
952 2374 1024 2428 illi
1054 2372 1295 2441 displicet
1317 2366 1536 2423 laudas?
1566 2366 1719 2421 Punit
1759 2366 1847 2420 ille
1881 2364 2053 2420 furem
2078 2381 2095 2427 ;

536 2482 589 2525 tu
621 2470 815 2523 furtum
860 2465 1041 2521 laudas
1087 2480 1099 2516 :
1149 2463 1294 2532 punit
1341 2460 1429 2515 ille
1478 2459 1783 2518 ebriosum;
1816 2466 1868 2510 tu
1915 2456 2098 2510 laudas

536 2560 913 2616 ebriositatem.
942 2556 1140 2625 Litigas
1160 2570 1278 2609 cum
1315 2553 1455 2618 Deo;
1483 2566 1587 2605 non
1622 2548 1791 2605 fecisti
1827 2549 1899 2603 illi
1927 2549 2099 2604 locum

538 2654 588 2705 in
610 2649 769 2706 corde
795 2659 917 2703 tuo:
946 2646 1065 2716 quia
1098 2646 1152 2698 in
1174 2661 1296 2716 pace
1321 2644 1459 2697 locus
1474 2642 1604 2713 ejus.
1631 2640 1700 2694 Et
1720 2638 1987 2710 quomodo
2016 2639 2099 2693 in-

536 2741 668 2810 cipis
710 2754 890 2809 pacem
931 2737 1127 2793 habere
1149 2750 1269 2790 cum
1301 2733 1453 2789 Deo?
1480 2731 1669 2801 Incipis
1695 2731 1771 2785 illi
1810 2730 1863 2784 in
1892 2728 2103 2785 confes-

536 2835 705 2888 sione.
751 2830 942 2886 Psalmi
989 2843 1089 2883 vos
1115 2837 1196 2883 est
1233 2825 1492 2892 dicentis,
1522 2823 1738 2895 Incipite
1784 2821 2000 2876 Domino
2048 2822 2101 2877 in

539 2925 846 2995 confessione
875 2920 1047 2994 (Psal.
1085 2936 1262 2986 cxcvr,
1304 2916 1381 2990 '7).
1429 2916 1565 2986 Quid
1595 2926 1709 2982 est,
1741 2913 1958 2985 Incipite
1989 2912 2099 2969 Do-

526 3019 673 3071 .miuo
699 3017 749 3069 in
775 3013 1124 3086 confessione?
1153 3010 1369 3080 Incipite
1397 3009 1609 3079 adjungi
1639 3008 1764 3062 Deo.
1792 3006 2129 3079 Quomodo!

540 3109 609 3162 lit
637 3108 738 3161 hoc
770 3106 921 3159 vobis
944 3103 1220 3171 displiceat
1244 3100 1386 3171 quod
1414 3110 1468 3154 et
1496 3100 1570 3153 illi
1609 3098 1871 3167 dislilicet.
1904 3098 2103 3167 Displi-

539 3209 625 3253 cet
654 3198 726 3250 illi
752 3196 853 3248 vita
886 3204 970 3248 tua
994 3192 1129 3247 mala
1166 3210 1180 3246 :
1220 3192 1265 3245 si
1300 3191 1503 3261 placeat
1528 3188 1656 3251 tibi,
1684 3188 1998 3258 (lisjungeris
2037 3188 2106 3244 ab

546 3288 673 3351 illo;
704 3286 747 3339 si
777 3284 1052 3354 displiceat
1080 3280 1194 3342 tibi.
1224 3296 1319 3351 per
1356 3277 1743 3333 confessionem
1773 3277 1845 3331 illi
1887 3276 2106 3346 conjun-

539 3380 701 3451 gcris.
734 3376 862 3430 Vide
891 3391 954 3430 ex
982 3380 1177 3443 quanta
1196 3380 1344 3442 parte
1369 3368 1639 3424 dissimilis
1659 3383 1739 3432 es,
1766 3367 1978 3437 quando
2002 3368 2107 3423 uti-

541 3488 643 3542 que
675 3479 890 3541 propter
915 3468 1081 3536 ipsam
1110 3459 1585 3519 dissimilitudinem
1615 3458 1882 3530 diSplices.
1911 3457 2105 3514 Factus

542 3562 680 3618 enim
704 3576 791 3626 es,
831 3575 865 3613 ο
891 3557 1053 3611 homo
1073 3596 1089 3621 ,
1122 3553 1187 3608 ad
1216 3552 1497 3622 imaginem
1527 3549 1647 3616 Dei;
1678 3564 1773 3620 per
1795 3550 1954 3603 vitam
1981 3563 2107 3604 vero

545 3666 843 3722 perversam
864 3658 919 3704 ct
939 3646 1128 3701 malam
1153 3642 1470 3714 pcrturbasti
1498 3643 1547 3696 in
1570 3651 1639 3706 te,
1666 3649 1721 3696 et
1746 3641 2109 3696 cxterminasti

545 3745 596 3798 in
629 3754 678 3798 te
706 3742 987 3812 imaginem
1015 3735 1314 3792 Conditoris
1338 3735 1431 3789 tui.
1466 3734 1652 3790 Factus
1681 3733 1950 3789 dissimilis
1973 3774 1989 3799 ,
2024 3742 2107 3787 at-

548 3837 718 3894 tendis
770 3835 821 3888 in
872 3842 959 3898 te,
990 3840 1044 3885 ct
1083 3829 1334 3899 displiccs
1377 3826 1470 3881 tibi
1503 3845 1516 3880 :
1545 3827 1652 3895 jam
1697 3841 1762 3880 ex
1789 3840 1855 3879 eo
1901 3825 2109 3894 empiin

545 3928 733 3982 similis
761 3925 873 3982 fieri
894 3965 909 3988 ,
936 3922 1058 3993 quia
1086 3921 1186 3975 hoc
1231 3918 1324 3973 tibi
1348 3917 1593 3988 displicet
1628 3914 1767 3986 quod
1792 3914 2035 3985 displicet
2057 3923 2111 3969 et

548 4021 680 4076 Deo.
1102 4072 1105 4075 .
1250 4072 1253 4077 ,

618 4112 671 4166 4.
702 4109 807 4164 Sed
835 4106 1100 4177 quomodo
1129 4118 1245 4159 sum
1289 4102 1473 4158 similis
1496 4142 1511 4167 ,
1543 4098 1717 4171 inquis
1736 4140 1752 4165 ,
1781 4098 1992 4170 quando
2019 4098 2113 4154 ad-

550 4202 653 4266 huc
688 4198 813 4253 mihi
856 4191 1153 4267 displiceo?
1179 4194 1301 4249 ldeo
1326 4193 1522 4248 dictum
1550 4202 1633 4246 est
1657 4232 1672 4256 ,
1710 4189 1945 4262 Incipite.
1975 4189 2112 4245 inci-

551 4311 616 4363 pe
643 4292 866 4347 Domino
896 4291 946 4344 iu
968 4288 1327 4352 confessione;
1361 4285 1647 4356 perlicieris
1677 4284 1728 4338 in
1750 4299 1903 4367 pace.
1929 4283 2116 4339 Adhuc

549 4385 691 4438 enim
720 4382 884 4438 habes
912 4380 1189 4435 adversum
1227 4387 1279 4433 te
1320 4376 1537 4432 bellum.
1581 4374 1832 4430 lndicitur
1875 4372 1968 4428 tibi
2000 4373 2115 4429 bel-

551 4478 679 4541 lum,
710 4490 814 4530 non
842 4474 1011 4529 solum
1038 4469 1290 4526 adversus
1309 4466 1671 4539 suggestiones
1691 4464 1906 4532 diaboli,
1930 4464 2116 4519 adver-

555 4584 647 4621 sus
676 4565 965 4637 principem
990 4560 1267 4635 potestatis
1295 4560 1432 4614 aeris
1459 4556 1761 4627 hujus,'qui
1790 4566 2039 4626 operatur
2064 4555 2115 4609 in

556 4659 677 4713 tiliis
704 4656 1031 4719 difﬁdentizr,
1060 4653 1314 4707 adversus
1351 4648 1616 4703 diabolum
1645 4656 1701 4703 et
1723 4646 1942 4716 angelos
1966 4646 2082 4714 ejus
2100 4687 2115 4711 ,

555 4751 842 4821 spiritualia
884 4747 1128 4817 nequitia:
1154 4738 1368 4814 (Epiros.
1391 4756 1469 4805 v1,
1502 4739 1612 4811 12);
1635 4754 1739 4794 non
1781 4738 1950 4794 solum
1985 4751 2114 4808 ergo

557 4844 810 4897 adversus
858 4842 1001 4910 ipsos
1045 4836 1138 4891 tibi
1179 4834 1373 4889 bellum
1421 4830 1684 4893 indicitur,
1729 4827 1824 4883 sed
1866 4827 2118 4882 adversus

558 4934 807 5000 teipsum.
829 4929 1103 4999 Quomodo
1130 4926 1384 4982 adversus
1409 4923 1632 4993 teipsum
1650 4920 1673 4974 ι
1692 4918 1957 4974 Adversus
1979 4926 2118 4972 tuam

560 5021 991 5078 consuetudinem
1022 5020 1233 5082 malam,
1264 5016 1518 5071 adversus
1543 5018 1855 5067 vetusutem
1874 5009 1995 5064 vitm
2018 5016 2119 5063 tua:

564 5114 736 5177 malae,
765 5126 882 5180 quae
907 5110 1066 5165 trahit
1089 5119 1140 5166 te
1164 5109 1231 5165 ad
1270 5108 1499 5173 solitam,
1530 5113 1586 5161 et
1610 5101 1841 5159 refrenat
1862 5116 1892 5156 a
1912 5116 2046 5156 nova
2079 5100 2118 5154 ⁸.

568 5204 818 5261 Indicitur
840 5202 980 5256 enim
1005 5202 1097 5256 tibi
1122 5200 1361 5271 quaedam
1388 5214 1519 5254 nova
1548 5198 1673 5263 vita,
1696 5205 1749 5250 et
1772 5202 1829 5250 tu
1851 5203 2005 5249 vetus
2031 5206 2119 5248 es:

565 5296 811 5356 novitatis
837 5292 1030 5365 gaudio
1076 5293 1413 5362 suspenderis
1437 5333 1452 5357 ,
1480 5289 1757 5345 vetustatis
1793 5302 1956 5343 onere
1984 5301 2124 5357 prie-

565 5387 836 5460 gravaris;
861 5382 1045 5452 incipit
1064 5381 1155 5436 tibi
1181 5396 1300 5436 esse
1326 5381 1519 5436 bellum
1542 5381 1794 5435 adversus
1828 5389 1900 5433 te.
1929 5376 2031 5433 Sed
2060 5392 2127 5432 ex

566 5496 670 5550 qua
698 5487 844 5549 parte
862 5473 956 5531 tibi
980 5471 1245 5542 diSplices,
1263 5471 1499 5542 jungeris
1526 5470 1668 5535 Deo;
1698 5480 1754 5525 et
1777 5485 1843 5524 ex
1857 5485 1958 5540 qua
1980 5478 2128 5539 parte

567 5572 675 5641 jam
718 5566 956 5642 iungeris
984 5565 1115 5631 Deo,
1161 5561 1381 5617 idoneus
1422 5562 1529 5617 eris
1574 5560 1641 5616 ad
1672 5562 1987 5617 vincendum
2035 5570 2124 5627 te,

633 5727 651 5756 ι
674 5731 803 5781 t.ov.,
826 5720 892 5773 ad
911 5719 1099 5773 solitam
1118 5724 1163 5771 et
1185 5715 1454 5781 refrenatur
1476 5726 1509 5764 a
1527 5724 1660 5763 nova.
1685 5720 1738 5764 At
1759 5718 1886 5774 ttss.,
1908 5714 1972 5762 ad
1994 5710 2131 5765 solita

569 5794 617 5838 et
636 5786 845 5855 renuat
864 5796 1043 5835 auctu.

1716 332 1772 389 s.
1811 327 2172 387 succsrm
2212 312 2513 388 sciscam

3665 341 3783 398 θιλο

2197 442 2320 511 quia
2349 443 2437 499 ille
2461 454 2633 500 tecum
2680 456 2762 501 est
2788 448 2877 517 qui
2904 447 3078 502 omnia
3106 460 3341 519 superat.
3379 452 3611 508 Attende
3641 456 3775 524 quid

2196 535 2323 589 dicit
2349 538 2632 606 Aposmlus
2661 556 2675 593 :
2713 538 2883 594 Mente
2908 542 3067 594 servio
3111 542 3208 613 legi
3245 541 3342 596 Dei
3355 559 3374 607 ;
3403 560 3555 598 carne
3591 559 3775 601 autem

2195 624 2298 695 legi
2315 628 2523 695 peccati.
2549 627 2695 684 Unde
2730 631 2935 684 mente?
2968 630 3098 694 Quia
3125 632 3371 696 displicet
3410 634 3501 689 tibi
3538 637 3645 690 vita
3684 647 3773 692 tua

2195 714 2352 769 mala.
2382 716 2535 773 Unde
2562 720 2749 773 carne?
2772 720 2902 789 Quia
2939 736 3044 776 non
3083 722 3276 777 desum
3316 729 3693 796 suggestioues
3719 740 3776 785 et

2195 804 2572 863 delectationes
2593 810 2779 876 make;
2807 811 2901 866 sed
2928 827 2991 866 ex
3022 828 3087 866 eo
3124 814 3265 883 quod
3304 826 3484 872 mente
3525 819 3773 889 iungeris

2197 896 2327 964 Deo,
2360 899 2526 956 vincis
2568 901 2789 972 quodin
2835 914 2885 957 te
2928 920 3031 958 non
3072 906 3184 959 vult
3226 908 3398 977 sequi.
3441 910 3772 972 Prmecssisti

2195 992 2335 1045 enim
2363 1007 2427 1048 ex
2454 1002 2634 1064 parte.
2664 1004 2718 1050 et
2744 1011 2808 1050 ex
2848 1008 2996 1067 parte
3024 998 3248 1053 tardaris
3291 1016 3304 1053 :
3355 1004 3511 1061 trahe
3539 1008 3772 1077 teipsum

2194 1082 2259 1136 ad
2286 1084 2432 1139 illum
2454 1086 2543 1155 qui
2575 1097 2626 1142 te
2653 1102 2862 1143 sursum
2887 1090 3040 1145 tollit.
3072 1091 3314 1151 Pondere
3345 1099 3578 1167 quodam
3619 1114 3775 1160 vetu-

2194 1175 2346 1229 statis
2382 1174 2732 1247 deprimeris;
2763 1180 2926 1235 clama
2957 1194 3011 1237 et
3052 1182 3140 1237 dic
3178 1201 3191 1236 :
3232 1183 3435 1260 Infelix
3453 1209 3545 1262 ego
3574 1194 3767 1263 homo,

2192 1265 2304 1333 quis
2330 1282 2408 1320 me
2433 1266 2657 1322 liberabit
2688 1270 2750 1325 de
2776 1288 2985 1341 corpore
3023 1276 3199 1332 mortis
3224 1279 3415 1351 hujus?
3440 1285 3562 1352 quis
3588 1302 3678 1342 me
3704 1288 3770 1343 Ii-

2195 1355 2399 1412 berabit
2416 1359 2481 1413 ab
2501 1375 2567 1415 eo
2590 1376 2696 1433 quo
2719 1365 2950 1432 gravor?
2973 1383 3168 1438 corpus
3194 1372 3333 1425 enim
3354 1374 3494 1444 quod
3523 1391 3772 1433 corrum-

2196 1447 2355 1516 pitur,
2384 1461 2633 1520 aggravat
2652 1454 2879 1508 animam
2901 1456 3054 1528 (Sap.
3082 1476 3159 1526 Ix,
3195 1462 3304 1531 15).
3327 1462 3454 1531 Quis
3480 1481 3609 1537 ergo
3634 1469 3771 1525 lihe-

2194 1539 2371 1595 rabit?
2418 1541 2592 1598 Gratia
2622 1545 2717 1600 Dei
2739 1564 2828 1616 per
2862 1548 2893 1602 J
2904 1568 3040 1604 esum
3068 1550 3323 1608 Christum
3351 1555 3625 1613 Dominum
3674 1580 3769 1617 tto-

2194 1640 2354 1685 strum
2383 1632 2559 1702 (Rom.
2605 1651 2698 1701 vn,
2744 1637 2835 1706 25,
2867 1640 2981 1710 9.4).
3005 1642 3178 1709 Quare
3202 1654 3378 1700 autem
3407 1652 3669 1719 permittit
3717 1667 3771 1711 ut

2195 1719 2284 1774 diu
2323 1724 2505 1778 contra
2537 1733 2586 1780 te
2612 1726 2785 1798 litiges
2803 1771 2820 1795 ,
2846 1730 3017 1787 donec
3041 1733 3427 1792 absorbeantur
3450 1756 3641 1796 omnes
3680 1760 3771 1799 cu-

2198 1811 2440 1881 piditates
2469 1818 2661 1873 malas?
2692 1818 2761 1875 Ut
2793 1821 3056 1892 intelligas
3090 1825 3142 1880 in
3172 1835 3223 1881 te
3261 1843 3469 1897 poenam
3499 1842 3643 1887 tuam
3673 1853 3686 1887 :
3716 1837 3769 1891 ia

2198 1911 2249 1958 lc
2276 1919 2338 1959 ex
2368 1906 2537 1977 tcipso
2563 1919 2644 1964 est
2670 1910 2936 1982 flagellum
2964 1925 3143 1981 tuum;
3174 1918 3243 1972 sit
3271 1921 3284 1951 ³
3310 1921 3422 1974 rixa
3454 1932 3541 1976 tua
3570 1934 3767 1982 tecum.

2197 1995 2285 2051 Sic
2305 1999 2600 2055 vindicatur
2629 2003 2681 2055 in
2727 2005 2976 2061 rebellem
3017 2008 3270 2064 adversus
3301 2011 3502 2078 Deum,
3555 2026 3611 2070 ut
3658 2018 3772 2087 ipse

2199 2088 2296 2142 sibi
2327 2088 2391 2144 sit
2421 2089 2613 2146 bellum
2638 2134 2653 2159 ,
2704 2096 2793 2164 qui
2838 2112 3018 2166 pacem
3053 2101 3219 2154 noluit
3244 2101 3442 2159 habere
3484 2121 3603 2160 cum
3634 2107 3770 2164 Deo.

2199 2176 2303 2232 Sed
2345 2187 2464 2234 tene
2491 2183 2730 2238 membra
2777 2195 2863 2240 tua
2890 2188 3144 2244 adversus
3170 2194 3623 2261 concupiscentias
3651 2208 3772 2255 tuas

2203 2271 2388 2326 malas.
2416 2272 2654 2329 Surrexit
2683 2276 2759 2331 ira
2783 2293 2800 2341 ;
2833 2287 2953 2334 tene
2980 2292 3031 2333 ιιι
3059 2267 3270 2336 manum
3298 2284 3615 2354 conjunctus
3640 2290 3773 2344 Dee.

2206 2358 2381 2416 Potuit
2425 2379 2675 2435 surgere,
2726 2368 2819 2422 sed
2846 2385 2952 2424 non
2982 2370 3181 2426 invenit
3224 2388 3393 2429 arma.
3438 2378 3591 2445 Apud
3638 2384 3770 2433 iram
3803 2438 3820 2456 ,

2202 2463 2343 2507 tuam
2387 2454 2612 2525 impetus
2648 2468 2764 2525 est;
2810 2461 2949 2531 apud
2983 2470 3034 2517 te
3059 2477 3205 2518 arma
3230 2474 3355 2545 sunt
3385 2484 3399 2520 :
3425 2468 3497 2521 sit
3544 2468 3773 2539 impetus

2203 2543 2450 2614 inermis,
2483 2558 2538 2603 et
2564 2548 2721 2605 discit
2741 2550 2852 2621 jam
2874 2568 2979 2608 non
3005 2569 3220 2624 surgere
3249 2543 3338 2627 qui
3364 2556 3562 2615 frustm
3585 2577 3770 2618 surre-

2201 2635 2299 2689 xit.
2383 2671 2391 2679 .

2272 2729 2326 2784 5.
2358 2728 2468 2785 Hoc
2495 2739 2673 2787 autem
2704 2731 2846 2801 dico,
2878 2734 3194 2800 charissimi,
3221 2754 3289 2792 ne
3317 2738 3453 2795 forte
3480 2742 3601 2812 quia
3630 2743 3772 2798 dixi-

2202 2834 2342 2888 mus,
2370 2820 2531 2877 Carne
2554 2834 2721 2879 autem
2747 2824 2843 2897 legi
2873 2829 3080 2898 peccati,
3111 2831 3305 2898 putetis
3331 2834 3773 2890 consentiendum

2204 2927 2325 2967 esse
2366 2911 2640 2970 desideriis
2688 2917 2877 2971 vestris
2914 2920 3235 2974 carnalibus.
3273 2921 3388 2976 Etsi
3413 2940 3512 2977 non
3543 2936 3780 2994 possunt

2204 3003 2364 3058 modo
2389 3004 2489 3059 nisi
2512 3020 2629 3061 esse
2669 3008 2932 3064 desideria
2973 3013 3224 3079 carnalia,
3258 3029 3365 3070 non
3394 3026 3476 3072 est
3501 3017 3607 3071 illis
3634 3034 3776 3075 con-

2205 3096 2557 3152 sentiendum.
2589 3098 2875 3167 Propterea
2905 3117 3012 3157 non
3055 3104 3187 3159 dixit
3215 3106 3520 3174 Apostolus.
3549 3108 3665 3164 Non
3706 3112 3777 3166 sit

2206 3195 2479 3255 peccatqu
2507 3188 2558 3242 iu
2585 3197 2760 3245 vestro
2780 3192 2989 3247 mortali
3018 3208 3279 3265 corpore;
3309 3198 3457 3252 novit
3482 3201 3625 3254 enim
3651 3201 3773 3270 quia

2207 3276 2455 3344 quamdiu
2482 3280 2706 3336 mortale
2727 3290 2829 3346 est,
2853 3292 2933 3337 est
2962 3284 3030 3338 ibi
3055 3294 3328 3354 peccatum
3355 3306 3370 3342 :
3396 3290 3490 3343 sed
3516 3292 3641 3361 quid
3665 3291 3776 3347 ait?

2212 3363 2334 3419 Non
2361 3384 2480 3438 ergo
2513 3379 2679 3439 regnet
2722 3381 2979 3439 peccatum
3019 3374 3073 3427 in
3117 3385 3277 3431 vestro
3307 3380 3511 3433 mortali
3545 3397 3772 3452 corpore.

2210 3455 2345 3522 Quid
2373 3465 2483 3523 est,
2516 3475 2616 3513 non
2636 3463 2848 3532 regnet?
2876 3463 2992 3533 lpse
3011 3468 3254 3535 exposuit
3281 3484 3294 3521 :
3323 3469 3402 3522 Ad
3421 3470 3774 3540 obediendum,

2212 3547 2399 3619 inquit,
2428 3549 2686 3607 desideriis
2712 3555 2820 3624 ejus
2842 3554 3014 3626 (Rom.
3049 3573 3125 3625 vr,
3176 3558 3287 3630 12).
3328 3561 3467 3617 Sunt
3490 3562 3774 3629 desideria,

2209 3641 2475 3708 existunt;
2523 3642 2783 3700 desideria
2814 3661 2920 3701 non
2968 3656 3022 3702 tu
3066 3649 3288 3707 obaudis
3314 3651 3593 3709 desideriis
3636 3656 3773 3719 tuis,

2210 3748 2313 3787 non
2342 3736 2582 3805 sequeris
2611 3736 2722 3806 ipsa
2767 3738 3048 3807 desideria,
3075 3757 3178 3796 non
3207 3743 3310 3797 illis
3352 3748 3625 3801 censentis
3655 3764 3671 3800 :
3698 3759 3777 3803 est

2211 3824 2303 3879 tibi
2332 3837 2623 3895 peccatum,
2646 3828 2740 3883 sed
2759 3830 2936 3886 amisit
2957 3847 3193 3907 regnum,
3221 3836 3429 3906 quando
3462 3826 3467 3830 ’
3475 3839 3587 3903 jam
3636 3842 3688 3896 in
3729 3851 3777 3897 te

2212 3932 2315 3971 non
2356 3928 2539 3989 regnat
2569 3931 2858 3988 peccaturo;
2897 3935 3078 3992 postea
3118 3927 3325 3982 inimica
3375 3932 3660 3985 novissima
3681 3933 3775 3986 de-

2211 4016 2443 4063 struetur
2462 4024 2609 4065 mors
2636 4010 2677 4081 (ι
2699 4010 2815 4067 Cor.
2838 4028 2929 4080 xv,
2961 4014 3073 4087 26).
3101 4015 3235 4083 Quid
3279 4018 3420 4074 enim
3467 4020 3620 4075 nobis
3661 4038 3776 4093 pro-

2214 4100 2454 4175 mittitur,
2484 4102 2732 4173 quoniam
2760 4103 2959 4161 dictum
2988 4117 3070 4163 est
3097 4125 3109 4161 :
3132 4107 3307 4165 Mente
3321 4111 3498 4167 servio
3527 4113 3629 4184 legi
3654 4115 3775 4178 Dei;

2213 4204 2374 4247 carne
2408 4200 2581 4248 autem
2616 4193 2715 4265 legi
2754 4198 2954 4263 peccati
2993 4197 3168 4268 (Rom.
3198 4216 3290 4265 vn,
3315 4201 3434 4269 25)?
3476 4204 3613 4259 Audi
3661 4222 3779 4276 pro-

2215 4283 2517 4339 missionem
2547 4302 2561 4338 :
2593 4287 2712 4355 quia
2748 4303 2853 4342 non
2892 4304 3103 4359 semper
3127 4301 3284 4346 erunt
3307 4295 3357 4347 in
3390 4307 3551 4349 carne
3570 4295 3778 4351 deside-

2213 4375 2291 4430 ria
2316 4376 2509 4431 illicita.
2528 4377 2735 4433 Etenim
2756 4391 3014 4452 resurget,
3038 4392 3091 4437 et
3109 4385 3425 4451 mutabitur;
3452 4396 3508 4441 et
3525 4402 3649 4442 cum
3676 4405 3780 4443 uiu-

2217 4473 2323 4519 tata
2350 4464 2507 4521 fuerit
2529 4483 2653 4523 caro
2674 4469 2769 4525 ista
2800 4472 3038 4528 mortalis
3063 4475 3114 4528 in
3148 4475 3418 4545 spirituale
3440 4492 3657 4547 corpus,
3673 4479 3779 4547 jam

2218 4556 2378 4613 nullis
2401 4559 2838 4629 concupiscentiis
2873 4564 3231 4631 saecularibus,
3259 4566 3368 4635 jam
3406 4568 3569 4623 nullis
3614 4581 3784 4626 terre-

2220 4649 2301 4702 nis
2342 4647 2781 4706 delectationibus
2826 4653 3058 4708 titillabit
3089 4655 3341 4720 animam,
3371 4672 3472 4713 nec
3510 4668 3722 4715 avertet
3756 4677 3786 4717 ι

2219 4740 2663 4811 contemplatione
2693 4733 2803 4799 Dei.
2833 4742 2917 4799 Fit
2954 4760 3080 4816 ergo
3113 4747 3165 4802 in
3198 4762 3261 4803 ea
3293 4749 3434 4819 quod
3467 4749 3601 4806 dicit
3647 4755 3789 4822 Apo-

2220 4832 2406 4900 stolus,
2436 4852 2455 4885 ‹
2487 4833 2692 4905 Corpus
2715 4835 2926 4906 quidem
2950 4847 3214 4894 mortuum
3238 4848 3322 4895 est
3348 4851 3564 4910 propter
3603 4858 3789 4913 pecca-

2222 4934 2331 4980 tum
2353 4944 2368 4992 ;
2390 4925 2605 4996 Spiritus
2623 4924 2798 4982 autem
2820 4929 2925 4983 vita
2953 4938 3031 4984 est
3064 4938 3278 4999 propter
3291 4930 3571 4999 justitiam.
3606 4933 3663 4989 Si
3690 4949 3784 4987 au-

2222 5024 2329 5071 tem
2355 5017 2442 5087 qui
2462 5017 2731 5072 suscitavit
2755 5016 2932 5073 Iesum
2970 5033 2998 5072 a
3039 5020 3259 5075 mortuis
3285 5020 3485 5075 habitat
3522 5022 3575 5077 in
3606 5025 3787 5088 vobis;

2223 5110 2311 5179 qui
2335 5108 2605 5164 suscitavit
2622 5109 2801 5165 Iesum
2836 5109 3100 5165 Christum
3125 5126 3155 5165 a
3181 5113 3402 5167 mortuis
3428 5113 3715 5170 vivificabit
3739 5124 3791 5170 et

2225 5202 2463 5256 mortalia
2502 5215 2721 5270 corpora
2758 5210 2953 5267 vestra,
2983 5211 3194 5272 propter
3218 5203 3470 5273 Spiritum
3507 5221 3665 5262 suum
3701 5206 3789 5276 qui

2227 5294 2427 5350 habitat
2472 5295 2525 5350 iu
2552 5295 2701 5351 vobis
2733 5313 2752 5346 ι
2798 5293 2909 5366 (Id.
2936 5311 3049 5359 vui,
3082 5295 3170 5362 10,
3195 5297 3308 5366 11).
3341 5297 3631 5354 Vivificatis
3666 5314 3794 5370 ergo

2227 5386 2538 5457 COrporibus
2565 5385 2780 5449 nostris,
2817 5385 2919 5441 erit
2955 5401 3053 5455 pax
3080 5401 3203 5441 vera
3225 5386 3311 5442 ubi
3347 5387 3495 5443 locus
3530 5397 3613 5442 est
3658 5388 3791 5444 Dei:

2228 5479 2320 5535 sed
2339 5477 2599 5538 praecedat
2611 5476 2891 5532 confessio.
2912 5476 3076 5533 Notus
3091 5478 3143 5532 in
3153 5477 3339 5534 Judtea
3353 5476 3491 5535 Deus
3506 5496 3526 5534 :
3539 5480 3798 5535 conﬁtere

2231 5584 2358 5639 ergo
2383 5569 2543 5638 prius.
2561 5565 2627 5621 In
2642 5566 2808 5621 Israel
2828 5585 3062 5639 magnum
3086 5586 3264 5625 nomen
3285 5571 3395 5641 ejus
3420 5585 3441 5625 :
3459 5570 3692 5626 nondum
3720 5570 3798 5625 ri-

2232 5660 2327 5718 des
2354 5676 2404 5714 m
2424 5660 2597 5727 specie
2618 5659 2769 5724 ;vide
2794 5675 2856 5716 ex
2887 5661 3006 5731 fide,
3033 5670 3088 5719 et
3109 5661 3204 5718 ﬁet
3226 5662 3282 5719 in
3304 5671 3355 5720 te
3380 5662 3523 5734 quod
3554 5663 3800 5735 sequitur

2298 5772 2313 5803 ⁸
2340 5770 2525 5833 Aliquot
2544 5776 2671 5832 uss,
2689 5767 2765 5834 ﬁt.
