4020 6198
244 348 337 403 961

244 460 305 512 lit
359 462 519 525 [actus
569 459 638 502 est
683 447 735 499 in
782 458 902 512 pace
943 441 1080 494 locus
1107 436 1236 506 ejus,
1281 443 1327 485 et
1363 426 1597 482 habitatio
1626 437 1735 492 ejus
1759 419 1812 469 in

245 514 392 603 Sinti.
432 543 558 597 Sion
619 540 992 604 interpretatur
1062 522 1464 592 Contemplatio.
1519 514 1651 584 Quid
1690 601 1704 604 Δ
1735 519 1816 604 est

246 630 624 702 contemplatio
654 629 710 682 ίῖ
749 619 1234 689 Contemplahimur
1291 612 1432 667 enim
1477 608 1638 662 Deum
1683 601 1814 654 facie

249 729 315 784 ad
349 693 534 781 faciem
566 722 605 791 (Ι
634 719 749 776 Cor.
782 733 894 777 xui,
928 714 1036 783 19.).
1065 711 1159 765 llic
1188 706 1339 762 nobis
1389 699 1726 772 promittitur.
1759 693 1812 746 in

251 833 408 889 quem
440 813 596 869 modo
629 827 731 863 non
771 807 1010 861 videntes
1044 799 1327 855 credimus.
1369 786 1653 858 Quomodo
1694 797 1819 853 gau-

253 909 498 966 debimus
527 920 646 958 cum
680 900 961 954 viderimus
985 892 1142 948 eum?
1173 890 1405 951 Fratres,
1435 883 1481 936 si
1519 878 1673 933 modo
1702 887 1817 928 tau-

258 1014 366 1055 tum
395 997 641 1070 gaudium
672 995 725 1046 in
763 991 913 1044 nobis
950 986 1072 1041 facit
1112 968 1411 1054 promissio,
1460 980 1711 1044 quantum
1741 975 1823 1067 est

261 1057 456 1145 factura
485 1083 746 1140 redditio?
775 1078 1042 1135 Reddetur
1083 1073 1221 1128 enim
1249 1069 1400 1123 nobis
1440 1063 1578 1134 quod
1630 1057 1826 1129 promi-

262 1184 351 1235 sit.
383 1179 442 1233 Et
476 1177 598 1247 quid
628 1169 897 1243 promisit?
929 1167 1191 1234 Seipsum,
1233 1159 1362 1213 utin
1395 1156 1523 1210 facie
1566 1151 1746 1220 ipsius,
1773 1155 1824 1198 et

266 1275 408 1330 illius
465 1263 908 1335 contemplatioae
973 1255 1326 1327 gaudeamus;
1381 1257 1434 1302 et
1482 1259 1586 1298 non
1635 1236 1827 1335 aliquid

267 1327 408 1417 aliud
435 1327 717 1415 delectabit
748 1366 862 1416 nos,
890 1348 1008 1419 quia
1052 1344 1179 1398 nihil
1205 1353 1286 1397 est
1313 1337 1502 1392 melius
1531 1333 1620 1388 illo
1641 1330 1727 1399 qui
1756 1327 1831 1380 fe-

269 1457 341 1510 cit
367 1453 542 1508 omnia
569 1463 684 1517 quae
712 1444 991 1498 delectant.
1020 1435 1207 1489 Factus
1233 1441 1302 1485 est
1326 1429 1377 1482 in
1400 1442 1520 1496 pace
1542 1425 1677 1477 locus
1702 1419 1830 1484 ejus,

273 1555 318 1598 et
363 1510 598 1595 habitatio
639 1538 744 1606 ejus
783 1534 836 1585 in
864 1529 988 1585 Sion
1019 1545 1035 1582 :
1062 1525 1112 1579 id
1150 1531 1249 1586 est,
1299 1523 1350 1574 in
1397 1510 1837 1582 contemplatione

276 1633 499 1701 quadam
539 1639 591 1683 et
631 1599 991 1694 speculatione
1041 1617 1171 1670 facta
1209 1621 1289 1666 est
1326 1607 1576 1663 habitatio
1636 1601 1749 1671 ejus
1784 1599 1838 1650 in

277 1725 425 1780 Sion.

349 1817 401 1869 6.
432 1813 608 1886 vers.
659 1804 738 1878 4.]
778 1804 856 1858 lbi
906 1799 1146 1870 confregit
1186 1792 1496 1866 fortitudines
1544 1801 1746 1841 arcuum
1798 1791 1843 1868 et

279 1875 492 1968 scutum,
533 1910 576 1954 et
602 1875 857 1970 gladium,
893 1903 936 1963 et
967 1891 1164 1946 bellant.
1196 1886 1290 1942 Ubi
1334 1878 1624 1948 confregit?
1657 1877 1712 1930 ln
1757 1875 1843 1928 illa

282 2011 410 2067 pace
448 1968 662 2054 interna,
705 1990 755 2042 in
782 1987 866 2040 illa
897 1998 1022 2053 pace
1057 1978 1307 2050 perfecta.
1351 1974 1415 2028 Et
1445 1971 1620 2032 modo,
1661 1968 1846 2021 fratres

284 2059 408 2149 inci,
437 2085 523 2153 qui
573 2082 704 2135 bene
747 2076 1115 2136 crediderunt,
1161 2069 1339 2122 vident
1369 2064 1489 2134 quia
1530 2077 1633 2115 non
1679 2059 1744 2111 de
1789 2072 1847 2110 se

287 2150 480 2232 debent
515 2182 868 2243 prmsumere;
909 2173 960 2218 et
1003 2175 1212 2222 omnem
1256 2155 1543 2226 potentiam
1591 2150 1849 2203 minarum

289 2239 529 2329 suarum,
543 2274 595 2317 et
619 2257 866 2331 quidquid
890 2256 938 2308 in
965 2255 1042 2309 eis
1065 2261 1274 2306 acutum
1299 2250 1318 2278 ²
1340 2255 1421 2300 est
1445 2244 1508 2298 ad
1533 2239 1848 2302 nocendum,

291 2358 626 2425 coul'ringunt
645 2351 769 2405 illud
796 2368 808 2402 :
832 2357 882 2402 et
903 2343 1149 2416 quidquid
1171 2341 1318 2411 quasi
1341 2353 1436 2406 pro
1453 2349 1641 2404 magno
1661 2331 1856 2385 habent

243 2473 254 2480 -
292 2446 433 2502 unde
470 2417 528 2498 se
569 2445 902 2512 protegerent
929 2436 949 2466 ³
981 2430 1354 2501 temporaliter,
1389 2435 1442 2481 et
1486 2423 1677 2478 bellum
1718 2417 1857 2489 quod

295 2537 545 2592 adversus
590 2534 752 2585 Deum
795 2523 1121 2581 defendendo
1169 2528 1380 2590 peccata
1426 2531 1519 2571 sua
1568 2512 1857 2584 gerebant,

297 2629 472 2683 omnia
502 2626 612 2678 haec
640 2624 706 2675 ibi
737 2617 1012 2686 confregit.

370 2719 424 2773 7.
463 2715 622 2788 [vers.
652 2710 746 2783 5.]
787 2708 1086 2762 flluminans
1109 2713 1161 2757 tu
1181 2699 1538 2754 admirabiliter
1562 2713 1594 2748 a
1619 2693 1863 2748 montibus

299 2783 518 2864 aeternis.
563 2805 662 2871 Qui
711 2809 832 2855 sunt
878 2807 1082 2852 montes
1127 2791 1341 2847 azterni?
1392 2789 1534 2856 Quos
1563 2788 1694 2855 -ipse
1746 2783 1868 2837 fecit

302 2915 560 2962 aeternos;
590 2896 676 2966 qui
707 2903 830 2948 sunt
858 2899 1061 2944 montes
1090 2887 1296 2956 magni,
1327 2881 1696 2952 prmdicatores
1725 2875 1865 2928 vcri-

304 2993 444 3046 tatis.
491 2990 570 3043 Tu
602 2985 898 3046 illuminas;
931 2980 1025 3035 sed
1051 2995 1078 3032 a
1110 2977 1374 3031 montibus
1409 2972 1619 3027 attentis
1651 2988 1664 3023 :
1715 2968 1866 3038 primi

306 3083 478 3152 magni
514 3089 718 3135 montes
763 3074 1031 3142 excipiunt
1073 3072 1238 3123 lucem
1271 3079 1432 3131 tuam,
1483 3073 1536 3116 et
1577 3079 1604 3114 a
1635 3061 1751 3115 luce
1783 3071 1868 3112 tua

307 3151 462 3244 quam
506 3170 799 3238 Suscipiunt
835 3172 1060 3229 montes,
1105 3160 1324 3214 vestitur
1361 3168 1413 3212 et
1460 3166 1616 3210 terra.
1649 3152 1752 3208 Sed
1797 3151 1869 3205 illi

310 3241 481 3334 magni
510 3270 712 3315 montes
737 3263 1056 3326 exceperunt
1079 3250 1350 3322 Apostoli;
1384 3259 1626 3317 tanquam
1653 3241 1872 3298 orientis

313 3333 520 3409 luminis
539 3349 820 3422 primOrdia
842 3353 1155 3414 exceperunt
1179 3340 1428 3410 Apostoli.
1452 3335 1709 3406 Numquid
1732 3333 1870 3405 quod

310 3451 626 3513 exceperunt
649 3482 662 3503 ,
694 3438 827 3508 apud
856 3451 912 3492 se
943 3433 1306 3489 retinuerunt"
1331 3429 1475 3490 Non;
1506 3444 1572 3482 ne
1609 3426 1874 3480 diceretur

313 3536 453 3590 illis:
489 3533 638 3585 Serve
678 3544 884 3595 nequam
934 3535 979 3577 et
1023 3524 1180 3592 piger,
1223 3521 1367 3572 dares
1414 3516 1675 3588 pecuniam
1712 3529 1873 3566 meam

315 3622 660 3677 nummnlnriis
704 3616 931 3686 (Matth.
965 3629 1071 3667 xxv
1097 3654 1110 3676 ,
1155 3610 1243 3674 9.6,
1271 3610 1338 3662 9.7
1455 3607 1510 3660 Si
1557 3619 1685 3673 ergo
1735 3600 1874 3671 quod

315 3721 658 3782 susceperunt
682 3724 783 3763 non
812 3707 948 3776 apud
978 3721 1035 3759 se
1063 3705 1424 3764 retinuerunt,
1457 3697 1547 3752 sed
1575 3695 1717 3749 omni
1761 3691 1875 3746 orbi

319 3820 573 3862 terrarum
605 3800 1037 3872 przrdicaverunt,
1068 3794 1367 3847 llluminans
1399 3801 1449 3842 tu
1473 3785 1829 3841 admirabiliter
1848 3799 1880 3834 a

318 3898 566 3952 montibus
587 3893 801 3947 wternis.
825 3889 966 3955 Quos
993 3896 1215 3939 :etcrnos
1243 3881 1430 3944 fet-isti,
1459 3894 1553 3948 per
1579 3877 1696 3931 illos
1720 3874 1881 3928 vitam

318 4001 568 4044 retentam
597 3994 650 4040 et
678 3983 882 4038 eceteris
912 3977 1189 4050 promisisti
1216 3993 1227 4029 :
1262 3973 1564 4027 llluminans
1588 3977 1639 4021 tu
1659 3966 1882 4018 admira-

319 4084 480 4137 biliter
527 4097 558 4133 a
608 4076 854 4131 montibus
893 4072 1107 4126 teter-nis.
1161 4065 1429 4135 Magnifice
1483 4077 1599 4117 cum
1651 4057 1882 4128 pondere

320 4174 514 4227 dictum
555 4179 634 4224 est
658 4210 672 4234 ,
707 4165 821 4230 Tu;
849 4179 914 4218 ne
943 4170 1087 4232 putet
1116 4159 1304 4226 aliquis
1346 4155 1483 4225 quod
1522 4168 1642 4206 cum
1680 4161 1883 4205 montes

323 4263 637 4317 illuminent.
670 4256 814 4310 Multi
844 4253 982 4308 enim
1013 4259 1253 4320 putantes
1281 4246 1419 4317 quod
1448 4245 1515 4300 ab
1542 4244 1668 4314 ipsis
1692 4242 1885 4296 monti-

325 4355 421 4408 lms
447 4352 878 4409 illuminarentur,
911 4344 1144 4399 fecerunt
1174 4339 1268 4394 sibi
1300 4345 1472 4407 partes
1500 4335 1564 4388 de
1593 4331 1884 4396 montibus;

325 4455 378 4498 et
408 4445 549 4513 ipsos
581 4451 788 4495 montes
814 4434 1152 4491 conciderunt
1177 4428 1197 4459 ⁸
1217 4471 1231 4495 ,
1263 4437 1316 4482 et
1341 4427 1437 4496 ipsi
1467 4421 1717 4479 cool'racti
1744 4431 1885 4474 sunt.

327 4512 514 4589 Nescio
551 4531 637 4600 qui
666 4531 762 4584 sibi
792 4528 1028 4582 fecerunt
1055 4524 1308 4576 Donatum
1329 4561 1342 4582 ,
1371 4517 1547 4571 nescio
1572 4515 1657 4584 qui
1685 4513 1778 4567 sibi
1812 4512 1887 4566 fe-

328 4635 513 4679 ret-unt
531 4623 895 4677 Maximianum
916 4661 930 4681 ,
957 4616 1134 4671 nescio
1163 4613 1249 4682 qui
1282 4610 1379 4665 sibi
1410 4611 1643 4665 iecerunt
1671 4607 1810 4660 illum
1837 4614 1890 4659 et

332 4717 496 4768 illum.
530 4714 701 4778 Quare
728 4715 1031 4777 computant
1071 4705 1291 4759 salutem
1327 4715 1471 4754 suam
1503 4698 1554 4752 in
1595 4695 1890 4750 hominibus

331 4821 448 4858 esse
470 4846 483 4867 ,
514 4819 614 4855 non
644 4803 695 4855 in
726 4800 868 4854 Deo?
889 4797 935 4852 Ο
961 4797 1116 4848 homo
1134 4837 1149 4861 ,
1178 4793 1318 4846 venit
1342 4791 1405 4844 ad
1428 4801 1478 4844 te
1505 4790 1592 4843 lux
1625 4803 1716 4855 per
1740 4801 1889 4838 mon-

303 4897 447 4956 ‘tes;
479 4893 570 4962 sed
601 4892 736 4945 Deus
774 4901 824 4943 te
868 4886 1142 4948 illuminat,
1184 4897 1286 4936 non
1316 4891 1539 4933 montes.
1589 4876 1894 4931 Illuminans

337 4995 386 5036 tu
410 5023 425 5048 ,
457 4982 620 5049 inquit
644 4998 656 5032 :
684 4990 736 5032 tu
756 5021 769 5042 ,
803 4995 910 5031 non
931 4984 1155 5030 montes.
1181 4973 1260 5027 Tu
1287 4972 1576 5025 illuminans
1601 4985 1620 5022 :
1651 4985 1682 5020 a
1710 4968 1893 5022 monti-

338 5073 425 5126 bus
463 5070 670 5139 quidem
718 5067 948 5129 a'ternis;
976 5065 1098 5130 sed,
1129 5074 1180 5117 tu
1219 5063 1528 5117 illuminans.
1567 5057 1718 5115 Unde
1743 5069 1795 5114 et
1843 5058 1895 5112 in

403 5206 417 5236 ¹
445 5204 520 5253 sic
546 5201 656 5250 Edd.
678 5209 735 5250 Αι
755 5209 895 5250 Mss.:
929 5198 1050 5259 Quid
1087 5197 1148 5247 sit
1169 5192 1495 5259 contemplatio
1522 5205 1675 5259 :_qute
1699 5193 1897 5259 verbae

339 5266 556 5326 margine
580 5265 834 5326 irrepsisse
852 5255 1088 5326 videntur.
1101 5321 1110 5326 _
1124 5260 1213 5308 nisi
1238 5255 1360 5326 forte
1384 5255 1644 5326 legendum
1663 5264 1755 5326 est,
1779 5262 1832 5326 ut
1850 5256 1899 5325 i_n

341 5314 744 5374 tzildft'ratellfet
779 5329 1012 5371 Gemmct.
1039 5321 1258 5378 habetur,
1274 5317 1381 5378 jam
1416 5314 1633 5378 hesterna
1656 5315 1734 5365 die
1770 5314 1900 5364 dixi-

342 5403 463 5445 mus,
489 5393 532 5435 et
554 5385 808 5446 audierunt
831 5384 1025 5446 quidam
1037 5376 1251 5446 fratres,
1271 5376 1385 5442 quos
1419 5384 1464 5427 et
1485 5376 1624 5427 hodie
1647 5386 1901 5440 praesentes

344 5441 571 5506 videmus,
595 5446 707 5508 quid
733 5445 793 5495 sit
816 5441 1158 5508 contemplatio.

407 5514 427 5542 ³
451 5512 523 5559 sic
547 5499 655 5556 Iid'd.
681 5516 734 5557 At
769 5515 873 5557 Mss.
897 5499 1146 5569 plerique,
1184 5509 1342 5553 aetum
1372 5507 1460 5551 est.
1495 5499 1714 5559 Quidam,
1739 5506 1900 5561 aptum

454 5640 524 5681 Er.
547 5641 596 5742 ei
621 5639 749 5742 iovi,
764 5635 1020 5693 protegant.
1037 5638 1132 5678 Am.
1148 5635 1198 5677 et
1216 5626 1435 5689 [letique
1449 5631 1574 5682 3155.,
1592 5625 1899 5685 protegerent.

353 5707 382 5744 Α
407 5710 455 5744 n.
489 5707 578 5744 pro
597 5707 712 5744 earn
738 5728 749 5740 .

353 5701 758 5820 iii’ugoﬁggiié
778 5764 1035 5811 consensu,
1058 5757 1101 5800 et
1123 5748 1214 5814 ipsi
1234 5754 1408 5799 montes
1421 5743 1748 5797 conciderunt.

1323 307 1712 372 ENARRATIO
1741 303 1805 359 IN
1850 299 2169 357 PSALMUM
2211 302 2412 357 LXXV.

2511 378 2517 387 ι
3383 309 3486 364 969.

1923 415 2166 494 alioloco
2191 417 2314 485 quid
2338 417 2410 470 ait
2431 418 2701 487 psalmus?
2731 419 2908 473 Levavi
2933 420 3101 473 oculos
3124 438 3253 475 meos
3275 423 3322 489 in
3349 440 3489 474 mon-

1924 516 2023 569 tes,
2058 507 2186 559 unde
2211 507 2365 559 veniet
2390 509 2633 561 auxilium
2655 510 2793 563 mihi.
2821 509 2952 578 Quid
2979 526 3124 578 ergo,
3152 511 3202 564 in
3226 513 3488 566 montibus

1926 606 2009 650 est
2037 612 2157 666 spes
2188 606 2274 650 tua
2293 638 2306 660 ,
2335 607 2397 651 et
2415 599 2532 653 inde
2561 601 2648 654 tibi
2676 603 2848 653 veniet
2875 602 3121 654 auxilium
3145 601 3168 654 ?
3195 604 3494 656 remansisti

1928 688 1980 742 in
2030 689 2335 743 montibus?
2389 689 2516 745 Vide
2571 691 2694 760 quid
2751 707 2892 761 agas.
2949 693 3040 745 Est
3088 692 3282 760 aliquid
3339 708 3496 762 super

1930 791 2175 835 montes:
2221 797 2381 851 super
2418 795 2624 839 montes
2670 796 2749 839 est
2792 802 2944 854 quem
2997 796 3222 840 treumnt
3269 799 3496 840 montes.

1933 871 2128 936 Levavi,
2154 873 2338 942 inquit,
2363 876 2533 928 oculos
2550 891 2680 928 meos
2708 876 2756 928 in
2790 887 2996 938 montes,
3018 880 3147 930 unde
3174 880 3329 930 reniet
3350 879 3499 930 auai-

1937 965 2058 1018 lium
2083 967 2224 1020 mihi.
2249 967 2352 1020 Sed
2377 967 2496 1036 quid
2526 970 2796 1037 sequitur?
2823 971 3076 1023 Aut-ilium
3102 990 3282 1036 uicum,
3309 974 3496 1041 inquit,

1934 1074 1965 1108 n
1990 1055 2225 1123 Domino,
2249 1060 2332 1127 qui
2361 1061 2474 1128 fecit
2497 1061 2674 1114 calum
2695 1072 2737 1115 et
2765 1073 2944 1115 terram
2973 1064 3140 1131 (l’sal.
3171 1081 3272 1118 cxx
3299 1107 3313 1130 ,
3349 1069 3391 1127 Ι,
3422 1065 3504 1138 2).

1939 1148 1992 1201 lu
2041 1162 2242 1205 montes
2284 1151 2492 1219 quidem
2538 1153 2699 1207 levavi
2745 1155 2944 1219 oculos,
2995 1158 3114 1224 quia
3164 1173 3255 1224 per
3298 1171 3504 1212 "multis

1941 1241 2066 1294 mihi
2092 1251 2212 1294 sunt
2237 1240 2517 1312 Scriptura:
2547 1255 2883 1308 monstratm;
2914 1247 3004 1300 sed
3028 1264 3123 1316 ego
3144 1263 3235 1302 cor
3261 1249 3428 1304 habeo
3455 1251 3504 1303 in

1941 1333 2033 1386 illo
2061 1333 2146 1402 qui
2173 1333 2428 1387 illuminat
2457 1349 2640 1388 omnes
2665 1345 2889 1390 montes.

2015 1425 2066 1479 8.
2111 1425 2249 1496 Ergo
2268 1467 2282 1490 ,
2310 1425 2494 1480 fratres
2518 1469 2532 1490 ,
2561 1428 2623 1482 ad
2659 1429 2758 1484 hoc
2778 1429 2972 1483 dictum
2999 1439 3107 1494 est,
3144 1447 3208 1485 ne
3235 1433 3508 1502 quisquam

1944 1527 2175 1572 vestrum
2207 1518 2330 1571 velit
2358 1533 2504 1586 spem
2535 1534 2680 1573 Suam
2712 1535 2906 1589 ponere
2944 1522 2993 1575 in
3025 1522 3255 1576 homine.
3293 1523 3510 1577 Tamdiu

1946 1617 2028 1662 est
2055 1608 2246 1677 aliquid
2274 1607 2451 1674 homo,
2481 1610 2728 1676 quamdiu
2760 1612 2830 1664 illi
2867 1614 3028 1666 haeret
3057 1628 3085 1665 a
3113 1629 3216 1683 quo
3239 1613 3404 1668 factus
3434 1625 3516 1670 est

1950 1697 2130 1750 homo.
2154 1697 2283 1750 Nam
2314 1699 2564 1753 recedens
2588 1699 2654 1753 ab
2685 1701 2772 1754 illo
2797 1743 2811 1766 ,
2841 1702 2968 1755 nihil
3000 1714 3079 1756 est
3107 1704 3283 1766 homo,
3318 1715 3511 1760 etcum

1951 1789 2114 1845 lueret
2145 1791 2246 1845 illis
2278 1792 2315 1844 ί.
2348 1792 2425 1844 Tu
2453 1792 2528 1846 sic
2551 1793 2729 1862 accipe
2769 1795 3042 1848 consilium
3089 1811 3181 1864 per
3220 1798 3480 1852 hominem
3501 1842 3514 1859 ,

1953 1892 2010 1936 ut
2038 1882 2181 1938 illum
2211 1882 2514 1936 consideres
2551 1885 2636 1952 qui
2680 1884 2944 1938 illuminat
2977 1884 3265 1968 hominem.
3312 1887 3516 1944 Etenim

1955 1983 2008 2028 et
2034 1983 2087 2027 lu
2125 1982 2274 2042 potes
2311 1972 2561 2028 accedere
2590 1973 2654 2026 nd
2683 1975 2826 2028 illum
2867 1976 2953 2044 qni
2999 1975 3088 2030 tibi
3124 1993 3218 2045 per
3255 1977 3519 2033 hominem

1957 2063 2222 2133 loquitur;
2255 2079 2358 2117 non
2388 2063 2526 2118 enim
2556 2063 2678 2118 fecit
2717 2065 2860 2118 illum
2891 2067 3140 2120 accedere
3169 2068 3232 2121 ad
3262 2084 3320 2122 se
3343 2109 3358 2133 ,
3389 2079 3442 2123 et
3472 2080 3522 2124 te

1958 2156 2185 2224 repellit.
2224 2156 2288 2210 Et
2307 2156 2394 2226 qui
2439 2170 2561 2210 vere
2589 2156 2664 2210 sic
2691 2158 2913 2211 accessit
2949 2158 3014 2212 ad
3047 2159 3209 2212 Deum
3232 2201 3245 2222 ,
3273 2171 3330 2213 ut
3358 2162 3406 2214 iu
3437 2162 3524 2214 illo

1962 2244 2161 2300 habitet
2184 2246 2342 2312 Deus,
2372 2245 2648 2314 displicent
2674 2247 2748 2301 illi
2779 2263 2964 2304 omnes
2989 2253 3074 2316 qui
3105 2265 3207 2304 non
3239 2252 3287 2304 in
3318 2252 3407 2306 illo
3436 2270 3527 2320 po-

1964 2346 2094 2390 nuut
2139 2351 2284 2405 spem
2338 2351 2507 2390 suam.
2571 2337 2848 2405 Propterea
2899 2339 3077 2392 datmu
3130 2349 3210 2395 est
3265 2343 3526 2411 quoddam

1964 2426 2260 2496 exemplum
2280 2468 2294 2491 ,
2319 2442 2436 2480 cum
2460 2427 2599 2497 ipsos
2628 2429 2909 2498 Apostolus
2934 2431 3030 2483 sibi
3053 2430 3375 2498 diviserunt,
3404 2435 3526 2487 etin

1966 2517 2244 2570 schismata
2286 2517 2458 2572 ierunt
2492 2517 2580 2586 qui
2619 2517 2898 2574 dicebant:
2943 2518 3054 2590 Ego
3087 2538 3198 2575 sum
3231 2523 3412 2586 Pauii,
3439 2540 3530 2593 ego

1966 2607 2178 2678 Apollo,
2209 2624 2297 2678 ego
2326 2607 2541 2678 (Iephte,
2571 2607 2622 2662 id
2646 2619 2728 2663 est
2751 2609 2918 2664 Petri.
2946 2610 3052 2664 llos
3079 2613 3271 2681 plangit
3302 2615 3521 2682 Aposto-

1969 2701 2070 2764 lus,
2100 2709 2148 2755 ct
2171 2701 2295 2754 dicit
2319 2702 2426 2755 eis:
2457 2699 2656 2754 Divisus
2679 2711 2749 2754 est
2768 2699 2992 2756 Christus
3011 2704 3036 2756 Σ)
3054 2713 3105 2757 et
3123 2718 3180 2758 se
3205 2705 3359 2774 elegit
3378 2721 3531 2773 quem

1971 2796 2105 2866 apud
2135 2795 2276 2864 ipsos
2313 2804 2709 2850 contemneret:
2753 2794 3016 2862 Numquid
3046 2797 3238 2850 Paulus
3284 2815 3374 2866 pro
3402 2798 3534 2852 vobis

1971 2889 2242 2957 cruciﬁxus
2289 2888 2406 2942 est?
2449 2897 2533 2939 aut
2578 2887 2628 2939 in
2681 2887 2880 2940 nomine
2928 2885 3078 2940 Pauli
3131 2887 3368 2958 baptizati
3421 2891 3536 2942 estis

1975 2979 2015 3047 (Ι
2045 2978 2160 3033 Cor.
2194 2995 2249 3045 ι,
2284 2977 2380 3042 12,
2411 2978 2536 3047 15)?
2568 2977 2694 3031 Vide
2721 2978 2912 3032 boutnn
2940 2988 3170 3032 montem
3213 2989 3534 3048 quzerentem

1972 3071 2227 3141 gloriam,
2271 3084 2372 3123 non
2402 3069 2539 3132 sibi,
2571 3070 2661 3123 sed
2695 3084 2722 3121 a
2761 3083 2867 3138 quo
2896 3079 3102 3122 montes
3142 3069 3533 3124 illuminautur:

1977 3160 2189 3216 nolebat
2223 3160 2377 3215 de'se
2413 3159 2679 3230 przesumi,
2723 3144 2908 3214 sed-de
2951 3159 3040 3212 illo
3078 3158 3145 3214 de
3190 3177 3294 3230 quo
3335 3169 3387 3214 et
3429 3161 3541 3229 ipse

1979 3261 2400 3323 praesumpserat.
2431 3251 2677 3320 Quisquis
2703 3266 2828 3319 ergo
2857 3250 2926 3305 ita
2954 3265 3015 3304 sc
3044 3251 3414 3304 commendare
3444 3265 3539 3303 vo-

1982 3345 2135 3401 luerit
2158 3345 2382 3414 populis,
2408 3354 2462 3398 ut
2482 3345 2525 3397 si
2548 3343 2681 3398 forte
2700 3343 2974 3411 contigerit
2995 3342 3042 3396 ei
3065 3342 3252 3411 aliquis
3267 3342 3539 3408 tumultus,

1981 3435 2181 3506 frangat
2208 3445 2323 3504 post
2347 3450 2404 3488 se
2433 3433 2670 3503 populos,
2702 3441 2756 3487 et
2779 3431 2976 3485 dividat
3002 3432 3288 3486 Ecclesium
3319 3431 3540 3486 catholi-

1939 3556 1948 3567 ι
1979 3545 2094 3582 cam
2126 3537 2338 3598 propter
2353 3540 2427 3585 se,
2450 3539 2552 3577 non
2581 3523 2744 3577 estde
2773 3523 2877 3576 illis
2906 3523 3170 3576 montibus
3189 3538 3320 3591 quos
3349 3522 3545 3576 illumi-

1983 3628 2073 3673 nat
2097 3618 2414 3671 Altissimus.
2432 3615 2535 3669 Sed
2561 3614 2678 3682 quis
2694 3624 2774 3668 est
2804 3613 2939 3667 iste?
2962 3611 3379 3667 Coutenebratus
3407 3629 3434 3665 a
3464 3629 3542 3672 se.

1984 3724 2086 3763 non
2112 3707 2429 3761 illuminatus
2454 3720 2483 3758 a
2511 3705 2750 3758 Domino.
2779 3703 2928 3758 Unde
2952 3712 3123 3757 autem
3153 3704 3440 3774 prohantttr
3461 3705 3545 3758 isti

1986 3795 2226 3852 montes?
2252 3796 2306 3850 Si
2336 3795 2469 3849 forte
2496 3794 2772 3863 contigerit
2798 3794 2984 3862 aliquis
3014 3795 3264 3847 tumultus
3293 3794 3546 3848 adversus

1985 3897 2189 3942 montes
2245 3887 2296 3940 in
2344 3886 2616 3949 Ecclesia;
2674 3895 2763 3938 aut
2804 3900 2897 3953 per
2942 3886 3218 3953 populares
3266 3885 3550 3939 seditiones

1985 3979 2292 4044 carnalium,
2330 3987 2418 4031 aut
2460 3993 2552 4046 per
2591 3975 2790 4046 aliquas
2831 3976 2988 4031 falsas
3024 3977 3348 4046 suspiciones
3383 3977 3553 4032 homi-

1987 4085 2154 4135 num;
2207 4069 2374 4122 bonus
2418 4081 2568 4121 mons
2614 4067 2821 4136 repellit
2869 4082 2899 4121 a
2954 4081 3012 4120 se
3059 4083 3242 4121 onmes
3288 4069 3373 4137 qui
3431 4084 3552 4136 pro-

1989 4170 2104 4232 pter
2133 4161 2300 4230 ipsum
2328 4159 2510 4213 volunt
2535 4158 2602 4213 ab
2629 4159 2828 4212 unitate
2851 4156 3118 4212 recedere.
3157 4159 3242 4213 Sic
3271 4160 3410 4213 enim
3442 4161 3554 4222 ipse

1990 4251 2224 4306 manebit
2249 4251 2298 4303 in
2330 4250 2545 4314 unitate,
2573 4248 2615 4302 si
2646 4256 2856 4318 propter
2882 4248 3047 4316 ipsutn
3080 4264 3182 4302 non
3211 4249 3376 4304 divisa
3398 4249 3557 4303 fuerit

1994 4344 2103 4414 ipsa
2131 4345 2317 4396 ttnitas.
2361 4341 2439 4396 Illi
2465 4352 2637 4395 autem
2669 4339 2820 4394 divisi
2849 4351 2970 4395 sunt
2993 4343 3013 4373 '
3039 4358 3052 4394 :
3095 4343 3302 4411 quando
3341 4353 3558 4398 recessit

1993 4437 2213 4507 populus
2237 4437 2304 4490 ab
2331 4435 2457 4489 orbe
2483 4445 2759 4494 terrarum,
2791 4443 2842 4488 ct
2866 4441 3179 4488 secutus‘est
3206 4450 3392 4489 nomen
3416 4436 3556 4505 ipso-

1993 4544 2108 4582 rum
2130 4569 2144 4591 ,
2172 4526 2337 4596 gavisi
2377 4535 2524 4589 sunt;
2555 4524 2675 4578 elati
2703 4533 2842 4587 sunt,
2878 4533 2928 4578 et
2971 4524 3157 4593 dt'jetrli
3189 4534 3326 4577 sunt.
3372 4524 3553 4578 llumi—

1995 4620 2274 4681 liareutur,
2305 4626 2358 4671 et
2394 4616 2785 4678 exultarentur,
2830 4614 3093 4683 quomodo
3138 4614 3436 4668 humiliatus
3480 4626 3562 4669 est

1996 4712 2312 4781 Apostolus,
2342 4708 2557 4764 dicens:
2601 4706 2861 4776 Numquid
2890 4705 3082 4762 Paulus
3123 4725 3210 4776 pro
3238 4709 3370 4762 vobis
3397 4711 3562 4762 cruci-

1997 4805 2130 4874 [itus
2163 4804 2269 4856 est?
2309 4811 2361 4857 et
2399 4802 2502 4854 alio
2531 4801 2642 4855 loco
2667 4818 2680 4854 :
2731 4799 2838 4868 Ego
2867 4799 3108 4868 plantavi,
3138 4801 3319 4870 Apollo
3345 4802 3520 4872 rigavit
3545 4817 3564 4866 ;

1997 4895 2086 4949 sed
2129 4893 2262 4948 Deus
2306 4893 2654 4946 incrementum
2701 4890 2854 4943 dedit.
2909 4889 3044 4961 Ergo
3089 4907 3243 4960 neque
3281 4893 3365 4962 qui
3413 4893 3564 4962 plau-

2000 4995 2072 5039 tat
2107 4995 2176 5040 est
2223 4984 2412 5053 aliquid
2433 5025 2448 5050 ,
2485 4999 2638 5052 neque
2680 4983 2764 5052 qui
2809 4983 2977 5052 rigat;
3023 4983 3112 5036 sed
3159 4984 3244 5052 qui
3288 4984 3566 5039 incremen-

2001 5086 2104 5130 tum
2147 5076 2232 5128 dat
2265 5074 2401 5129 Deus
2427 5073 2607 5145 (Ibid,
2641 5089 2694 5127 ιιι
2714 5114 2728 5137 ,
2760 5072 2793 5126 6
2821 5083 2865 5126 et
2895 5073 2970 5143 7).
3003 5072 3157 5128 Tales
3185 5085 3389 5130 montes
3429 5076 3479 5129 in
3508 5091 3566 5129 se

2002 5168 2227 5222 humiles
2270 5174 2410 5228 sunt.
2463 5165 2513 5218 in
2562 5157 2669 5218 Deo
2710 5164 2902 5227 excelsi
2946 5174 3104 5229 sunt;
3159 5167 3246 5234 qui
3287 5176 3464 5220 autem
3513 5169 3564 5220 in

2003 5259 2191 5328 seipsis
2219 5256 2411 5311 excelsi
2440 5265 2581 5319 sunt,
2609 5269 2638 5308 a
2667 5255 2772 5308 Deo
2799 5254 3175 5309 humiliantur:
3205 5256 3454 5323 Quoniam
3483 5257 3568 5322 qui

2005 5369 2056 5406 se
2083 5351 2286 5412 exultat,
2321 5347 2696 5410 humiliabitur;
2724 5357 2769 5400 et
2795 5348 2879 5416 qui
2903 5364 2954 5401 se
2983 5347 3240 5414 humiliat,
3269 5348 3568 5403 exaltabitur

2012 5441 2158 5511 (Luc.
2185 5457 2271 5495 xiv
2291 5481 2304 5505 ,
2338 5438 2449 5509 ll).
2482 5437 2602 5493 Ideo
2646 5438 2776 5492 tales
2803 5437 2891 5507 qui
2933 5439 3202 5508 superbias
3247 5453 3369 5493 suas
3396 5449 3576 5493 atten-

2010 5621 2094 5733 ΜΞ
2119 5617 2250 5675 εδει..
2274 5622 2450 5668 etcum
2474 5615 2620 5665 lueret
2651 5613 2740 5664 illi.
2780 5622 2836 5665 Αῑ
2857 5620 2986 5673 uss,
3008 5614 3104 5666 illis
3125 5625 3144 5665 :
3165 5613 3388 5677 subaud.,
3411 5617 3580 5666 monti-

2075 5745 2095 5774 ι
2119 5749 2322 5801 Quatuor
2345 5745 2470 5801 Mss,
2490 5735 2564 5788 illi
2576 5739 2734 5788 autem
2753 5736 2903 5800 omisi
2919 5744 3044 5788 sunt.
