4020 6198
534 334 639 392 963

532 454 685 519 dunt,
728 432 1071 509 inatnaricant
1111 447 1408 505 [nominibus
1458 446 1689 518 paciﬁcis
1735 447 1786 500 in
1837 444 2091 514 Ecclesia.

536 545 613 600 Illi
643 546 820 599 volunt
842 541 1119 611 coagulare
1149 555 1329 609 pacem
1353 556 1369 605 ;
1396 540 1483 593 isti
1509 539 1643 593 inter
1662 552 1720 593 se
1744 538 1965 592 miscent
1990 535 2097 589 dis-

532 639 853 697 sensionem.
901 635 967 690 Et
990 634 1115 705 quid
1141 632 1209 689 de
1252 631 1352 687 illis
1377 631 1505 687 dicit
1536 631 1671 685 alius
1695 630 1965 699 pSultnus'!
1997 627 2097 693 Qui

523 730 826 794 amaricant,
853 742 952 787 nou
980 726 1259 780 exultentur
1289 723 1343 776 in
1367 720 1642 792 semetipsis
1670 720 1835 791 (Psal.
1865 734 1989 780 va.
2017 719 2091 788 7).

512 810 835 876 [illumiuaus
865 828 941 884 tu,
968 815 1181 871 attende
1206 814 1310 882 hic,
1342 823 1395 868 tu
1419 812 1778 866 admirabiliter
1799 827 1831 864 a
1850 810 2096 864 montibus

527 911 743 967 cientis.

597 1002 648 1059 9.
692 1001 854 1073 Iners.
881 998 968 1072 6.]
990 997 1277 1055 Conturbati
1298 1006 1411 1051 sunt
1431 1010 1600 1049 omnes
1619 993 1903 1062 insipientes
1925 991 2092 1047 corde.
2120 1002 2135 1011 ‘

528 1093 816 1148 Prmdicaui
839 1101 921 1145 est
948 1092 1160 1155 veritas,
1187 1088 1321 1143 dicta
1348 1097 1430 1141 est
1455 1094 1648 1140 teterna
1674 1084 1779 1138 vita
1804 1102 1818 1148 ;
1846 1084 1983 1140 dicta
2011 1091 2097 1139 est

526 1200 646 1239 esse
667 1185 764 1239 alia
800 1183 903 1237 vita
930 1198 1047 1253 qua:
1088 1196 1190 1235 non
1217 1189 1299 1234 est
1319 1179 1385 1232 de
1415 1178 1510 1231 ista
1542 1189 1718 1231 terra:
1763 1186 2096 1244 contempse-

526 1287 652 1331 runt
682 1277 920 1331 homines
948 1273 1104 1328 vitam
1146 1281 1456 1341 prmsentettt
1476 1311 1491 1334 ,
1522 1278 1575 1323 et
1602 1275 1905 1321 amaverunt
1934 1265 2093 1319 vitam

528 1372 776 1433 futuram,
810 1366 1079 1421 illuminati
1113 1381 1205 1434 per
1231 1372 1434 1417 munle
1465 1360 1804 1414 illuminatos.
1839 1356 2092 1427 [nsipien-

527 1473 598 1515 t'es
625 1470 801 1515 autem
838 1457 987 1512 corde
1012 1454 1292 1510 conturbati
1326 1463 1459 1505 sunt.
1503 1449 1777 1517 Quomodo
1817 1448 2094 1501 conturbati

527 1554 679 1609 sunt?
704 1554 834 1606 Cum
874 1549 1209 1619 Evangelium
1247 1546 1584 1616 praedicatur.
1615 1543 1679 1597 Et
1721 1541 1842 1611 quid
1872 1552 1947 1595 est
1990 1541 2092 1595 vita

526 1642 761 1701 interna?
789 1652 843 1698 et
866 1641 985 1712 quis
1013 1649 1093 1695 est
1118 1638 1204 1709 qui
1240 1634 1527 1690 resurrexit
1560 1648 1588 1686 a
1626 1629 1882 1685 mortuis?
1909 1629 2093 1684 Admi-

526 1740 626 1794 rati
676 1746 797 1792 sunt
839 1733 1206 1797 Athenienses,
1250 1730 1494 1796 loquente
1538 1725 1703 1780 Paulo
1751 1723 1989 1793 apostolo
2026 1721 2094 1777 de

525 1830 911 1887 resurrectione
936 1838 1260 1881 mortuorum
1287 1863 1301 1888 ,
1332 1831 1384 1876 et
1429 1829 1739 1891 putaverunt
1765 1833 1884 1871 eum
1913 1815 2094 1872 nescio

525 1941 656 1997 quas
684 1923 884 1979 fabulas
911 1921 1088 1976 dicere
1116 1916 1253 1988 (Act.
1287 1931 1388 1970 xvu
1412 1956 1425 1979 ,
1459 1913 1524 1967 18
1542 1952 1556 1975 ,
1588 1911 1701 1981 5‘2).
1731 1909 1835 1965 Sed
1860 1908 1980 1978 quia
2008 1906 2092 1961 di-

525 2021 677 2075 ccbat
710 2034 829 2074 esse
864 2016 1018 2069 aliam
1060 2013 1254 2075 vitam,
1285 2025 1439 2079 quam
1470 2022 1570 2063 nec
1593 2005 1773 2061 oculus
1804 2003 1963 2067 vidit,
1995 2017 2093 2057 nec

523 2112 668 2166 auris
707 2108 926 2175 audivit,
972 2121 1069 2160 nec
1113 2105 1166 2158 in
1212 2118 1305 2157 cor
1347 2100 1574 2154 hominis
1621 2095 1855 2151 ascendit
1907 2093 2087 2166 (lCor.

524 2220 559 2258 tt
582 2246 595 2267 ,
626 2202 704 2273 9),
734 2216 862 2270 ergo
882 2198 1169 2268 insipientes
1188 2194 1337 2265 corde
1364 2190 1547 2244 turbati
1565 2198 1698 2244 sunt.
1729 2186 1835 2242 Sed
1864 2184 1988 2256 quid
2014 2185 2093 2239 eis

525 2294 777 2364 contigit?
804 2291 1124 2345 Dormierunt
1144 2301 1370 2339 somnum
1391 2299 1555 2347 suum,
1583 2290 1628 2335 et
1653 2279 1777 2333 nihil
1805 2281 2093 2333 invenerunt

526 2404 696 2481 milites
740 2384 834 2439 viri
886 2382 1169 2451 divitiarmn
1215 2379 1267 2432 in
1314 2374 1539 2429 manibus
1588 2373 1711 2427 suis.
1770 2371 2093 2425 Amaverunt

757 2477 767 2481 -
960 2474 972 2481 .
1040 2462 1051 2481 1
1097 2472 1107 2481 .
1253 2478 1261 2481 _
1293 2469 1305 2480 ι
1373 2468 1385 2479 ι
1456 2467 1487 2481 c,
1641 2461 1867 2481 __,-.!L---
1894 2476 1907 2481 -
1942 2467 1988 2481 ,ι
2018 2458 2091 2481 -2-

526 2458 800 2550 tinesehtia
821 2519 836 2541 ,
864 2486 917 2529 et
941 2462 1269 2528 doriuierunt
1293 2469 1343 2521 in
1372 2467 1501 2537 ipsis
1527 2461 1871 2534 prmsentibus
1894 2467 1993 2550 ;‘et
2016 2458 2093 2550 sic

524 2547 627 2627 illis
659 2569 788 2623 facta
813 2573 935 2621 sunt
962 2563 1072 2633 ipsa
1102 2558 1375 2631 prtcsentia
1402 2555 1648 2611 deliciosa
1673 2570 1686 2605 :
1710 2547 1974 2621 quomodo
2002 2549 2090 2619 qui

525 2660 667 2715 videt
706 2673 799 2728 per
838 2652 1100 2712 somnium
1148 2648 1409 2704 invenisse
1449 2659 1508 2700 se
1549 2646 1841 2705 thesauros.
1892 2638 2090 2694 tamdiu

525 2756 672 2813 dives
696 2762 795 2817 est,
823 2749 1071 2823 quamdiu
1099 2761 1203 2801 non
1233 2742 1461 2814 evigilct.
1483 2737 1754 2795 Somnium
1783 2735 1927 2789 illum
1954 2731 2091 2789 divi-

525 2858 632 2905 tem
677 2847 851 2911 fecit;
889 2840 1152 2913 cvigilatio
1195 2849 1479 2908 pauperem
1525 2831 1664 2885 facit.
1712 2827 1902 2883 Tenuit
1941 2824 2088 2881 illum

524 2954 741 2995 somnus
769 2936 991 2990 fortasse
1027 2930 1080 2987 iu
1111 2939 1248 2984 terra
1275 2924 1621 2981 dormientem
1641 2961 1657 2986 ,
1684 2927 1740 2975 ct
1766 2918 1818 2972 in
1848 2916 1984 2973 duro
2001 2916 2089 2987 ja-

525 3041 753 3096 centem,
797 3039 1079 3096 pauperem
1133 3031 1187 3076 et
1227 3018 1363 3073 forte
1410 3013 1741 3076 mendicum;
1783 3009 1834 3064 in
1890 3008 2090 3063 somnis

525 3123 655 3191 vidit
681 3137 739 3174 se
764 3120 942 3188 jacere
968 3116 1021 3170 in
1045 3115 1184 3169 lecto
1221 3111 1455 3166 eburneo
1480 3107 1560 3161 vel
1588 3118 1749 3157 aureo
1769 3144 1783 3168 ,
1814 3111 1869 3156 et
1892 3101 1942 3155 in
1975 3100 2092 3170 plu-

528 3188 666 3267 suisi
689 3212 845 3265 altius
865 3203 1146 3262 exstructis
1166 3219 1180 3255 :
1202 3197 1453 3270 quamdiu
1473 3195 1687 3257 dormit,
1707 3188 1842 3245 bene
1864 3190 2083 3261 dormit;

526 3302 782 3373 evigilans
811 3295 1091 3352 invenit'se
1117 3292 1172 3346 in
1199 3290 1352 3354 duro,
1383 3288 1434 3340 in
1460 3299 1564 3355 quo
1593 3284 1736 3337 illum
1767 3295 1983 3334 somnus
2012 3288 2090 3332 te-

528 3404 732 3450 nuerat.
763 3391 920 3446 Tales
945 3395 1068 3444 sunt
1091 3394 1144 3440 et
1168 3382 1250 3439 isti
1275 3399 1288 3436 :
1316 3386 1575 3435 venerunt
1597 3376 1647 3429 in
1678 3375 1812 3428 hanc
1836 3372 2018 3435 vitam,
2039 3382 2093 3427 et

525 3502 621 3556 per
642 3482 951 3552 cupiditates
973 3473 1285 3546 temporales
1308 3470 1454 3541 quasi
1479 3465 1871 3523 obdormiertmt
1898 3463 2013 3528 hic;
2041 3473 2094 3516 et

526 3583 851 3646 exceperunt
890 3571 1006 3627 illos
1032 3568 1226 3624 divitia:
1251 3574 1305 3620 et
1333 3577 1480 3617 vanae
1511 3573 1715 3630 pompa:
1742 3556 1977 3610 volaticam
1996 3596 2010 3617 .
2040 3564 2095 3609 et

529 3670 890 3726 transierunt:
940 3678 1044 3717 non
1088 3658 1465 3714 intellexerunt
1511 3661 1760 3723 quantum
1804 3648 1925 3703 inde
1973 3648 2092 3702 boni

532 3768 709 3833 posset
750 3759 879 3812 ﬁeri.
911 3753 1041 3809 Nam
1084 3751 1128 3805 si
1168 3755 1385 3805 nossent
1424 3746 1578 3799 aliam
1616 3743 1797 3807 vitam,
1822 3739 2094 3833 Aillic_sihi

533 3828 945 3906 ihesaurizarent
980 3839 1118 3912 quod
1157 3838 1243 3893 ltic
1274 3845 1387 3892 erat
1427 3837 1752 3905 periturum:
1792 3831 1928 3884 sicut
1959 3828 2094 3883 Zac-

533 3946 713 3998 chaeus
762 3939 891 3994 vidit
937 3933 1065 3989 illud
1115 3934 1310 3987 bonum
1366 3928 1535 3994 major
1580 3926 1602 3957 ⁸
1658 3923 2090 3993 publicanorum,

532 4033 743 4106 quando
785 4028 1013 4095 suscepit
1054 4023 1332 4078 Dominum
1373 4018 1553 4074 desum
1607 4014 1856 4106 hospitio,
1893 4022 1964 4106 et,
1998 4012 2091 4106 ait,

531 4103 810 4181 Dimidium
838 4134 1005 4173 rerum
1036 4128 1260 4169 mearum
1294 4108 1359 4164 do
1387 4106 1686 4179 pauperibus
1705 4147 1720 4172 ,
1741 4113 1789 4157 et
1815 4105 1857 4158 si
1884 4103 1965 4157 cui
1997 4103 2096 4156 ali-

532 4216 655 4290 quid
681 4212 930 4286 fraudavi,
961 4204 1299 4277 quadruplum
1326 4198 1501 4290 reddo.
1528 4195 1783 4290 Noncrat
1806 4194 1913 4290 iste‘
1931 4193 1989 4290 in
2004 4206 2094 4290 va-

533 4283 697 4365 nitate
725 4300 1118 4362 somniantium,
1164 4293 1255 4348 sed
1300 4292 1352 4346 in
1399 4288 1501 4344 ﬁde
1546 4286 1868 4358 vigilantium
1894 4283 1937 4338 ³.
1972 4284 2096 4339 Ideo

535 4401 788 4456 Dominus
810 4438 827 4464 ,
854 4394 976 4464 quia
1004 4388 1239 4445 medicus
1268 4386 1551 4439 intraverat
1577 4380 1643 4435 ad
1668 4388 1941 4448 aegrotum,
1971 4390 2095 4445 pro-

539 4496 795 4548 nuntiavit
831 4486 997 4556 ipsius
1038 4483 1280 4542 salutem,
1312 4485 1366 4531 et
1409 4474 1501 4537 ait,
1551 4471 1719 4526 Hodie
1757 4470 1892 4524 salus
1927 4468 2097 4522 domui

536 4590 651 4642 huic
679 4586 814 4655 facta
843 4589 913 4635 est
935 4619 950 4643 ,
980 4575 1217 4649 quoniam
1244 4580 1292 4626 et
1322 4569 1402 4623 hic
1433 4577 1505 4622 est
1532 4566 1669 4634 ﬁlius
1708 4559 2093 4655 AbrahtelLuc.

534 4695 627 4733 χιχ
656 4652 756 4744 (8,
786 4674 882 4745 9):
931 4680 991 4726 ut
1029 4664 1279 4723 noveritis
1321 4661 1442 4731 quia
1491 4668 1587 4713 nos
1630 4653 1880 4710 imitando
1919 4652 2093 4715 ﬁdem,

537 4770 627 4823 ﬁlii
680 4767 906 4821 Abrahae
957 4773 1180 4821 sumus;
1226 4753 1392 4810 Jud:ei
1444 4759 1618 4804 autem
1670 4746 1757 4817 qui
1812 4745 1881 4799 de
1937 4757 2097 4798 carne

535 4858 864 4929 superbiant,
892 4871 926 4910 a
968 4853 1071 4907 ﬁde
1112 4849 1578 4917 degeneraverunt.
1612 4839 1748 4908 Ergo
1790 4836 2097 4890 dormierunt

535 4965 765 5006 somnum
820 4964 969 5002 suum
1018 4944 1111 4999 viri
1160 4939 1483 5002 divitiarum,
1538 4943 1584 4986 et
1634 4930 1760 4985 nihil
1809 4929 2099 4982 invenerunt

536 5047 587 5099 in
628 5041 854 5100 manibus
890 5039 1012 5093 suis.
1057 5033 1388 5090 Dormierunt
1443 5028 1494 5082 in
1538 5021 1906 5095 cupiditatibus
1949 5018 2094 5085 suis;

537 5138 761 5192 delectat
812 5131 967 5195 illos,
1034 5123 1219 5180 transit
1271 5134 1487 5176 somnus
1540 5117 1689 5179 iste,
1744 5111 1932 5166 transit.
1992 5108 2097 5162 vita

539 5233 639 5286 ista
666 5269 680 5292 ,
720 5235 774 5282 et
812 5221 942 5277 nihil
979 5220 1249 5273 inveniunt
1286 5214 1339 5268 in
1372 5210 1614 5267 manibus
1641 5207 1749 5260 suis
1772 5247 1787 5271 ,
1818 5203 1937 5273 quia
1968 5199 2097 5254 nihil

543 5325 833 5395 posuerunt
871 5315 921 5367 in
963 5325 1121 5365 manu
1160 5306 1374 5361 Christi.
1420 5304 1507 5357 \‘is
1543 5299 1737 5370 aliquid
1778 5295 2010 5351 invenire
2044 5293 2097 5346 in

540 5386 784 5469 inanibus
813 5408 917 5461 tuis
943 5396 1162 5472 postea?
1194 5394 1314 5450 Noli
1342 5402 1678 5448 contemnere
1706 5386 1863 5442 modo
1890 5398 2099 5439 manum

541 5502 827 5575 pauperis;
857 5507 910 5550 et
938 5490 1140 5560 respice
1165 5499 1350 5540 manus
1375 5485 1575 5545 inanes,
1605 5481 1649 5534 si
1674 5480 1752 5532 vis
1777 5477 1972 5531 habere
1992 5489 2104 5529 ina-

605 5619 621 5648 ι
649 5613 778 5668 εδει..
805 5615 849 5659 ει
872 5607 923 5659 in
944 5601 1114 5670 ριαηιίε
1130 5595 1306 5670 ante“
1322 5602 1543 5670 MSS-99')
1563 5585 1963 5670 Ξβέυηὲέὲιῖεξὲ

602 5680 623 5709 ²
651 5648 1210 5724 Fitiééﬁgféﬁliiium,
1236 5660 1405 5709 bonum
1432 5663 1450 5706 :
1487 5664 1539 5704 et
1563 5655 1686 5709 loco,
1708 5648 1882 5711 major,
1905 5648 2103 5706 habent,

544 5750 780 5834 θ”ξηὲῗιῖἶδῗ
802 5787 1139 5834 minitantium.
1158 5784 1221 5834 At
1235 5790 1357 5833 Mss.
1391 5776 1597 5834 rim'ltmti

650 5778 780 5859 aut;
802 5787 1139 5858 evigilamium.
1158 5784 1221 5836 At
1235 5790 1357 5833 λιες..
1391 5778 1681 5845 rigiltmtitmt

1757 329 1813 384 S.
1859 322 2215 383 AUGUSTINI
2257 324 2550 384 EPISCOPI

3672 338 3739 391 913
3752 341 3779 394 5

2204 456 2303 495 nus
2334 443 2534 512 plenas.
2568 446 2705 501 Dixit
2729 447 2871 502 enim
2902 448 3154 507 Dominus
3182 465 3195 505 :
3221 449 3428 505 Esuritn‘
3444 494 3458 515 ,
3490 462 3537 507 et
3565 456 3776 508 dedistis

2200 536 2323 589 mihi
2346 538 2679 603 manducare;
2707 539 2836 594 sitioi
2854 581 2870 606 ,
2903 551 2948 595 et
2971 543 3176 598 dedistis
3204 545 3331 598 mihi
3357 558 3529 616 potum
3551 562 3570 612 ;
3594 548 3777 620 hospes

2201 626 2295 695 fui,
2325 637 2370 679 et
2397 628 2677 684 addtwistis
2703 648 2799 697 me,
2826 641 2882 686 et
2907 643 3119 688 caetera.
3148 633 3213 690 Et
3244 636 3315 689 illi
3345 655 3358 690 :
3386 637 3604 705 Quando
3629 649 3680 692 te
3705 643 3777 694 ui-

2199 718 2362 773 dimus
2387 723 2697 789 esurientem,
2729 724 2992 792 sitientem,
3022 738 3107 780 aut
3134 728 3415 799 hospitem?
3435 731 3499 785 Et
3527 732 3618 786 ille
3645 733 3776 786 dicit

2200 808 2305 862 illis
2330 827 2342 863 :
2370 810 2581 876 Quando
2611 813 2699 866 uni
2726 830 2787 868 ea:
2814 816 3033 870 minimis
3057 818 3177 871 nteis
3200 819 3407 887 fecistis,
3436 821 3562 875 mihi
3586 823 3777 890 fecistis

2201 898 2407 969 (Matth.
2433 917 2556 965 ικν,
2585 904 2792 976 3540).
2817 905 3034 963 Esurire
3056 909 3107 962 in
3131 912 3446 979 pauperibus
3469 912 3659 979 voluit,
3686 915 3774 983 qui

2197 989 2346 1045 dives
2377 992 2425 1045 itt
2456 994 2591 1049 caelo
2620 1005 2738 1060 est;
2770 1005 2824 1051 et
2864 1006 2916 1051 tu
2957 998 3164 1054 dubitas
3192 1000 3350 1056 homo
3374 1002 3502 1058 dare
3528 1004 3772 1072 homini,

2197 1098 2316 1138 cum
2359 1087 2494 1141 scias
2536 1097 2586 1142 te
2628 1089 2838 1144 Christo
2866 1090 2991 1145 dare
3019 1092 3156 1163 quod
3187 1093 3301 1156 das,
3335 1110 3363 1148 a
3388 1113 3491 1165 quo
3516 1098 3772 1167 accepisti

2196 1178 2448 1246 quidquid
2494 1179 2627 1234 das!
2667 1181 2769 1236 Sed
2810 1180 2882 1235 illi
2921 1184 3227 1239 dormierunt
3260 1202 3490 1239 somnum
3523 1205 3700 1255 suum,
3729 1198 3775 1242 et

2196 1268 2323 1320 nihil
2351 1269 2637 1325 invenerunt
2676 1288 2845 1327 omnes
2876 1275 2968 1327 viri
2995 1275 3282 1329 divitiarum
3307 1278 3358 1329 in
3386 1278 3616 1332 manibus
3644 1280 3769 1333 suis.

2270 1357 2352 1412 10.
2384 1356 2614 1431 [rers.7.]
2635 1360 2705 1414 Ab
2730 1364 3065 1432 increpatione
3086 1373 3192 1431 tua,
3222 1363 3355 1419 Deus
3378 1364 3561 1431 Iacob,
3580 1367 3772 1420 dormio

2196 1455 2421 1501 laverunt
2461 1466 2630 1506 omnes
2669 1452 2754 1521 qui
2793 1454 3121 1508 ascenderunt
3161 1472 3329 1523 equos.
3372 1457 3469 1523 Qui
3509 1466 3656 1518 sunt.
3686 1460 3771 1526 qui

2196 1542 2524 1595 ascenderunt
2565 1545 2759 1613 equos?
2794 1544 2892 1612 Qui
2923 1545 3147 1601 humiles
3172 1562 3291 1601 esse
3322 1547 3623 1601 noluerunt.
3654 1548 3769 1603 Non

2197 1632 2248 1686 in
2279 1635 2427 1702 equis
2454 1635 2645 1691 sedere
2675 1646 2945 1705 peccatum
2975 1648 3090 1703 est;
3122 1639 3215 1693 sed
3242 1641 3498 1693 cervicem
3534 1650 3767 1710 potestao

2198 1725 2264 1778 tis
2286 1735 2467 1781 contra
2497 1728 2657 1782 Deum
2687 1729 2912 1799 erigere,
2939 1739 2993 1784 et
3020 1740 3205 1799 putare
3232 1746 3290 1785 se
3318 1732 3367 1785 in
3394 1732 3573 1801 aliquo
3597 1731 3770 1786 hono-

2196 1830 2256 1869 re
2283 1830 2421 1871 esse.
2449 1817 2580 1886 Quia
2609 1818 2755 1874 dives
2779 1835 2837 1875 es
2860 1861 2874 1886 ,
2902 1821 3216 1887 ascendisti;
3248 1823 3483 1892 increpat
3510 1825 3649 1878 Deus
3671 1868 3686 1889 ,
3715 1838 3768 1879 et

2196 1906 2414 1964 dormis.
2456 1910 2639 1982 Magna
2672 1911 2748 1967 ira
2777 1913 3096 1982 increpantis
3120 1930 3353 1985 ,magna
3386 1916 3458 1968 ira
3486 1916 3499 1969 !
3529 1916 3769 1970 attenda‘t

2195 1998 2437 2054 Charitas
2460 2000 2646 2056 Vestra
2669 2018 2780 2057 rem
2804 2004 3149 2059 tremendam.
3175 2004 3466 2075 increpatio
3482 2008 3767 2075 strepitum

2195 2090 2386 2158 habet;
2413 2095 2664 2163 strepitus
2684 2098 2971 2167 expergisci
2992 2098 3127 2152 solet
3146 2096 3318 2153 facere
3340 2099 3604 2153 homines.
3628 2099 3768 2152 Tan-

2198 2193 2306 2239 tum
2340 2185 2541 2254 pondus
2569 2196 2651 2241 est
2679 2188 2995 2258 increpantis
3024 2189 3134 2255 Dei,
3162 2199 3218 2244 ut
3242 2190 3443 2245 diceret
3467 2208 3483 2248 :
3506 2193 3582 2245 Ab
3609 2193 3766 2245 inere-

2197 2278 2397 2347 patione
2420 2289 2504 2332 tua
2527 2278 2662 2334 Deus
2682 2279 2859 2348 Iacob,
2888 2283 3275 2337 dormitaverunt
3298 2299 3469 2338 omnes
3487 2286 3575 2354 qui
3593 2301 3768 2338 ascen-

2194 2369 2371 2423 derunt
2395 2387 2566 2439 equos.
2596 2371 2736 2427 Ecce
2769 2387 2874 2442 quo
2902 2387 3089 2428 somno
3116 2373 3413 2429 dormitavit
3443 2376 3531 2430 ille
3560 2373 3767 2429 Pharao

2193 2461 2281 2529 qui
2309 2460 2624 2516 ascendebat
2653 2477 2815 2532 equos
2841 2462 3034 2533 (Exod.
3067 2480 3177 2528 ιιν,
3206 2463 3261 2536 8)
3290 2481 3303 2517 :
3332 2481 3434 2518 non
3461 2466 3603 2519 enim
3632 2466 3763 2535 vigi-

2195 2548 2322 2603 lavit
2343 2550 2393 2604 in
2419 2551 2599 2617 corde,
2623 2553 2744 2622 quia
2772 2552 2840 2609 de
2870 2555 3226 2623 increpatione
3254 2554 3441 2608 durum
3474 2571 3568 2609 cor
3599 2555 3762 2610 hahe-

2196 2639 2306 2695 bat.
2336 2641 2533 2696 Duritia
2562 2642 2703 2698 enim
2733 2644 2909 2699 cordis
2934 2685 2948 2711 ,
2980 2644 3297 2700 obdormitio
3320 2656 3420 2699 est.
3455 2645 3603 2714 Rogo
3628 2662 3724 2699 vos
3744 2687 3759 2708 ,

2192 2728 2387 2787 fratres
2428 2731 2572 2798 mei,
2604 2732 2775 2789 videte
2809 2736 3074 2804 quomodo
3100 2735 3400 2801 dormiunt,
3427 2738 3513 2807 qui
3540 2746 3764 2791 sonante

2193 2820 2498 2894 Evangelio,
2522 2833 2576 2879 et
2599 2827 2790 2891 Amen,
2818 2834 2872 2882 et
2890 2826 3118 2882 Alleluia
3141 2842 3233 2897 per
3256 2836 3419 2882 totum
3440 2830 3619 2883 orbem
3649 2839 3761 2884 ter-

2194 2928 2369 2969 rarum
2393 2956 2409 2981 ,
2439 2915 2611 2970 adhuc
2635 2916 2792 2969 vitam
2823 2925 3055 2972 veterem
3086 2918 3271 2985 nolunt
3298 2919 3545 2973 damnare
3568 2960 3584 2986 ,
3615 2929 3673 2973 et
3704 2921 3759 2972 iu

2194 3019 2384 3059 novam
2412 3005 2679 3076 evigilare.
2711 3005 2837 3059 Erat
2862 3007 3131 3076 Scriptura
3161 3008 3250 3062 Dei
3278 3007 3331 3062 in
3356 3008 3531 3063 Judzra
3555 3025 3571 3073 ;
3599 3009 3764 3063 modo

2195 3110 2290 3164 per
2316 3104 2480 3149 totum
2508 3096 2690 3150 orbem
2720 3104 2964 3150 cantatur
2992 3113 3006 3149 :
3040 3098 3090 3150 in
3123 3097 3209 3151 illa
3240 3113 3340 3152 una
3369 3107 3524 3168 gente
3549 3098 3763 3153 dicebau

2196 3193 2281 3239 tur
2304 3186 2442 3241 Deus
2470 3200 2603 3241 unus
2630 3187 2719 3257 qui
2741 3185 2862 3242 fecit
2886 3189 3060 3243 omnia
3084 3230 3100 3253 ,
3128 3203 3246 3244 esse
3275 3189 3574 3244 adorandus
3598 3199 3651 3243 et
3674 3205 3761 3244 co-

2194 3276 2420 3343 lendus;
2466 3278 2624 3332 modo
2664 3278 2750 3333 ubi
2797 3287 2997 3334 tacetur
3036 3298 3050 3334 :
3090 3280 3333 3335 Christus
3377 3284 3709 3338 resurrexit‘
3739 3284 3763 3331 ?

2195 3366 2380 3422 irrisus
2419 3369 2473 3423 in
2510 3384 2667 3423 cruce
2691 3410 2706 3433 ,
2744 3370 2910 3441 ipsam
2940 3385 3151 3426 crucem
3181 3387 3328 3427 suam
3362 3373 3415 3427 in
3443 3388 3549 3443 qua
3579 3375 3760 3427 irrisus

2195 3466 2277 3512 est
2302 3458 2410 3528 jam
2439 3460 2548 3513 ﬁxit
2576 3461 2624 3514 in
2652 3461 2907 3516 frontibus
2932 3478 3111 3533 regum
3136 3480 3150 3529 ;
3181 3475 3233 3518 et
3259 3464 3431 3519 adhuc
3454 3466 3714 3520 dormitur
3743 3470 3757 3520 2

2195 3548 2377 3620 Magna
2416 3551 2491 3606 ira
2531 3552 2647 3617 Dei,
2691 3553 2916 3611 fratres!
2956 3555 3138 3611 Melius
3177 3572 3272 3611 nos
3308 3558 3600 3613 audivimus
3635 3575 3757 3613 eum

2196 3643 2286 3712 qui
2313 3642 2440 3698 dicit
2469 3662 2482 3699 :
2511 3644 2675 3716 Surge
2698 3647 2783 3718 qui
2810 3648 2997 3702 dormis
3016 3690 3032 3715 ,
3062 3658 3110 3702 et
3144 3666 3356 3720 exsurge
3382 3667 3415 3702 a
3440 3653 3648 3704 mortuis
3671 3668 3689 3716 ;
3714 3663 3758 3704 et

2197 3734 2497 3789 illuminabit
2526 3747 2572 3790 te
2620 3736 2845 3792 Christus
2883 3739 2903 3811 (
2925 3738 3113 3808 Ephes.
3140 3756 3186 3805 v,
3215 3741 3282 3795 14
3301 3740 3343 3813 ).
3369 3741 3474 3797 Sed
3501 3743 3586 3811 qui
3616 3743 3754 3796 illum

2198 3826 2458 3881 audiunt?
2485 3827 2584 3896 Qui
2615 3843 2717 3883 non
2747 3832 3036 3886 ascendunt
3061 3847 3246 3901 equos.
3274 3832 3375 3899 Qui
3396 3842 3523 3888 sunt
3544 3836 3633 3904 qui
3657 3851 3754 3888 non

2197 3917 2490 3973 ascendunt
2528 3920 2732 3988 equos?
2769 3920 2867 3987 Qui
2905 3937 3006 3975 non
3046 3938 3103 3976 se
3136 3922 3336 3992 jactant
3372 3934 3425 3979 et
3460 3926 3716 3980 extollunt
3741 3968 3755 3989 ,

2198 4011 2344 4079 quasi
2391 4010 2445 4065 itt
2491 4011 2773 4066 honoribus
2797 4023 2851 4067 et
2877 4014 3221 4083 potestatibus
3256 4015 3386 4069 suis.
3432 4011 3508 4070 Ab
3534 4018 3759 4086 increpa-

2200 4101 2332 4156 tione
2368 4111 2474 4167 tua,
2504 4102 2640 4158 Deus
2663 4103 2840 4170 Jucob,
2877 4106 3263 4160 dormitauerunt
3305 4108 3392 4176 qui
3435 4110 3764 4162 ascenderunt

2196 4210 2369 4266 equos.

2273 4288 2357 4341 li.
2399 4285 2546 4358 [vers.
2586 4285 2663 4359 8.]
2705 4285 2778 4341 Tu
2823 4288 3054 4343 terribilis
3091 4306 3142 4343 es
3164 4304 3184 4353 ;
3223 4299 3270 4342 et
3297 4288 3407 4358 quis
3445 4289 3638 4343 resistet
3677 4291 3765 4342 tibi

2201 4374 2414 4433 tunc'ab
2451 4380 2527 4432 ira
2557 4381 2684 4434 tua?
2721 4380 2873 4434 Modo
2895 4380 3177 4443 dormiunt,
3209 4388 3261 4434 et
3286 4380 3479 4434 iratum
3503 4396 3608 4432 non
3638 4396 3767 4434 sen-

2200 4470 2368 4535 tiunt;
2408 4471 2501 4525 sed
2539 4481 2595 4525 ttt
2622 4470 2911 4525 dormirent
2944 4471 3105 4524 iratus
3133 4479 3233 4524 est.
3273 4469 3427 4524 Modo
3455 4469 3596 4538 quod
3639 4469 3766 4523 doti-

2200 4560 2422 4615 mientes
2448 4576 2550 4616 non
2573 4561 2824 4629 sentiunt,
2848 4561 2899 4615 in
2924 4560 3026 4616 ﬁne
3045 4560 3271 4615 sentient
3294 4578 3307 4613 :
3329 4560 3607 4629 apparebit
3625 4562 3766 4613 enim

2196 4649 2358 4719 judcx
2387 4653 2622 4706 vivorum
2648 4660 2702 4707 et
2724 4662 3048 4706 mortuorum
3074 4667 3088 4714 ;
3113 4661 3158 4706 et
3183 4652 3294 4719 quis
3321 4652 3512 4705 resistet
3536 4651 3627 4703 tibi
3651 4661 3770 4703 tunc

2201 4747 2263 4798 ab
2288 4746 2365 4797 ira
2381 4743 2670 4798 tua?Modo
2698 4742 2839 4828 enim
2865 4743 3147 4812 loquuntur
3174 4741 3313 4811 quod
3339 4741 3543 4804 volunt,
3572 4750 3628 4794 ct
3652 4740 3769 4795 dis-

2202 4847 2388 4908 putant
2436 4846 2616 4892 contra
2645 4837 2828 4899 Deum,
2854 4843 2912 4889 et
2930 4835 3113 4890 dicunt
3136 4853 3149 4890 :
3172 4835 3268 4902 Qui
3295 4842 3416 4889 sunt
3436 4832 3767 4888 Christiani!

2202 4938 2294 4983 aut
2333 4927 2450 4998 quis
2490 4936 2571 4981 est
2604 4925 2883 4981 Christus?
2908 4932 2998 4978 aut
3024 4925 3206 4997 quales
3234 4924 3394 4993 inepti
3425 4923 3511 4993 qui
3538 4922 3768 4977 credunt

2201 5023 2342 5093 quod
2373 5035 2475 5074 non
2506 5020 2683 5074 vident
2705 5061 2719 5080 ,
2761 5027 2814 5072 et
2841 5018 3110 5093 dimittunt
3137 5016 3353 5071 delicias
3381 5032 3512 5084 quas
3540 5015 3765 5081 vident,

2201 5123 2256 5167 et
2292 5120 2579 5181 sequuntur
2620 5109 2775 5164 ﬁdem
2817 5124 2991 5164 rerum
3032 5123 3148 5177 qua:
3182 5099 3355 5161 oculis.
3387 5107 3624 5175 ipsorum
3664 5122 3767 5159 non

2203 5201 2560 5260 exhibentur?
2588 5200 2867 5264 Dormitis,
2883 5209 2938 5254 et
2962 5198 3180 5262 balatis;
3212 5198 3482 5267 loquimini
3513 5197 3771 5252 adversus

2204 5297 2368 5351 Deum
2392 5302 2643 5362 quantum
2673 5292 2909 5361 potestis.
2938 5289 3217 5360 Usquequo
3243 5298 3567 5358 peccatores,
3595 5287 3771 5342 Domi-

2208 5401 2274 5440 nc
2295 5426 2310 5449 ,
2344 5399 2613 5454 usqueqno
2648 5391 2948 5451 peccatores
2980 5378 3382 5449 gloriabuntur?
3408 5379 3733 5446 respondent
3754 5420 3772 5442 ,

2208 5489 2264 5532 et
2289 5479 2565 5544 loquentur
2588 5472 2906 5541 iniquitatem
2933 5469 3103 5539 (Psal.
3137 5485 3283 5529 1cm.
3307 5469 3406 5540 '5)?
3432 5469 3656 5548 Quando
3681 5484 3773 5522 τηις

2214 5580 2318 5624 tem
2347 5580 2503 5635 nemo
2530 5563 2847 5632 respondet,
2875 5571 2930 5616 et
2956 5576 3111 5615 nemo
3136 5562 3364 5630 loquitur
3390 5602 3405 5624 ,
3434 5560 3535 5613 nisi
3563 5560 3777 5629 quando

2255 5701 2401 5812 “tr
2431 5698 2564 5760 probi
2589 5703 2694 5747 uss.
2717 5703 2770 5746 At
2794 5695 2905 5744 Edd.
2922 5729 2938 5754 ,
2960 5692 3026 5744 ibi
3045 5698 3226 5743 tacetur
3248 5692 3476 5742 Christus.
3502 5697 3781 5742 [τέθηπα]

2347 5774 2446 5812 'as.

2218 5772 2446 5815 Christus.
