4020 6198
341 318 441 371 965

339 446 397 485 se
423 433 471 482 in
492 445 549 483 sc
569 427 875 483 convertat?
898 426 1105 496 quando
1128 426 1180 478 in
1200 442 1254 477 se
1269 431 1573 477 convertcnt
1589 423 1773 475 dentes
1788 419 1902 489 qui-

341 526 438 575 bus
470 522 626 573 modo
657 536 751 574 nos
782 520 992 583 rodunt,
1022 519 1210 587 quibus
1241 532 1333 568 nos
1355 516 1659 582 discerpunt
1679 512 1904 565 irriden-

339 615 407 668 do
435 613 763 667 Christianus
790 653 804 676 ,
836 622 887 664 et
914 607 1345 679 reprehendendo
1372 607 1527 660 vitam
1560 614 1856 657 sanctorum
1879 603 1901 655 ?

337 703 486 759 Tunc
507 719 562 757 se
581 705 630 755 in
653 718 709 755 se
729 711 1054 761 convertent,
1077 715 1193 755 cum
1214 699 1314 753 illis
1328 699 1532 752 eveniet
1551 696 1690 765 quod
1711 696 1902 749 dicitur

339 796 389 848 in
407 781 544 847 libro
565 793 865 862 Sapientiae,
886 791 1064 846 Dicent
1085 794 1210 844 inter
1229 778 1303 853 se,
1324 791 1657 858 pwnitentiam
1676 798 1894 858 agentes,

338 895 383 938 ct
425 902 512 955 per
539 885 817 953 angustiam
853 884 1053 952 spiritus
1080 889 1321 952 gementes
1347 896 1367 934 :
1389 896 1507 934 cum
1539 878 1759 931 viderint
1783 877 1900 946 glo-

341 983 471 1033 riam
497 989 795 1033 sanctorum
816 1020 831 1043 ,
866 988 986 1030 tunc
1009 976 1184 1029 dicent
1207 1017 1220 1040 ,
1251 973 1320 1026 Ili
1347 982 1458 1027 sunt
1482 989 1604 1040 quos
1628 969 1898 1040 aliquando

340 1071 602 1123 habuimus
622 1070 672 1122 in
695 1070 870 1121 risum.
892 1067 935 1122 Ο
954 1066 1041 1136 (ιιιί
1065 1066 1282 1119 multum
1306 1063 1604 1117 dormistis!
1628 1070 1770 1115 certe
1788 1061 1895 1130 jam

340 1161 617 1231 evigilatis,
646 1171 695 1213 et
719 1160 768 1212 in
792 1159 977 1212 vestris
998 1158 1235 1210 manibus
1262 1155 1387 1210 nihil
1414 1156 1674 1209 invenitis.
1700 1154 1898 1207 Videtis

340 1249 605 1319 quomodo
637 1249 815 1317 plenas
841 1248 1064 1301 habeant
1089 1261 1272 1300 manus
1297 1245 1458 1315 gloria
1485 1245 1600 1307 Dei,
1630 1259 1760 1314 quos
1787 1252 1899 1296 tan-

341 1357 496 1410 quam
520 1354 777 1410 pauperes
799 1338 1051 1392 irrisistis.
1077 1337 1242 1391 Dicite
1262 1351 1388 1406 ergo
1409 1346 1531 1390 tunc
1552 1336 1716 1395 vobis.
1736 1352 1900 1405 quan-

340 1432 412 1487 do
436 1448 540 1486 non
569 1431 807 1486 resistitis
833 1431 924 1483 ira:
948 1429 1039 1483 Dei
1061 1444 1192 1494 ;non
1224 1443 1401 1493 manu,
1431 1442 1527 1481 nec
1557 1426 1729 1495 lingua
1754 1466 1769 1491 ,
1805 1441 1900 1480 nec

346 1523 540 1589 verbo,
572 1538 668 1577 nec
696 1520 1008 1590 cogitatione
1035 1537 1047 1571 :
1076 1518 1346 1588 apparebit
1382 1517 1521 1572 enim
1554 1517 1699 1571 vobis
1730 1517 1899 1571 mani-

342 1617 526 1677 festus,
559 1631 709 1685 quem
738 1613 1052 1667 irridendum
1076 1611 1316 1681 putastis,
1339 1626 1455 1665 cum
1478 1611 1626 1665 vobis
1648 1619 1899 1664 venturus

343 1706 684 1759 nuntiaretur.
714 1704 778 1757 Et
804 1703 925 1772 quid
955 1702 1172 1756 dicent?
1200 1700 1337 1772 Ergo
1366 1702 1639 1755 erravimus
1666 1718 1698 1753 a
1719 1702 1798 1754 via
1821 1716 1902 1754 ve-

342 1796 518 1856 ritatis,
548 1804 593 1847 et
610 1794 820 1864 justitite
842 1794 1005 1846 lumen
1032 1809 1131 1845 non
1154 1792 1279 1846 luxit
1302 1792 1458 1856 nobis,
1483 1801 1526 1845 et
1549 1792 1624 1845 sol
1644 1808 1743 1844 non
1763 1800 1900 1845 ortus

340 1897 411 1939 est
434 1885 591 1939 nobis.
614 1884 888 1953 Quomodo
904 1884 1118 1953 justititc
1140 1885 1217 1937 sol
1238 1884 1465 1938 oriretur
1483 1882 1900 1938 dormientibus?

339 1977 443 2033 Sed
489 1977 555 2032 ab
594 1978 669 2031 ira
708 1985 761 2030 et
790 1975 1142 2043 increpatione
1176 1974 1288 2044 ejus
1315 1974 1598 2029 dormiunt.
1630 1974 1738 2029 Hoc
1768 1973 1900 2030 forte

340 2073 575 2127 dicturus
597 2081 695 2137 est,
730 2071 794 2125 Et
818 2086 919 2124 non
947 2068 1285 2124 ascenderem
1314 2084 1503 2138 equum
1533 2087 1546 2123 :
1572 2077 1625 2123 et
1653 2079 1773 2122 tunc
1799 2068 1899 2136 ipsi

340 2181 505 2233 equos
544 2179 667 2219 suos
703 2164 1041 2218 accusabunt.
1079 2161 1211 2215 Audi
1247 2162 1366 2215 illos
1396 2170 1703 2216 accusantes
1736 2177 1901 2232 equos

343 2273 468 2312 suos
508 2257 559 2310 in
596 2254 784 2324 quibus
822 2254 1191 2309 dormierunt:
1224 2251 1359 2323 Ergo
1398 2254 1698 2317 erravimus,
1737 2253 1904 2322 inquit

343 2346 630 2417 Scriptura,
654 2363 684 2399 a
720 2347 797 2399 via
818 2344 1056 2409 veritatis,
1079 2353 1125 2397 et
1136 2344 1347 2411 jnstitite
1368 2344 1532 2397 lmnen
1552 2361 1649 2398 non
1673 2344 1799 2397 luxit
1819 2361 1903 2397 no.

346 2440 439 2503 bis,
457 2449 504 2492 et
520 2439 593 2491 sol
609 2454 705 2490 non
724 2446 859 2489 ortus
876 2447 946 2490 est
963 2436 1121 2489 nobis.
1140 2434 1275 2502 Quid
1290 2435 1426 2488 nobis
1439 2436 1621 2504 profuit
1638 2435 1865 2504 superbia
1879 2434 1905 2488 2’

345 2540 391 2582 et
421 2530 701 2581 divitiarum
723 2527 972 2597 jactantia
996 2526 1116 2597 quid
1139 2523 1345 2579 contulit
1377 2524 1555 2577 nobis?
1578 2522 1904 2578 Transierunt

347 2620 513 2673 omnia
531 2627 764 2685 tanquam
780 2617 951 2669 umbra
970 2614 1120 2685 (Sap.
1144 2632 1197 2680 v,
1215 2616 1267 2679 ’5,
1287 2613 1341 2680 6,
1360 2614 1412 2679 8,
1432 2614 1507 2686 9).
1527 2615 1665 2684 Ergo
1681 2614 1903 2683 vigilasti

349 2708 651 2777 aliquando.
681 2707 783 2760 Sed
810 2707 995 2761 melius
1018 2722 1207 2775 equum
1231 2722 1330 2759 non
1353 2704 1680 2769 ascendercs,
1706 2717 1761 2759 ut
1784 2716 1907 2761 tunc

352 2814 455 2851 non
483 2798 792 2852 dormitares
810 2838 825 2863 ,
855 2796 1062 2866 quando
1086 2796 1298 2866 vigilare
1323 2794 1548 2849 debuisti
1572 2813 1585 2855 ;
1618 2803 1673 2850 et
1695 2796 1906 2852 audires

354 2904 536 2942 vocem
563 2888 777 2950 Christi,
806 2895 861 2940 et
884 2886 1198 2939 illuminaret
1225 2893 1274 2939 te
1295 2884 1550 2939 Christus.
1578 2883 1655 2939 Tu
1679 2887 1907 2942 terribilis

352 2994 438 3038 es;
466 2987 514 3029 et
537 2976 645 3044 quis
671 2975 857 3028 resistet
897 2973 965 3028 ibi
994 2982 1109 3026 tunc
1136 2973 1195 3025 ab
1224 2974 1300 3027 ira
1329 2975 1455 3047 tua?
1482 2973 1613 3042 Quid
1641 2975 1777 3030 enim
1807 2976 1909 3030 erit

355 3079 474 3122 tunc
494 3069 518 3121 ?

428 3159 509 3213 12.
552 3158 693 3229 [vers.
733 3156 810 3228 9.]
849 3156 928 3210 De
949 3158 1067 3211 caelo
1094 3156 1351 3227 jaculatus
1377 3172 1428 3210 es
1441 3156 1689 3226 judicium
1723 3174 1742 3212 :
1776 3169 1907 3214 terra

354 3252 570 3306 tremuit.
612 3259 657 3303 et
693 3250 890 3318 quiet-it.
932 3248 1058 3315 Qum
1097 3248 1253 3302 modo
1291 3265 1348 3303 se
1389 3250 1576 3315 turbat,
1610 3266 1724 3320 quae
1751 3254 1907 3309 modo

353 3341 598 3409 loquitur,
632 3342 813 3393 timere
840 3338 989 3392 habet
1015 3341 1063 3391 in
1090 3340 1189 3393 line
1209 3350 1260 3393 et
1280 3341 1569 3410 quiescere.
1591 3343 1772 3400 Melius
1792 3361 1907 3402 tuo-

353 3434 421 3486 do
451 3435 765 3501 quiesceret,
797 3444 849 3485 ut
876 3435 924 3486 in
955 3434 1056 3487 fine
1083 3434 1353 3503 gauderet.

428 3526 509 3579 15.
553 3524 697 3596 [vers.
736 3522 845 3595 10]
882 3521 1037 3576 Terra
1075 3526 1289 3592 tremuit,
1331 3534 1378 3579 et
1414 3528 1611 3596 quievit.
1648 3529 1905 3596 Quando?

352 3615 475 3669 Cum
498 3624 775 3684 csxurgeret
804 3616 853 3666 in
868 3615 1117 3681 judicium
1143 3615 1299 3681 Deus,
1332 3627 1383 3669 ut
1404 3619 1563 3673 salvos
1592 3622 1770 3690 faceret
1793 3641 1903 3676 ont-

354 3724 439 3760 nes
478 3708 616 3759 mites
654 3707 820 3761 corde.
847 3706 943 3771 Qui
970 3718 1089 3760 sunt
1115 3709 1253 3761 mites
1277 3709 1469 3763 corde?
1494 3710 1591 3777 Qui
1622 3711 1905 3770 frementes

353 3811 518 3864 equos
545 3810 645 3847 non
674 3796 1041 3860 ascenderunt,
1068 3797 1160 3850 sed
1187 3797 1237 3850 in
1263 3797 1553 3853 humilitate
1576 3815 1667 3855 sua
1692 3813 1901 3872 peccata

352 3888 573 3942 confessi
602 3896 740 3941 sunt.
774 3885 840 3941 Ut
860 3888 1019 3941 salvos
1045 3892 1223 3956 faceret
1247 3905 1415 3943 omnes
1434 3892 1571 3945 mites
1595 3894 1761 3948 corde.

426 3980 511 4032 Η.
553 3976 699 4049 [vers.
733 3976 843 4049 li.]
885 3978 1128 4043 Quoniam
1152 3980 1384 4048 cogitatio
1412 3981 1623 4037 hominis
1650 3986 1905 4047 conﬁtebi-

355 4079 433 4121 tur
456 4069 559 4133 tibi,
584 4079 628 4121 et
648 4069 869 4139 reliquice
886 4069 1195 4138 cogitationis
1213 4070 1450 4124 solemnia
1469 4074 1776 4130 celebrabant
1795 4078 1900 4132 tibi.

351 4151 523 4205 Prima
550 4194 564 4216 ,
605 4152 876 4221 cogitatio;
918 4154 1232 4222 posteriores
1255 4196 1269 4220 ,
1312 4156 1533 4226 reliquit:
1573 4160 1900 4230 cogitationis.

352 4240 479 4305 Quae
506 4252 585 4295 est
632 4243 864 4312 cogitatio
912 4243 1120 4312 prima?
1148 4242 1298 4299 Unde
1324 4246 1596 4316 incipimus
1620 4268 1632 4303 :
1656 4251 1789 4305 bona
1817 4253 1900 4306 illa

350 4332 583 4400 cogitatio
608 4375 621 4394 ,
656 4333 791 4386 unde
828 4335 1044 4403 incipies
1081 4336 1334 4390 confiteri.
1377 4338 1644 4395 Confessio
1670 4343 1905 4413 adiungit

354 4437 450 4474 nos
492 4421 721 4475 Christo.
753 4421 867 4477 Jam
909 4440 1034 4479 vero
1058 4424 1320 4481 confessio
1360 4428 1498 4497 ipsa,
1541 4430 1591 4485 id
1629 4441 1708 4486 est
1736 4435 1901 4501 prima

350 4516 599 4583 cogitatio,
633 4515 758 4570 facit
782 4518 832 4570 in
862 4518 1010 4571 nobis
1036 4519 1279 4589 reliquias
1307 4521 1666 4589 cogitationis;
1696 4536 1748 4577 et
1778 4525 1903 4595 ipsae

352 4605 574 4673 reliquia:
607 4607 915 4681 cogitationis
939 4609 1177 4661 solemnia
1204 4609 1514 4663 celebrabunt
1537 4612 1637 4666 tibi.
1662 4613 1903 4684 Cogitatio

350 4696 565 4751 hominis
588 4698 898 4765 conﬁtebitur
920 4698 1024 4762 tibi,
1045 4710 1087 4753 et
1108 4700 1327 4767 reliquias
1344 4703 1651 4771 cogitationis
1666 4706 1904 4761 solemnia

349 4786 661 4840 celebrabant
697 4788 800 4840 tibi.
860 4790 986 4855 Quae
1022 4803 1101 4843 ρει
1137 4791 1369 4860 cogitatio
1397 4808 1512 4861 qua:
1549 4795 1858 4863 conﬁtebitur
1879 4799 1905 4853 γ

348 4876 477 4938 Quae
502 4876 715 4931 damnat
739 4880 892 4954 vitam
924 4876 1154 4947 priorem
1175 4921 1189 4944 ,
1217 4880 1300 4935 cui
1329 4881 1568 4951 displicet
1592 4885 1731 4953 quod
1759 4896 1898 4955 erat,

349 4975 405 5017 ut
432 4965 499 5017 sit
525 4967 662 5034 quod
692 4983 792 5020 non
821 4978 951 5033 erat,
970 4969 1078 5038 ipsa
1100 4980 1181 5025 est
1202 4972 1365 5041 prima
1386 4974 1635 5044 cogitatio.
1659 4974 1761 5030 Sed
1782 4978 1902 5047 quia

346 5056 425 5109 sic
453 5056 614 5109 debes
642 5059 884 5115 recedere
913 5075 939 5111 a
972 5062 1219 5128 peccatis,
1249 5064 1413 5130 prima
1442 5066 1753 5134 cogitatione
1778 5084 1904 5123 con-

347 5144 516 5199 fessus
549 5146 675 5205 Deo.
705 5159 767 5202 ut
788 5165 891 5203 non
920 5150 1008 5204 tibi
1040 5152 1247 5206 recedat
1270 5152 1337 5208 de
1363 5157 1612 5210 memoria
1639 5158 1758 5228 quia
1783 5176 1903 5229 pec-

348 5248 499 5290 cator
539 5234 679 5291 fuisti
700 5280 715 5302 ,
749 5256 841 5307 per
871 5242 969 5294 hoc
995 5242 1130 5310 quod
1163 5254 1404 5311 peccator
1432 5245 1609 5313 fuisti,
1648 5250 1902 5307 solemnia

344 5316 586 5381 celebras
614 5329 741 5382 Deo.
774 5331 958 5385 Adhuc
981 5333 1370 5404 intelligendum
1393 5345 1491 5391 est.
1522 5338 1692 5393 Prima
1717 5341 1903 5408 cogita-

344 5420 411 5472 tio
439 5419 827 5476 confessionem
852 5422 1027 5492 habet,
1056 5434 1109 5479 et
1135 5428 1480 5483 recessionem
1508 5446 1535 5480 a
1559 5440 1737 5486 vetere
1756 5432 1859 5485 vita
1883 5450 1899 5488 :

340 5512 432 5565 sed
464 5513 504 5565 si
544 5512 739 5566 oblitus
772 5515 929 5569 fueris
958 5531 989 5570 a
1028 5517 1215 5586 quibus
1250 5520 1477 5586 peccatis
1516 5520 1765 5575 liberatus
1794 5523 1899 5590 sis,

342 5617 446 5655 non
477 5604 586 5672 agis
615 5617 812 5673 gratias
838 5605 1145 5674 liberatori,
1176 5618 1228 5662 et
1255 5624 1357 5663 non
1383 5611 1619 5666 celebras
1648 5613 1902 5669 solemnia

344 5692 451 5749 Deo
482 5703 588 5747 tuo.
618 5694 752 5750 Ecce
779 5695 945 5765 prima
966 5698 1197 5768 cogitatio
1218 5699 1473 5757 conﬁtens
1492 5701 1633 5758 Sauli
1653 5705 1894 5774 apostoli,

1423 301 1808 369 ENARliATIO
1848 301 1911 355 IN
1952 302 2273 356 PSAIJIUM
2316 302 2522 357 LXXV.

3466 310 3568 365 966

2005 415 2108 483 jam
2140 417 2306 482 Pauli,
2337 418 2423 487 qui
2457 419 2623 488 primo
2652 419 2840 473 Saulus
2867 420 2962 474 fuit
2986 440 2996 473 :
3027 422 3233 490 quando
3257 426 3454 479 audivit
3482 445 3565 480 vo-

2006 520 2120 559 ccm
2146 506 2212 560 dc
2238 507 2393 571 cmlo,
2421 523 2538 562 cum
2568 523 2973 579 persequeretur
2992 512 3276 577 Christum,
3302 527 3352 570 ct
3374 518 3569 573 fureret

2006 596 2058 649 in
2086 596 2433 661 Christianos,
2463 608 2519 653 et
2546 600 2705 654 vellet
2734 609 2788 653 nt
2817 602 3126 671 ubicumque
3148 605 3383 659 inventos
3405 610 3570 663 addu-

2004 695 2149 740 ceret
2176 687 2460 755 necandos,
2487 690 2683 743 audivit
2709 707 2887 745 vocem
2917 693 2982 747 de
3008 694 3163 760 cmlo,
3190 695 3360 759 Saule,
3389 699 3562 765 Saute,

2003 778 2122 845 quid
2146 795 2222 830 me
2242 781 2588 850 persequeris?
2611 793 2664 835 et
2685 783 3048 838 circumfnlsns
3072 786 3286 851 lumine,
3313 789 3441 840 facta
3467 791 3566 845 sibi

2003 869 2239 922 caecitate
2270 871 2319 923 in
2351 871 2518 925 oculis
2541 912 2556 936 ,
2598 882 2655 925 ut
2693 874 2830 927 intus
2870 873 3071 929 videret
3098 917 3110 938 ,
3144 876 3316 929 Huisit
3348 880 3563 945 primam

2002 960 2369 1028 cogitationem
2396 960 2736 1027 obcdienthc;
2766 979 2883 1017 cum
2909 965 3132 1029 audiret,
3162 966 3269 1037 Ego
3289 985 3395 1020 sum
3419 967 3567 1022 Jcsns

2004 1048 2329 1118 Nazarcnus,
2363 1069 2504 1120 queat
2529 1065 2579 1105 tu
2607 1057 2928 1123 persequeris,
2964 1057 3193 1122 Domine,
3225 1061 3316 1124 ait,
3345 1063 3464 1130 quid
3491 1078 3563 1115 me

1991 1141 2139 1210 jubes
2169 1145 2332 1211 facere
2358 1143 2491 1210 (Act.
2517 1160 2565 1196 ιχ
2590 1185 2602 1207 ,
2634 1145 2666 1197 4
2686 1186 2699 1206 ,
2731 1146 2823 1215 5)?
2854 1147 2973 1200 llzec
2999 1159 3079 1201 cst
3103 1150 3331 1219 rugitatio
3356 1154 3368 1181 ¹
3397 1156 3564 1206 conti-

2005 1239 2156 1309 tcns;
2194 1233 2302 1299 jam
2349 1233 2620 1286 Dominum
2665 1236 2891 1303 appellat
2934 1252 3087 1305 quem
3133 1244 3563 1309 persequebatur.

2002 1322 2275 1387 Quomodo
2312 1324 2533 1393 reliquie:
2558 1328 2867 1396 cogitationis
2891 1330 3129 1409 solemnia
3155 1334 3482 1401 celebrabant,
3514 1338 3563 1391 in
3650 1324 3653 1327 γ

2002 1415 2165 1469 Paulo
2194 1416 2433 1482 audistis,
2461 1433 2577 1470 cum
2607 1419 2718 1488 ipse
2745 1421 3024 1488 Apostolus
3052 1423 3311 1493 legeretur
3338 1445 3350 1480 :
3376 1427 3566 1483 Alcanor

2002 1517 2106 1560 esto
2145 1507 2393 1562 Christum
2427 1509 2601 1564 Jesum
2642 1514 2964 1566 resurrexisse
2990 1531 3020 1565 α
3049 1521 3253 1569 mortuis
3283 1536 3343 1571 ea:
3380 1522 3565 1575 semine

2002 1596 2166 1651 David
2189 1640 2202 1663 ,
2231 1602 2503 1654 secundum
2533 1601 2858 1672 Evangelium
2899 1600 3058 1659 mcum
3093 1608 3109 1677 (
3132 1606 3173 1660 ll
3202 1608 3332 1661 Tim.
3362 1626 3396 1663 ll
3421 1654 3435 1677 ,
3467 1612 3562 1680 8).

2003 1690 2135 1756 Quid
2178 1700 2260 1746 est
2300 1709 2486 1747 memor
2524 1705 2625 1747 esto
2646 1695 2671 1747 ?
2696 1696 2808 1749 Non
2835 1696 3075 1752 deleatur
3100 1700 3165 1753 de
3193 1704 3442 1755 memoria
3475 1714 3562 1758 tua

2002 1782 2232 1852 cogitatio
2257 1798 2357 1852 qua
2388 1785 2556 1853 primo
2583 1785 2854 1840 confessus
2881 1802 2939 1841 es
2962 1805 2976 1851 ;
3004 1790 3109 1843 sint
3135 1791 3358 1860 reliquiae
3381 1794 3567 1863 cogita-

2004 1875 2150 1929 tionis
2198 1876 2251 1930 in
2300 1879 2573 1932 memoria.
2625 1879 2692 1934 Et
2734 1880 2852 1936 vide
2895 1882 3334 1951 quemadmodum
3380 1888 3566 1955 repetit

2003 1969 2140 2037 quod
2179 1969 2277 2024 sibi
2326 1970 2575 2027 donatum
2617 1983 2715 2039 est,
2758 1975 2892 2029 idem
2934 1976 3127 2031 Paulus
3165 1979 3430 2047 apostolus
3462 1981 3566 2035 alio

2005 2057 2120 2112 loco
2149 2079 2162 2115 :
2194 2061 2292 2126 Qui
2315 2063 2454 2132 prius
2486 2064 2686 2133 inquit,
2718 2065 2793 2134 fni
2816 2066 3153 2135 blaSpltemus,
3182 2082 3226 2121 et
3253 2081 3561 2137 persecutor,
3632 2134 3635 2139 ί

2004 2161 2048 2203 et
2075 2153 2346 2221 injuriosus
2375 2154 2432 2227 (l
2463 2154 2590 2208 Tim.
2620 2172 2671 2222 ι,
2705 2158 2820 2229 15).
2854 2158 2952 2225 Qui
2981 2159 3137 2227 dicit,
3172 2160 3325 2215 Prius
3352 2163 3426 2230 fui
3455 2164 3566 2217 bla-

2004 2242 2270 2312 sphemus,
2316 2248 2566 2316 numquid
2607 2248 2777 2304 adhuc
2820 2250 3157 2320 blasphemus
3182 2255 3304 2307 est?
3346 2254 3413 2311 Ut
3453 2273 3557 2311 non

2004 2343 2145 2387 esset
2183 2334 2517 2405 blasphemus
2538 2378 2556 2405 ,
2598 2339 2686 2392 fuit
2733 2341 2896 2409 prima
2925 2344 3157 2413 cogitatio
3186 2348 3481 2415 confitens;
3513 2361 3567 2403 ut

2005 2432 2178 2476 autem
2215 2437 2649 2482 commemoraret
2677 2430 2798 2497 quid
2826 2430 2900 2483 illi
2930 2430 3176 2487 donatum
3206 2446 3320 2501 est,
3349 2436 3566 2506 reliquiis

2005 2514 2314 2582 cogitationis
2354 2528 2504 2571 erant
2521 2559 2536 2585 ,
2568 2534 2661 2588 per
2688 2520 2829 2589 ipsas
2853 2521 3100 2591 reliquias
3124 2526 3452 2592 cogitationis
3476 2543 3565 2583 so-

2008 2603 2198 2658 lemnia
2224 2607 2542 2662 celebrabat.

2079 2697 2163 2750 15.
2207 2696 2434 2765 Etenim,
2470 2700 2655 2756 fratres
2685 2704 2814 2770 mei,
2847 2719 2970 2760 ecce
3000 2706 3262 2763 innovavit
3292 2725 3386 2764 nos
3413 2711 3568 2767 Chri-

2008 2796 2155 2850 stus;
2186 2789 2402 2845 donavit
2430 2795 2601 2846 omnia
2634 2808 2841 2865 peccata
2867 2839 2883 2861 ,
2915 2808 2967 2851 ct
2995 2801 3233 2854 conversi
3263 2817 3442 2858 sumus
3477 2823 3490 2859 :
3521 2806 3568 2861 si

2008 2877 2377 2935 obliviscamur
2405 2885 2525 2951 quid
2558 2886 2707 2939 nobis
2732 2886 2979 2941 donatum
3012 2899 3112 2955 est,
3143 2901 3195 2944 et
3220 2907 3247 2944 a
3277 2910 3379 2962 quo
3404 2894 3568 2949 dona-

2012 2976 2119 3020 tum
2161 2968 2639 3027 cst.obliviscimur
2670 2992 2856 3029 munus
2884 2976 3206 3045 Salvatoris;
3239 2961 3356 3035 cum
3388 2996 3563 3041 autem

2010 3072 2111 3112 nOn
2150 3059 2507 3117 obliviscimur
2548 3081 2736 3121 mimus
2776 3066 3082 3133 Salvatoris,
3127 3086 3297 3125 nonne
3334 3077 3567 3143 quotidie

2009 3149 2161 3203 nobis
2189 3150 2425 3207 Christus
2451 3154 2789 3211 immolatur?
2820 3160 2881 3212 Et
2906 3160 3067 3214 semel
3103 3162 3123 3192 ¹
3154 3163 3305 3216 nobis
3328 3164 3567 3223 Christus

2010 3240 2416 3298 immolatusest
2438 3286 2452 3309 ,
2481 3263 2598 3299 cum
2627 3250 2943 3305 credidimus
2968 3268 2982 3316 ;
3016 3261 3143 3306 tunc
3169 3252 3266 3308 fuit
3288 3259 3521 3326 cogitatio
3548 3278 3567 3314 :

2008 3334 2165 3388 modo
2202 3344 2374 3390 autem
2404 3336 2625 3406 reliquiae
2649 3340 2959 3409 cogitationis
2988 3354 3143 3409 sunt,
3174 3360 3292 3399 cum
3322 3348 3567 3403 memini-

2007 3441 2123 3479 mus
2149 3426 2263 3496 quis
2291 3427 2355 3481 ad
2386 3443 2481 3483 nos
2506 3428 2729 3496 venerit,
2757 3440 2809 3484 et
2837 3432 2959 3500 quid
2988 3434 3136 3487 nobis
3167 3433 3471 3502 donaverit;
3501 3456 3567 3495 ex

2008 3513 2134 3583 ipsis
2174 3515 2408 3585 reliquiis
2445 3517 2776 3586 cogitationis
2800 3561 2814 3583 ,
2856 3520 2903 3573 id
2934 3530 3015 3574 est
3040 3537 3102 3576 ex
3137 3524 3247 3592 ipsa
3274 3529 3521 3580 memoria
3547 3571 3563 3594 ,

2006 3605 2237 3675 quotidie
2269 3606 2422 3660 nobis
2447 3608 2523 3661 sic
2550 3608 2847 3663 immolatur
2868 3650 2881 3674 ,
2920 3612 3066 3681 quasi
3096 3614 3329 3681 quotidie
3357 3632 3453 3671 nos
3480 3618 3564 3672 in-
3594 3638 3603 3647 ί

2006 3706 2166 3751 novet
2205 3697 2293 3766 qui
2330 3698 2493 3766 prima
2522 3702 2683 3769 gratia
2714 3716 2805 3755 sua
2834 3718 2933 3758 nos
2962 3703 3251 3762 innovavit.
3280 3707 3394 3763 Jam
3424 3711 3565 3766 enim

2008 3786 2272 3841 innovavit
2311 3802 2404 3841 nos
2444 3789 2697 3844 Dominus
2734 3791 2785 3845 in
2824 3791 3118 3861 Baptismo,
3150 3805 3203 3851 et
3234 3796 3352 3852 facti
3382 3816 3565 3857 sumus

2005 3878 2126 3933 novi
2153 3878 2390 3933 homines
2414 3897 2428 3945 ;
2461 3881 2512 3935 in
2540 3896 2634 3951 spe
2659 3882 2869 3952 quidem
2896 3885 3203 3954 gaudentes,
3234 3899 3289 3943 ut
3314 3890 3366 3944 in
3396 3892 3565 3948 tribu-

2005 3967 2199 4023 latione
2238 3969 2402 4023 simus
2442 3972 2699 4040 patientes
2736 3971 2910 4042 (Rom.
2941 3990 3038 4040 xu,
3070 3976 3201 4046 {2):
3247 3989 3416 4035 tamen
3458 3999 3561 4038 non

2005 4059 2158 4115 debet
2189 4060 2254 4115 de
2278 4062 2529 4117 memoria
2558 4074 2729 4117 nostra
2758 4064 3007 4120 recedere
3037 4069 3158 4134 quid
3184 4071 3332 4125 nobis
3360 4076 3563 4141 [musti-

2008 4160 2117 4205 tum
2156 4150 2241 4205 sit.
2286 4152 2420 4206 Etsi
2461 4152 2616 4207 modo
2655 4170 2757 4207 non
2794 4165 2873 4211 est
2904 4158 3136 4227 cogitatio
3167 4169 3249 4214 tua
3281 4178 3397 4231 qua:
3427 4164 3520 4218 fuit
3548 4183 3562 4220 :

2008 4243 2220 4313 (etenim
2240 4246 2401 4313 prima
2421 4247 2653 4315 cogitatio
2680 4246 2775 4301 fuit
2800 4249 3049 4304 recedere
3074 4267 3102 4304 a
3129 4264 3377 4321 peccato;
3407 4257 3564 4310 modo

2004 4343 2176 4388 autem
2196 4328 2298 4388 non
2325 4336 2547 4400 recedis,
2579 4338 2671 4392 sed
2702 4347 2824 4392 tunc
2849 4341 3132 4412 recessisti)
3167 4360 3179 4396 :
3210 4344 3316 4397 sint
3341 4345 3564 4414 reliquia:

2005 4426 2333 4495 cogitationis,
2360 4441 2424 4479 ne
2446 4427 2657 4481 excidat
2678 4444 2706 4481 a
2731 4432 2982 4486 memoria
3004 4433 3090 4502 qui
3114 4435 3334 4488 sanavit.
3366 4436 3564 4494 Vninns

2008 4526 2059 4571 te
2099 4518 2342 4573 habuisse
2377 4520 2418 4572 si
2449 4520 2642 4575 oblitus
2679 4522 2873 4587 fueris,
2906 4540 3011 4579 non
3045 4527 3135 4580 tibi
3166 4538 3322 4581 erunt
3345 4531 3566 4596 reliquie:

2005 4608 2335 4677 cogitationis.
2362 4608 2495 4676 Quid
2521 4611 2659 4665 enim
2684 4614 2875 4681 putatis
2899 4614 3094 4671 dixisse
3125 4617 3317 4672 David?
3346 4620 3480 4675 Ecce
3500 4639 3564 4677 ex

2006 4698 2236 4751 omnium
2288 4714 2511 4769 persona
2562 4702 2814 4771 loquitur.
2864 4704 3104 4759 Peccavit
3150 4707 3310 4762 David
3353 4723 3565 4768 sanctus

2005 4792 2267 4861 graviter;
2318 4794 2508 4849 missus
2550 4804 2631 4850 est
2672 4796 2737 4850 ad
2772 4797 2918 4851 illum
2957 4798 3157 4853 Nathan
3188 4803 3439 4873 propheta
3466 4848 3479 4870 ,
3512 4819 3565 4862 et

2005 4885 2259 4953 corripuit
2289 4885 2432 4939 illum
2466 4904 2479 4939 :
2508 4896 2562 4941 et
2600 4887 2874 4942 confessus
2914 4899 3027 4953 est,
3071 4901 3122 4945 et
3161 4894 3309 4959 dixit,
3357 4894 3565 4951 Peccavi

2005 4958 2071 5041 (ἸΙ
2102 4971 2224 5041 Reg.
2249 4989 2340 5038 xu,
2371 4975 2481 5043 15).
2514 4975 2635 5030 llam
2662 4976 2752 5029 fuit
2778 4977 2945 5046 prima
2970 4981 3198 5049 cogitatio
3223 4983 3521 5038 confitentis
3546 5003 3560 5039 :

2005 5060 2246 5132 Cogitatio
2284 5065 2497 5118 hominis
2534 5067 2847 5133 conﬁtebitur
2882 5068 2985 5122 tibi.
3014 5070 3139 5135 Qua:
3168 5083 3315 5126 erant
3340 5075 3564 5141 reliquit:

2003 5155 2355 5225 cogitationis?
2391 5156 2609 5223 Quando
2638 5158 2709 5211 ait
2735 5176 2746 5209 ε
2774 5157 2838 5211 Et
2868 5170 3115 5227 peccatum
3144 5178 3308 5215 meum
3343 5174 3458 5218 ante
3486 5181 3562 5218 me

2002 5256 2073 5299 est
2096 5264 2285 5316 semper
2311 5246 2477 5318 (Psal.
2508 5265 2555 5314 ι,
2583 5250 2660 5319 5).
2690 5250 2815 5315 Qum
2837 5248 2935 5305 fuit
2954 5266 3079 5321 ergo
3099 5254 3263 5322 prima
3285 5255 3561 5323 cogitatio?

2007 5336 2070 5392 Ut
2098 5336 2368 5391 recederet
2396 5353 2423 5390 a
2452 5348 2687 5407 peccato.
2718 5340 2784 5394 Et
2811 5341 2852 5394 si
2879 5342 2984 5409 jam
3015 5345 3230 5398 recessit
3257 5359 3284 5396 a
3319 5354 3557 5413 peccato,

2000 5428 2262 5497 quomodo
2298 5439 2568 5498 peccatum
2599 5431 2734 5485 illius
2760 5442 2882 5487 ante
2908 5434 3049 5486 illum
3077 5444 3159 5489 est
3184 5450 3425 5502 semper,
3460 5438 3555 5491 nisi

2001 5520 2120 5588 quia
2152 5520 2380 5588 cogitatio
2409 5520 2494 5573 illa
2526 5522 2748 5587 transiit,
2777 5522 2869 5577 sed
2896 5522 3116 5592 reliquid:
3138 5524 3451 5592 (agitationis
3475 5543 3551 5579 so-

2069 5652 2090 5721 ξ
2110 5649 2380 5721 sicaiiquot
2402 5660 2502 5721 Mss.
2525 5655 2732 5721 At_Edd.:
2758 5661 2811 5703 Et
2836 5654 2938 5705 Itwc
2956 5654 3170 5720 cogitatio
3188 5632 3462 5721 conﬁtentis.

2070 5714 2092 5744 ³
2114 5711 2249 5774 Edd.,
2269 5711 2357 5776 pro
2377 5714 2525 5766 nobis.
2550 5717 2711 5778 Abest,
2734 5729 2839 5779 pro,
2862 5728 2889 5766 a
2913 5711 3017 5767 Mss;
