4020 6198
462 312 568 372 967

468 427 658 485 lcmnia
684 420 991 481 celebrant?
1017 413 1404 473 Meminerimus
1432 425 1578 480 ergo,
1607 408 1792 463 fratres
1818 405 2018 459 charis—

468 521 619 582 simi,
651 528 894 585 regamus
921 524 1016 563 vos
1045 527 1058 564 :
1083 504 1320 577 quisquis
1345 503 1593 557 liberatus
1617 507 1699 554 est
1718 514 1747 550 a
1772 504 2019 567 peccato,

470 605 768 665 meminerit
796 602 918 674 quid
950 601 1076 663 fuit;
1108 599 1211 652 sint
1236 598 1286 652 in
1324 595 1413 649 illo
1443 592 1664 662 reliquia:
1690 588 2021 660 cogitationis.

468 701 618 755 'l'unc
641 698 779 752 enim
822 704 995 764 portat
1022 692 1179 747 alium
1209 686 1500 743 sanandum
1527 726 1542 751 ,
1573 683 1618 739 si
1647 698 1704 738 se
1729 680 2027 736 meminerit

470 807 589 847 esse
613 798 871 845 sanatum.
901 787 1038 855 Ergo
1059 782 1416 851 unusquisque
1436 776 1742 833 recordetur
1762 773 1886 845 quid
1911 772 2024 839 fuit,

474 893 530 938 et
557 892 730 936 utrum
758 880 864 948 jam
896 894 998 931 non
1025 878 1122 939 sit;
1149 884 1199 929 et
1229 885 1349 927 tunc
1373 871 1646 925 subveniet
1669 868 1716 923 ci
1747 869 1832 939 qui
1859 866 2030 920 adhuc

470 984 554 1029 est
579 972 717 1043 quod
744 971 830 1024 ille
851 969 957 1040 jam
987 984 1091 1021 non
1112 975 1211 1021 est.
1239 965 1295 1019 Si
1320 972 1494 1017 autem
1518 962 1681 1032 jactat
1710 975 1767 1014 se
1790 958 1937 1029 quasi
1965 957 2031 1011 de

479 1063 679 1118 meritis
704 1061 832 1126 suis,
860 1069 913 1114 et
939 1058 1143 1127 repellit
1169 1065 1413 1125 tanquam
1441 1052 1680 1120 indignos
1707 1057 2029 1117 peccatores,
2072 1104 2077 1105 ,

477 1166 529 1209 et
557 1154 671 1208 sine
712 1150 1067 1207 misericordia
1097 1150 1282 1212 stevit;
1322 1161 1512 1216 equum
1557 1142 1830 1208 ascendit,
1861 1139 2035 1195 videat

477 1267 546 1307 ne
564 1251 789 1306 dormiat
810 1267 824 1303 :
848 1250 1233 1303 dormitaverunt
1250 1246 1391 1300 enim
1415 1244 1501 1316 qui
1520 1232 1845 1296 ascenderunt
1865 1252 2031 1306 equos.

479 1342 593 1395 Jam
627 1352 745 1394 tunc
776 1340 971 1394 dimisit
999 1353 1189 1408 equum
1215 1353 1229 1401 ;
1262 1336 1554 1389 humiliavit
1579 1349 1635 1388 se
1667 1350 1680 1386 :
1715 1347 1817 1385 non
1847 1331 2034 1383 iterum

482 1432 729 1488 ascendat
769 1448 957 1502 equum
983 1473 998 1496 ,
1032 1430 1080 1484 id
1112 1439 1191 1484 est
1213 1470 1227 1494 ,
1258 1444 1361 1493 non
1389 1444 1446 1483 se
1472 1420 1654 1481 rursus
1679 1424 1843 1493 erigat
1873 1422 1923 1475 in
1952 1437 2040 1475 su-

483 1525 734 1595 perbiam.
762 1523 913 1579 Unde
942 1524 1013 1577 illi
1045 1522 1144 1583 hoc
1172 1522 1266 1575 fit?
1293 1520 1347 1576 Si
1371 1519 1591 1588 reliquiae
1616 1513 1929 1588 cogitationis
1953 1526 2039 1566 so—
2073 1534 2079 1540 ~

484 1616 676 1672 Ienmia
702 1615 966 1670 celebrent
997 1614 1121 1668 Deo.

557 1706 643 1761 16.
673 1704 823 1778 [vers.
846 1702 1189 1775 12.1-Vovete,
1209 1711 1252 1756 et
1276 1701 1467 1755 reddite
1487 1699 1706 1754 Domino
1725 1696 1834 1751 Deo
1850 1705 2040 1750 nostro.

487 1798 721 1867 Quisque
756 1796 895 1866 quod
928 1805 1102 1867 potest
1126 1803 1332 1856 voveat,
1373 1804 1427 1847 et
1454 1791 1659 1846 reddat.
1690 1789 1765 1845 Ne
1784 1787 2039 1852 voveatis,

487 1900 542 1943 ct
575 1905 683 1943 non
717 1887 977 1951 rcddatis;
1026 1886 1116 1941 sed
1139 1887 1358 1957 quisque
1387 1883 1525 1955 quod
1555 1892 1726 1954 potest
1747 1891 1964 1944 voveat,
1992 1890 2046 1934 et

487 1978 692 2033 reddat.
720 1977 833 2033 Non
856 1978 971 2032 sitis
997 1977 1127 2047 pigri
1152 1977 1216 2031 ad
1246 1975 1538 2030 vovendum
1561 1992 1575 2038 ;
1616 1990 1719 2029 non
1748 1973 1889 2029 enim
1912 1972 2045 2026 viri-

487 2072 589 2127 bus
617 2071 805 2125 vestris
830 2070 1135 2139 itnplehitis.
1178 2067 1441 2122 Deficietis
1463 2109 1477 2132 ,
1510 2067 1553 2120 si
1586 2065 1652 2121 de
1680 2064 1827 2119 vobis
1847 2079 2047 2135 praesa.

494 2164 669 2227 mitis;
719 2162 761 2217 si
803 2171 977 2214 autent
1003 2159 1071 2215 de
1113 2159 1202 2212 illo
1240 2157 1322 2213 cui
1352 2157 1570 2222 vovetis,
1612 2166 1837 2221 vovete,
1875 2154 2044 2210 securi

493 2251 742 2308 reddctis.
779 2249 973 2315 i’ooete,
992 2259 1036 2303 et
1058 2248 1248 2303 reddite
1266 2247 1483 2302 Domino
1503 2246 1610 2301 Deo
1635 2257 1826 2301 nostro.
1848 2244 2045 2302 Omnes

492 2343 843 2399 communiter
873 2341 996 2411 quid
1018 2340 1272 2395 debemus
1296 2339 1520 2394 vovere?
1548 2338 1775 2394 Credere
1796 2339 1850 2392 in
1879 2338 2047 2405 illum,

496 2449 711 2506 sperare
732 2434 799 2488 ab
825 2434 914 2487 illo
935 2435 1091 2486 vitam
1115 2443 1386 2497 aeternam,
1407 2430 1541 2486 bene
1560 2432 1737 2484 vivere
1764 2428 2049 2483 secundum

494 2543 831 2584 communem
862 2525 1094 2580 modum.
1149 2524 1242 2580 Est
1266 2525 1405 2579 enim
1444 2521 1657 2592 quidam
1688 2521 1873 2576 modus
1901 2535 2053 2575 com-

499 2620 673 2675 munis
699 2618 961 2673 omnibus.
993 2617 1211 2671 Furtum
1232 2631 1334 2671 non
1361 2614 1556 2680 facere,
1575 2629 1678 2668 non
1705 2612 2053 2668 castimoniali

499 2713 816 2784 prmeipitur,
845 2719 898 2765 et
921 2719 1098 2779 nupta:
1122 2724 1224 2764 non
1252 2708 1551 2779 praecipitur
1577 2725 1591 2760 :
1618 2705 1930 2762 adulterium
1949 2719 2055 2760 non

504 2806 697 2869 facere,
727 2805 970 2859 omnibus
996 2802 1295 2873 prtecipitur
1327 2819 1340 2855 :
1368 2815 1468 2856 non
1493 2815 1672 2854 amare
1694 2798 2053 2862 vinolentiam,

501 2911 603 2966 qua
636 2884 981 2965 ingurgitatur
1001 2891 1206 2957 anima,
1235 2901 1286 2945 et
1313 2889 1603 2959 corrumpit
1629 2888 1680 2942 in
1717 2903 1776 2943 se
1805 2887 2058 2956 templum

505 2986 595 3039 Dei
617 3026 631 3048 ,
675 2984 918 3037 omnibus
944 2981 1218 3051 :rqualiter
1252 2980 1552 3051 pnrcipitur
1583 2996 1596 3033 :
1630 2995 1735 3033 non
1762 2978 2057 3048 superbire,

502 3074 747 3127 omnibus
785 3071 1059 3140 :rqualiter
1105 3070 1445 3139 prmcipitur:
1479 3083 1583 3123 non
1622 3067 1887 3123 hominem
1915 3067 2058 3122 occi-

503 3165 651 3228 dere,
684 3178 785 3217 non
824 3161 999 3216 odisse
1030 3161 1239 3213 fratrem
1261 3201 1276 3224 ,
1317 3174 1421 3214 non
1458 3158 1707 3213 adversus
1729 3156 1955 3227 aliquem
1984 3165 2062 3211 te-

507 3269 633 3309 nere
680 3253 961 3323 perniciem
987 3291 1002 3315 ,
1048 3250 1294 3305 omnibus
1325 3249 1383 3304 in
1422 3265 1701 3304 commune
1740 3249 2060 3319 prtccipitur.

508 3343 618 3398 lloc
643 3351 807 3396 totum
847 3354 1034 3395 omnes
1058 3324 1250 3393 vovere
1275 3338 1545 3393 debemus.
1595 3337 1730 3392 Sunt
1755 3338 1914 3393 etiam
1940 3347 2062 3392 vota

508 3433 716 3503 propria
742 3430 1064 3500 singulorum
1096 3447 1109 3483 :
1139 3428 1275 3483 alius
1300 3437 1451 3482 vovet
1488 3428 1597 3482 Deo
1619 3427 1909 3483 castitatem
1932 3442 2064 3481 con-

507 3522 735 3594 iugalem
756 3562 770 3586 ,
794 3529 850 3576 ut
880 3532 1071 3590 praeter
1096 3534 1317 3573 uxorem
1344 3533 1492 3572 suam
1520 3533 1623 3572 non
1647 3519 1848 3572 noverit
1869 3517 2063 3584 aliam;

508 3615 585 3669 sic
629 3620 684 3669 et
730 3610 957 3675 femina,
1002 3621 1058 3664 ut
1104 3619 1293 3679 pra-ter
1335 3609 1502 3664 virum
1550 3625 1700 3663 suum
1730 3623 1834 3663 non
1862 3609 2068 3665 noverit

506 3704 687 3758 alium.
711 3703 810 3756 Alii
836 3702 991 3757 etiam
1015 3710 1202 3756 vovent
1224 3742 1239 3765 ,
1265 3700 1362 3757 etsi
1383 3700 1585 3768 experti
1614 3699 1718 3754 tale
1741 3699 2064 3770 coniugium,

510 3795 643 3848 ultra
671 3792 797 3847 nihil
825 3792 928 3845 tale
959 3791 1063 3860 pati
1087 3832 1102 3856 ,
1146 3790 1272 3844 nihil
1299 3791 1403 3845 tale
1429 3790 1807 3860 concupiscere
1830 3800 1919 3843 aut
1943 3804 2066 3845 sus-

512 3885 681 3938 tinere
710 3900 724 3936 :
760 3890 814 3937 et
843 3882 939 3953 ipsi
987 3891 1242 3936 voverunt
1268 3881 1462 3951 aliquid
1485 3882 1653 3950 majus
1673 3895 1826 3950 quam
1845 3880 1937 3935 illi.
1963 3880 2068 3934 Alii

511 3974 858 4043 virginitatem
890 3973 1054 4041 ipsam
1082 3974 1149 4027 ab
1175 3974 1387 4027 ineunte
1407 3981 1565 4026 aetate
1604 3980 1818 4037 vovent,
1852 3982 1909 4026 ut
1936 3971 2064 4026 nihil

512 4063 621 4116 tale
647 4062 724 4115 vel
745 4044 1085 4131 experiantur
1109 4104 1123 4127 ,
1171 4063 1325 4132 quale
1348 4061 1422 4116 illi
1452 4063 1651 4132 experti
1703 4063 2025 4130 reliquerunt
2051 4080 2065 4116 :

510 4164 567 4209 et
594 4154 677 4208 isti
701 4164 953 4207 voverunt
986 4154 1287 4224 plurimum.
1333 4153 1433 4207 Alii
1464 4161 1656 4207 vovent
1683 4153 1896 4207 domum
1919 4168 2069 4208 suam

511 4260 632 4300 esse
698 4243 1009 4313 hospitalem
1074 4242 1322 4296 omnibus
1372 4244 1566 4297 sanctis
1616 4242 2065 4313 advenientibus:

514 4351 759 4406 magnum
788 4344 964 4388 votum
984 4345 1194 4389 vovent.
1224 4333 1379 4388 Alius
1398 4344 1550 4388 vovet
1570 4334 1867 4405 relinquere
1891 4335 2069 4389 omnia

511 4442 602 4481 sua
625 4425 983 4482 distribuenda
1010 4424 1347 4493 pauperibus,
1368 4433 1423 4479 et
1447 4424 1522 4479 ire
1550 4424 1600 4478 in
1626 4438 1958 4480 communem
1988 4423 2069 4477 vi-

512 4526 638 4584 tatn,
662 4519 711 4571 in
738 4516 1041 4571 societatem
1062 4524 1362 4569 sanctorum
1394 4533 1407 4568 :
1431 4530 1674 4584 magnum
1691 4525 1868 4569 votum
1894 4526 2067 4571 vovet.

525 4607 700 4663 i’onete
719 4650 734 4675 ,
763 4618 809 4662 et
835 4608 1027 4663 reddite
1054 4606 1273 4661 Domino
1303 4606 1413 4661 Deo
1441 4619 1630 4661 nostro.
1676 4607 1909 4679 Quisque
1932 4610 2069 4679 quod

511 4712 705 4752 vovere
732 4697 1185 4752 volueritvovcat
1213 4713 1227 4750 :
1258 4696 1384 4751 illud
1414 4696 1684 4760 attendat,
1732 4700 1950 4767 utquod
1982 4713 2073 4751 vo-

514 4787 647 4839 verit
684 4787 890 4841 reddat.
918 4787 1294 4856 Unusquisque
1325 4785 1432 4840 Deo
1455 4786 1595 4856 quod
1620 4797 1797 4852 vovet,
1830 4788 1874 4842 si
1908 4790 2075 4859 respi-

513 4874 585 4928 cit
627 4885 914 4931 retrorsum
937 4919 950 4943 ,
984 4878 1177 4931 malum
1208 4885 1311 4931 est.
1359 4875 1546 4932 Nescio
1564 4893 1679 4946 qum
1699 4878 2073 4935 castimonialis

514 4966 716 5020 nubere
745 4968 903 5021 voluit
929 4986 942 5021 :
974 4969 1099 5037 quid
1132 4968 1339 5024 voluit?
1373 4968 1522 5036 Quod
1547 4980 1601 5023 et
1628 4971 1776 5040 virgo
1800 4971 2069 5042 qumlibet.

518 5058 654 5126 Quid
682 5058 883 5112 voluit?
926 5059 1074 5125 Quod
1103 5069 1158 5115 et
1183 5070 1351 5116 mater
1377 5061 1558 5131 ipsius.
1590 5060 1799 5131 Aliquid
1827 5063 1951 5117 mali
1981 5079 2074 5118 vo-

517 5151 646 5204 luit?
676 5149 795 5204 Mali
826 5149 999 5218 plane.
1047 5151 1262 5219 Quare?
1302 5152 1431 5219 Quia
1474 5152 1581 5222 jam
1609 5163 1823 5208 voverat
1852 5154 2073 5210 Domino

516 5241 626 5295 lico
648 5256 764 5296 suo.
817 5239 952 5307 Quid
980 5242 1119 5294 enim
1147 5241 1280 5295 dixit
1305 5244 1371 5297 de
1398 5244 1587 5298 talibus
1630 5247 1899 5312 apostolus
1942 5246 2073 5300 Pau-

515 5332 641 5387 lus?
670 5330 960 5387 Cumdicat
980 5331 1162 5385 viduas
1187 5331 1605 5389 adulescentulas
1627 5337 1824 5392 nubere
1843 5338 1885 5391 si
1913 5338 2073 5392 velint

516 5422 556 5492 (l
587 5422 716 5477 Tim.
747 5438 813 5488 v,
850 5420 934 5492 Η)
958 5462 973 5487 ,
1011 5420 1103 5475 sed
1127 5429 1300 5475 tamen
1331 5424 1403 5476 ait
1430 5425 1655 5492 quodam
1681 5426 1797 5481 loco
1829 5447 1842 5481 :
1872 5427 2074 5484 Beatior

514 5523 681 5566 autent
708 5513 828 5576 erit,
865 5512 911 5566 si
946 5510 1018 5563 sic
1058 5512 1382 5579 permanserit
1411 5516 1678 5569 secundum
1712 5535 1873 5572 meum
1905 5521 2073 5574 consi-

516 5601 640 5655 lium
670 5603 711 5671 (Ι
741 5603 856 5656 Cor.
886 5619 996 5669 vn,
1022 5602 1134 5672 40).
1165 5601 1404 5656 Ostendit
1433 5600 1749 5674 beatiorem,
1780 5611 1823 5663 si
1849 5611 1923 5664 sic
1950 5627 2068 5679 per-

517 5695 804 5763 manserit;
864 5712 966 5751 non
1013 5706 1186 5752 tamen
1211 5695 1556 5753 damnandam
1583 5743 1594 5766 ,
1628 5702 1669 5756 si
1702 5702 1896 5759 nubere
1916 5704 2065 5781 volu-

1685 290 1744 351 S.
1784 290 2008 348 AUGUS
2021 287 2145 344 “Nl
2188 288 2481 346 EPISCOPI

3585 300 3690 355 968

2133 405 2252 457 crit.
2281 404 2414 471 Quid
2455 415 2629 459 autem
2655 408 2730 461 ait
2751 407 2817 462 de
2838 407 3149 478 quibusdam
3181 426 3299 479 qua:
3334 424 3610 479 voverunt,
3640 426 3695 468 et

2133 510 2237 547 non
2275 494 2653 551 reddiderunt?
2713 497 2998 563 Habentes,
3046 499 3252 569 inquit,
3298 500 3697 568 damnationem,

2133 584 2251 652 quia
2275 586 2486 655 primum
2508 587 2655 655 [idem
2676 590 2871 642 irritam
2892 593 3113 660 fecerunt
3136 589 3175 661 (l
3198 590 3328 643 Tim.
3349 607 3401 656 v,
3433 591 3541 662 12).
3557 592 3696 659 Quid

2136 685 2237 743 est,
2266 677 2479 746 primam
2505 679 2653 747 [idem
2676 680 2867 733 irritant
2888 679 3150 749 fecerunt?
3193 681 3479 740 Vovernnt.
3507 692 3563 737 ct
3593 699 3700 738 non

2136 766 2495 823 reddiderunt.
2540 768 2710 824 Nemo
2733 786 2858 840 ergo
2885 772 3088 840 positus
3111 771 3162 825 in
3193 775 3512 827 monasterio
3537 760 3706 827 frater

2136 860 2275 915 dicat
2308 879 2322 916 :
2352 861 2561 916 Recedo
2594 861 2662 918 de
2689 863 3010 917 monasterio
3034 903 3049 926 ,
3092 878 3263 932 neque
3304 865 3444 918 enim
3483 864 3583 918 soli
3613 865 3708 933 qui

2139 962 2260 1005 sunt
2284 953 2334 1005 iu
2364 953 2685 1007 monasterio
2711 954 3011 1023 perventuri
3040 963 3163 1007 sunt
3188 953 3253 1008 ad
3288 970 3506 1023 regnum
3536 956 3704 1011 eteiu-

2139 1058 2276 1107 rum,
2308 1053 2360 1096 ct
2387 1043 2459 1097 illi
2487 1043 2575 1113 qui
2607 1043 2675 1096 ibi
2711 1058 2812 1097 non
2841 1055 2963 1097 sunt
2982 1045 3046 1097 ad
3080 1045 3243 1098 Deum
3275 1061 3379 1098 non
3413 1046 3704 1114 pertinent.

2140 1132 2512 1204 ReSpondetur
2539 1134 2588 1188 ei
2619 1151 2631 1189 :
2664 1134 2768 1190 Sed
2796 1135 2867 1188 illi
2907 1150 3008 1188 non
3050 1146 3344 1201 voverunt;
3394 1144 3448 1190 tu
3484 1139 3706 1202 vovisti,

2141 1234 2197 1279 ιιι
2233 1234 2378 1280 retro
2417 1224 2715 1295 respexisti.
2761 1225 2834 1279 De
2853 1225 2939 1279 die
2964 1225 3147 1294 judicii
3175 1241 3295 1280 cum
3327 1228 3580 1283 Dominus
3606 1232 3708 1283 mi«

2145 1326 2360 1371 narctur
2381 1358 2395 1380 ,
2426 1316 2548 1386 quid
2579 1317 2686 1371 ait?
2732 1316 3029 1371 Mementote
3050 1320 3223 1373 uxoris
3256 1318 3352 1373 Lot
3384 1320 3535 1390 (an.
3572 1338 3704 1387 xvu,

2145 1407 2256 1478 39.).
2287 1408 2542 1463 Omnibus
2566 1409 2715 1464 dixit.
2746 1409 2879 1477 Quid
2906 1413 3044 1464 enim
3068 1408 3191 1464 fecit
3220 1427 3352 1465 uxor
3376 1411 3473 1465 Lot
3495 1410 3520 1466 ?
3546 1413 3710 1469 Libe-

2145 1509 2253 1555 rata
2284 1510 2367 1554 est
2386 1517 2419 1553 a
2448 1500 2694 1556 Sodomis
2718 1543 2732 1568 ,
2784 1511 2838 1556 et
2868 1502 2918 1555 in
2949 1502 3033 1556 via
3075 1503 3240 1570 posita
3284 1513 3575 1559 retrorsum
3620 1522 3711 1559 re—

2147 1592 2356 1661 spexit:
2387 1591 2473 1644 ubi
2503 1592 2763 1661 respexit,
2790 1591 2858 1647 ibi
2891 1592 3165 1646 remansit.
3216 1592 3375 1648 Facta
3411 1602 3494 1647 est
3532 1604 3712 1651 autem

2146 1693 2316 1738 statua
2349 1684 2472 1738 salis
2497 1682 2646 1750 (Gen.
2678 1700 2768 1738 xix
2795 1725 2810 1748 ,
2839 1683 2969 1763 9.6),,
3010 1693 3065 1738 ut
3092 1686 3228 1739 illius
3256 1687 3712 1756 contemplatione

2146 1775 2458 1830 condiantur
2481 1776 2748 1841 homines;
2777 1790 2870 1829 cor
2899 1774 3146 1842 habeant,
3173 1791 3275 1831 non
3296 1778 3399 1831 sint
3426 1778 3577 1842 fatui,
3606 1796 3712 1833 non

2149 1875 2295 1920 retro
2324 1865 2642 1935 respiciant,
2688 1880 2754 1919 ne
2797 1866 2991 1920 malum
3016 1866 3314 1936 exemplum
3342 1866 3534 1922 dantes
3556 1910 3570 1932 ,
3612 1870 3715 1940 ipsi

2149 1965 2491 2019 remaneant,
2520 1965 2574 2010 et
2610 1954 2741 2009 alios
2773 1955 3042 2009 condiant.
3070 1955 3201 2010 Nam
3225 1966 3278 2012 et
3303 1958 3462 2013 modo
3489 1958 3717 2015 dicimus

2151 2046 2274 2100 illud
2302 2046 2612 2115 quihusdam
2644 2046 2894 2101 fratribus
2923 2048 3118 2102 nostris
3136 2088 3150 2110 ,
3182 2064 3315 2118 quos
3350 2049 3488 2105 forte
3513 2051 3717 2107 videri-

2154 2151 2273 2191 mus
2305 2136 2448 2191 velut
2478 2136 2728 2190 infirmari
2774 2136 2825 2190 in
2873 2138 3142 2207 proposito
3187 2138 3326 2194 bono
3358 2158 3373 2195 :
3406 2140 3471 2195 Et
3496 2143 3615 2197 talis
3638 2144 3719 2197 vis

2153 2244 2305 2293 esse,
2348 2229 2520 2299 qualis
2541 2229 2670 2284 ille?
2711 2230 3000 2299 Objicimus
3035 2231 3137 2286 illis
3173 2232 3427 2303 quosdam
3464 2234 3555 2305 qui
3577 2244 3721 2290 retro

2155 2327 2524 2389 respexerunt.
2549 2319 2626 2374 Illi
2652 2319 2777 2374 fatui
2809 2331 2934 2377 sunt
2961 2323 3010 2376 in
3041 2337 3129 2387 se,
3161 2323 3253 2377 sed
3279 2324 3414 2378 alios
3441 2326 3716 2389 condiunt,

2154 2409 2365 2479 quando
2408 2422 2923 2479 commemorantur,
2966 2421 3022 2466 ut
3067 2413 3273 2467 illorum
3321 2414 3625 2484 exemplum
3650 2417 3720 2469 ti-

2156 2513 2362 2560 mentes
2389 2504 2475 2558 isti
2506 2512 2651 2560 retro
2688 2521 2792 2559 non
2833 2506 3133 2575 respiciant.
3189 2505 3400 2572 Vovete,
3426 2518 3489 2561 et
3530 2509 3724 2561 reddite

2159 2594 2376 2650 Domino
2404 2593 2514 2651 Deo
2534 2607 2722 2660 nostro,
2750 2596 2871 2667 quia
2899 2598 2981 2651 illa
3015 2614 3149 2652 uxor
3177 2598 3275 2651 Lot
3300 2599 3363 2653 ad
3392 2615 3579 2655 omnes
3604 2616 3725 2670 per-

2157 2678 2309 2745 tinet.
2360 2688 2597 2744 Maritata
2643 2691 2833 2745 mulier
2861 2691 3028 2747 voluit
3058 2692 3228 2748 facere
3258 2694 3614 2761 adulterium;
3655 2696 3723 2750 de

2159 2780 2275 2836 loco
2311 2795 2408 2836 suo
2430 2794 2536 2851 quo
2562 2791 2874 2850 pervenerat
2916 2793 3059 2839 retro
3096 2784 3350 2854 respexit.
3394 2784 3557 2840 Vidua
3598 2801 3724 2856 qua:

2156 2871 2265 2942 jam
2291 2872 2367 2927 sic
2394 2887 2707 2943 permanere
2733 2883 2944 2927 voverat
2971 2914 2987 2940 ,
3029 2874 3195 2949 voluit
3225 2874 3451 2943 nubere,
3492 2875 3594 2931 hoc
3621 2894 3722 2929 νο-

2161 2964 2261 3020 luit
2304 2964 2441 3036 quod
2472 2964 2687 3019 licuitei
2720 2982 2851 3035 .quzc
2888 2968 3106 3036 nupsit;
3154 2967 3245 3022 sed
3282 2969 3359 3022 illi
3404 2986 3503 3023 non
3542 2969 3723 3032 licuit,

2162 3055 2282 3125 quia
2307 3054 2374 3110 de
2416 3056 2530 3109 loco
2555 3069 2652 3109 suo
2697 3064 2840 3110 retro
2871 3057 3127 3127 respexit.
3184 3057 3343 3129 Virgo
3367 3071 3452 3115 est
3474 3061 3728 3115 castimo-

2165 3145 2340 3213 nialis,
2360 3146 2467 3215 jam
2492 3145 2665 3200 dicata
2688 3146 2830 3213 Deo;
2869 3145 3098 3202 habebat
3122 3158 3173 3203 et
3193 3158 3383 3204 caetera
3406 3190 3421 3212 .
3450 3167 3569 3220 qua:
3596 3167 3729 3205 vere

2163 3245 2357 3291 ornant
2382 3238 2548 3306 ipsam
2578 3237 2968 3307 virginitatem,
3002 3247 3054 3294 et
3082 3241 3196 3295 sine
3230 3241 3419 3310 quibus
3451 3242 3539 3297 illa
3568 3238 3729 3315 virgi-

2167 3328 2303 3381 nitas
2327 3328 2495 3396 turpis
2522 3337 2623 3384 est.
2666 3328 2800 3394 Quid
2826 3329 2869 3383 si
2900 3329 3039 3384 enim
3061 3330 3129 3384 sit
3154 3345 3379 3400 corpore
3406 3332 3608 3402 integra
3631 3374 3647 3395 ,
3672 3343 3728 3386 et

2167 3424 2346 3471 mente
2365 3417 2653 3488 corrupta?
2695 3418 2830 3485 Quid
2855 3428 2937 3473 est
2965 3420 3102 3490 quod
3134 3420 3276 3474 dixi?
3317 3421 3453 3489 Quid
3478 3423 3520 3477 si
3550 3424 3730 3477 nullus

2171 3505 2400 3576 tetigerit
2419 3520 2629 3577 corpus,
2674 3507 2766 3563 sed
2797 3508 2839 3563 si
2874 3509 3007 3564 forte
3035 3500 3242 3565 ebriosa
3270 3512 3358 3577 sit,
3385 3515 3606 3583 superba
3630 3515 3725 3577 sit,

2170 3596 2396 3667 litigiosa
2422 3597 2526 3661 sit,
2567 3597 2800 3668 linguosa
2828 3600 2929 3654 sit?
2970 3600 3090 3655 llmc
3118 3602 3292 3656 omnia
3322 3602 3537 3658 damnat
3566 3604 3727 3658 Deus.

2171 3687 2228 3743 Si
2255 3697 2533 3757 antequam
2576 3688 2804 3744 vovisset
2847 3691 3145 3760 nupsisset,
3194 3708 3299 3746 non
3338 3692 3722 3749 danmarctur:

2170 3779 2327 3849 elegit
2349 3778 2543 3849 aliquid
2583 3779 2805 3845 melius,
2840 3782 3109 3850 superavit
3132 3781 3270 3850 quod
3297 3782 3345 3836 ei
3380 3783 3609 3849 licebat;
3640 3798 3732 3837 su-

2174 3871 2364 3939 perbit,
2402 3881 2456 3926 et
2482 3871 2663 3925 illicita
2691 3879 2834 3925 tanta
2858 3872 3163 3927 committit.
3186 3873 3295 3927 lloc
3322 3872 3445 3927 dico
3474 3891 3488 3926 :
3517 3873 3732 3929 Nubere

2176 3960 2297 4015 licet
2319 3970 2595 4030 antequam
2626 3970 2845 4027 voveat;
2877 3961 3149 4031 superbire
3186 3979 3458 4032 nunquam
3495 3963 3641 4018 licet.
3686 3963 3731 4018 0

2179 4062 2232 4105 tu
2259 4051 2408 4122 virgo
2430 4052 2540 4115 Dci,
2571 4052 2769 4107 nubere
2798 4053 3032 4117 uoluisti,
3060 4054 3197 4124 quod
3229 4055 3388 4119 licet;
3414 4056 3631 4111 extollis
3656 4066 3729 4120 te,

2172 4145 2313 4215 quod
2345 4162 2446 4201 non
2478 4146 2617 4200 licet.
2652 4146 2837 4200 Melior
2859 4146 3002 4216 virgo
3029 4147 3270 4214 humilis,
3303 4165 3459 4219 quam
3485 4151 3729 4203 maritam

2174 4236 2415 4304 humilis;
2466 4237 2559 4293 sed
2599 4238 2784 4292 melior
2822 4239 3060 4292 maritata
3104 4239 3340 4301 humilis,
3381 4256 3539 4309 quam
3581 4240 3733 4307 virgo

2174 4329 2423 4399 superba.
2466 4328 2595 4397 Qua:
2638 4338 2813 4383 autem
2845 4330 3078 4399 respexit
3101 4330 3164 4383 ad
3201 4331 3440 4398 nuptias,
3472 4347 3577 4384 non
3608 4334 3730 4401 quia

2173 4419 2338 4476 voluit
2361 4419 2557 4474 nubere
2580 4418 2885 4486 damnatur;
2910 4420 3001 4475 sed
3028 4420 3146 4489 quia
3172 4421 3279 4488 jam
3303 4432 3661 4476 antecesserat
3690 4425 3729 4487 ‘,

2174 4520 2229 4567 et
2254 4511 2312 4565 fit
2335 4526 2467 4566 uxor
2486 4510 2586 4565 Lot
2608 4508 2938 4581 respiciendo
2963 4519 3271 4565 retrorsum.
3323 4511 3435 4565 Non
3462 4513 3579 4566 sitis
3601 4514 3733 4584 pigri

2175 4604 2264 4673 qui
2293 4602 2511 4673 potestis
2535 4644 2549 4666 ,
2582 4602 2771 4673 quibus
2798 4602 2996 4672 aspirat
3024 4602 3161 4657 Deus
3181 4602 3581 4673 apprchendere
3610 4620 3733 4675 gra-

2175 4694 2273 4749 dus
2301 4694 2579 4760 meliores,
2628 4694 2748 4764 quia
2780 4709 2884 4749 non
2913 4694 3010 4747 ista
3035 4692 3153 4747 ideo
3194 4693 3458 4763 loquimur
3481 4735 3498 4759 ,
3540 4705 3602 4749 ut
3630 4711 3734 4750 non

2173 4784 2407 4840 voveatis
2429 4824 2445 4849 ,
2491 4783 2586 4839 scd
2625 4795 2683 4839 ut
2718 4784 2951 4838 voveatis
2974 4824 2989 4850 ,
3032 4792 3087 4839 et
3130 4783 3408 4839 reddatts:
3448 4784 3629 4839 Voeetr.
3651 4828 3667 4852 ,
3693 4797 3737 4839 et

2174 4875 2365 4929 reddite
2389 4874 2607 4930 Domino
2628 4873 2734 4929 Deo
2760 4885 2946 4929 nostra.
2974 4873 3089 4929 Jam
3114 4875 3235 4945 quia
3257 4874 3355 4929 ista
3373 4877 3737 4944 tractavimus,

2178 4965 2313 5021 forte
2339 4965 2552 5020 volebas
2577 4979 2771 5020 vovere
2791 5006 2806 5029 ,
2849 4976 2904 5020 et
2941 4964 3097 5019 modo
3126 4980 3230 5019 non
3263 4965 3339 5020 vis
3362 4982 3583 5021 vovere.
3635 4969 3735 5023 Sed

2176 5055 2299 5126 quid
2328 5055 2421 5110 tibi
2440 5055 2630 5111 dixerit
2655 5056 2893 5111 Psalmus
2917 5098 2932 5120 ,
2958 5056 3196 5111 attende.
3236 5056 3350 5111 Non
3380 5058 3531 5123 dixit,
3565 5058 3739 5113 Nolite

2179 5159 2403 5211 vovere;
2441 5145 2554 5211 sed,
2591 5145 2783 5211 Vovcte,
2812 5156 2856 5201 et
2884 5147 3091 5201 reddite.
3123 5148 3253 5214 Quia
3280 5147 3496 5217 audisti,
3524 5152 3731 5211 reddite.

2177 5248 2282 5290 non
2316 5236 2395 5290 vis
2438 5236 2672 5290 vovere?
2716 5235 2855 5307 Ergo
2894 5251 3086 5292 vovere
3112 5237 3356 5305 volebas,
3401 5250 3457 5294 et
3484 5256 3593 5295 non
3620 5243 3739 5295 red-

2176 5328 2340 5385 dere?
2386 5327 2496 5383 lmo
2531 5339 2811 5399 utrumque
2850 5331 2950 5385 fac.
3007 5331 3176 5386 Unum
3212 5333 3282 5387 sit
3308 5348 3372 5388 ex
3411 5335 3742 5405 professione

2180 5430 2296 5488 tua;
2347 5420 2487 5475 aliud
2530 5436 2592 5475 ex
2621 5420 2881 5490 adjutorio
2908 5421 2999 5477 Dei
3039 5423 3360 5491 perficietur.
3401 5426 3599 5497 Aspice
3617 5444 3739 5482 eum

2178 5513 2265 5582 qui
2298 5522 2347 5567 te
2374 5510 2516 5567 ducit
2540 5553 2555 5577 ,
2598 5522 2652 5567 et
2680 5528 2783 5566 non
2814 5513 3065 5582 respicies
3090 5524 3233 5570 retro
3250 5556 3267 5581 ,
3295 5516 3435 5571 unde
3458 5527 3509 5571 te
3534 5517 3737 5572 educit.

2177 5603 2275 5670 Qui
2304 5612 2355 5657 te
2387 5602 2530 5656 ducit
2555 5643 2569 5664 ,
2596 5612 2718 5656 ante
2744 5611 2796 5657 te
2829 5603 3089 5669 ambulat;
3139 5605 3278 5662 unde
3318 5615 3369 5663 te
3391 5606 3597 5674 educit,
3619 5620 3739 5681 post

2247 5717 2261 5746 ί
2287 5718 2357 5766 Sic
2379 5722 2482 5766 Mss.
2504 5723 2556 5766 Al
2587 5714 2719 5777 add,
2742 5721 2849 5767 ante
2872 5722 3150 5768 recesserat.
