4020 6198
347 270 449 326 969

345 398 398 443 te
428 396 527 441 est.
581 387 709 445 Ama
754 386 1024 438 ducentem
1050 428 1063 445 ,
1112 395 1157 438 et
1191 401 1292 439 non
1324 396 1375 438 te
1406 388 1617 441 damnat
1649 397 1789 461 retro
1819 404 1898 440 rc-

342 466 671 547 spicicntetn.
711 474 908 540 Voucte,
951 485 995 528 ct
1020 478 1211 529 reddite
1234 475 1446 531 Domino
1474 476 1577 530 Deo
1605 486 1794 531 nostro.

413 570 498 623 17.
529 567 711 621 Onznes
729 568 811 636 qui
833 569 882 619 in
906 567 1113 619 circuitu
1140 568 1248 635 eius
1270 577 1415 629 sunt,
1439 566 1645 634 oli'erent
1672 585 1897 622 munera.

339 652 436 719 Qui
463 669 584 713 sunt
616 659 665 711 in
689 659 909 714 circuitu
934 659 1085 721 ejus?
1115 658 1212 715 Ubi
1240 660 1378 713 enim
1396 671 1477 714 est
1497 647 1898 727 istc,iutdicat‘,

341 750 523 805 Omnes
541 753 628 820 qui
649 753 699 804 in
721 753 928 805 circuitu
950 753 1059 817 ejus
1080 753 1236 805 sunt?
1263 753 1315 807 Si
1342 754 1504 807 Deum
1530 754 1735 809 Patrem
1764 758 1898 826 cogi-

337 856 446 912 tes,
486 846 574 901 ubi
602 862 703 901 non
730 856 812 902 est
841 848 931 918 qui
971 848 1165 917 ubique
1195 864 1424 917 prarseus
1454 852 1577 904 est?
1625 852 1677 905 Si
1710 850 1896 904 Filium

335 935 535 1006 cogites
579 936 870 992 secundum
916 936 1138 992 formam
1184 939 1509 1005 divinitatis,
1559 949 1613 995 et
1637 942 1750 1011 ipse
1774 955 1893 995 cum

337 1031 492 1086 Patre
516 1031 710 1101 ubique
739 1041 856 1096 est;
884 1032 1002 1102 quia
1033 1033 1142 1100 ipse
1167 1042 1249 1088 est
1269 1033 1535 1103 Sapientia
1568 1034 1681 1100 Dei,
1705 1034 1771 1089 de
1794 1051 1890 1103 qua

334 1118 529 1178 dictum
552 1133 630 1178 est
663 1141 677 1177 :
709 1124 917 1195 Attingit
936 1132 1101 1177 autem
1128 1125 1306 1194 ubique
1331 1126 1532 1195 prapter
1562 1141 1708 1179 suam
1746 1143 1894 1179 mun-

332 1214 509 1269 ditiam
547 1214 701 1285 (Sop.
728 1231 815 1280 vn,
843 1214 960 1284 2.5).
1010 1214 1066 1270 Si
1094 1224 1269 1269 autem
1301 1216 1491 1271 Filium
1511 1219 1589 1273 sic
1611 1218 1891 1288 intelligas,

331 1306 616 1361 secundum
638 1306 783 1378 quod
808 1307 1094 1375 assumpsit
1121 1322 1336 1362 carnem
1362 1349 1378 1374 ,
1405 1311 1624 1364 et~visus
1648 1318 1730 1364 est
1758 1310 1894 1363 inter

331 1397 593 1463 homines,
615 1404 668 1452 et
685 1396 967 1452 cruciﬁxus
983 1405 1085 1463 est,
1108 1407 1160 1451 et
1180 1394 1492 1461 resurrexit,
1515 1400 1757 1453 novimus
1772 1400 1892 1468 quia

330 1489 568 1545 ascendit
590 1488 643 1544 in
668 1489 881 1546 caelum.
912 1488 1010 1557 Qui
1033 1498 1157 1544 sunt
1182 1489 1234 1544 in
1262 1491 1481 1546 circuitu
1506 1490 1662 1562 ejus?
1685 1493 1888 1562 Angeli.

330 1580 470 1651 Ergo
495 1595 592 1636 nos
617 1595 721 1635 non
764 1579 1034 1636 offerimus
1064 1596 1278 1635 munera
1303 1623 1319 1648 ,
1367 1583 1489 1653 quia
1532 1582 1715 1636 Omnes
1733 1584 1817 1655 qui
1840 1585 1891 1636 in

326 1672 539 1725 circuitu
570 1672 679 1740 ejus
713 1679 868 1735 sunt,
898 1670 1051 1736 dixit,
1074 1670 1283 1739 offerent
1306 1689 1535 1726 munera.
1576 1671 1631 1728 Si
1656 1674 1890 1743 sepultus

328 1760 581 1816 Dominus
604 1769 786 1815 noster
809 1760 897 1817 hic
920 1771 1064 1816 esset
1089 1763 1140 1816 in
1170 1774 1340 1827 terra,
1380 1773 1433 1818 et
1473 1765 1672 1834 jaceret
1699 1779 1890 1834 corpus

325 1850 510 1921 ipsius,
532 1850 799 1921 quomodo
827 1851 1050 1922 alicujus
1078 1853 1323 1924 martyris
1352 1853 1430 1907 vel
1459 1854 1701 1923 apostoli,
1730 1864 1891 1909 atten-

320 1940 569 1997 deremus
596 1956 691 1997 eos
715 1942 804 2011 qui
829 1942 880 1996 in
906 1944 1129 1998 circuitu
1160 1944 1275 2012 ejus
1301 1949 1502 2010 essent,
1530 1959 1883 2017 qumeumque

322 2033 404 2089 vel
446 2032 630 2105 gentes
675 2043 854 2090 essent
899 2035 1038 2089 circa
1087 2036 1257 2105 ipsum
1287 2037 1458 2091 locum
1487 2036 1753 2107 undique,
1805 2024 1883 2091 vel

320 2124 696 2179 convenientes
724 2123 790 2179 ad
831 2123 971 2178 illam
1017 2125 1340 2194 sepulturam
1386 2140 1507 2180 cum
1537 2128 1881 2181 muneribus:

321 2228 461 2269 nunc
504 2224 681 2269 autem
729 2214 1008 2278 ascendit;
1063 2230 1270 2269 sursum
1321 2225 1421 2270 est.
1479 2215 1612 2284 Quid
1652 2226 1730 2271 est
1761 2217 1881 2281 huc,

322 2303 506 2359 Omnes
532 2305 616 2374 qui
642 2305 692 2358 in
721 2304 932 2359 circuitu
953 2305 1061 2375 ejus
1089 2314 1221 2368 sunt,
1256 2304 1466 2371 o/ferent
1494 2307 1742 2361 munera?
1775 2308 1885 2362 Hoc

319 2398 527 2453 interim
556 2398 693 2469 quod
725 2398 861 2452 Deus
886 2396 1135 2452 admonet
1155 2396 1327 2455 dicam
1351 2398 1520 2463 vobis,
1551 2398 1677 2468 quid
1705 2414 1767 2452 ex
1802 2399 1883 2452 his

318 2491 493 2546 verbis
541 2491 668 2544 mihi
710 2491 823 2560 ipse
870 2489 1132 2559 inspirare
1182 2489 1426 2559 dignatus
1455 2491 1567 2544 sit:
1609 2491 1651 2545 si
1694 2493 1881 2544 melius

317 2583 515 2654 aliquid
539 2592 721 2653 pestea
752 2584 917 2636 visum
948 2581 1140 2646 fuerit,
1174 2594 1227 2637 et
1261 2582 1361 2636 hoc
1390 2594 1623 2637 vestrum
1647 2591 1731 2639 est
1759 2576 1887 2652 quia

314 2675 613 2730 comnmnis
655 2683 737 2729 est
781 2673 1030 2728 oumibus
1074 2675 1289 2729 veritas.
1343 2662 1454 2728 Non
1491 2683 1573 2729 est
1612 2689 1710 2731 nec
1740 2689 1877 2745 mea,

318 2779 422 2819 nec
446 2773 562 2829 tua;
605 2779 708 2817 non
735 2771 818 2819 est
847 2763 1005 2830 illius,
1035 2773 1126 2818 aut
1155 2764 1295 2818 illius
1326 2782 1339 2818 :
1370 2765 1614 2818 omnibus
1642 2780 1878 2820 commu-

313 2856 397 2910 nis
425 2865 525 2911 est.
553 2855 617 2909 Et
640 2854 864 2909 fortasse
895 2854 1015 2909 ideo
1031 2855 1203 2911 media
1226 2865 1325 2917 est,
1358 2864 1412 2910 ut
1442 2856 1492 2909 in
1518 2855 1735 2909 circuitu
1765 2855 1878 2926 ejus

312 2947 418 3002 sint
457 2960 643 3001 omnes
679 2947 767 3020 qui
819 2945 1045 3016 diligunt
1085 2928 1403 3002 veritatem:
1427 2946 1686 3016 Quidquid
1733 2946 1875 3001 enim

311 3037 556 3090 omnibus
584 3050 863 3091 commune
891 3044 993 3095 est,
1024 3037 1075 3089 in
1101 3036 1275 3091 medio
1300 3045 1399 3089 est.
1430 3036 1604 3104 Quare
1626 3038 1676 3090 in
1702 3037 1878 3095 medio

310 3123 538 3182 dicitur?
564 3127 630 3183 Ut
660 3135 860 3181 tantum
891 3128 1049 3181 distet
1075 3128 1141 3182 ab
1164 3127 1429 3193 omnibus,
1451 3138 1503 3182 et
1535 3138 1736 3184 tantum
1763 3145 1878 3202 pro-

310 3219 532 3291 pinquet
555 3218 818 3274 omnibus.
845 3216 995 3284 Quod
1023 3233 1127 3273 non
1156 3229 1238 3274 est
1271 3219 1321 3272 in
1352 3219 1552 3283 medio,
1585 3222 1736 3291 quasi
1764 3223 1875 3292 pri-

306 3318 487 3363 vatum
516 3308 591 3365 fit.
643 3308 791 3378 Quod
825 3308 1087 3379 publicum
1119 3318 1235 3375 est,
1266 3310 1318 3363 in
1348 3308 1523 3366 medio
1548 3312 1784 3380 ponitur,
1818 3320 1871 3365 ut

307 3416 493 3455 onmes
521 3401 607 3470 qui
638 3400 885 3467 veniunt,
935 3401 1256 3470 percipiant,
1288 3401 1669 3457 illuminentur.
1705 3402 1873 3459 Nemo

304 3494 483 3557 dicat,
528 3492 702 3548 Meum
733 3502 812 3553 est
837 3510 851 3553 ;
905 3507 970 3547 ue
998 3492 1049 3547 in
1077 3502 1223 3563 parte
1246 3508 1339 3548 sua
1369 3496 1495 3551 velit
1529 3494 1704 3551 facere
1730 3497 1871 3565 quod

305 3584 355 3638 iu
382 3584 559 3639 medio
596 3592 678 3640 est
716 3585 980 3639 omnibus.
1023 3583 1155 3649 Quid
1186 3594 1455 3656 estergo,
1500 3586 1684 3640 Omnes
1710 3588 1871 3656 quiin

302 3675 512 3727 circuitu
537 3675 643 3743 ejus
663 3683 794 3733 sunt,
822 3673 1030 3739 offerent
1068 3677 1315 3729 munera?
1341 3676 1537 3729 Omnes
1558 3679 1645 3745 qui
1676 3677 1867 3730 intelli-

303 3775 431 3836 gunt
456 3780 788 3819 communem
809 3778 927 3819 esse
947 3766 1191 3819 omnibus
1215 3768 1504 3829 veritatem,
1528 3778 1579 3821 et
1603 3783 1704 3820 non
1727 3768 1867 3821 illam

304 3857 503 3911 faciunt
525 3855 676 3925 quasi
702 3870 849 3910 suam
880 3856 1231 3920 superbiendo
1256 3855 1322 3909 de
1364 3857 1480 3935 illa.
1516 3858 1612 3925 ipsi
1644 3857 1868 3910 olferent

302 3963 557 4013 munera;
598 3948 721 4017 quia
755 3946 1099 4001 humilitatem
1132 3946 1326 4001 habent
1352 3966 1365 4002 :
1394 3950 1482 4017 qui
1513 3959 1685 4004 autem
1714 3950 1865 4018 quasi

300 4053 454 4093 suum
497 4036 694 4093 faciunt
719 4036 859 4107 quod
884 4036 1129 4093 omnibus
1158 4025 1441 4093 commune
1463 4050 1572 4103 εει,
1619 4048 1863 4109 tanquam

302 4128 354 4184 in
381 4128 558 4185 medio
584 4129 835 4198 positum,
858 4126 924 4181 ad
951 4135 1152 4196 partem
1179 4127 1435 4182 seducere
1463 4139 1739 4192 conantur,
1759 4147 1861 4184 non

298 4219 526 4276 offerent
563 4220 615 4273 hi
655 4233 909 4293 munera;
953 4218 1072 4287 quia
1107 4218 1290 4272 Omnes
1316 4219 1400 4289 qui
1440 4221 1490 4271 in
1519 4221 1725 4274 circuitu
1757 4227 1863 4291 ejus

299 4321 436 4378 sunt,
465 4310 673 4378 offerent
705 4326 909 4364 munera
936 4309 1161 4363 terribili.
1184 4307 1483 4364 Oi'fercntur
1511 4326 1727 4364 munera
1762 4321 1864 4365 ter-

297 4404 438 4459 ribili
474 4422 486 4459 :
521 4405 740 4460 timeant
765 4417 893 4473 ergo
921 4415 1107 4457 omnes
1130 4402 1218 4470 qui
1252 4402 1303 4454 in
1329 4401 1548 4456 circuitu
1576 4401 1690 4471 ejus
1716 4413 1858 4457 sunt.

298 4494 423 4551 ideo
451 4496 592 4550 enim
618 4475 898 4558 timebunt,
929 4500 985 4547 et
1009 4507 1128 4547 cum
1160 4502 1388 4545 tremore
1407 4491 1712 4558 laudabunt,
1740 4494 1859 4562 quia

298 4586 419 4640 ideo
447 4586 500 4638 in
518 4583 738 4639 circuitu
751 4583 1017 4655 ejussunt,
1044 4590 1101 4636 ut
1118 4595 1304 4636 omnes
1329 4590 1677 4649 assequamur
1705 4597 1845 4645 cum,

296 4688 352 4732 et
397 4676 604 4747 publice
630 4675 876 4729 omnibus
904 4675 1173 4739 confluat,
1228 4682 1281 4728 et
1322 4671 1529 4741 publice
1559 4671 1816 4729 illuminet
1844 4693 1856 4727 :

294 4768 399 4822 hoc
428 4776 528 4830 est,
556 4766 989 4821 contremiscere.
1012 4765 1090 4819 Tu
1115 4780 1235 4819 cum
1260 4764 1446 4818 feceris
1467 4764 1559 4818 tibi
1579 4778 1696 4818 eum
1712 4764 1859 4835 quasi

295 4857 569 4927 proprium
590 4900 604 4922 ,
649 4865 703 4912 et
725 4856 833 4926 jam
862 4871 965 4909 non
989 4870 1324 4910 communem
1347 4897 1362 4921 ,
1399 4855 1671 4909 extolleris
1692 4856 1744 4909 in
1769 4871 1859 4909 su-
1915 4880 1926 4896 ι

293 4948 564 5018 perbiam;
610 4961 729 5001 cum
773 4947 1024 5015 scriptum
1070 4942 1178 4999 sit:
1218 4944 1411 4999 Servite
1451 4943 1668 4998 Domino
1711 4946 1764 4999 in
1798 4947 1860 4998 ti-

294 5053 434 5092 more
457 5079 470 5101 ,
505 5048 549 5091 et
576 5038 819 5091 exsultate
842 5038 886 5090 ei
914 5053 1025 5090 cum
1051 5045 1260 5090 tremore
1286 5034 1465 5105 (Psal.
1488 5050 1554 5101 It,
1581 5037 1685 5105 Η).
1722 5036 1859 5107 Ergo

290 5128 517 5184 oﬂ'erent
547 5144 762 5182 munera
784 5128 873 5197 qui
904 5128 957 5180 in
986 5128 1204 5181 circuitu
1234 5126 1349 5194 ejus
1387 5134 1509 5179 sunt
1541 5145 1553 5177 :
1589 5127 1686 5196 ipsi
1716 5128 1856 5180 enim

291 5219 521 5273 humiles
552 5228 677 5271 sunt
698 5260 712 5282 ,
765 5196 854 5288 qui
884 5196 1220 5272 communem
1250 5224 1445 5269 norunt
1470 5230 1588 5269 esse
1615 5217 1857 5270 munibus

289 5308 591 5364 veritatem.
1458 5294 1467 5307 ι
1504 5376 1513 5389 ρ
1748 5364 1749 5367 η

361 5399 448 5454 18.
479 5398 629 5471 [vers.
654 5397 764 5470 15.]
795 5397 886 5453 Cui
915 5397 1133 5452 oiferent
1171 5397 1419 5451 munera?
1453 5396 1699 5461 Terribili,
1741 5409 1785 5450 et
1813 5415 1856 5451 ei

289 5490 376 5558 qui
417 5492 581 5560 aufert
624 5491 899 5554 spiritum'
930 5488 1233 5556 principum.
1279 5487 1512 5561 Spiritus
1530 5488 1670 5541 enim
1719 5489 1854 5557 prin-

353 5602 372 5634 ι
397 5600 601 5659 mid.,_ut
624 5600 785 5649 ducat.
811 5597 976 5647 Melius
998 5604 1125 5659 Mss,
1149 5593 1198 5645 ut
1222 5595 1373 5659 dicn_t.'_

351 5664 374 5695 ί
396 5656 586 5726 aliquot
619 5668 726 5711 uss.
764 5660 857 5709 hoc
885 5666 1071 5709 tantum
1101 5657 1221 5718 loco,
1260 5657 1452 5724 spiritus
1494 5670 1511 5707 :
1544 5666 1595 5707 et
1630 5659 1698 5708 sic
1730 5660 1854 5722 apud

290 5730 423 5777 ιιχ.

486 5800 487 5805 “
574 5800 841 5861 Parnm.
876 5786 1162 5854 XXXVI.

1382 273 1768 329 ENARRATIO
1810 272 1872 329 ΙΝ
1900 273 2217 330 PSALMUM
2258 277 2487 333 LXXVI.

3472 298 3575 353 om

2020 389 2217 458 eipum,
2250 394 2457 461 superbi
2486 404 2605 450 sunt
2631 399 2860 467 spiritus.
2912 401 2990 458 Illi
3017 420 3141 476 ergo
3170 422 3272 462 non
3308 423 3433 467 sunt
3455 419 3569 481 spi-

2017 482 2149 535 ritus
2174 482 2323 551 ejus;
2354 487 2473 552 quia
2497 497 2547 541 et
2576 488 2618 542 si
2645 490 2844 561 aliquid
2875 508 3128 550 noverunt
3148 539 3163 565 ,
3197 514 3350 565 suum
3380 504 3561 560 volunt

2012 588 2149 640 esse,
2193 591 2295 629 non
2322 578 2587 647 publicum
2619 601 2633 635 :
2663 583 2755 638 sed
2781 585 2866 639 ille
2894 588 2979 657 qui
3005 564 3339 646 commendat
3366 609 3424 649 se
3447 606 3563 649 tan-

2009 680 2164 735 quam
2189 672 2443 739 aequalem
2483 674 2727 730 omnibus
2748 717 2762 741 ,
2805 679 2899 757 qui
2936 693 2995 735 se
3026 681 3076 735 in
3107 683 3280 737 medio
3307 688 3476 755 ponit,
3511 703 3563 740 ut

2007 771 2191 812 omnes
2216 761 2426 828 capiant
2461 774 2712 832 quantum
2746 778 2995 835 possunt,
3023 774 3274 841 quidquid
3309 788 3559 843 possunt;

2007 861 2110 900 non
2136 847 2203 902 de
2231 850 2537 919 cujusquam
2586 854 2814 911 hominis
2838 900 2854 923 ,
2903 860 2995 915 sed
3020 861 3086 917 de
3114 863 3205 917 Dei
3230 906 3244 929 ,
3273 874 3326 920 et
3356 866 3473 923 ideo
3498 870 3567 922 de

2004 951 2117 1000 suo,
2150 939 2270 1007 quia
2301 941 2398 1010 ipsi
2425 941 2544 997 facti
2568 956 2691 1000 sunt
2719 947 2853 1015 ejus.
2903 948 3043 1019 Ergo
3070 952 3145 1006 illi
3171 968 3357 1012 omnes
3381 957 3556 1013 humi.

2004 1028 2080 1082 les
2124 1030 2229 1083 sint
2279 1047 2493 1088 necesse
2542 1045 2669 1089 est:
2714 1036 3056 1106 perdiderunt
3097 1044 3336 1112 spiritum
3385 1062 3557 1108 suum.

2002 1131 2056 1174 ct
2084 1122 2335 1191 Spiritum
2365 1124 2457 1179 Dei
2489 1127 2704 1182 habent.
2737 1132 2776 1183 Α
2819 1146 2924 1199 quo
2949 1133 3288 1201 perdiderunt
3316 1139 3557 1207 spiritum

2002 1213 2193 1266 suum?
2213 1214 2294 1267 Ab
2322 1215 2413 1270 illo
2436 1218 2523 1285 qui
2546 1218 2710 1292 aufert
2735 1207 2963 1290 spiritum
2991 1226 3303 1296 principum;
3327 1232 3563 1300 quando-

1999 1301 2209 1370 quidem
2240 1303 2432 1359 dicitur
2459 1308 2507 1362 ei
2545 1308 2597 1362 in
2628 1310 2728 1363 alio
2764 1311 2879 1365 loco
2912 1332 2924 1366 :
2970 1314 3178 1385 Auferes
3214 1321 3445 1388 spiritum
3475 1341 3563 1378 eo-

1998 1408 2111 1445 rum
2133 1435 2148 1459 ,
2177 1405 2223 1448 et
2251 1396 2501 1465 deﬁcient,
2548 1411 2596 1452 et
2640 1403 2689 1453 iu
2729 1405 2977 1472 pulverem
3018 1422 3161 1461 suum
3201 1422 3559 1469 convertentur.

1996 1481 2207 1538 Emittes
2232 1485 2483 1563 Spiritum
2509 1500 2646 1544 tuum
2667 1535 2680 1554 ,
2711 1504 2754 1547 et
2779 1496 3078 1550 creabuntur
3095 1540 3109 1563 ,
3137 1511 3181 1554 et
3207 1502 3462 1559 innovabis
3481 1482 3578 1577 [αξ

1995 1574 2117 1627 ciem
2141 1583 2285 1630 terra:
2311 1576 2624 1645 (Psal.'cm,
2656 1582 2744 1649 '29,
2777 1583 2889 1654 50).
2938 1585 3129 1641 Nescio
3152 1592 3272 1659 quis
3301 1574 3560 1652 intellexit

1995 1664 2230 1734 aliquid;
2277 1683 2431 1723 suum
2458 1672 2569 1725 vult
2598 1684 2721 1727 esse
2743 1713 2758 1737 ,
2804 1673 2975 1729 adhuc
3014 1678 3254 1744 spiritum
3285 1697 3435 1737 suum
3470 1687 3563 1739 ba-

1996 1756 2120 1838 bet:
2150 1759 2343 1813 bonum
2369 1769 2451 1815 est
2480 1761 2552 1815 illi
2582 1773 2637 1816 ut
2669 1764 2854 1833 perdat
2880 1766 3123 1835 spiritum
3151 1784 3303 1825 suum
3331 1817 3346 1840 ,
3375 1786 3429 1829 et
3457 1778 3553 1830 ba—

1993 1845 2114 1900 beat
2152 1847 2405 1918 Spiritum
2439 1852 2528 1906 Dei
2562 1871 2575 1906 :
2607 1854 2779 1909 adhuc
2828 1856 2963 1911 inter
2996 1860 3257 1931 principes
3283 1867 3556 1935 superbit;

1993 1936 2184 1992 bonum
2215 1949 2296 1993 est
2321 1951 2377 1995 ut
2403 1942 2658 1998 redeatad
2677 1945 2944 2016 pulverem
2975 1961 3149 2015 suum,
3176 1961 3228 2005 et
3251 1955 3408 2018 dicat.
3441 1958 3556 2012 Με-

1992 2040 2184 2123 mento,
2233 2028 2486 2099 Domine,
2529 2037 2646 2101 quia
2684 2037 2844 2105 pulvis
2885 2055 3054 2093 sumus
3085 2040 3255 2109 (Psal.
3286 2062 3353 2102 cu
3377 2090 3393 2112 ,
3442 2051 3550 2123 14).

1990 2118 2044 2174 Si
2080 2122 2218 2175 enim
2249 2132 2298 2176 te
2321 2124 2594 2180 confessus
2623 2126 2782 2182 fueris
2804 2130 3107 2200 pulverem,
3141 2134 3280 2192 Deus
3303 2140 3318 2171 ³
3347 2140 3413 2196 de
3441 2118 3554 2210 pul~

1989 2225 2114 2301 vere
2145 2211 2569 2270 facitbominem.
2611 2217 2807 2275 Omnes
2835 2223 2922 2291 qui
2951 2225 3001 2279 in
3027 2228 3246 2283 circuitu
3272 2231 3389 2300 ejus
3407 2244 3550 2301 sunt,

1987 2299 2215 2355 offerunt
2257 2319 2474 2359 munera
2509 2325 2522 2360 :
2554 2322 2740 2364 omnes
2778 2311 3002 2371 humiles
3039 2299 3357 2376 conﬁtentur
3383 2326 3465 2388 ei,
3498 2299 3553 2382 et

1987 2390 2208 2445 adorant
2235 2408 2373 2448 eum.
2424 2396 2656 2452 Terribili
2680 2400 2905 2458 offerunt
2930 2422 3166 2464 munera.
3210 2412 3362 2471 Unde
3399 2421 3550 2473 terri-

1989 2481 2114 2579 bili?
2161 2481 2420 2540 Exsultate
2441 2504 2555 2541 cum
2597 2499 2809 2548 tremore
2834 2494 3004 2565 (Psul.
3055 2517 3110 2566 ιι,
3146 2502 3234 2573 Η)
3259 2545 3273 2569 ,
3306 2517 3354 2560 et
3383 2510 3430 2562 ei
3465 2528 3547 2579 (μαι

1985 2573 2147 2641 aufert
2198 2576 2426 2644 spiritum
2477 2579 2758 2657 principum
2790 2586 2883 2639 :id
2929 2597 3044 2655 est,
3098 2592 3231 2648 tollit
3272 2573 3544 2654 audaciam

1984 2661 2357 2729 superborum.
2417 2666 2645 2725 Terribili
2683 2677 2824 2742 apud
2866 2693 3004 2747 reges
3052 2690 3211 2736 terrae.
3265 2684 3548 2746 Terribiles

1984 2765 2107 2810 sunt
2147 2773 2298 2827 reges
2340 2768 2531 2828 terra);
2584 2764 2675 2819 sed
2707 2766 2794 2821 ille
2824 2783 2984 2838 super
3015 2787 3200 2830 omnes
3223 2818 3238 2841 ,
3266 2781 3354 2847 qui
3384 2790 3546 2837 terret

1982 2860 2134 2917 reges
2156 2856 2329 2905 terra).
2348 2851 2472 2906 Esto
2492 2868 2582 2908 rex
2607 2863 2778 2923 terrae,
2802 2868 2855 2913 et
2872 2846 2975 2914 erit
3003 2863 3091 2918 tibi
3117 2846 3368 2925 terribilis
3386 2873 3541 2927 licus.

1981 2934 2256 3005 Quomodo
2278 2980 2294 3003 ,
2322 2941 2524 3011 inquies
2548 2984 2564 3008 ,
2600 2959 2693 2999 ero
2715 2962 2808 3002 rex
2839 2952 3034 3007 terrae?
3080 2953 3224 3026 Rege
3250 2967 3461 3025 terram,
3495 2976 3547 3018 et

1981 3028 2086 3082 eris
2111 3044 2203 3083 rex
2243 3041 2418 3084 terrae.
2471 3030 2584 3087 Noli
2607 3050 2733 3105 ergo
2762 3037 3012 3096 aviditate
3032 3043 3324 3115 imperandi
3350 3067 3545 3119 ponere

1979 3118 2073 3173 tibi
2096 3130 2218 3174 ante
2245 3123 2428 3177 oculos
2467 3125 2762 3193 provincias
2786 3130 3072 3190 latissimas
3092 3178 3108 3204 ,
3134 3153 3236 3207 qua
3270 3118 3361 3196 tua,
3384 3160 3544 3214 regna

1977 3208 2279 3301 diffundas;
2322 3221 2516 3268 terram
2545 3231 2702 3286 quam
2732 3227 2912 3286 portas
2949 3239 3090 3294 rege.
3145 3227 3282 3283 Audi
3316 3208 3541 3301 Aposto-

1970 3292 2082 3352 'lum
2105 3311 2372 3370 regentem
2405 3311 2647 3385 terram:
2680 3306 2799 3362 Non
2827 3311 2900 3365 sic
2920 3292 3141 3384 pugillor
3164 3358 3176 3380 ,
3204 3292 3541 3387 quasT-aerem

1977 3391 2267 3454 verberans;
2308 3392 2396 3446 sed
2428 3397 2617 3467 castigo
2655 3414 2837 3468 corpus
2863 3419 3060 3471 meum,
3100 3417 3145 3462 et
3181 3411 3234 3462 in
3258 3416 3540 3470 servitutem

1974 3480 2145 3550 redigo
2166 3522 2180 3545 ,
2218 3499 2280 3536 ne
2301 3487 2429 3553 forte
2455 3486 2570 3539 aliis
2610 3490 2920 3555 prtedicans,
2961 3495 3071 3562 ipse
3105 3500 3340 3566 reprobus
3361 3506 3545 3575 cfﬁriur

1975 3570 2019 3637 (l
2039 3568 2156 3625 Cor.
2180 3587 2253 3631 ιχ,
2284 3570 2384 3638 26,
2414 3573 2531 3641 27).
2579 3576 2715 3645 Ergo
2735 3619 2750 3643 ,
2788 3578 2977 3635 fratres
3002 3587 3101 3638 mei
3126 3627 3138 3649 ,
3166 3598 3337 3644 estote
3441 3597 3540 3648 cir-

1972 3661 2113 3713 cuitu
2139 3661 2273 3728 ejus,
2297 3671 2353 3714 ut
2374 3677 2466 3730 per
2485 3678 2870 3736 quemcumque
2894 3671 3043 3727 vobis
3071 3676 3263 3731 veritas
3283 3685 3537 3748 senuerit,

1975 3765 2076 3804 non
2119 3752 2260 3804 illam
2290 3753 2557 3822 imputetis
2588 3755 2661 3809 illi
2692 3770 2785 3825 per
2811 3774 2966 3827 quem
2992 3777 3181 3829 sonat;
3216 3770 3308 3823 sed
3337 3772 3401 3825 de
3432 3792 3537 3825 mu-

1972 3843 2060 3896 dio
2098 3843 2167 3896 sit
2210 3844 2455 3899 omnibus
2479 3886 2494 3911 ,
2540 3848 2663 3915 quia
2686 3851 2961 3918 aequaliter
2983 3853 3133 3909 adest
3158 3861 3420 3916 onmibus.
3474 3864 3538 3918 Et

1971 3942 2140 3988 estote
2169 3932 2416 3999 humiles,
2443 3951 2511 3989 ne
2539 3935 2689 3991 vobis
2713 3946 2769 3994 et
2794 3955 2887 3995 vos
2911 3942 3008 4012 ipsi
3035 3949 3321 4015 usurpetis,
3350 3952 3534 4021 siquid

1970 4022 2105 4079 forte
2133 4024 2253 4080 boni
2281 4026 2420 4080 illius
2448 4027 2818 4084 intellexeritis
2849 4048 2861 4084 :
2893 4034 3013 4102 quia
3042 4045 3094 4089 et
3130 4053 3227 4091 nos
3254 4043 3389 4109 quod
3428 4062 3535 4098 nu»

1972 4115 2071 4194 lius
2102 4115 2515 4171 intellexerimus
2540 4160 2553 4183 ,
2583 4128 2817 4174 vestrum
2843 4133 2953 4188 est,
2985 4132 3039 4179 et
3059 4128 3200 4196 quod
3229 4145 3321 4183 vos
3346 4136 3535 4187 malum

1970 4205 2359 4274 intellexeritis,
2394 4218 2635 4263 nostrum
2664 4219 2764 4276 est,
2796 4220 2853 4266 ut
2882 4213 2934 4267 in
2961 4216 3182 4272 circuitu
3209 4220 3324 4289 ejus
3347 4224 3531 4281 situm.

1969 4307 2019 4353 et
2061 4297 2282 4352 humiles
2324 4288 2511 4354 simus.
2563 4303 2737 4372 Atque
2764 4304 2833 4358 it'a
2863 4302 3143 4375 perdentes
3167 4288 3413 4379 spiritum
3439 4331 3507 4367 nu

1968 4398 2155 4454 strum,
2180 4387 2464 4443 oil‘ercmus
2486 4407 2700 4446 munera
2732 4395 2955 4450 terribili
2981 4412 3140 4469 super
3169 4415 3354 4456 omnes
3381 4419 3535 4473 reges

1968 4486 2122 4533 terrzc
2146 4518 2163 4544 ,
2199 4479 2250 4533 id
2289 4487 2372 4535 est
2414 4498 2574 4548 super
2614 4498 2800 4538 omnes
2840 4498 3083 4557 regentes
3110 4502 3528 4555 carnem’suzun,

1967 4570 2057 4624 sed
2082 4571 2349 4640 subjectos
2376 4572 2612 4628 Creatori
2642 4589 2759 4629 suo.

2364 4780 2444 4840 IN
2487 4763 2861 4841 PSALMUM
2902 4748 3161 4843 LXXVI
3208 4750 3222 4766 ’

2534 4898 2948 4955 ENARRATIO.

2486 5029 2653 5069 SERNO
2680 5029 2746 5066 Ᾱῐ)
2775 5027 2995 5067 ῐιιῐςῑιεθι.

2034 5128 2085 5180 1.
2119 5124 2267 5195 [θεῖε.
2297 5123 2373 5195 1.]
2415 5124 2605 5177 Psalnti
2664 5124 2817 5192 hujus
2858 5125 3014 5176 limen
3059 5124 3126 5178 ita
3171 5128 3512 5185 inscribitur:

1960 5219 2027 5272 In
2053 5221 2238 5286 ﬁnem,
2276 5235 2365 5285 pro
2394 5216 2632 5278 Idithuu,
2664 5201 2895 5271 Psalmits
2930 5220 3025 5288 ipsi
3054 5224 3242 5289 Asuph.
3280 5222 3340 5275 In
3371 5226 3516 5292 linem

1960 5313 2083 5382 quid
2108 5314 2194 5373 sit,
2221 5313 2414 5364 nostis:
2450 5309 2593 5363 Finis
2618 5312 2746 5363 enim
2772 5309 2915 5380 Lrgis
2942 5310 3169 5366 Christus
3191 5315 3259 5366 ad
3267 5316 3521 5386 justitiam

1961 5403 2097 5457 omni
2117 5390 2331 5485 credenti
2358 5402 2527 5473 (Rom.
2555 5418 2606 5462 κ,
2626 5399 2704 5472 ιί).
2732 5402 2937 5456 ldithun
2959 5404 3327 5473 interpretatur
3353 5406 3520 5461 Trnlv

1962 5495 2142 5548 siliens
2169 5507 2291 5555 eos;
2326 5492 2497 5561 Asaph
2528 5492 2906 5562 interpretatur
2936 5496 3301 5565 Congrcgatio.
3329 5494 3517 5566 Loqui-

1956 5587 2047 5634 tur
2070 5586 2151 5639 hic
2175 5600 2302 5654 ergo
2330 5582 2661 5654 congregatio
2689 5586 3020 5651 transiliens,
3054 5596 3109 5638 ut
3146 5588 3417 5654 perveniat
3450 5589 3518 5643 ad

2019 5727 2039 5751 ι
2071 5717 2197 5767 Tres
2216 5725 2336 5778 Mss,
2372 5725 2490 5767 Dens
2511 5723 2556 5767 te
2586 5716 2647 5767 de
2669 5716 2877 5780 pulvere,
2907 5726 3002 5768 etc.

2733 5800 2806 5877 (1
2808 5803 2920 5859 ‘ren
2929 5812 2947 5859 t
2956 5818 3164 5860 e—une.
3167 5800 3204 5875 )
