4020 6198
489 342 583 395 9'”

491 455 646 506 finem
672 448 863 518 qni-cst
889 440 1129 496 Christus
1149 438 1318 492 Jesns.
1354 437 1479 503 Quae
1515 435 1627 488 sint
1651 434 1822 502 itaque
1856 432 2048 486 transi-

496 543 685 603 lienda,
714 546 769 592 ut
788 536 851 590 ad
883 535 1027 589 illum
1059 532 1213 586 linem
1237 529 1510 600 pervenire
1535 527 1812 596 possimus,
1837 523 1920 577 ubi
1945 523 2050 591 jam

492 632 626 703 quod
675 626 1028 684 transiliamus
1079 638 1181 677 non
1233 618 1538 674 habebimus
1567 618 1606 680 ⁸,
1649 615 1839 670 Psalmi
1882 623 2065 676 textus

500 727 609 794 ipse
642 719 988 774 demonstrat.
1021 713 1228 769 Etenim
1266 708 1462 792 tamdiu
1501 705 1760 761 transilire
1802 703 2064 771 debemus

501 809 748 884 quidquid
770 823 866 863 nos
886 805 1124 875 impedit,
1151 800 1399 873 quidquid
1428 798 1619 863 irretit,
1642 795 1890 865 quidquid
1915 795 2057 847 visco

499 901 724 972 quodam
756 899 917 969 illigat
936 939 950 961 ,
980 905 1033 950 et
1055 908 1217 952 onere
1241 899 1488 962 aggravat
1516 889 1744 942 volatum
1785 894 2056 977 nostrum,

498 993 665 1047 donec
703 988 1070 1061 perveniamus
1113 984 1177 1039 ad
1222 983 1274 1037 id
1316 979 1454 1052 quod
1491 978 1717 1052 sufficit,
1749 976 1881 1030 ultra
1903 972 2059 1065 'qnod

501 1084 629 1138 nihil
650 1089 751 1146 est,
784 1078 917 1134 infra
948 1076 1086 1148 quod
1120 1083 1243 1129 sunt
1270 1073 1468 1136 omnia,
1499 1079 1551 1124 et
1576 1083 1643 1123 ex
1668 1081 1772 1136 quo
1801 1075 1922 1118 sunt
1945 1079 2061 1116 om-

498 1177 603 1231 nia.
628 1175 834 1230 Patrem
868 1171 1059 1241 quippe
1099 1169 1268 1236 ipsum
1297 1164 1508 1218 volebat
1538 1161 1806 1230 Philippus
1842 1157 2061 1220 intueri,

416 1236 424 1248 ι
498 1275 552 1322 et
571 1264 778 1320 dicebat
798 1236 1024 1316 Domino
1041 1258 1164 1314 Jesu
1183 1253 1391 1310 Christo
1408 1294 1421 1318 ,
1444 1251 1661 1306 Ostende
1679 1248 1817 1303 nobis
1838 1245 2061 1310 Patrem,

501 1367 546 1410 et
588 1354 766 1424 suﬁicit
796 1350 976 1414 nobis;
1021 1359 1267 1415 tanquam
1311 1342 1509 1398 tamdiu
1553 1340 1626 1395 illi
1673 1335 2064 1392 transiliendum

499 1457 644 1502 esset
698 1441 953 1514 quidquid
1003 1438 1145 1494 aliud
1196 1445 1372 1500 esset,
1428 1433 1597 1488 donec
1653 1431 1952 1501 perveniret
2000 1428 2066 1482 ad

503 1537 710 1592 Patrem
733 1575 746 1600 ,
775 1534 858 1586 ubi
889 1532 996 1600 jam
1029 1542 1246 1583 securus
1274 1525 1546 1580 assisteret
1573 1563 1588 1587 ,
1621 1533 1674 1576 et
1699 1519 1822 1590 quid
1849 1519 1896 1573 ei
1928 1519 2066 1573 ultra

506 1623 870 1696 requirendum
891 1627 1031 1676 esset
1055 1633 1160 1673 non
1174 1617 1385 1670 haberet
1408 1633 1420 1667 :
1441 1616 1538 1668 hoc
1562 1619 1644 1667 est
1661 1612 1822 1676 enim,
1854 1609 2067 1680 Sufﬁcit.

507 1716 701 1771 Verum
721 1713 809 1767 ille
837 1713 924 1782 qui
952 1709 1224 1765 verissime
1251 1706 1475 1767 dixerat,
1513 1701 1622 1773 Ego
1651 1711 1697 1756 et
1728 1699 1884 1755 Pater
1921 1715 2074 1752 unum

507 1821 676 1858 sumus
696 1801 868 1872 (Joan.
897 1816 948 1862 x,
978 1798 1089 1867 30),
1132 1793 1402 1850 admonuit
1442 1792 1765 1860 Philippum,
1793 1788 2075 1858 docuitque

508 1910 720 1952 omnem
753 1892 1020 1948 hominem
1049 1889 1137 1958 qui
1166 1886 1434 1943 Christum
1467 1882 1803 1952 intelligeret,
1833 1879 1990 1934 etiam
2019 1879 2072 1932 in

505 2004 570 2044 eo
588 1987 780 2042 habere
805 1986 982 2045 linem,
1001 1982 1120 2052 quia
1145 1981 1257 2049 ipse
1273 1988 1328 2033 et
1351 1977 1506 2031 Pater
1525 1989 1687 2029 unum
1713 1981 1835 2026 sunt
1856 1991 1867 2025 :
1892 1971 2072 2036 Tanto,

507 2080 695 2150 inquit,
725 2088 942 2146 tempore
969 2073 1218 2127 vobiscum
1243 2085 1374 2132 sum,
1398 2076 1443 2120 et
1472 2083 1571 2119 non
1593 2064 1786 2119 vidistis
1806 2079 1882 2116 me
1903 2064 1927 2117 .’
1952 2061 2077 2115 Phi-

509 2174 662 2242 lippe,
705 2170 788 2238 qui
835 2183 912 2222 me
953 2165 1106 2227 videt,
1149 2162 1282 2216 videt
1317 2171 1360 2214 et
1404 2158 1611 2213 Patrem
1639 2155 1750 2229 (id.
1778 2172 1885 2218 xlv,
1919 2155 1969 2218 8,
1994 2154 2074 2223 9).

507 2262 758 2330 Quisquis
783 2273 910 2329 ergo
936 2257 1123 2328 psalmi
1151 2254 1305 2323 hujus
1325 2253 1557 2306 animum
1575 2253 1595 2283 '
1617 2250 1833 2313 sentire,
1865 2247 2072 2312 imitari,

516 2363 695 2407 tenere
746 2349 896 2415 vult,
953 2345 1130 2401 omnia
1181 2343 1442 2398 desideria
1491 2341 1718 2396 carnalia
1779 2338 2074 2404 transiliat,

511 2441 796 2509 surculique
821 2437 977 2506 hujus
1005 2449 1248 2506 pompam
1273 2445 1326 2488 et
1352 2431 1654 2488 illecebram
1675 2430 1842 2484 calcet
1867 2471 1882 2494 ,
1911 2428 2071 2483 nihil-

509 2545 612 2602 que
639 2531 735 2586 sibi
760 2529 899 2584 aliud
925 2535 1184 2597 proponat
1208 2525 1296 2578 ubi
1316 2523 1586 2588 consistat,
1614 2522 1713 2576 nisi
1739 2536 1802 2576 ex
1825 2533 1928 2590 quo
1956 2528 2080 2573 sunt

510 2625 684 2676 onmia
715 2620 810 2680 :,in
840 2619 1029 2689 quibus
1057 2615 1301 2669 omnibus
1337 2613 1496 2668 etiam
1524 2612 1638 2682 ipse
1677 2610 1878 2664 laborat
1911 2608 2078 2664 donec

511 2711 574 2764 ad
602 2710 758 2764 finem
785 2706 1069 2778 perveniat.
1098 2703 1234 2770 Quid
1259 2701 1416 2760 nobis
1439 2715 1564 2772 ergo
1593 2698 1787 2754 indicat
1807 2697 1906 2753 iste
1928 2708 2076 2752 tran-

515 2803 696 2857 siliens
714 2799 738 2853 ?

581 2893 636 2945 2.
667 2889 816 2962 [vers.
849 2887 944 2961 2.]
980 2881 1110 2940 Voce
1147 2901 1284 2951 mea,
1311 2883 1504 2955 inquit,
1545 2881 1612 2935 ad
1636 2879 1904 2934 Dominum
1927 2881 1949 2912 ³
1972 2879 2080 2935 cla-

515 2985 664 3038 mavi.
687 2981 792 3039 Sed
819 2980 967 3035 multi
989 2979 1221 3034 clamant
1249 2976 1314 3031 ad
1347 2975 1630 3030 Dominum
1655 2989 1752 3044 pro
1777 2972 1972 3027 divitiis
2001 2986 2080 3028 ac-

513 3073 780 3144 quirendis
802 3069 1111 3139 damnisque
1149 3067 1446 3122 devitandis
1469 3106 1483 3128 ,
1511 3080 1607 3134 pro
1632 3080 1846 3119 suorum
1874 3063 2076 3131 saluto,

514 3179 611 3234 pro
638 3161 921 3217 stabilitate
946 3160 1137 3213 domus
1173 3173 1304 3222 sute,
1349 3171 1443 3226 pro
1482 3155 1727 3209 felicitate
1761 3154 2078 3224 temporali,

516 3268 611 3323 pro
638 3253 891 3321 dignitate
931 3247 1203 3308 smculari;
1235 3255 1505 3313 postremo
1531 3260 1625 3312 pro
1659 3244 1768 3312 ipsa
1796 3244 1952 3298 etiam
1989 3259 2099 3298 sa-t

514 3341 624 3399 tute
648 3339 912 3410 corporis,
945 3352 1062 3407 qua:
1085 3335 1456 3404 patrimonium
1477 3342 1558 3388 est
1587 3335 1847 3403 pauperis.
1874 3333 1978 3390 Pro
2001 3334 2082 3389 his

517 3447 675 3505 atque
700 3429 998 3502 bnjusmodi
1038 3428 1194 3484 rebus
1219 3426 1364 3481 multi
1395 3425 1625 3480 clamant
1655 3425 1718 3478 ad
1757 3426 2031 3479 Dominum
2065 3443 2079 3487 ;

517 3526 605 3580 vix
631 3521 907 3594 quisquam
936 3527 1149 3589 propter
1174 3517 1341 3587 ipsum
1367 3515 1665 3570 Dominum.
1689 3515 1865 3570 Facile
1889 3515 2082 3585 quippe

519 3614 720 3672 homini
745 3623 827 3668 est
852 3609 1121 3682 quodlibet
1151 3606 1455 3662 desiderare
1483 3621 1514 3659 a
1545 3604 1798 3668 Domino,
1829 3615 1882 3660 et
1911 3606 2080 3674 ipsum

521 3706 798 3763 Dominum
841 3718 943 3755 non
982 3699 1325 3762 desiderare;
1362 3697 1512 3766 quasi
1548 3711 1676 3752 vero
1721 3698 1932 3752 suavius
1964 3713 2083 3752 esse

522 3799 685 3870 possit
722 3773 860 3866 quod
901 3792 1006 3853 dat,
1054 3804 1208 3859 quam
1251 3790 1362 3858 ipse
1407 3788 1495 3852 qui
1529 3787 1639 3842 dat.
1669 3788 1916 3858 Quisquis
1959 3805 2084 3857 ergo

526 3903 620 3959 pro
650 3887 749 3940 alia
775 3899 836 3940 re
863 3881 1092 3951 qualibet
1112 3881 1306 3934 clamat
1327 3878 1394 3933 ad
1423 3879 1722 3942 Dominum,
1746 3878 1976 3931 nondum
2003 3888 2085 3932 est

524 3979 839 4034 transiliens.
872 3975 964 4029 llic
991 3989 1120 4028 vero
1146 3973 1445 4028 transiliens
1473 3971 1599 4041 quid
1627 3971 1794 4027 dicit?
1832 3971 1958 4026 Voce
1978 3990 2087 4026 mea

527 4069 593 4122 ad
622 4068 896 4122 Dominum
931 4065 1161 4120 clamavi.
1190 4064 1255 4118 Et
1297 4078 1364 4119 ne
1404 4063 1674 4118 arbitreris
1701 4079 1882 4118 vocem
1923 4065 2087 4133 ipsius

522 4174 624 4230 qua
666 4157 909 4213 clamavit
950 4155 1014 4210 ad
1060 4155 1358 4219 Dominum,
1395 4163 1608 4222 propter
1653 4153 1792 4207 aliud
1837 4155 2086 4209 emissam

523 4265 679 4321 quam
708 4256 922 4320 propter
950 4247 1120 4316 ipsum
1151 4245 1462 4307 Dominum,
1506 4253 1717 4298 secutus
1740 4245 1849 4298 ait:
1884 4244 1948 4298 Et
1991 4261 2086 4300 vox

530 4359 642 4397 mea
666 4341 737 4394 ad
754 4338 939 4393 Deum.
974 4338 1242 4391 Emittitur
1268 4336 1409 4390 enim
1448 4350 1545 4390 vox
1575 4351 1674 4405 qua
1709 4336 1996 4390 clamemus
2021 4337 2085 4391 ad

530 4436 725 4498 Deum,
754 4442 807 4486 et
850 4432 961 4500 ipsa
991 4445 1091 4483 vox
1131 4427 1198 4482 ad
1234 4427 1375 4482 aliud
1408 4438 1508 4491 cst,
1548 4443 1651 4481 non
1696 4428 1759 4482 ad
1799 4428 1982 4482 Deum.
2010 4429 2085 4482 Ad

529 4527 630 4582 hoc
657 4525 796 4580 enim
820 4533 903 4578 est
931 4535 1051 4586 vox,
1088 4530 1303 4591 propter
1326 4520 1464 4590 quod
1491 4520 1662 4574 editur
1684 4536 1802 4575 vox.
1839 4521 1939 4575 Istc
1964 4537 2089 4575 vero

533 4619 623 4687 qui
656 4617 817 4671 Deum
843 4613 1009 4684 gratis
1040 4612 1269 4677 amabat,
1312 4613 1396 4680 qui
1433 4612 1728 4666 voluntarie
1760 4612 1866 4666 Deo
1891 4612 2091 4666 sacriﬁ-

528 4706 682 4760 cabat
723 4704 889 4772 (Psal.
919 4720 1027 4768 Lm,
1055 4701 1132 4772 8),
1180 4702 1269 4771 qui
1318 4701 1636 4756 transilierat
1674 4701 1924 4771 quidquid
1957 4703 2090 4758 infra

529 4805 631 4857 est,
663 4795 898 4864 nihilque
931 4793 1072 4848 aliud
1115 4807 1271 4861 supra
1316 4806 1375 4846 se
1413 4790 1618 4845 viderat
1656 4807 1761 4860 quo
1801 4791 2092 4848 effunderet

528 4885 757 4939 animam
790 4900 937 4939 suam
960 4925 972 4948 ,
1002 4883 1100 4938 nisi
1149 4897 1214 4936 ex
1240 4896 1344 4952 quo
1366 4923 1380 4946 ,
1409 4888 1465 4936 et
1488 4895 1585 4952 per
1613 4897 1768 4952 quem
1787 4924 1801 4945 ,
1830 4891 1884 4936 et
1912 4884 1962 4937 in
1987 4898 2091 4953 quo

528 4985 736 5030 creatus
765 4985 898 5041 erat,
921 4975 988 5030 ad
1013 4990 1171 5046 quem
1198 4973 1519 5030 clamaverat
1547 4989 1681 5030 voce
1709 4989 1824 5037 sua,
1850 4974 1917 5029 ad
1945 4975 2089 5029 illum

526 5080 648 5122 esse
677 5065 876 5120 fecerat
893 5065 1059 5133 ipsam
1081 5079 1265 5119 vocem
1294 5079 1442 5118 suam
1470 5082 1482 5117 :
1524 5061 1638 5118 Vox
1664 5081 1792 5127 mea,
1816 5065 2002 5136 inquit,
2025 5064 2092 5119 ad

531 5158 714 5213 Deum.
743 5154 814 5220 Et
857 5155 1108 5224 numquid
1143 5140 1258 5211 sine
1282 5155 1478 5210 causa?
1508 5153 1636 5211 Vide
1665 5154 1787 5226 quid
1814 5157 2088 5227 sequitur:

534 5246 598 5303 Et
625 5245 836 5302 attendit
862 5244 1006 5297 mihi.
1032 5243 1166 5299 Vere
1198 5253 1322 5300 tunc
1352 5246 1443 5300 tibi
1481 5246 1737 5312 attendit,
1778 5246 1987 5316 quando
2010 5249 2091 5319 ip-

527 5355 646 5396 sum
691 5335 918 5410 quaeris,
966 5347 1070 5387 non
1109 5333 1319 5402 quando
1363 5351 1457 5401 per
1501 5334 1671 5405 ipsum
1698 5335 1838 5390 aliud
1872 5338 2087 5406 qumris.

530 5433 735 5488 Dictum
761 5439 841 5486 est
867 5425 934 5483 de
952 5423 1265 5496 quibusdam
1295 5443 1307 5478 :
1335 5425 1688 5482 Clamaverunt
1704 5469 1720 5494 ,
1758 5445 1848 5483 nec
1873 5439 1982 5484 erat
2008 5429 2093 5501 qui

593 5625 612 5657 ι
638 5621 833 5671 ρίθΑιη.
854 5631 912 5692 et
935 5628 1040 5670 Mss.
1063 5625 1115 5666 Αι
1131 5623 1203 5665 Er.
1237 5623 1288 5665 et
1304 5622 1430 5676 lov.,
1456 5616 1694 5670 habemus.

592 5689 612 5716 ³
632 5691 761 5739 κω,
784 5689 1008 5733 animum.

593 5747 615 5780 ³
634 5745 819 5809 aliquot
841 5753 964 5806 us,
996 5751 1158 5792 Deum.

1709 323 1765 377 S.
1810 322 1846 374 .-\
1858 319 2167 375 UGUSTINI
2210 320 2506 374 EPlSCOPl

3416 394 3423 406 .
3611 319 3721 375 ειη

2163 432 2326 486 salvos
2353 437 2540 502 faceret
2558 475 2571 497 ,
2605 433 2672 485 ad
2697 433 2996 495 Dominum,
3030 450 3116 487 nec
3141 433 3399 490 exaudivit
3428 451 3510 489 eos
3544 434 3722 504 (Psal.

2165 541 2289 588 xvn,
2311 526 2426 593 49.).
2453 526 2670 591 Quare?
2696 525 2826 592 Quia
2857 541 2954 580 vox
2985 541 3168 580 eorum
3196 541 3300 581 non
3323 527 3388 580 ad
3419 527 3724 582 Dominum.

2165 617 2422 685 Exprimit
2446 616 2546 672 hoc
2571 617 2675 672 alio
2699 618 2814 672 loco
2833 617 3120 687 Scriptura,
3151 617 3235 672 ubi
3257 617 3387 674 dicit
3406 618 3473 672 de
3501 619 3725 674 talibus:

2166 705 2436 760 Dominum
2488 723 2588 760 non
2633 707 2997 761 invocaverunt.
3028 708 3107 762 Ad
3152 707 3296 763 illum
3341 708 3572 764 clamare
3623 725 3730 766 non

2165 806 2506 851 cessaverunt
2531 789 2556 860 ;’
2594 806 2646 851 et
2696 807 2866 857 tamen
2913 796 3184 850 Dominum
3221 815 3322 852 non
3361 799 3733 858 invocaverunt.

2165 887 2300 954 Quid
2329 899 2428 954 est,
2463 887 2733 942 Dominum
2757 904 2856 942 non
2883 889 3268 944 invocaverunt?
3295 890 3570 944 Dominum
3600 892 3653 944 in
3679 907 3739 948 se

2168 994 2272 1033 non
2300 987 2656 1034 vocaverunt:
2688 979 2752 1033 ad
2785 994 2876 1034 cor
2900 996 3049 1034 suum
3087 980 3363 1035 Dominum
3404 997 3510 1035 non
3543 981 3734 1035 invita-

2169 1077 2390 1132 verunt;
2413 1085 2443 1122 a
2469 1068 2690 1122 Domino
2715 1083 2772 1124 se
2799 1068 3018 1124 habitari
3047 1069 3346 1124 noluerunt.
3369 1071 3434 1124 Et
3459 1071 3581 1126 ideo
3605 1071 3735 1142 quid

2169 1166 2247 1216 eis
2270 1162 2528 1231 contigit?
2557 1160 2584 1214 1
2593 1162 2639 1214 bi
2677 1162 3048 1232 trepidaverttnt
3075 1163 3272 1229 timore,
3303 1164 3386 1217 ubi
3410 1181 3509 1218 non
3541 1177 3651 1218 erat
3675 1166 3740 1216 ti-

2177 1270 2285 1306 mor
2312 1253 2483 1324 (Psal.
2519 1269 2629 1318 xm,
2662 1254 2737 1321 5).
2769 1253 2889 1308 Ideo
2919 1254 2983 1309 de
3007 1270 3180 1308 rerum
3211 1257 3547 1323 prarsentium
3575 1257 3742 1310 amis-

2172 1343 2318 1399 sione
2343 1353 2688 1405 tremuerunt.
2717 1344 2960 1414 quoniam
2983 1361 3088 1399 non
3110 1354 3261 1400 erant
3289 1347 3431 1416 pleni
3468 1347 3558 1402 illo
3582 1363 3744 1416 queat

2175 1449 2278 1488 non
2328 1435 2720 1490 invocaverunt.
2748 1433 2861 1489 Non
2891 1435 3053 1504 gratis
3078 1445 3408 1501 amaverunt,
3446 1445 3503 1490 ut
3531 1437 3746 1500 amissis

2175 1524 2550 1593 temporalibus
2612 1525 2770 1578 rebus
2815 1534 3034 1595 possent
3085 1525 3302 1581 dicere:
3337 1526 3482 1582 Sicut
3523 1525 3749 1579 Domino

2179 1615 2393 1684 placuit,
2430 1614 2501 1667 ita
2526 1619 2717 1684 factum
2747 1626 2855 1679 est;
2880 1616 2944 1671 sit
2969 1632 3148 1670 nomen
3196 1616 3398 1672 Domini
3432 1618 3748 1672 benedictum

2179 1704 2299 1777 (Job
2346 1722 2382 1772 I,
2427 1704 2543 1776 21).
2582 1706 2720 1776 Ergo
2750 1705 2869 1770 iste,
2927 1705 3039 1761 Vox
3067 1723 3198 1771 mea,
3235 1708 3424 1778 inquit,
3473 1710 3541 1761 ad
3573 1708 3752 1764 Domi-

2149 1811 2320 1858 .num,
2347 1804 2393 1849 et
2413 1794 2625 1849 attendit
2642 1795 2784 1849 mihi.
2826 1796 3019 1851 Doceat
3051 1811 3147 1851 nos
3173 1798 3438 1868 quomodo
3465 1799 3514 1853 id
3547 1799 3656 1852 fiat.

2250 1885 2301 1940 3.
2327 1885 2474 1960 [vers.
2492 1883 2568 1958 3.]
2603 1884 2670 1940 In
2703 1885 2784 1940 die
2801 1887 3138 1941 tribulationis
3160 1905 3281 1942 metr
3301 1887 3460 1942 Deum
3486 1890 3747 1959 exquisivi.

2180 1974 2307 2046 Quis
2335 1991 2416 2040 es,
2448 1977 2536 2046 qui
2565 1975 2666 2032 hoc
2695 1974 2865 2031 facis?
2899 1977 2952 2031 In
2977 1977 3063 2032 die
3093 1977 3448 2034 tribulationis
3475 1988 3600 2045 tua,
3628 1981 3752 2034 vide

2180 2067 2306 2138 quid
2334 2070 2601 2138 exquiras.
2646 2067 2704 2124 Si
2751 2084 2933 2124 carcer
2974 2069 3097 2124 facit
3149 2069 3562 2138 tribulationem,
3606 2072 3753 2127 exire

2179 2161 2247 2216 de
2287 2177 2500 2217 carcere
2531 2162 2764 2232 exquiris
2797 2182 2809 2216 :
2839 2164 2881 2216 si
2926 2163 3088 2220 febris
3141 2163 3264 2219 facit
3310 2165 3704 2221 tribulationem
3734 2210 3749 2231 ,

2181 2253 2463 2309 sanitatem
2494 2255 2731 2323 exquiris
2762 2273 2774 2307 :
2805 2255 2848 2307 si
2877 2255 3040 2309 fames
3067 2254 3189 2310 facit
3217 2256 3606 2312 tribulationem
3625 2300 3638 2324 ,
3667 2275 3754 2313 sa-

2183 2344 2449 2398 turitatem
2483 2343 2716 2414 exquiris
2750 2361 2762 2396 :
2796 2345 2838 2399 si
2867 2345 3056 2399 damna
3085 2346 3281 2401 faciunt
3303 2348 3699 2404 tribulationem
3733 2393 3748 2414 ,

2183 2434 2388 2488 lucrum
2411 2419 2645 2505 exquiris
2678 2453 2690 2489 :
2720 2437 2764 2490 si
2803 2439 3160 2508 peregrinatio
3188 2439 3312 2495 facit
3335 2440 3750 2508 tribulationem,

2182 2524 2453 2579 civitatem
2501 2534 2601 2580 tua:
2626 2527 2802 2580 carnis
2829 2529 3082 2598 exquiris.
3115 2529 3184 2584 Et
3211 2531 3337 2601 quid
3386 2544 3581 2588 cuncta
3605 2551 3755 2590 com-

2182 2629 2472 2671 memorem
2498 2658 2514 2684 ,
2545 2625 2636 2671 aut
2677 2619 2888 2688 quando
2941 2631 3130 2676 cuneta
3161 2626 3619 2680 commemorem?
3664 2627 3756 2682 Vis

2181 2721 2301 2762 esse
2349 2706 2690 2763 transiliens?
2719 2707 2775 2763 In
2827 2709 2913 2765 die
2943 2711 3290 2768 tribulationis
3331 2723 3434 2769 tua:
3467 2717 3627 2771 Deum
3655 2733 3752 2772 ex-

2182 2800 2377 2871 quire:
2416 2815 2522 2857 non
2566 2818 2661 2872 per
2701 2802 2868 2859 Deum
2917 2804 3056 2858 aliud
3089 2845 3106 2870 ,
3159 2806 3255 2860 sed
3299 2823 3364 2862 ex
3417 2809 3756 2867 tribulatione

2183 2891 2385 2959 Deum;
2413 2901 2472 2948 ut
2496 2893 2563 2949 ad
2606 2894 2709 2950 hoc
2736 2893 2875 2950 Deus
2914 2907 3183 2951 removeat
3213 2897 3601 2954 tribulationem
3631 2942 3646 2966 ,
3691 2913 3755 2956 ut

2183 2997 2402 3040 securus
2429 2981 2686 3041 inhrereas
2727 2985 2855 3041 Deo.
2879 2984 2945 3040 In
2973 2986 3054 3040 die
3090 2986 3428 3062 tribulationis.
3439 3006 3560 3043 mea:
3589 2989 3757 3044 Deum

2183 3074 2424 3145 exquisivi
2442 3092 2463 3131 :
2486 3091 2590 3131 non
2639 3075 2779 3130 aliud
2805 3075 3002 3146 aliquid
3024 3118 3040 3143 ,
3072 3079 3165 3132 sed
3196 3075 3362 3131 Deum
3388 3082 3648 3148 exquisivi.
3686 3081 3756 3136 Et

2184 3165 2450 3235 quomodo
2489 3166 2758 3236 exquisisti
2783 3167 2806 3220 ?
2836 3165 3072 3222 Manibus
3113 3169 3234 3222 meis
3284 3180 3426 3224 nocte
3477 3188 3647 3226 coram
3674 3191 3751 3226 eo.

2186 3258 2280 3311 Dic
2306 3258 2406 3313 hoc
2445 3275 2628 3314 rursus
2659 3276 2671 3311 :
2706 3259 2995 3326 videamus,
3044 3261 3430 3332 intelligamus,
3461 3265 3752 3333 imitetnnr,

2186 3352 2228 3402 si
2255 3365 2553 3420 possumus.
2580 3352 2633 3406 ln
2669 3351 2754 3406 die
2784 3352 3134 3407 tribulationis
3164 3364 3267 3408 tum
3294 3356 3420 3426 quid
3439 3360 3714 3427 exquisisti
3732 3365 3755 3412 ’ξ

2194 3445 2370 3499 Deum.
2404 3445 2679 3514 Quomodo
2716 3446 3030 3517 exquisisti?
3056 3446 3291 3502 Manibus
3337 3451 3482 3504 meis.
3532 3451 3758 3518 Quando

2187 3537 2491 3608 quuisisti;
2521 3535 2702 3590 Nocte.
2739 3537 2836 3596 Ubi
2877 3538 3191 3608 exquisisti‘!
3238 3539 3420 3594 Corum
3449 3559 3524 3595 eo.
3558 3543 3618 3596 Et
3643 3560 3755 3613 quo

2187 3627 2356 3680 fructu
2405 3627 2726 3697 exquisisti?
2771 3627 2837 3681 Et
2899 3645 2998 3682 non
3062 3646 3174 3683 sum
3235 3630 3491 3700 deceptus.
3566 3636 3754 3689 Omnia

2187 3732 2312 3786 ergo
2339 3717 2607 3771 videamus
2630 3759 2643 3781 ,
2675 3717 2884 3781 fratres,
2913 3720 3086 3772 omnia
3127 3721 3545 3787 consideremus,
3577 3726 3752 3778 omnia

2191 3810 2610 3878 interrogemus;
2660 3818 2714 3863 et
2773 3809 2897 3879 quid
2925 3809 2993 3864 sit
3041 3810 3305 3864 tribulatio
3335 3853 3350 3874 ,
3402 3811 3455 3866 in
3509 3830 3610 3884 qua
3660 3816 3757 3869 iste

2193 3901 2353 3954 Deum
2412 3901 2728 3971 qunisivit,
2779 3911 2832 3955 et
2900 3901 3025 3970 quid
3071 3903 3140 3956 sit
3195 3904 3436 3958 manibus
3492 3905 3758 3975 inquirere

2193 3993 2375 4058 Deum,
2404 4001 2457 4047 et
2492 3993 2614 4063 quid
2663 3994 2732 4047 sit
2769 4003 2944 4058 nocte,
2973 4003 3027 4048 et
3075 3995 3198 4064 quid
3231 3996 3299 4049 sit
3327 4011 3505 4050 coram
3540 3999 3633 4054 illo
3661 4019 3677 4054 :
3706 4010 3759 4054 et

2189 4084 2444 4154 sequitur,
2492 4083 2629 4153 quod
2677 4099 2861 4139 omnes
2889 4084 3209 4155 intelligunt,
3239 4085 3427 4140 Etnon
3466 4105 3580 4142 sum
3609 4092 3760 4144 dece-

2193 4184 2322 4242 ptus.
2377 4175 2511 4241 Quid
2551 4185 2631 4229 est
2679 4175 2843 4243 enim,
2888 4175 2956 4229 Et
2998 4193 3096 4231 non
3126 4194 3237 4231 sum
3285 4179 3562 4249 deceptus?
3604 4182 3759 4238 Inve-

2192 4266 2243 4320 ni
2273 4265 2412 4335 quod
2440 4265 2759 4333 quasrebam.
3078 4259 3082 4263 ⁷

2262 4358 2315 4412 4.
2343 4357 2637 4412 Tribulatio
2664 4373 2769 4411 non
2813 4358 2897 4411 illa
2937 4359 3022 4414 vel
3049 4359 3134 4413 illa
3187 4361 3462 4431 cogitanda
3512 4373 3615 4418 est.
3668 4364 3761 4419 Et-

2201 4451 2340 4503 enim
2363 4448 2723 4518 unusquisque
2743 4451 2975 4504 nondum
3009 4452 3327 4516 transiliens,
3348 4454 3581 4509 nondum
3615 4465 3762 4526 putat

2194 4556 2313 4596 esse
2337 4541 2747 4605 tribulationem,
2794 4543 2892 4596 nisi
2920 4559 3039 4612 quae
3085 4545 3337 4601 acciderit
3367 4548 3488 4602 huic
3513 4551 3638 4604 vitae
3687 4567 3756 4608 ex

2195 4633 2369 4703 aliquo
2395 4633 2528 4686 tristi
2560 4642 2797 4703 tempore
2832 4651 2844 4686 :
2869 4643 2922 4687 at
2953 4649 3079 4689 vero
3107 4635 3196 4690 ille
3226 4638 3548 4703 transiliens,
3581 4651 3756 4696 totam

2195 4725 2352 4780 vitam
2402 4725 2554 4780 istam
2610 4726 2998 4781 tribulationem
3031 4741 3180 4781 suam
3231 4740 3457 4798 reputat.
3503 4731 3593 4788 Sic
3619 4735 3758 4789 enim

2194 4824 2336 4871 amat
2359 4817 2580 4887 patriam
2609 4832 2910 4886 supernam,
2946 4827 3002 4873 ut
3027 4827 3236 4876 terrena
3264 4825 3619 4892 peregrinatio
3651 4829 3758 4898 ipsa

2197 4910 2267 4964 sit
2293 4910 2520 4965 maxima
2549 4911 2832 4965 tribulatio.
2863 4910 3139 4979 Quomodo
3168 4913 3311 4968 enim
3335 4931 3440 4969 non
3465 4917 3537 4972 sit
3583 4920 3751 4974 tribu-

2195 4999 2320 5057 latio
2345 5001 2449 5055 vita
2478 5003 2598 5067 ista,
2623 5015 2751 5072 rogo
2773 5002 2901 5056 vos?
2927 4984 3191 5072 quomodo
3218 5019 3323 5060 non
3351 5006 3421 5060 sit
3449 5008 3721 5064 tribulatio
3740 5049 3757 5075 ,

2196 5109 2314 5164 qua:
2335 5093 2478 5149 dicta
2507 5104 2591 5149 est
2621 5103 2726 5149 tota
2769 5094 3028 5150 tentatio?
3064 5095 3240 5151 Habes
3265 5098 3521 5168 scriptum
3544 5101 3600 5156 in
3627 5101 3759 5156 libro

2195 5183 2329 5243 Job:
2361 5183 2623 5257 Numquid
2665 5200 2765 5239 non
2791 5185 2997 5240 tentatio
3026 5195 3103 5241 est
3121 5187 3223 5240 vita
3247 5189 3468 5243 humana
3491 5208 3648 5262 super
3665 5205 3760 5247 ter-

2202 5295 2312 5332 ram
2332 5277 2442 5351 (Id.
2461 5295 2512 5333 vr
2537 5321 2552 5344 ,
2574 5281 2598 5333 l
2619 5279 2642 5333 ?
2663 5279 2923 5351 Numquid
2947 5280 3112 5336 dixit:
3135 5283 3388 5339 Tentatur
3410 5287 3516 5342 vita
3534 5287 3763 5344 humana

2197 5383 2356 5440 super
2380 5371 2617 5425 terram?
2647 5369 2763 5440 Ipsa
2789 5371 2891 5425 vita
2912 5374 3117 5426 tentatio
3145 5384 3216 5428 est
3241 5391 3264 5428 ετ
3284 5377 3328 5429 si
3355 5391 3482 5447 ergo
3513 5385 3756 5447 tentatio,

2200 5461 2382 5531 utique
2428 5460 2718 5516 tribulatio.
2751 5461 2806 5516 In
2836 5461 2936 5518 bac
2984 5464 3141 5534 igitur
3171 5466 3523 5532 tribulatione,
3557 5470 3658 5526 hoc
3685 5483 3765 5527 est

2200 5551 2254 5606 in
2285 5551 2382 5606 hac
2406 5552 2532 5616 vita,
2559 5552 2722 5607 Deum
2744 5554 3025 5624 exquisivit
3053 5556 3151 5612 iste
3185 5559 3502 5614 transiliens.
3531 5562 3766 5630 Quomo-

2200 5643 2307 5698 do?
2334 5641 2568 5698 Manibus
2595 5686 2610 5709 ,
2664 5645 2852 5716 inquit,
2882 5649 3022 5702 meis.
3051 5647 3186 5716 Quid
3215 5660 3316 5714 est,
3348 5653 3578 5708 manibus
3599 5657 3767 5711 meis?

2204 5736 2465 5806 Operibus
2491 5740 2642 5793 meis.
2681 5739 2792 5794 Non
2821 5741 2962 5795 enim
3000 5741 3192 5810 aliquid
3217 5759 3527 5814 corporeum
3550 5760 3770 5814 qua're-
