4020 6198
261 386 362 446 975

263 507 369 568 bat,
398 511 455 558 ut
489 497 865 558 contrectando
891 495 1148 552 inveniret
1186 490 1323 564 quod
1374 488 1710 560 perdiderat;
1764 490 1820 533 ut

260 594 504 650 manibus
528 599 790 661 qumreret
814 602 1084 644 nummum
1108 627 1124 650 ,
1156 600 1360 646 aurum,
1392 592 1693 652 argentum,
1723 593 1815 626 vc.—

257 696 412 749 Stem,
448 681 698 754 quidquid
725 680 826 735 tale
853 688 935 734 est
970 677 1108 748 quod
1156 675 1395 730 manibus
1420 674 1583 726 teneri
1628 668 1814 738 possit.

256 776 565 844 Quanquam
618 780 672 825 et
721 771 831 840 ipse
862 769 1114 824 Dominus
1162 775 1341 821 noster
1367 762 1522 818 Jesns
1570 760 1816 814 Christus

261 866 422 920 voluit
444 862 762 919 semanibus
784 859 995 928 inquiri,
1026 857 1234 926 quando
1274 853 1531 909 dubitanti
1560 849 1818 919 discipulo

262 953 536 1010 cicatrices
560 950 808 1007 ostendit.
832 947 936 1004 Sed
965 945 1216 1017 numquid
1266 959 1384 999 cum
1410 944 1507 997 ille“
1529 941 1820 995 exclamas-

262 1056 343 1102 set
370 1055 587 1116 tangens
626 1042 898 1099 cicatrices
929 1040 1204 1116 vulnerum
1248 1036 1384 1104 ejus,
1416 1034 1656 1087 Dominus
1681 1046 1817 1085 meus

262 1148 308 1192 et
340 1114 478 1193 Deus
495 1134 667 1189 meus!
686 1147 860 1187 nonne
896 1114 1124 1185 audivit:
1152 1127 1284 1195 Quia
1325 1125 1508 1188 vidisti,
1534 1121 1818 1184 credidisti;

265 1230 390 1284 beati
410 1229 494 1297 qui
518 1242 619 1280 non
636 1226 864 1279 viderunt
884 1231 928 1277 et
946 1220 1262 1276 crediderunt
1285 1217 1462 1287 (Joan.
1488 1232 1577 1278 xx,
1597 1212 1817 1281 9.7-9.9)?

263 1322 318 1376 Si
344 1335 470 1391 ergo
498 1320 587 1374 ille
615 1318 857 1372 manibus
903 1326 1146 1384 quaerens
1172 1310 1438 1365 Christum
1461 1350 1477 1372 ,
1506 1308 1606 1361 hoc
1633 1304 1816 1358 audire

263 1415 475 1477 meruit,
494 1422 549 1467 ut
577 1410 915 1483 opprobrium
937 1408 983 1460 ei
1013 1405 1169 1461 fuerit
1193 1405 1264 1458 ita
1299 1402 1581 1473 quaesisse;
1611 1414 1707 1453 nos
1729 1396 1817 1466 qui

264 1506 403 1561 beati
430 1504 554 1559 dicti
585 1517 765 1557 sumus
803 1500 890 1569 qui
918 1513 1020 1552 non
1047 1497 1269 1551 vidimus
1293 1504 1347 1548 et
1370 1492 1652 1556 credimus,
1694 1487 1818 1558 quid

264 1610 409 1665 ergo,
428 1595 493 1648 ad
522 1609 615 1647 nos
640 1607 742 1646 non
766 1590 994 1660 pertinet
1009 1586 1248 1641 manibus
1263 1583 1536 1655 quaerere?
1566 1580 1817 1644 Pertinet,

264 1686 401 1739 sicut
429 1683 556 1744 dixi,
587 1681 833 1749 operibus
875 1692 1134 1748 quzcrere.
1190 1673 1411 1741 Quando
1458 1672 1601 1726 hoc?
1632 1668 1813 1723 Nocte.

162 1786 173 1793 "
264 1774 400 1842 Quid
428 1783 527 1837 est,
553 1771 739 1825 nocte?
767 1769 823 1824 ln
864 1769 965 1823 hoc
1013 1766 1225 1823 sarculo.
1253 1764 1366 1819 Nox
1393 1764 1533 1817 enim
1558 1769 1640 1817 est
1666 1769 1816 1814 ante-

262 1879 419 1933 quam
448 1861 695 1931 eﬁulgeat
736 1860 850 1915 dies
898 1860 949 1913 in
1001 1858 1225 1913 adventu
1276 1854 1561 1910 clariﬁcato
1611 1848 1818 1905 Domini

265 1954 429 2008 nostri
456 1953 576 2007 Jesu
601 1952 816 2006 Christi.
856 1949 985 2005 Nam
1026 1947 1185 2002 vultis
1219 1944 1399 1999 videre
1425 1944 1545 2013 quia
1574 1957 1675 1996 nox
1696 1940 1819 1995 est?

265 2044 371 2099 Nisi
403 2044 667 2098 lucernam
715 2040 800 2095 hic
850 2022 1181 2098 haberemus,
1220 2035 1272 2088 in
1325 2032 1557 2089 tenebris
1603 2046 1816 2101 perma-

267 2150 529 2189 neremus.
561 2132 745 2186 Petrus
791 2131 928 2183 enim
959 2128 1117 2181 dicit:
1144 2126 1209 2178 Et
1240 2141 1332 2177 nos
1360 2125 1597 2177 habemus
1632 2121 1815 2174 certio-

266 2242 370 2280 rem
396 2223 736 2293 prephetirum
761 2234 1036 2274 sermonem
1055 2259 1070 2280 ,
1097 2216 1179 2269 cui
1215 2216 1334 2269 bene
1359 2214 1527 2285 facitis
1550 2212 1813 2265 intenden-

268 2326 367 2377 trs,
398 2315 527 2368 velut
556 2312 769 2367 lucerna:
794 2311 975 2364 ludenti
1017 2309 1068 2360 in
1108 2306 1316 2361 obscuro
1349 2306 1492 2370 loco,
1537 2304 1693 2356 donec
1712 2301 1817 2355 dies

268 2406 503 2468 lucescat,
536 2413 580 2456 et
607 2402 787 2470 lucifer
817 2400 1013 2454 oriatur
1034 2398 1086 2451 in
1112 2396 1345 2450 cordibus
1370 2394 1545 2448 uestris
1567 2392 1636 2462 (ll
1666 2392 1812 2446 Petr.

254 2495 439 2564 1,19).
469 2494 733 2547 Venturus
778 2500 859 2545 est
904 2504 1029 2557 ergo
1078 2487 1190 2543 dies
1234 2496 1354 2557 post
1381 2487 1536 2540 istam
1569 2493 1813 2546 noctem;

266 2587 472 2640 interim
502 2585 553 2638 in
585 2583 681 2637 hac
710 2592 863 2637 nocte
906 2581 1116 2635 lucerna
1166 2593 1270 2632 non
1299 2577 1453 2631 desit.
1486 2576 1552 2630 Et
1601 2576 1699 2628 hoc
1738 2583 1818 2628 est

265 2678 485 2730 fortasse
503 2674 643 2743 quod
669 2686 806 2726 nunc
829 2671 1046 2726 facimus
1071 2687 1086 2723 :
1114 2669 1208 2723 has
1234 2668 1455 2723 Litteras
1483 2666 1812 2735 exponendo,

264 2767 531 2820 lucernam
564 2762 839 2817 inferimus
867 2800 883 2826 ,
930 2769 987 2815 ut
1027 2759 1080 2814 in
1139 2758 1234 2813 hac
1273 2765 1428 2813 nocte
1473 2756 1813 2827 gaudeamus.

263 2859 391 2923 Quae
417 2855 627 2926 quidem
654 2854 808 2908 debet
835 2866 1053 2907 accensa
1079 2864 1198 2907 esse
1241 2863 1452 2918 semper
1482 2850 1545 2903 in
1574 2847 1816 2903 domibus

261 2947 472 3002 vestris.
499 2945 711 2999 Talibus
739 2944 879 2999 enim
905 2943 1095 2997 dicitur
1120 2959 1132 2995 :
1165 2940 1412 3011 Spiritum
1455 2938 1608 2992 nolite
1629 2938 1817 2991 exstin-

262 3036 471 3109 συπρα
492 3035 666 3090 Thess.
700 3051 749 3100 v,
776 3034 882 3102 l9).
914 3033 981 3087 Et
1006 3044 1249 3103 tanquam
1287 3045 1556 3100 exponens
1581 3030 1704 3100 quid
1733 3030 1814 3085 di-

263 3137 429 3193 ceret,
459 3138 670 3185 Secutus
686 3128 781 3191 ait,
807 3125 1131 3195 Prophetiam
1154 3125 1305 3179 nolite
1324 3140 1553 3195 spernere
1581 3138 1601 3177 :
1628 3123 1679 3178 id.
1710 3131 1812 3188 est,

262 3219 476 3274 lucerna
501 3220 553 3272 in
576 3218 726 3272 vobis
752 3231 960 3286 semper
981 3215 1167 3270 luceat.
1198 3215 1264 3269 Et
1291 3215 1404 3269 haec
1445 3213 1655 3284 quidem
1681 3212 1769 3268 lux
1795 3213 1814 3246 ⁸

262 3309 316 3362 in
338 3308 727 3376 comparatione
749 3305 1018 3375 cujusdam
1047 3301 1324 3360 iuell‘abilis
1346 3304 1447 3360 diei
1470 3318 1577 3358 nox
1599 3303 1813 3359 dicitur.

258 3397 391 3452 Nam
404 3398 511 3466 ipsa
535 3398 642 3452 vita
670 3396 896 3451 ﬁdelium
914 3396 965 3449 in
991 3395 1377 3464 comparatione
1394 3395 1514 3450 vita;
1530 3393 1812 3450 inﬁdelium

262 3488 377 3542 dies
395 3497 494 3543 est.
509 3487 780 3553 Quomodo
792 3496 965 3541 autem
978 3486 1045 3539 sit
1060 3502 1181 3548 nox,
1192 3486 1300 3555 jam
1320 3485 1567 3554 diximus,
1581 3498 1630 3541 et
1646 3496 1816 3542 osten-

263 3576 435 3630 dimus
457 3576 594 3631 Petri
624 3576 847 3645 apostoli
869 3576 1167 3629 testimonio
1189 3594 1202 3628 :
1222 3577 1309 3645 qui
1336 3576 1547 3646 quidem
1577 3576 1816 3631 etiamet

263 3668 525 3721 lucernam
545 3666 844 3728 nominavit,
863 3674 915 3718 et
933 3665 1001 3718 de
1020 3666 1127 3733 ipsa
1141 3665 1351 3720 lucerna
1368 3680 1463 3719 nos
1474 3666 1739 3719 admonuit
1761 3678 1815 3720 ut

265 3758 595 3814 intendamus
623 3758 693 3821 ei,
714 3756 767 3809 id
795 3766 874 3808 est
900 3755 1207 3824 prophetico
1231 3756 1491 3819 sermoni,
1524 3756 1679 3808 donec
1708 3758 1815 3810 dies

266 3851 498 3912 lucescat,
521 3856 568 3899 et
590 3846 762 3914 lucifer
784 3846 972 3898 oriatur
995 3847 1047 3897 in
1065 3844 1297 3899 cordibus
1316 3847 1511 3898 nostris.
1541 3845 1817 3911 Quomodo

265 3948 438 3992 autem
457 3937 565 4005 jam
589 3934 690 3988 vita
722 3935 949 3989 lidelium
974 3935 1084 3988 dies
1112 3936 1181 3987 sit
1204 3935 1255 3987 in
1282 3934 1672 4003 comparatione
1698 3936 1816 3988 vitae

265 4030 567 4099 impiorum,
595 4027 784 4080 Paulus
816 4025 1044 4080 ostendit
1073 4043 1086 4078 :
1117 4026 1439 4095 Abjiciamus,
1481 4024 1667 4094 inquit,
1700 4042 1817 4095 ope-

263 4135 325 4171 ra
370 4117 679 4171 tenebrarum
707 4155 724 4182 ,
760 4125 809 4169 et
860 4114 1129 4169 induamur
1156 4132 1297 4169 arma
1320 4116 1445 4169 lucis
1467 4132 1485 4179 ,'
1509 4116 1636 4169 sicut
1659 4116 1710 4169 in
1736 4118 1818 4171 die

265 4210 468 4263 honeste
486 4206 792 4261 ambulemus
819 4206 993 4275 (Rom.
1025 4222 1136 4269 xm,
1188 4206 1296 4277 12).
1329 4207 1467 4277 Ergo
1495 4208 1712 4262 honeste
1739 4209 1815 4262 vi-

262 4312 467 4365 ventes,
490 4302 541 4356 in
565 4300 953 4370 comparatione
969 4299 1087 4353 vita:
1112 4300 1414 4368 impiorum,
1436 4300 1486 4352 in
1501 4299 1585 4353 die
1609 4315 1811 4353 sumus.

268 4391 373 4447 Sed
400 4392 497 4447 iste
517 4390 629 4445 dies
654 4392 776 4445 vita:
798 4389 1027 4444 lidelium
1069 4404 1174 4443 non
1203 4388 1395 4444 sufﬁcit
1418 4390 1537 4443 huic
1568 4388 1805 4456 lditbun;

265 4482 525 4536 transilire
544 4481 653 4534 vult
677 4489 733 4536 et
774 4481 928 4536 istum
958 4479 1120 4545 diem,
1151 4478 1322 4533 donec
1360 4479 1537 4532 veniat
1571 4479 1636 4533 ad
1668 4481 1812 4533 illum

260 4576 401 4629 diem
421 4615 436 4636 ,
477 4573 565 4629 ubi
592 4572 760 4627 noctis
785 4571 1124 4627 tentationem
1151 4571 1344 4625 nullam
1390 4571 1603 4624 omnino
1631 4572 1812 4625 formi-

257 4664 369 4719 det.
398 4664 492 4719 llic
512 4662 651 4717 enim
674 4661 911 4732 quamvis
930 4660 1044 4715 dies
1082 4662 1151 4715 sit
1187 4662 1289 4714 vita
1318 4660 1571 4723 lidelium,
1606 4664 1810 4715 tentatio

257 4757 331 4801 est
375 4750 478 4801 vita
511 4747 729 4801 humana
755 4761 905 4815 super
938 4754 1118 4798 terram
1164 4743 1304 4814 (Job
1331 4760 1419 4807 vlt,
1452 4744 1473 4798 I
1511 4745 1549 4814 ).
1585 4744 1727 4809 Nox,
1756 4755 1809 4801 et

258 4837 375 4891 dies
398 4855 411 4889 :
433 4836 549 4890 dies
597 4833 648 4889 in
673 4833 1061 4904 comparatione
1087 4833 1413 4899 inﬁdelium;
1448 4850 1548 4888 nox
1581 4837 1629 4887 in
1669 4851 1811 4890 com-

256 4927 529 4997 paratione
548 4926 885 4994 Angelorum.
915 4924 1117 4980 Habent
1132 4926 1269 4980 enim
1293 4926 1431 4981 diem
1448 4928 1630 4994 Angeli
1653 4943 1807 4996 quem

255 5031 356 5072 nos
383 5016 614 5071 nondum
642 5015 900 5069 habemus
926 5032 939 5068 :
964 5015 1070 5083 jam
1115 5031 1211 5070 nos
1240 5016 1493 5071 habemus
1521 5033 1677 5087 quem
1703 5032 1806 5071 non

255 5106 454 5161 habent
496 5104 768 5168 inﬁdeles;
801 5104 893 5159 sed
923 5104 1151 5158 nondum
1200 5104 1395 5160 habent
1422 5105 1598 5161 ﬁdeles
1651 5122 1807 5176 quem

260 5195 449 5270 Angeli
500 5194 693 5248 habent
721 5212 733 5248 :
765 5203 889 5249 tunc
929 5204 1104 5248 autem
1152 5194 1452 5260 habebunt,
1504 5212 1624 5251 cum
1655 5207 1809 5252 erunt

254 5287 482 5356 aequales
512 5287 728 5356 Angelis
760 5286 889 5349 Dei;
919 5286 1056 5356 quod
1081 5287 1182 5341 illis
1210 5287 1260 5342 in
1280 5292 1665 5346 resurrectione
1687 5308 1809 5361 pro-

255 5378 473 5433 missum
502 5384 585 5432 est
603 5376 810 5448 (Matth.
846 5394 971 5444 χχιι,
994 5378 1104 5447 50).
1131 5379 1183 5432 In
1209 5378 1303 5433 bac
1326 5396 1451 5450 ergo
1468 5381 1575 5451 jam
1606 5384 1692 5438 die
1712 5424 1730 5448 .
1753 5396 1808 5440 et

256 5470 426 5524 adhuc
455 5478 638 5534 nocte;
669 5479 821 5524 nocte
850 5470 902 5522 in
928 5471 1318 5539 comparatione
1343 5470 1498 5525 futuri
1521 5472 1626 5527 diei
1648 5490 1802 5543 quem

256 5559 643 5624 desideramus,
684 5557 773 5613 die
819 5560 868 5612 in
900 5561 1289 5628 comparatione
1314 5564 1593 5630 prteteritae
1638 5565 1805 5618 noctis

256 5651 339 5703 cui
369 5649 778 5704 renuntiavimus
800 5667 813 5701 :
839 5649 891 5703 in
915 5649 1010 5703 hac.
1032 5665 1177 5719 ergo,
1208 5652 1437 5719 inquam,
1460 5664 1611 5709 nocte
1643 5655 1803 5711 Deum

320 5784 335 5814 ⁸
360 5784 516 5855 rrqhae
536 5788 665 5833 nota
678 5789 803 5843 Ita,
827 5795 938 5833 nos.

1357 365 1744 430 ENARRA'HO
1785 362 1844 418 IN
1886 350 2193 422 essenon
2223 367 2448 422 Lxxvt.

1929 482 2255 549 requiramus
2302 482 2542 536 manibus
2592 485 2797 539 nostris.
2852 484 2965 540 Non
3021 498 3228 542 cessent
3283 506 3475 560 opera;

1920 586 2217 647 [quaeramus
2244 574 2424 645 Deum,
2460 589 2561 628 non
2588 576 2656 628 sit
2682 577 2833 631 inane
2860 576 3197 633 desiderium.
3228 578 3285 634 Si
3316 580 3368 635 in
3392 587 3477 636 via

1923 677 2138 737 sumus,
2183 673 2422 732 sumptus
2451 680 2747 735 erogemus.
2781 677 2836 721 ut
2875 670 3146 737 pervenire
3172 672 3433 739 possimus
3461 691 3476 725 :

1924 753 2165 806 manibus
2186 769 2479 823 quaeramus
2506 756 2685 809 Deum.
2712 758 2817 811 Etsi
2843 768 2995 813 nocte
3019 762 3299 827 quaerimus
3324 777 3479 831 quem

1923 844 2163 898 manibus
2207 846 2526 912 qumrimus',
2599 864 2702 900 non
2751 847 3041 918 decipimur
3076 852 3195 919 quia
3248 870 3265 903 ι
3299 868 3479 908 coram

1923 932 2038 1001 ipso
2060 950 2079 983 ι
2098 934 2399 1002 quaerimus.
2428 936 2558 1002 Quid
2582 946 2661 992 est
2687 955 2704 988 ι
2730 953 2904 993 eorum
2936 941 3086 1009 ipso?
3110 941 3284 998 Nolite
3310 943 3481 1001 facere

1922 1024 2172 1093 justitiam
2219 1034 2441 1095 vestram
2481 1040 2658 1080 coram
2709 1029 3036 1096 hominibus,
3088 1044 3143 1088 ut
3192 1034 3477 1092 videamini

1922 1116 1990 1170 ab
2049 1117 2163 1179 eis;
2227 1117 2417 1187 alioqui
2476 1136 2577 1172 non
2643 1120 2900 1177 habebitis
2963 1126 3261 1181 mercedem
3338 1131 3475 1202 apud

1923 1207 2128 1261 Patrem
2184 1219 2433 1263 vestrum.
2476 1209 2609 1265 Cum
2652 1227 2778 1282 ergo
2822 1214 2947 1270 facis
2994 1217 3421 1289 elcemosynam,
3454 1243 3471 1273 ι

1922 1297 2013 1361 ait,
2062 1312 2248 1353 manus
2294 1298 2395 1354 illa:
2418 1312 2541 1354 sunt
2589 1318 2888 1371 quaerentes
2918 1306 3100 1375 Deum,
3135 1328 3154 1359 ι
3186 1311 3289 1364 noli
3340 1313 3480 1365 tubi-

1922 1389 2098 1443 cinare
2137 1400 2258 1445 ante
2310 1400 2394 1457 te,
2449 1397 2583 1447 sicut
2636 1397 2919 1465 hypocrita:
2978 1399 3206 1456 faciunt:
3262 1404 3353 1456 sed
3409 1405 3480 1457 sit

1922 1479 2256 1551 eleemosyna
2297 1490 2383 1536 tua
2426 1484 2476 1535 in
2505 1486 2729 1549 occulto,
2760 1497 2812 1541 el
2843 1488 2997 1544 Pater
3042 1501 3157 1544 tuus
3206 1496 3291 1563 qui
3340 1498 3481 1550 videt

1921 1568 1973 1621 in
2004 1569 2242 1637 occulto,
2270 1571 2453 1627 reddet
2501 1573 2593 1628 tibi
2639 1592 2658 1625 ι
2690 1576 2899 1639 (Matth.
2949 1596 3019 1645 vt,
3048 1582 3098 1645 1,
3129 1582 3182 1647 2,
3211 1583 3286 1655 4).
3320 1585 3477 1656 Ergo,

1928 1657 2194 1714 «Manibus
2216 1661 2346 1715 meis
2364 1672 2515 1717 nocte
2542 1679 2717 1718 coram
2740 1681 2803 1720 eo
2823 1676 2877 1721 ct
2902 1685 3003 1723 non
3032 1686 3146 1726 sum
3169 1673 3437 1743 deceptus.
3454 1696 3472 1728 ι

1990 1750 2043 1805 5.
2082 1751 2284 1817 Quanta
2339 1762 2510 1810 tamen
2567 1757 2663 1810 iste
2717 1758 2923 1813 ldithun
2973 1766 3243 1831 pertulerit
3289 1768 3337 1821 in
3381 1769 3479 1823 hac

1921 1847 2058 1894 terra
2079 1882 2093 1905 ,
2124 1851 2178 1896 et
2198 1843 2249 1895 in
2281 1844 2377 1897 hac
2400 1854 2574 1911 nocte,
2597 1857 2651 1901 et
2673 1852 2936 1918 quomodo
2962 1852 3203 1910 habuerit
3228 1861 3478 1927 quodam-

1921 1930 2076 1984 modo
2103 1933 2424 1988 transiliendi
2452 1938 2816 1993 necessitatem
2836 1982 2850 2003 ,
2880 1943 3281 2013 impingcntibus
3321 1958 3479 2021 atque

1920 2024 2267 2092 pungentibus
2287 2025 2531 2081 deorsum
2549 2028 2988 2099 tribulationibus,
3004 2046 3058 2090 ut
3084 2054 3295 2096 necesse
3324 2041 3479 2096 fuerit

1920 2115 2215 2180 transilire,
2261 2117 2608 2175 intentissime
2645 2125 2940 2181 audiamus.
2976 2127 3187 2199 Negavit
3230 2136 3479 2189 consolari

1918 2205 2086 2260 anima
2109 2224 2217 2262 mea
2244 2209 2281 2260 ¹.
2307 2210 2529 2265 Tantum
2562 2213 2770 2269 tmdium
2813 2218 2896 2272 hic
2927 2234 3011 2273 me
3060 2226 3333 2290 occupavit
3360 2266 3375 2291 ,
3422 2236 3479 2283 ut

1920 2306 2101 2351 contra
2129 2313 2338 2354 omnem
2360 2303 2771 2360 consolationem
2788 2308 3125 2367 clauderetse
3144 2316 3313 2370 anima
3337 2334 3499 2373 mea»

1920 2385 2051 2441 lluic
2082 2388 2169 2441 tali
2206 2388 2341 2445 unde
2376 2392 2586 2446 ttedium
2609 2394 2632 2447 ?
2653 2393 2897 2453 Fortasse
2922 2401 3042 2469 quia
3068 2403 3215 2459 vinea
3262 2411 3476 2477 grandi—

1920 2485 2038 2531 nata
2067 2488 2181 2543 est,
2204 2489 2291 2534 aut
2320 2482 2437 2549 quia
2466 2482 2578 2538 olea
2608 2500 2710 2539 non
2738 2492 3008 2558 provenit,
3034 2503 3123 2547 aut
3144 2494 3262 2565 quia
3291 2500 3475 2555 vinde-

1924 2568 2025 2620 tnia
2050 2583 2078 2621 a
2106 2569 2278 2637 pluvia
2308 2571 2589 2641 intercepta
2620 2584 2719 2629 est.
2748 2577 2895 2634 Unde
2919 2582 3038 2637 huic
3066 2586 3315 2640 aedium?
3344 2592 3476 2645 Audi

1921 2658 2021 2712 hoc
2044 2674 2108 2714 ex
2133 2660 2238 2713 alio
2263 2663 2481 2729 psalmo.
2513 2664 2679 2732 ipsius
2720 2669 2860 2723 enim
2888 2679 2940 2725 et
2988 2673 3054 2727 ibi
3086 2690 3182 2729 vox
3217 2687 3298 2732 est
3325 2697 3338 2732 :
3364 2680 3477 2735 Tce—

1918 2748 2055 2801 dium
2099 2750 2307 2841 detinuit
2334 2769 2443 2816 me,
2474 2771 2506 2807 a
2554 2759 2891 2824 peccatoribus
2913 2763 3293 2833 relinquentiltus
3320 2769 3476 2841 legem

1920 2846 2056 2930 tuam
2102 2838 2121 2907 (
2146 2838 2287 2893 Psal.
2314 2857 2494 2909 cxvtn,
2524 2845 2593 2900 55
2611 2844 2653 2917 ).
2675 2845 2843 2902 Tanto
2866 2864 2991 2919 ergo
3021 2853 3174 2909 tardio
3197 2856 3263 2911 de
3291 2838 3475 2930 hujus-

1894 2929 2057 2982 ‘modi
2084 2931 2221 2985 malo
2239 2931 2479 2987 all'ecutm
2506 2948 2565 2991 se
2592 2937 2691 2992 iste
2714 2937 2859 3001 dicit.
2892 2948 2949 2994 ut
2974 2955 3184 3012 negaret
3212 2929 3473 3006 consolari

1918 3018 2091 3073 anima
2118 3021 2297 3089 ipsius.
2328 3023 2493 3093 Prope
2521 3026 2859 3083 absorbuerat
2883 3046 3001 3085 eum
3031 3034 3239 3090 taedium
3263 3079 3277 3103 ,
3312 3042 3476 3097 tristi-

1919 3111 2091 3181 tiaque
2115 3127 2235 3167 eum
2264 3117 2477 3170 omnino
2503 3118 2910 3188 irreparabiliter
2933 3138 3214 3194 memerat;
3237 3142 3389 3200 negat
3417 3148 3476 3189 se

1918 3205 2198 3258 consolari.
2229 3206 2363 3272 Quid
2386 3208 2540 3278 igitur
2566 3213 2833 3268 restabat?
3276 3199 3283 3209 ’

1987 3292 2039 3346 6.
2083 3292 2103 3366 [
2126 3310 2249 3349 vers.
2280 3298 2334 3351 4.
2362 3296 2382 3371 ]
2420 3300 2597 3355 Primo
2637 3302 2755 3358 vide
2778 3306 2916 3361 unde
2943 3312 3261 3368 consoletur.
3289 3315 3474 3373 Nonne

1917 3385 2235 3473 sustinuerat
2274 3389 2360 3458 qui
2399 3390 2551 3444 simul
2581 3396 2998 3466 contristarctur,
3027 3412 3081 3455 et
3124 3420 3225 3458 non
3257 3406 3470 3465 invene-

1919 3474 2040 3545 rat(
2066 3473 2207 3529 Psal.
2238 3493 2417 3543 vam,
2445 3480 2506 3533 21
2535 3482 2592 3551 )?
2615 3483 2730 3550 Quo
2746 3487 2886 3540 enim
2913 3502 2971 3541 se
3008 3501 3228 3547 verteret
3261 3496 3324 3549 ad
3346 3512 3469 3553 con-

1916 3566 2223 3620 solationem
2246 3609 2260 3631 ,
2284 3584 2440 3637 quem
2468 3584 2813 3641 occupaverat
2842 3577 3048 3631 taedium
3077 3581 3144 3635 de
3184 3590 3472 3651 peccaturi.

1919 3655 2015 3708 bus
2053 3654 2464 3726 relinquentibus
2493 3662 2660 3731 legem
2688 3665 2813 3719 Dei?
2855 3667 2969 3733 Quo
3010 3684 3067 3725 se
3098 3678 3364 3730 verteret?
3391 3655 3471 3735 Ad

1919 3746 2179 3803 hominem
2226 3750 2317 3805 Dei
2356 3754 2673 3821 quemlibet?
2721 3757 2772 3809 In
2823 3760 2995 3816 multis
3039 3763 3147 3832 jam
3200 3766 3331 3823 forte
3374 3772 3472 3826 iste

1917 3849 2164 3929 capertus
2202 3851 2316 3896 erat
2353 3858 2591 3914 magnam
2626 3846 3007 3905 tribulationem
3031 3894 3047 3917 ,
3078 3870 3181 3923 quo
3217 3860 3382 3929 magis
3405 3862 3473 3916 de.

1919 3925 2123 3981 illorum
2159 3929 2326 4000 aliqua
2362 3932 2703 3991 delectatione
2728 3953 3127 4010 praesumpserat
3157 3947 3198 3997 ³.
3224 3925 3473 4006 Videntur

1918 4017 2055 4071 enim
2085 4018 2363 4089 aliquando
2384 4023 2511 4092 justi
2539 4025 2799 4096 homines,
2826 4042 2876 4085 et
2898 4034 3153 4102 gaud’etur
3179 4038 3243 4092 ad
3260 4056 3389 4107 (eos;
3418 4054 3473 4097 et

1919 4124 2133 4204 necesse
2158 4125 2237 4167 est
2260 4123 2315 4169 ut
2338 4116 2644 4185 gaudeatur,
2675 4123 2921 4199 quogiiam
2945 4126 3172 4183 charitas
3199 4132 3314 4188 sine
3339 4150 3470 4204 gau-

1917 4199 2006 4253 dio
2035 4202 2153 4256 talis
2176 4218 2293 4260 esse
2321 4220 2423 4260 non
2452 4216 2657 4276 potest:
2684 4213 2734 4267 in
2776 4213 2855 4268 his
2883 4225 3056 4270 autem
3086 4219 3134 4273 in
3163 4199 3471 4296 quibus-ga-

1917 4292 2058 4347 visus
2083 4304 2163 4349 est
2188 4296 2344 4352 homo
2368 4339 2384 4365 ,
2414 4301 2457 4354 si
2507 4300 2640 4358 forte
2680 4305 2872 4375 aliquid
2914 4325 3129 4376 pravum
3162 4292 3467 4386 contigerit,

1914 4387 2177 4455 quomodo
2205 4405 2346 4459 sape
2365 4394 2638 4463 contingit,
2665 4411 2855 4467 quanta
2885 4401 3058 4457 laetitia
3086 4405 3155 4459 ibi
3198 4416 3329 4473 erat,
3358 4418 3471 4467 tan-

1916 4482 1999 4528 tus
2043 4492 2239 4533 mceror
2272 4482 2505 4547 accedit;
2537 4484 2605 4538 ita
2649 4496 2704 4541 ut
2751 4499 2927 4558 postea
2968 4493 3075 4559 jam
3106 4496 3283 4552 timeat
3311 4499 3471 4557 homo

1916 4566 2089 4623 laxare
2117 4571 2345 4627 habenas
2370 4576 2698 4645 gaudiorum,
2731 4582 2908 4637 timeat
2929 4598 2986 4638 se
3013 4586 3205 4643 laetitiae
3223 4594 3468 4647 commit-

1915 4668 2043 4723 tere,
2073 4676 2140 4715 ne
2162 4672 2356 4730 quanto
2382 4670 2546 4751 magis
2575 4670 2774 4725 laetatus
2795 4672 2982 4737 fuerat,
3014 4685 3156 4733 tanto
3179 4682 3404 4751 amplius
3422 4686 3467 4740 si

1912 4752 2103 4821 aliquid
2131 4756 2442 4824 contigerit,
2470 4761 2822 4817 contabescat.
2852 4764 3134 4821 Percussus
3162 4784 3288 4840 ergo
3314 4787 3469 4828 scau-

1913 4840 2044 4895 dalis
2067 4844 2451 4901 abundantibus
2473 4888 2488 4914 ,
2519 4851 2663 4918 quasi
2692 4853 2867 4906 multis
2895 4857 3193 4911 vulneribus
3221 4901 3235 4924 ,
3280 4862 3468 4918 clausit

1911 4946 1969 4988 se
1996 4943 2176 4989 contra
2206 4935 2486 4992 humanam
2511 4942 2942 5008 consolationem,
2973 4955 3026 4999 et
3052 4950 3255 5016 negavit
3279 4965 3470 5009 conso-

1911 5025 2004 5078 lari
2045 5027 2215 5080 anima
2260 5028 2442 5098 ipsius.
2476 5030 2541 5085 Et
2593 5033 2730 5087 unde
2776 5035 2925 5089 vita?
2972 5038 3108 5093 unde
3154 5043 3465 5112 respiratio?

1913 5116 2107 5170 Memor
2131 5120 2207 5188 fui
2235 5119 2325 5174 Dei
2352 5163 2366 5184 ,
2393 5133 2437 5174 et
2466 5123 2737 5177 delectatus
2764 5143 2892 5181 sum.
2924 5127 3033 5181 Non
3064 5130 3251 5185 frustra
3280 5151 3466 5191 manus

1911 5218 2139 5277 Operam:
2169 5207 2400 5274 fuerant;
2430 5212 2733 5268 invenerant
2772 5232 3010 5286 maguum
3056 5224 3459 5280 consolatorem.

1910 5296 2022 5351 Non
2071 5298 2389 5368 quiescendo
2439 5318 2625 5356 memor
2673 5307 2749 5375 fui
2798 5305 2927 5369 Dei,
2954 5319 3000 5362 et
3027 5313 3294 5367 delectatus
3331 5333 3459 5367 sum.

1912 5388 2277 5443 Prasdicandus
2307 5392 2460 5461 igitur
2484 5401 2564 5448 est
2592 5393 2749 5463 Deus,
2779 5397 2926 5467 cujus
2944 5399 3042 5455 iste
3081 5418 3280 5458 memor
3300 5404 3463 5458 lactus

1972 5605 1989 5637 ⁸
2014 5606 2084 5653 sic
2108 5604 2318 5655 melioris
2343 5616 2464 5657 noue
2499 5615 2604 5658 Mss.
2644 5619 2699 5660 Al.
2730 5611 2860 5663 Edd.:
2901 5613 3074 5678 Negavi
3094 5611 3325 5665 consolari
3356 5616 3463 5666 ani-

1908 5680 2032 5715 mam
2056 5680 2225 5715 meam.

1970 5731 1989 5760 ²
2015 5729 2232 5790 Plerique
2254 5735 2375 5801 atas,
2417 5731 2529 5793 quia
2548 5734 2699 5797 magis
2731 5735 2790 5783 de
2814 5734 3005 5785 illorum
3030 5736 3193 5801 aliqua
3214 5737 3463 5792 dilectione

1905 5798 2287 5847 Pra‘sumpserat.
