4020 6198
562 374 687 432 Ἴ)ῒὸ

580 488 873 544 delectatus
901 492 1008 545 eat,
1044 490 1096 535 et
1122 480 1422 535 consolatus
1463 476 1515 530 in
1547 474 1769 544 qu.:dam
1800 470 2003 527 tristitia
2029 512 2043 532 ,
2095 480 2150 523 et

522 600 529 607 η
585 572 974 650 quodammodo
1002 572 1171 628 salute
1198 570 1475 640 desperata
1519 576 1785 622 recreatus
1817 583 1828 618 :
1863 564 2149 633 praedican-

582 670 681 725 dus
708 677 788 724 est
817 666 974 721 Deus.
1003 662 1237 733 Denique
1265 703 1280 725 ,
1305 658 1448 731 quod
1470 658 1770 713 consolatus
1792 665 1872 709 rst
1898 655 1999 709 iste
2021 696 2037 720 ,
2063 670 2149 708 se-

585 766 735 812 cutus
790 754 900 821 ait,
935 752 1151 809 Garrivi.
1197 752 1252 807 In
1284 753 1395 821 ipsa
1425 747 1784 803 consolatione
1828 760 2031 799 memor
2072 743 2150 797 fa-

584 856 701 903 ειυς
724 846 839 911 Dei,
863 845 1154 902 delectatus
1182 842 1389 914 garrivi.
1420 839 1554 908 Quid
1585 848 1685 903 est,
1718 836 1949 909 garrivi?
1976 835 2150 889 Laeta-

586 932 673 995 tus
700 953 856 1002 sum,
906 936 1159 993 exsultavi
1191 933 1468 1005 loquendo.
1520 931 1727 988 Garruli
1770 928 1909 985 enim
1940 927 2153 998 proprie

587 1030 835 1085 dicuntur
858 1071 873 1093 ,
902 1030 987 1097 qui
1015 1043 1045 1081 a
1075 1027 1230 1095 vulgo
1259 1024 1465 1079 verbesi
1490 1022 1839 1092 appellantur,
1870 1020 2177 1084 accedente,

586 1121 766 1176 lietitia
796 1135 893 1175 nec
935 1120 1172 1175 valentes
1201 1132 1296 1172 nec
1334 1116 1571 1171 volentes
1615 1128 1808 1170 tacere.
1854 1114 2046 1169 Factus
2073 1122 2152 1167 est

584 1212 685 1268 iste
710 1210 846 1266 talis.
880 1211 944 1265 Et
971 1225 1149 1263 rursus
1177 1206 1300 1279 quid
1320 1206 1429 1263 ait?
1456 1205 1521 1260 Et
1545 1206 1724 1277 defecit
1763 1204 1968 1278 spiritqs
1992 1220 2148 1257 meus.

657 1303 711 1357 7.
759 1300 779 1374 [
804 1318 931 1355 vers.
959 1297 1052 1372 5.]
1080 1298 1259 1353 deio
1282 1295 1656 1360 eontabuerat,
1689 1294 1965 1349 recolemlo
1991 1293 2151 1346 Deum

588 1394 876 1448 delectatus
924 1391 1094 1444 fuerat
1119 1431 1134 1455 ,
1159 1402 1341 1442 rursus
1386 1384 1664 1454 garriendo
1691 1383 1956 1439 defecerat
1984 1401 1997 1447 ;
2028 1381 2153 1452 quid

588 1482 867 1552 sequitur?
912 1481 1317 1549 Anticipaverunt
1344 1468 1556 1548 vigilias
1598 1491 1765 1529 omnes
1801 1473 1990 1527 inimici
2035 1473 2151 1527 mei.

589 1572 950 1644 Vigilaverunt
977 1585 1135 1639 super
1176 1583 1259 1623 me
1289 1580 1475 1622 omnes
1518 1565 1715 1619 inimici
1744 1565 1847 1619 mei
1883 1583 1896 1618 :
1926 1564 2042 1632 plus
2070 1577 2155 1618 me

587 1663 935 1735 vigilaverunt
960 1680 974 1728 ;
1000 1659 1257 1731 vigilando
1281 1666 1779 1729 prieoecnpaverunt
1799 1672 1900 1710 me.
1924 1655 2021 1711 Ubi
2047 1670 2153 1710 non

588 1754 906 1824 niuscipulas
939 1751 1176 1822 ponunt?
1223 1749 1408 1804 Nonne
1436 1748 1638 1819 vigilias
1686 1760 1870 1801 omnes
1896 1746 2151 1815 anticipa-

588 1854 782 1901 verunt
807 1846 823 1877 ⁸
852 1842 1047 1898 inimici
1074 1839 1213 1903 mei?
1231 1840 1331 1907 Qui
1362 1848 1484 1894 sunt
1511 1837 1650 1892 enim
1680 1836 1765 1892 isti
1795 1836 1989 1891 inimici
2011 1877 2026 1901 ,
2054 1835 2153 1890 nisi

590 1939 665 1996 illi
693 1937 760 1993 de
784 1936 974 2007 quibus
998 1933 1128 1993 dicit
1154 1931 1439 2003 Apostolus
1467 1947 1480 1983 :
1512 1927 1632 1983 Non
1662 1936 1728 1983 est
1751 1928 1884 1981 vobis
1910 1926 2153 1983 collucta-

587 2030 657 2084 tio
681 2027 918 2083 adversus
936 2040 1135 2079 carnem
1161 2032 1208 2078 et
1225 2010 1558 2092 sanguinem;
1585 2019 1673 2073 sed
1706 2018 1945 2072 adversus
1968 2017 2156 2084 princi-

590 2127 734 2190 patus
751 2158 767 2183 ,
796 2127 844 2171 et
874 2123 1136 2185 potestates
1157 2154 1171 2179 ,
1199 2121 1247 2166 et
1284 2120 1498 2165 rectores
1526 2108 1700 2162 mundi
1727 2108 2038 2161 tenebrarum
2064 2105 2155 2159 Ita-

589 2226 720 2275 ruin,
750 2208 986 2263 adversus
1012 2203 1298 2275 spiritantia
1313 2202 1544 2273 nequitia:
1565 2203 1617 2255 in
1642 2199 1918 2255 cwiestibus
1940 2198 2152 2271 (Ep/res.

581 2295 849 2371 Vl,12’)?
891 2297 1035 2371 Ergo
1080 2295 1335 2350 adversus
1378 2292 1642 2347 diabolum
1690 2300 1743 2346 et
1785 2290 1998 2360 angelos
2041 2287 2156 2358 ejus

590 2366 891 2448 inimicitias
913 2366 1242 2444 citercemus.
1267 2383 1521 2440 Reetores
1536 2396 1629 2436 eos
1653 2379 1832 2435 mundi
1853 2378 2005 2445 dixit,
2031 2378 2153 2448 quia

588 2484 688 2555 ipsi
722 2491 908 2553 regunt
930 2478 1214 2534 dilectores
1242 2474 1421 2530 mundi
1452 2490 1467 2528 :
1495 2488 1599 2528 non
1625 2471 1764 2527 enim
1784 2478 1975 2540 regunt
1998 2484 2154 2524 mun-

588 2575 712 2629 dum
740 2614 757 2638 ,
786 2570 934 2642 quasi
965 2577 1198 2624 rectores
1215 2566 1322 2620 sint
1348 2564 1468 2621 caeli
1490 2572 1544 2618 et
1573 2573 1758 2627 terra};
1783 2559 1879 2616 sed
1902 2557 2152 2615 mundum

592 2670 892 2735 peccatores
920 2659 1066 2715 dicit.
1093 2655 1160 2711 Et
1185 2655 1398 2710 mundus
1425 2671 1538 2709 eum
1564 2669 1665 2707 non
1693 2650 1924 2722 cognovit
1951 2651 1971 2721 (
1993 2648 2151 2704 Joan.

584 2751 823 2824 1,10):
868 2750 1024 2805 talem
1073 2746 1324 2804 mundum
1374 2745 1447 2800 illi
1491 2750 1716 2815 regunt,
1774 2741 1865 2812 qui
1916 2756 2021 2795 non
2061 2753 2155 2794 co-

586 2838 1146 2915 gnoscit’Christuiu.
1175 2836 1370 2899 Contra
1418 2833 1514 2889 hos
1557 2832 1812 2888 habemus
1856 2828 2155 2885 inimicitias

590 2942 887 3004 perpetuas.
918 2929 1155 2997 Denique
1196 2925 1452 2997 quaslibet
1498 2923 1693 2978 habeas
1721 2919 2020 2975 inimicitias
2062 2917 2155 2972 ad-

590 3039 775 3079 versus
802 3021 1093 3084 hominem,
1113 3018 1312 3088 cogitas
1332 3014 1514 3079 ﬁnire;
1543 3013 1654 3067 sive
1680 3011 1821 3066 illius
1838 3010 2153 3066 satisfactio-

589 3130 655 3168 ne
673 3155 689 3181 ,
715 3114 757 3168 si
785 3115 895 3181 ipse
922 3119 974 3165 te
1002 3108 1170 3172 laesit;
1201 3107 1312 3162 sive
1338 3116 1445 3168 tua,
1475 3103 1522 3159 si
1544 3112 1597 3158 tu
1623 3102 1834 3169 liesisti;
1864 3102 1974 3156 sive
1992 3100 2154 3155 alter-

591 3205 758 3259 utrius
782 3242 796 3266 ,
845 3202 888 3255 si
927 3214 1021 3254 vos
1058 3195 1282 3252 invicem
1326 3193 1565 3257 lzesistis;
1610 3192 1817 3246 laboras
1855 3190 2155 3246 satisfacere

588 3304 643 3349 et
692 3290 1016 3350 concordare
1045 3307 1057 3342 :
1086 3301 1205 3343 eum
1250 3284 1458 3339 diabolo
1503 3289 1677 3336 autem
1724 3291 1777 3336 et
1813 3280 2012 3351 angelis
2039 3281 2154 3349 ejus

548 3383 570 3409 ⁸
591 3382 1038 3442 ιιυΙὶαοοηοοι-ᾶία
1067 3388 1162 3436 est.
1199 3378 1301 3449 Ipsi
1326 3376 1476 3431 nobis
1496 3373 1727 3429 invident
1753 3386 1968 3442 regnum
1991 3372 2153 3426 coelo-

589 3494 726 3535 rum.
759 3477 1031 3532 Mitcscere
1061 3470 1276 3526 omnino
1304 3482 1425 3537 erga
1475 3480 1569 3520 nos
1592 3479 1702 3527 non
1747 3471 1984 3534 possunt;
2030 3461 2149 3531 quia

587 3572 979 3643 anticipaverunt
1003 3565 1196 3638 vigilias
1219 3578 1387 3617 attines
1407 3559 1594 3613 inimici
1617 3557 1731 3610 mei.
1762 3556 1884 3611 Plus
1915 3555 1988 3609 illi
2018 3555 2151 3625 vigi-

592 3665 831 3719 laverunt
861 3659 925 3714 ad
949 3653 1337 3726 decipiendum,
1367 3664 1522 3721 quam
1542 3662 1639 3717 ego
1658 3645 1723 3701 ad
1750 3645 2149 3700 custodiendum

592 3771 676 3811 me
707 3772 720 3807 :
754 3752 1157 3822 Anticipoverunt
1198 3745 1392 3815 vigilias
1432 3757 1604 3797 omnes
1649 3738 1836 3793 inimici
1862 3739 1973 3792 mei.
2006 3737 2149 3805 Quo-

590 3845 748 3902 modo
775 3845 916 3899 enim
963 3856 1065 3895 non
1112 3837 1526 3906 anticipaverunt
1567 3829 1794 3901 vigilias,
1824 3829 1909 3899 qui
1957 3829 2149 3897 ubique

590 3920 877 3997 scandala,
933 3930 1127 4000 ubique
1176 3924 1492 3995 muscipulas
1547 3921 1873 3991 posuerunt?
1911 3918 2146 3982 deiuui

589 4028 725 4081 inest
764 4022 909 4079 cordi
938 4041 953 4086 ;
995 4017 1333 4075 metuendum
1364 4026 1444 4071 est
1484 4029 1550 4068 ne
1588 4011 1866 4066 absorbent
1895 4010 2098 4064 triStitia
2131 4027 2145 4063 :

592 4118 642 4171 in
664 4113 843 4170 laetitia
873 4110 1209 4175 metuendum
1238 4116 1319 4163 est
1346 4122 1412 4161 ne
1451 4102 1728 4174 garriendo
1750 4101 1957 4179 deficiat
1991 4100 2145 4169 spiri-

590 4219 672 4263 tus
696 4217 814 4262 tuus
846 4223 861 4261 :
901 4202 1305 4273 Auticipaverunt
1351 4196 1545 4267 vigilias
1595 4208 1763 4247 omnes
1811 4192 2000 4245 inimici
2029 4190 2144 4244 mei.

592 4300 822 4369 Denique
845 4298 896 4351 in
925 4298 1035 4365 ipsa
1061 4292 1388 4364 garrulitate,
1417 4289 1540 4343 dum
1565 4287 1797 4356 loqueris
1817 4327 1831 4351 ,
1856 4295 1909 4339 et
1932 4299 2145 4340 securus

589 4391 814 4463 loqueris
841 4431 855 4453 ,
901 4395 1113 4458 quanta-
1144 4383 1450 4453 plerumque
1478 4378 1814 4432 inveniuntur
1836 4391 1953 4446 qua:
1986 4375 2147 4430 velint

587 4495 768 4540 tenere
793 4480 987 4546 inimici
1014 4488 1067 4534 et
1088 4472 1494 4546 reprehendere,
1523 4470 1661 4524 unde
1682 4469 2011 4524 veliutetiam
2037 4468 2146 4522 eri-

585 4578 770 4632 minari
818 4585 871 4631 et
913 4543 1221 4627 calumniari
1264 4565 1417 4621 :lloc
1458 4563 1625 4628 dixit,
1660 4559 1783 4616 illud
1810 4562 2011 4626 sensit,
2045 4559 2145 4615 hoc

583 4668 788 4722 locutus
815 4664 933 4721 est?
975 4661 1107 4731 Quid
1157 4658 1313 4714 faciat
1338 4655 1497 4710 homo
1516 4695 1530 4718 ,
1560 4654 1657 4708 nisi
1687 4651 1822 4723 quod
1868 4653 2143 4722 sequitur?

584 4758 910 4812 Conturbatus
962 4769 1108 4818 sum,
1138 4759 1185 4805 et
1233 4764 1334 4801 non
1372 4761 1482 4800 sum
1528 4744 1739 4797 locutus.
1786 4738 2142 4795 Conturbatus

582 4861 735 4916 ergo,
764 4860 834 4901 ne
877 4847 927 4899 in
957 4843 1070 4913 ejus
1105 4837 1414 4911 garrulitate
1443 4833 1637 4888 inimici
1680 4833 2022 4899 anticipantes
2065 4833 2143 4885 vi-

578 4936 750 5005 gilias,
773 4935 1064 4992 calumnias
1087 4935 1387 5003 quaererent
1412 4935 1466 4981 et
1492 4923 1805 4987 invenirent,
1828 4938 1932 4978 non
1958 4932 2041 4978 est
2063 4923 2141 4978 lo-

577 5005 751 5081 ciitus.
774 5025 1043 5094 Nunquam
1063 5035 1237 5079 tamen
1265 5022 1363 5076 iste
1392 5017 1690 5074 transiliens
1710 5024 1941 5070 cessaret
1970 5015 2019 5069 in
2045 5030 2136 5069 se:

576 5131 631 5178 et
657 5118 703 5174 si
730 5117 862 5172 forte
900 5131 930 5171 a
966 5116 1271 5187 garrulitate
1306 5099 1560 5176 cessavit,
1598 5123 1701 5180 qua
1729 5108 2063 5178 subrepserat
2089 5106 2138 5161 ei

577 5211 644 5266 de
668 5209 781 5279 ipsa
808 5205 1068 5262 locutione
1091 5205 1298 5274 placere
1324 5194 1659 5265 hominibus;
1685 5212 1791 5253 non
1828 5207 2000 5253 tamen
2045 5197 2139 5252 de-

574 5292 708 5358 stitit
730 5339 746 5365 ,
774 5311 879 5352 non
915 5294 1147 5351 cessavit
1182 5303 1240 5349 ut
1265 5302 1543 5367 conaretur
1570 5302 1623 5346 et
1651 5289 1753 5345 hoc
1781 5289 1950 5359 ipsum
1997 5298 2138 5343 tran-

574 5390 849 5452 scendere.
878 5388 944 5444 Et
971 5384 1097 5455 quid
1122 5384 1294 5439 dicit?

643 5482 697 5539 8.
737 5480 759 5555 [
787 5495 914 5536 vers.
942 5476 998 5534 ϐ.
1022 5473 1045 5548 ]
1074 5473 1294 5544 Cogitavi
1319 5472 1423 5527 dies
1444 5470 1689 5541 antiquos.
1731 5469 1845 5525 Jam
1872 5470 1970 5524 iste
1997 5469 2139 5524 velut

642 5618 661 5651 ι
686 5618 760 5667 ste
781 5616 832 5665 in
852 5621 957 5665 Mss.
991 5619 1045 5662 At
1066 5611 1115 5661 ln
1136 5607 1270 5668 add”
1302 5605 1677 5670 anticipareth
1697 5614 1857 5655 omnes
1881 5616 1907 5670 ε
1941 5605 2138 5670 eterna

571 5665 710 5741 uix;
843 5682 1027 5741 pontes,
1047 5683 1240 5739 genere
1256 5665 1310 5721 et
1329 5665 1751 5735 casu’eoneordans
1764 5665 1897 5725 cum;
1906 5665 2131 5728 echthroi,

563 5738 809 5863 mimi,
826 5794 1330 5867 Wattllquot
1344 5802 1465 5844 vero
1476 5796 1604 5851 ωδε,
1627 5784 1875 5851 cognoscit-

1796 359 1859 415 S.
1902 355 2263 414 AUGUSTINI
2307 357 2598 411 Εριδιίοιτι

3728 357 3821 411 976

2260 469 2348 539 qui
2375 469 2711 539 vapulaverat
2743 468 2888 532 foris,
2919 468 3041 522 tulit
3058 482 3117 523 se
3141 466 3303 535 inim,
3330 466 3382 521 in
3406 468 3699 522 secretario
3724 485 3822 521 sue

2258 561 2451 615 mentis
2478 561 2603 631 agit.
2632 559 2699 615 Et
2736 559 2861 630 quid
2891 559 2962 615 ibi
3011 567 3132 630 agat
3163 557 3306 615 dicat
3352 559 3503 614 nobis
3536 577 3551 610 :
3604 558 3820 629 Cogitaui

2257 651 2361 705 dies
2387 653 2633 720 antiquos.
2663 651 2802 707 Bene
2831 660 2915 706 est
2956 652 3051 706 illi.
3080 649 3265 707 Videte
3306 667 3424 721 qua“:
3447 651 3649 721 cogitat
3667 691 3681 714 ,
3704 667 3822 721 rogo

2261 756 2374 796 vos.
2406 741 2549 796 Intus
2592 753 2706 802 est,
2737 742 2873 811 apud
2906 756 2967 797 se
3006 742 3202 812 cogitat
3227 741 3343 796 dies
3367 742 3637 812 antiquos.
3667 741 3821 797 Nemo

2258 834 2330 889 illi
2352 835 2495 900 dicit,
2522 835 2655 889 Male
2676 835 2885 900 dixisti;
2918 851 3073 889 nemo
3099 834 3174 890 iui
3199 820 3345 899 dieit,
3372 833 3592 889 Multum
3625 834 3821 890 locutus

2258 940 2346 990 es;
2375 941 2529 981 nemo
2575 925 2648 980 illi
2680 925 2807 985 dicit
2828 967 2841 990 ,
2873 926 3125 980 Pervorse
3153 925 3383 980 sensisti.
3416 926 3489 978 lta
3520 926 3592 979 sit
3616 926 3669 979 ei
3702 925 3821 979 bene

2257 1031 2457 1085 secum,
2480 1017 2697 1087 adjuvet
2720 1017 2858 1073 Deus
2889 1016 3120 1087 :eogitet
3145 1015 3261 1072 dies
3302 1017 3548 1085 antiquos
3567 1060 3583 1081 ,
3612 1026 3672 1070 et
3696 1016 3821 1070 dicat

2258 1107 2410 1162 nobis
2440 1109 2492 1162 in
2535 1108 2649 1177 ipso
2677 1107 2924 1162 interiore
2947 1107 3191 1162 cubiculo
3216 1123 3313 1162 suo
3345 1106 3471 1177 quid
3497 1108 3672 1176 egerit
3690 1149 3705 1172 ,
3732 1122 3823 1175 quo

2259 1200 2590 1269 pervenerit,
2621 1200 2746 1270 quid
2784 1199 3088 1255 trausilierit
3112 1240 3127 1264 ,
3156 1199 3246 1254 ubi
3274 1199 3527 1253 manserit
3561 1217 3575 1253 :
3606 1197 3825 1267 Cogitari

2257 1290 2361 1344 dies
2377 1292 2627 1358 antiquos,
2650 1301 2692 1343 et
2707 1308 2951 1345 annorum
2970 1301 3267 1344 retentorum
3283 1291 3466 1343 menter
3483 1290 3576 1361 fui.
3598 1290 3825 1357 Quisiiut

2264 1382 2388 1436 anni
2405 1382 2586 1436 :eterni
2607 1383 2824 1452 ?Magna
2849 1383 3096 1453 cogitatio
3120 1384 3134 1436 !
3158 1382 3341 1436 Videte
3364 1382 3406 1435 si
3427 1382 3537 1434 vult
3564 1383 3666 1434 ista
3689 1380 3825 1449 cogi-

2259 1472 2426 1538 tatio,
2475 1473 2574 1524 nisi
2624 1486 2870 1541 maguum
2919 1471 3209 1526 silentium.
3242 1471 3322 1525 Ab
3350 1471 3497 1525 omni
3540 1471 3826 1524 forinsecus

2257 1563 2513 1633 strepitu,
2543 1562 2610 1617 ab
2637 1562 2779 1616 omni
2819 1578 2998 1617 rerum
3046 1563 3391 1616 humanarum
3437 1562 3669 1615 tumultu
3699 1563 3826 1616 intus

2257 1654 2591 1723 requiescat,
2622 1654 2709 1723 qui
2757 1655 2988 1723 cegitare
3034 1653 3145 1707 vult
3193 1669 3361 1708 annos
3400 1654 3530 1707 istos
3582 1664 3823 1708 internus.

2257 1745 2519 1816 Numquid
2558 1746 2678 1800 anni
2725 1747 2776 1801 in
2807 1746 2997 1816 quibus
3022 1761 3205 1801 sumus
3233 1746 3417 1800 :rterui
3448 1755 3575 1801 sunt
3600 1787 3617 1809 ,
3653 1757 3747 1800 aut
3782 1748 3826 1801 iu

2258 1837 2448 1907 quibus
2477 1836 2701 1893 fuerunt
2730 1828 2959 1908 majores
3001 1838 3167 1892 nostri
3187 1880 3202 1904 ,
3248 1848 3337 1892 aut
3374 1838 3427 1892 in
3453 1838 3649 1908 quibus
3676 1838 3825 1893 l’uturi

2257 1939 2379 1983 sunt
2410 1928 2608 1999 posteri
2648 1929 2866 1984 nostri?
2912 1929 3062 2006 Absit
3109 1940 3167 1984 ut
3207 1930 3392 1985 interni
3439 1930 3822 1985 existimentur.

2258 2020 2393 2088 Quid
2418 2020 2559 2075 enim
2587 2019 2656 2076 de
2703 2021 2786 2076 his
2814 2020 2969 2075 annis
3003 2020 3216 2075 manet?
3245 2020 3384 2076 Ecce
3411 2020 3680 2091 loquendo
3702 2021 3824 2075 diri-

2258 2129 2374 2168 mus
2393 2155 2409 2180 ,
2442 2113 2552 2168 lloc
2584 2129 2755 2178 anno;
2778 2122 2832 2169 et
2851 2114 2976 2184 quid
3005 2123 3246 2170 tenemus
3270 2114 3338 2170 de
3368 2115 3472 2170 hoc
3494 2130 3668 2182 anno,
3696 2132 3822 2186 pra!-

2259 2214 2339 2260 ter
2363 2216 2524 2259 unum
2568 2204 2707 2260 diem
2754 2205 2807 2260 in
2833 2220 2937 2276 quo
2975 2205 3202 2261 sumus?
3228 2205 3360 2261 Nam
3388 2206 3689 2274 superiores
3714 2207 3823 2261 dies

2258 2297 2380 2351 anni
2398 2295 2555 2365 hujus
2569 2295 2678 2367 jam
2699 2296 3042 2362 transierunt,
3066 2310 3165 2351 nec
3180 2296 3447 2360 tenentur;
3468 2296 3628 2350 futuri
3649 2306 3819 2350 autem

2259 2386 2492 2441 nondum
2541 2396 2817 2442 venerunt.
2866 2385 2922 2441 lu
2958 2400 3066 2441 uno
3090 2386 3179 2442 die
3218 2401 3433 2452 sumus,
3468 2396 3522 2442 et
3561 2386 3818 2447 dicimus,

2259 2476 2372 2532 Hoc
2414 2490 2555 2532 anno
2584 2495 2598 2531 ε
2632 2478 2739 2532 imo
2765 2476 2882 2545 die,
2912 2476 3118 2543 Hodie,
3164 2476 3208 2530 si
3245 2475 3441 2546 aliquid
3462 2460 3467 2465 ’
3488 2477 3569 2531 vis
3597 2492 3821 2547 pricsens

2258 2567 2456 2646 dicere.
2486 2566 2618 2623 Nam
2646 2567 2713 2623 de
2746 2570 2856 2623 leto
2875 2582 3016 2623 anno
3039 2566 3164 2638 quid
3190 2581 3425 2636 praesens
3454 2578 3604 2622 tenes
3624 2568 3649 2620 !
3667 2568 3819 2635 Quid.

2259 2658 2383 2729 quid
2410 2659 2477 2714 de
2516 2659 2606 2714 illo
2646 2660 2969 2729 prieteritum
3000 2667 3106 2722 est,
3132 2657 3240 2727 jam
3290 2673 3399 2712 non
3425 2668 3543 2723 est;
3573 2659 3820 2728 quidquid

2258 2749 2325 2806 de
2351 2750 2440 2805 illo
2469 2748 2702 2805 futurum
2750 2759 2868 2814 est,
2902 2748 3146 2827 nondum
3194 2757 3275 2804 est
3316 2766 3330 2802 :
3362 2747 3626 2819 quomodo
3648 2791 3666 2816 ,
3719 2749 3821 2803 lloc

2259 2857 2399 2898 anno
2418 2841 2442 2897 ?
2463 2839 2682 2913 Corrige
2706 2842 3025 2898 locutionem
3060 2839 3283 2906 :llodie,
3309 2839 3414 2895 die.
3448 2839 3635 2895 Verum
3666 2839 3818 2900 dicis,

2259 2932 2446 2999 Hodie,
2474 2933 2583 3003 jam
2609 2933 2799 2989 dicam.
2822 2932 3027 2987 Rursus
3053 2931 3227 2986 ethoc
3244 2930 3480 2995 attende,
3500 2930 3637 3001 quod
3664 2930 3823 2985 hodie

2260 3026 2404 3081 horae
2429 3024 2697 3080 matutinae
2711 3024 2819 3095 jam
2842 3024 3181 3088 transierunt,
3205 3023 3352 3077 horae
3379 3023 3563 3076 t‘uturm
3584 3023 3819 3076 nondum

2259 3122 2533 3171 venerunt.
2562 3114 2630 3169 Et
2658 3114 2759 3168 hoc
2782 3128 2911 3184 ergo
2933 3096 3139 3185 corrige
3164 3131 3177 3167 :
3210 3111 3319 3168 llac
3344 3114 3471 3167 hora
3497 3154 3514 3178 ,
3538 3112 3641 3167 die.
3675 3111 3820 3167 Etdc

2259 3208 2356 3262 ista
2403 3205 2533 3262 hora
2574 3205 2703 3277 quid
2753 3203 2944 3260 tenes?
2985 3205 3243 3260 Momenta
3283 3204 3398 3272 ejus
3440 3204 3679 3273 qmrdam
3713 3205 3820 3272 jam

2257 3297 2607 3364 transierunt;
2634 3313 2752 3367 qua:
2780 3295 2956 3352 futura
2980 3306 3102 3351 sunt
3139 3296 3372 3351 nondum
3402 3306 3679 3351 venerunt.
3715 3297 3825 3351 lloc

2258 3398 2544 3454 momento,
2574 3387 2678 3443 die.
2708 3387 2826 3455 Quo
2854 3388 3164 3444 momento?
3189 3389 3320 3443 Dum
3345 3387 3574 3459 syllabas
3611 3389 3814 3459 loquor.

2258 3480 2300 3533 si
2324 3480 2456 3534 duas
2482 3479 2710 3550 syllabas
2733 3479 2926 3546 dicam,
2949 3480 3111 3534 altera
3136 3494 3238 3533 non
3260 3488 3434 3547 sonat,
3465 3481 3560 3534 nisi
3584 3494 3709 3534 cum
3735 3482 3814 3534 illa

2258 3570 2525 3625 transierit
2554 3590 2565 3624 :
2598 3570 2707 3639 ipsa
2736 3569 2964 3641 denique
2991 3585 3093 3625 una
3120 3570 3316 3641 syllaba
3347 3612 3361 3637 ,
3385 3571 3431 3626 si
3458 3571 3585 3625 duas
3612 3572 3815 3626 litteras

2257 3663 2467 3729 habeat,
2498 3680 2600 3717 non
2629 3673 2781 3718 sonat
2806 3663 3067 3733 posterior
3095 3662 3267 3717 littera
3302 3664 3401 3718 nisi
3441 3664 3580 3733 prior
3607 3663 3812 3718 abierit.

2255 3756 2389 3824 Quid
2419 3770 2545 3825 ergo
2575 3766 2814 3811 tenemus
2842 3754 3012 3809 dehis
3035 3756 3225 3808 anuis!
3258 3754 3395 3808 Anni
3426 3755 3510 3809 isti
3536 3755 3813 3808 mutabiles

2256 3857 2379 3901 sunt
2405 3865 2418 3900 :
2451 3848 2576 3901 anni
2605 3846 2788 3900 mterni
2817 3845 3081 3915 cogitandi
3105 3853 3260 3908 sunt,
3287 3846 3410 3898 anni
3431 3845 3521 3915 qui
3543 3855 3707 3909 stant,
3730 3845 3812 3912 qui

2255 3956 2358 3993 non
2406 3938 2735 3993 venientibus
2779 3936 3167 3992 etabuentibus
3214 3936 3400 3991 diebus
3446 3922 3809 4007 peraguntur;

2252 4031 2374 4084 anni
2426 4029 2494 4085 de
2533 4028 2720 4097 quibus
2763 4027 2868 4081 alio
2912 4028 3030 4081 loco
3067 4026 3334 4094 Scriptura
3383 4026 3511 4081 dicit
3557 4027 3668 4080 Deo
3698 4046 3710 4079 :
3742 4026 3811 4079 Tu

2253 4132 2416 4174 autem
2456 4121 2589 4173 idem
2616 4121 2720 4189 ipse
2746 4136 2814 4181 es,
2846 4126 2907 4173 et
2935 4119 3057 4171 anni
3104 4118 3175 4172 tui
3215 4132 3313 4171 non
3340 4118 3573 4186 deﬁcient
3616 4120 3633 4186 (
3672 4118 3811 4172 Pasti.

2252 4228 2299 4265 Cl
2321 4254 2333 4276 ,
2364 4208 2499 4282 98).
2541 4208 2648 4264 llos
2674 4224 2842 4264 annos
2869 4210 2968 4264 iste
2996 4208 3330 4269 transiliens,
3362 4223 3465 4261 non
3492 4210 3545 4261 in
3591 4211 3810 4278 gnrruli~

2254 4313 2359 4358 tate
2388 4301 2702 4367 forinsecus,
2731 4299 2821 4355 sed
2845 4300 2896 4355 in
2926 4299 3135 4355 silentio
3162 4300 3411 4371 cogitavit
3438 4317 3451 4354 :
3476 4298 3544 4353 Et
3566 4293 3812 4355 annorum

2249 4407 2546 4449 retentorum
2571 4409 2758 4448 memor
2783 4392 2877 4463 fui.

2317 4486 2370 4541 9.
2400 4484 2549 4558 [vers.
2575 4481 2654 4556 7.]
2684 4480 2751 4537 Et
2773 4484 3032 4537 meditatus
3062 4499 3174 4536 sum
3200 4492 3342 4535 nocte
3366 4498 3478 4535 cum
3502 4484 3657 4536 corde
3686 4501 3808 4537 γηρο.

2248 4576 2412 4632 Nemo
2439 4576 2512 4630 illi
2538 4573 2894 4631 calumniosus
2916 4572 3206 4628 tendiculas
3226 4574 3507 4628 verborum
3537 4575 3808 4644 requirit',

2248 4668 2300 4722 in
2326 4666 2485 4722 corde
2513 4681 2611 4721 suo
2639 4664 2920 4720 meditatus
2948 4673 3047 4719 est.
3074 4660 3386 4718 Garriebam.
3410 4662 3553 4718 Ecce
3581 4673 3667 4718 est
3691 4664 3808 4718 illud

2246 4759 2465 4828 garrire.
2511 4756 2742 4812 Observa
2788 4756 2998 4816 iterum,
3048 4768 3115 4810 ne
3155 4754 3365 4808 deﬁciat
3404 4754 3624 4822 spiritus
3672 4764 3806 4807 tuus.

2245 4851 2380 4916 Non,
2410 4851 2611 4920 inquit:
2637 4864 2739 4903 non
2762 4837 2837 4902 sic
2855 4846 3147 4917 garriebam
3169 4846 3315 4916 quasi
3338 4844 3497 4912 foris;
3527 4845 3635 4900 alio
3657 4846 3809 4900 modo

2245 4959 2404 4999 nunc.
2435 4940 2708 5010 Quomodo
2735 4940 2910 4995 nunc?
2939 4937 3256 5004 Canidiam,
3287 4947 3334 4991 et
3362 4938 3624 4992 scrutabar
3657 4940 3806 5006 ςρὶή·

2246 5034 2350 5088 tu'm
2392 5048 2573 5087 meum.
2600 5030 2656 5086 Si
2686 5037 3004 5086 scrutaretur
3029 5029 3127 5083 iste
3152 5039 3343 5083 terram
3366 5069 3385 5095 ,
3414 5038 3470 5082 ut
3494 5044 3659 5083 venas
3696 5029 3805 5083 auri

2245 5126 2526 5190 inveniret,
2569 5136 2727 5177 nemo
2754 5135 2874 5177 eum
2903 5119 3145 5188 desipere
3183 5118 3417 5185 diceret;
3451 5119 3562 5173 imo
3603 5120 3833 5188 sarum—-

2243 5226 2347 5271 tem
2390 5213 2541 5268 multi
2574 5213 2812 5268 dicerent
2832 5254 2847 5278 ,
2875 5210 2964 5282 qui
2990 5210 3146 5265 vellet
3170 5210 3237 5265 ad
3275 5224 3461 5263 aurum
3490 5210 3804 5279 pervenire:

2242 5313 2435 5378 quanta
2467 5304 2627 5359 homo
2655 5302 2814 5359 habet
2840 5303 3014 5367 intus,
3053 5309 3108 5355 et
3142 5316 3246 5354 non
3274 5298 3444 5354 fodit?
3468 5299 3808 5356 Scrutabatur

2241 5405 2340 5459 iste
2366 5401 2602 5472 spiritum
2632 5413 2802 5465 suum,
2836 5408 2886 5454 et
2913 5412 3032 5452 cum
3060 5396 3176 5466 ipso
3211 5395 3398 5465 spiritu
3424 5409 3525 5450 suo
3552 5394 3813 5465 loqueba-

2241 5504 2347 5559 tur,
2376 5501 2428 5547 et
2456 5492 2507 5545 in
2538 5491 2648 5561 ipsa
2677 5489 2943 5544 locutione
2968 5486 3252 5559 garriebat.
3292 5486 3535 5557 Seipsum
3578 5487 3814 5541 interro-

2240 5588 2413 5658 gabat,
2444 5583 2674 5653 seipsum
2704 5581 3068 5648 examinabat,
3109 5580 3160 5634 in
3190 5594 3248 5635 se
3269 5578 3431 5650 judex
3460 5589 3596 5633 erat.
3628 5579 3696 5633 Et
3725 5594 3814 5633 se-

2303 5720 2520 5782 tttegius
2552 5722 2653 5782 bis;
2680 5723 2750 5782 Ne
2765 5714 2891 5765 enim
2922 5712 3005 5763 ille
3024 5711 3337 5782 colmniosas
3374 5710 3522 5776 (forte
3545 5709 3819 5763 calamaria-

2243 5780 2344 5841 aus)
2372 5777 2636 5831 tehdicutas
2652 5777 2900 5827 verborum
2922 5777 3200 5833 "mereret.
