4020 6198
284 290 383 346 977

282 405 458 475 quitur
491 424 506 461 :
538 404 815 461 Scrutabar
848 406 1079 478 spiritum
1115 426 1304 464 meum.
1338 410 1649 469 Timendnm
1693 431 1760 471 ne
1790 416 1842 470 in

281 497 397 565 ipso
445 495 631 570 spiritu
673 513 769 551 suo
812 509 1081 555 remaneat
1113 520 1126 555 :
1155 502 1550 572 garrivitcnim
1589 506 1747 572 foris;
1792 516 1847 562 et

277 587 399 655 quia
427 587 847 657 anticipaverunt
872 588 1073 661 vigﬂias
1092 607 1277 649 omnes
1303 595 1500 651 inimici
1528 597 1662 667 ejus,
1696 598 1843 655 inve-

279 681 355 732 uit
381 680 451 735 ibi
477 680 746 736 tristitiam
765 723 781 748 ,
809 691 864 738 et
890 682 1082 740 defecit
1108 685 1324 756 spiritus
1351 689 1486 758 ejus.
1515 689 1612 755 Qui
1639 691 1843 761 garrie-

278 771 367 826 bat
393 771 523 828 foris
542 815 558 842 ,
587 788 712 830 ecce
735 776 894 846 coepit
919 776 1058 833 intus
1079 780 1278 849 garrire
1308 795 1526 838 securus
1544 825 1560 849 ,
1589 783 1673 838 ubi
1701 784 1844 839 solus

279 863 331 916 in
371 864 582 919 silentio
618 868 812 936 cogitat
851 883 1019 923 annos
1059 879 1290 927 mternos
1316 889 1330 926 :
1356 870 1426 927 Et
1460 876 1839 943 perscrutabor,

276 956 466 1025 inquit,
496 955 728 1026 spiritum
753 974 936 1013 meum.
960 959 1023 1014 Et
1042 960 1127 1016 hic
1147 962 1434 1018 timendum
1467 980 1534 1020 ne
1569 966 1620 1020 in
1657 966 1842 1036 Spiritu

275 1060 374 1101 suo
393 1056 682 1113 remaneat,
715 1056 770 1103 et
809 1062 913 1104 non
940 1050 1008 1103 sit
1037 1052 1354 1106 transiliens.
1381 1053 1495 1109 Jam
1526 1063 1701 1110 tamen
1730 1071 1842 1110 mc-

241 1164 247 1170 ν
274 1136 375 1193 lius
400 1138 508 1208 agit
540 1153 697 1208 quam
742 1139 872 1196 foris
912 1141 1119 1211 agebat.
1151 1143 1499 1199 Transcendit
1521 1145 1716 1216 aliquid
1745 1164 1757 1198 :
1787 1155 1842 1202 et

275 1226 399 1284 hinc
423 1228 693 1285 videamus
718 1247 841 1301 quo.
866 1230 980 1286 Non
1010 1233 1149 1286 enim
1179 1245 1351 1289 cessat
1377 1236 1474 1290 iste
1504 1237 1803 1293 transiliens
1820 1279 1836 1302 ,

273 1319 443 1375 donec
470 1321 647 1375 veniat
672 1321 726 1375 in
755 1323 929 1391 ﬁnem.
964 1323 1100 1377 unde
1128 1325 1283 1381 habet
1315 1326 1519 1381 titulum
1556 1327 1793 1383 Psalmus
1823 1348 1836 1382 :

272 1409 581 1478 Garriebam,
615 1413 802 1483 inquit,
834 1422 879 1467 et
903 1415 1162 1468 scrutabor
1189 1400 1420 1483 spiritum
1444 1433 1629 1473 meum.

300 1547 309 1556 .
345 1505 432 1559 10.
463 1501 610 1576 [νοτε.
644 1503 725 1577 8.]
756 1504 823 1559 Ει
858 1505 984 1575 quid
1027 1506 1307 1563 invenisti?
1345 1507 1467 1563 Non
1505 1509 1561 1564 in
1599 1519 1839 1565 aeternum

194 1656 199 1659 _
270 1597 476 1667 repellet
492 1597 650 1652 Deus.
673 1597 908 1653 'ftedium
930 1600 1207 1658 invenerat
1229 1600 1281 1655 in
1304 1602 1400 1656 hac
1419 1601 1553 1669 vita;
1578 1617 1835 1674 nusquam

270 1688 427 1743 fidam
452 1729 469 1754 ,
513 1702 769 1757 nusquam
808 1703 1049 1745 securam
1088 1690 1522 1747 consolationem.
1568 1692 1648 1748 Ad
1679 1707 1836 1763 quos-

266 1794 493 1849 cumque
535 1778 778 1834 homines
823 1779 1163 1848 intendebat,
1208 1782 1512 1837 scandalum
1550 1783 1605 1838 in
1641 1784 1719 1839 eis
1751 1784 1835 1837 in-

263 1870 527 1936 veniebat,
555 1878 646 1924 ant
672 1869 909 1926 timebat.
934 1871 1200 1943 Nusquam
1228 1887 1356 1944 ergo
1376 1888 1614 1930 securus.
1635 1874 1834 1929 Tacere

264 1961 335 2014 illi
381 1962 577 2016 malum
619 1970 779 2030 erat,
808 1978 875 2019 ne
916 1964 1096 2020 sileret
1134 1979 1165 2020 a
1201 1965 1395 2022 bonis:
1422 1967 1567 2036 loqui
1609 1976 1664 2023 et
1704 1966 1833 2022 foris

259 2052 461 2119 garrire
486 2053 766 2108 molestum
788 2063 925 2121 erat,
953 2070 1020 2110 ne
1047 2057 1394 2127 anticipantes
1419 2057 1625 2128 vigilias
1645 2073 1831 2114 omnes

263 2142 456 2196 inimici
482 2142 633 2212 ejus,
674 2145 965 2200 calumnias
1008 2147 1336 2217 inquirerent
1380 2149 1433 2203 in
1475 2148 1650 2204 verbis
1690 2150 1825 2219 ejus.

262 2236 582 2304 Anguslatus
608 2235 663 2290 in
690 2235 788 2292 hac
815 2237 918 2291 vita
948 2238 1317 2306 vehementer,
1353 2241 1576 2295 multum
1616 2241 1684 2296 de
1721 2242 1830 2296 vita

258 2325 356 2377 alia
393 2326 658 2394 cogitavit,
691 2328 779 2381 ubi
822 2327 923 2382 ista
970 2343 1076 2384 non
1117 2330 1187 2384 sit
1229 2331 1467 2387 tentatio.
1506 2331 1575 2385 Et
1618 2331 1831 2402 quando

260 2416 379 2470 illnc
410 2417 749 2485 pervenitur?
770 2417 885 2472 Non
916 2420 1055 2474 enim
1101 2435 1204 2475 non
1240 2429 1482 2488 constar,
1527 2422 1651 2499 quia
1684 2422 1826 2491 quod

259 2507 341 2558 hic
368 2507 616 2576 patimur,
647 2508 719 2561 ira
749 2508 839 2563 Dei
866 2519 966 2563 est.
992 2510 1189 2565 Dicitur
1218 2510 1319 2565 hoc
1348 2511 1402 2564 in
1430 2511 1563 2565 Isaia
1586 2529 1601 2565 :
1625 2509 1747 2566 Non
1774 2512 1828 2565 in

255 2607 497 2650 wternum
521 2597 702 2652 vindex
742 2599 794 2652 in
825 2599 956 2653 vobis
981 2616 1066 2653 ero
1088 2640 1103 2664 ,
1152 2618 1307 2671 neque
1331 2616 1420 2670 per
1458 2618 1602 2656 omne
1634 2611 1828 2672 tempus

254 2690 446 2741 irascar
473 2689 627 2743 vobis.
658 2690 723 2743 Et
746 2690 875 2744 dicit
916 2706 1113 2760 quare:
1136 2691 1358 2761 Spiritus
1387 2693 1518 2747 enim
1545 2710 1577 2746 a
1602 2710 1681 2748 me
1708 2710 1828 2764 pro-

200 2773 207 2779 ’
254 2777 412 2843 cedet,
465 2788 509 2832 et
555 2795 750 2834 onmem
790 2783 965 2851 [latum
1007 2798 1097 2853 ego
1137 2784 1249 2852 feci.
1304 2782 1522 2854 Propter
1568 2794 1825 2854 peccatum

200 2854 206 2869 ’
254 2870 515 2938 paululum
554 2873 673 2943 quid
718 2874 1000 2927 rontristavi
1046 2891 1179 2942 eum,
1228 2884 1275 2929 et
1324 2877 1547 2946 percussi
1582 2894 1722 2944 eum,
1775 2888 1823 2934 et

254 2963 405 3014 averti
430 2963 609 3031 {aciem
634 2981 795 3019 meum
821 2966 883 3018 ab
910 2966 1029 3032 illo;
1058 2976 1103 3019 et
1129 2968 1251 3021 abiit
1277 2968 1452 3036 tristis,
1483 2978 1531 3023 et
1552 2970 1823 3024 ambulavit

251 3052 359 3104 iras
394 3070 531 3107 suas.
559 3055 693 3121 Quid
721 3070 881 3125 ergo,
918 3055 1030 3111 hmc
1056 3058 1131 3110 ira
1165 3058 1260 3113 Dei
1298 3072 1514 3130 semper
1538 3060 1678 3134 erit?
1703 3060 1822 3116 Non

255 3142 356 3197 hoc
392 3145 589 3199 invenit
633 3144 733 3200 iste
774 3146 825 3199 in
866 3147 1095 3201 silentio.
1131 3147 1267 3216 Quid
1307 3150 1451 3205 enim
1495 3150 1659 3205 dicit?
1698 3149 1821 3205 Non

251 3239 304 3288 in
332 3247 570 3292 attentum
594 3239 798 3310 repellet
830 3240 997 3305 Deus;
1036 3252 1083 3295 et
1115 3258 1214 3296 non
1254 3253 1472 3312 apponet
1499 3245 1631 3298 ultra
1654 3254 1708 3298 ut
1730 3243 1821 3300 be-

252 3332 509 3398 nepluceat
546 3331 592 3384 ei
628 3331 793 3385 adhuc
815 3348 834 3386 :
856 3332 906 3386 id
949 3341 1060 3400 est,
1092 3343 1149 3387 ut
1185 3334 1523 3404 beneplaceat
1555 3337 1605 3390 ei
1647 3335 1818 3391 adhuc

250 3420 540 3489 repellere,
589 3431 641 3477 et
689 3424 741 3477 in
798 3434 1051 3479 aeternum
1101 3426 1363 3495 repellere
1408 3441 1514 3481 non
1563 3438 1812 3497 apponet.

251 3512 479 3568 Necesse
505 3524 587 3569 est
615 3525 669 3569 ut
696 3526 904 3570 revocet
928 3515 994 3570 ad
1019 3530 1078 3571 se
1110 3531 1292 3572 servos
1316 3531 1462 3580 suos,
1494 3532 1712 3573 necesse
1735 3529 1817 3573 est

252 3617 306 3657 ut
335 3605 552 3673 recipiat
581 3606 827 3675 fugitivos
854 3608 1138 3662 redeuntes
1165 3607 1231 3661 ad
1261 3608 1559 3672 Dominum,
1591 3622 1814 3663 necesse

248 3704 331 3748 est
356 3706 411 3747 ut
434 3695 683 3749 exaudiat
724 3712 907 3750 vocem
939 3698 1360 3766 compeditorum
1389 3715 1402 3749 :
1433 3696 1554 3750 Non
1590 3699 1643 3750 in
1669 3706 1814 3752 teter-

250 3801 370 3837 num
395 3785 597 3856 repellet
619 3783 789 3851 Deus;
815 3797 861 3839 et
885 3804 982 3839 non
1009 3797 1226 3856 apponet
1264 3787 1397 3841 ultra
1423 3795 1475 3839 ut
1501 3788 1814 3856 beneplaceat

247 3878 294 3930 ei
310 3878 496 3930 adhuc.

318 3968 404 4022 11.
429 3966 576 4040 [vers.
612 3966 666 4032 9,
694 3966 807 4041 10.]
829 3968 925 4021 Aut
950 3970 1001 4021 in
1026 3969 1176 4037 ﬁnem
1199 3969 1588 4027 misericordiam
1611 3968 1627 3999 ⁸
1653 3967 1813 4022 absci-

246 4063 329 4116 det
374 4077 406 4114 a
450 4060 766 4131 generatione
814 4060 865 4113 in
917 4060 1321 4131 generationem?
1365 4069 1453 4113 aut
1502 4060 1813 4114 obliviscetur

244 4154 463 4208 misereri
484 4152 735 4207 Deus?ln
764 4161 835 4216 te,
862 4168 891 4206 a
918 4162 987 4217 te,
1016 4155 1067 4206 in
1092 4152 1312 4206 alterum
1340 4153 1480 4206 nulla
1504 4163 1583 4206 est
1605 4153 1810 4206 miseri-

243 4244 419 4300 cordia
437 4285 454 4311 ,
503 4244 600 4300 nisi
630 4259 747 4300 eam
778 4244 869 4299 tibi
900 4246 1034 4298 Deus
1057 4244 1216 4299 donet
1241 4261 1254 4298 :
1277 4251 1332 4298 et
1373 4244 1486 4314 ipse
1513 4244 1654 4298 Deus
1678 4244 1811 4298 obli-

241 4339 471 4392 viscetur
500 4336 957 4393 misericordiam?
984 4338 1146 4391 Rivus
1173 4336 1337 4391 currit
1361 4354 1374 4389 :
1397 4336 1514 4391 fons
1548 4338 1661 4406 ipse
1700 4338 1807 4391 sic-

240 4428 485 4485 cabilur?
510 4429 613 4483 Aut
642 4430 952 4485 obliviscetur
984 4428 1204 4488 misereri
1235 4428 1406 4482 Deus?
1432 4438 1518 4482 aut
1544 4429 1806 4483 continebit

239 4520 293 4572 in
320 4520 397 4572 ira
421 4519 765 4573 miserationes
793 4520 949 4573 suos?
980 4518 1029 4572 id
1060 4526 1160 4583 est,
1201 4517 1279 4572 sic
1313 4517 1586 4583 irascetur,
1615 4527 1673 4573 ut
1697 4534 1802 4573 non

239 4610 588 4667 misereatur?
630 4610 855 4666 Facilius
894 4610 982 4665 ille
1018 4610 1148 4663 iram
1187 4623 1343 4678 quam
1379 4608 1792 4663 misericordiam

235 4702 545 4757 continebit.
576 4701 687 4757 Hoc
724 4711 777 4755 et
815 4716 909 4771 per
953 4699 1136 4755 Isaiam
1172 4700 1410 4754 dixerat:
1436 4698 1557 4753 Non
1580 4700 1632 4752 in
1660 4709 1801 4755 aeter-

236 4810 356 4844 num
381 4792 561 4846 vindex
581 4793 632 4845 in
658 4793 789 4845 vobis
814 4808 916 4857 ero,
945 4808 1099 4860 neque
1124 4808 1212 4859 per
1233 4806 1377 4843 omne
1400 4799 1591 4859 tempus
1612 4790 1799 4844 irascar

234 4885 389 4941 vobis.
421 4884 531 4939 Hoc
555 4895 608 4939 et
636 4894 975 4954 posteaquam
1001 4883 1150 4948 dixit,
1185 4883 1315 4936 Abiit
1337 4883 1509 4947 tristis,
1542 4893 1585 4934 et
1617 4884 1793 4935 (tittth-

232 4976 352 5031 lnvit
390 4976 493 5030 vias
536 4992 673 5031 snas.
723 4974 872 5039 Vitis,
910 4975 1093 5044 inquit,
1121 4976 1228 5044 ejus
1254 4975 1372 5037 vidi,
1412 4985 1457 5027 et
1483 4975 1654 5027 sanari
1681 4992 1793 5028 eum

233 5067 387 5140 (lsai.
420 5083 542 5134 un,
574 5068 778 5138 lli-is).
806 5068 916 5122 lloc
940 5069 1026 5122 ubi
1046 5067 1286 5137 cognovit
1312 5067 1431 5131 iste,
1475 5069 1793 5122 transcendit

230 5170 285 5217 et
312 5176 373 5217 se
416 5159 711 5215 delectatus
737 5161 789 5214 in
817 5160 945 5225 Deo,
976 5169 1032 5213 ut
1055 5159 1140 5213 ubi
1167 5168 1331 5224 esset,
1362 5169 1417 5213 et
1443 5160 1496 5212 in
1520 5160 1636 5227 ejus
1661 5175 1788 5227 ope—

229 5254 375 5308 ribus
418 5251 586 5321 magis
621 5251 878 5323 garriret;
920 5266 1022 5305 non
1054 5251 1103 5303 in
1134 5250 1318 5317 Spiritu
1360 5264 1478 5315 suo,
1506 5266 1607 5304 non
1648 5248 1791 5305 ineo

229 5350 366 5419 quod
400 5355 534 5410 erat,
567 5344 659 5398 sed
689 5345 740 5397 in
766 5360 830 5398 eo
854 5361 881 5395 a
906 5360 1012 5411 quo
1049 5341 1216 5396 factus
1250 5352 1382 5396 erat.
1413 5343 1480 5395 Et
1514 5341 1633 5396 hinc
1665 5348 1792 5410 ergo

230 5436 531 5490 transiliens
560 5435 897 5490 transcendit.
932 5434 1114 5489 Videte
1157 5434 1569 5500 transilientem,
1615 5433 1788 5489 videte

290 5617 305 5646 ¹
330 5615 464 5672 add“
488 5612 865 5676 miserirm'tlimt
888 5627 1022 5663 statin
1045 5627 1062 5661 :
1087 5621 1139 5663 et
1160 5615 1208 5662 in
1231 5615 1545 5676 subsequenti
1572 5614 1784 5676 versicu-

234 5679 298 5733 lo,
333 5676 382 5725 in
418 5676 486 5724 ira
521 5690 625 5724 Sitit.
652 5685 704 5725 At
742 5675 969 5726 meliores
1014 5685 1115 5725 Mss.
1150 5678 1287 5739 juxta
1323 5675 1429 5753 lxx
1459 5689 1555 5726 non
1589 5675 1783 5736 addunt,

230 5750 378 5793 smn»,
404 5752 510 5798 nec,
537 5751 633 5786 t'tttt.

1328 295 1721 354 ENARRATIO
1754 298 1843 369 ΙΝ
1863 299 2183 358 PSALilUM
2224 303 2451 385 ιχχγι.

3419 323 3520 383 978

1954 417 2001 472 si
2027 430 2296 475 remaneat
2322 422 2512 477 alicubi
2539 438 2810 496 quousque
2831 429 3100 499 perveniat
3126 433 3194 489 ad
3224 435 3412 493 Deum.

2027 510 2109 564 19..
2141 510 2287 584 [υενε.
2322 514 2433 587 1L]
2482 513 2549 568 Et
2593 518 2719 573 dixi.
2762 519 2879 575 lam
2919 522 3151 593 seipsum
3195 530 3517 598 transiliens,

1952 602 2076 670 quid
2104 603 2276 658 dixit?
2304 605 2456 660 Nunc
2474 612 2601 678 ειεμὶ
2617 625 2769 665 :enm
2793 617 3139 672 excessisscm
3164 629 3218 675 et
3239 636 3344 677 me.
3369 623 3520 679 Nune

1950 694 2096 761 coepi.
2158 694 2252 749 Hic
2294 696 2403 766 jam
2454 700 2657 755 nullum
2697 695 2989 773 periculum
3039 719 3121 766 est
3156 728 3169 766 :
3199 727 3321 767 nam
3367 725 3420 771 et
3463 720 3520 771 in

1950 787 2153 855 meipso
2205 786 2520 857 remanere,
2576 795 2865 863 periculum
2910 799 3026 855 fuit.
3072 799 3144 856 Et
3185 804 3293 859 dixi
3319 822 3338 860 :
3368 805 3519 863 Nune

1948 879 2104 946 σα)ρή
2143 878 2250 934 haec
2290 892 2361 935 est
2397 884 2674 941 immutatio
2717 888 2934 945 dextera:
2975 892 3194 949 Excelsi.
3238 897 3394 953 Modo
3436 916 3520 965 me

1948 971 2108 1040 coepit
2144 982 2348 1039 mutare
2382 975 2663 1044 Excelsus;
2697 983 2856 1067 mpdo
2885 985 3023 1059 coepi
3051 987 3280 1059 aliquid,
3318 992 3405 1047 ubi
3437 1011 3517 1049 sc-

1947 1075 2108 1116 curus
2132 1057 2257 1131 sint,
2288 1065 2445 1119 modo
2473 1068 2666 1123 intravi
2692 1057 2919 1141 aliquam
2951 1057 3162 1132 aulam1
3183 1081 3510 1150 gaudiorum,
3540 1098 3559 1152 κ,

1945 1151 2032 1205 ubi
2063 1154 2236 1209 nullus
2264 1157 2508 1213 timeatur
2540 1160 2821 1229 inimicus,
2853 1168 3013 1224 modo
3042 1172 3178 1241 carpi
3215 1186 3334 1228 esse
3377 1175 3429 1228 in
3454 1192 3516 1228 ea

1948 1244 2184 1314 regione.
2231 1246 2318 1303 ubi
2357 1264 2461 1303 non
2504 1253 2797 1322 anticipent
2840 1257 3042 1327 vigilias
3083 1277 3268 1319 omnes
3316 1264 3513 1321 inimici

1943 1338 2047 1392 mei
2073 1356 2085 1391 :
2114 1338 2263 1393 Nunc
2291 1344 2450 1410 coepi;
2480 1343 2586 1399 [nec
2618 1356 2691 1399 est
2726 1347 3007 1405 immutatio
3045 1352 3262 1408 dexteris
3286 1353 3511 1411 Excelsi.

2016 1429 2101 1483 I3.
2148 1428 2295 1501 [vers.
2348 1432 2460 1506 i9..]
2509 1435 2705 1491 Memor
2754 1440 2831 1509 fui
2875 1458 3082 1508 cperunt
3130 1443 3350 1499 Domini.
3397 1448 3511 1503 Jant

1943 1517 2115 1577 videte
2158 1519 2301 1575 illum
2347 1524 2562 1592 spatiari
2602 1526 2654 1580 in
2695 1529 2943 1596 operibus
2984 1532 3210 1588 Domini.
3236 1535 3513 1595 Garriebat

1942 1609 2082 1663 enim
2110 1609 2257 1674 foris.
2279 1622 2332 1667 et
2356 1616 2726 1672 constristatus
2753 1619 2877 1675 inde
2901 1622 3097 1678 deiecit
3120 1627 3335 1694 spiritus
3361 1628 3509 1699 ejus:

1940 1698 2158 1770 garrivit
2184 1702 2322 1758 intus
2347 1718 2464 1786 cum
2494 1708 2654 1763 corde
2694 1725 2790 1763 suo
2810 1752 2825 1774 ,
2867 1723 2921 1766 ct
2948 1727 3067 1768 cum
3099 1718 3285 1786 spiritu
3314 1698 3430 1783 suo,
3456 1730 3511 1775 et

1940 1803 2297 1858 perscrutatus
2344 1782 2585 1852 eumdem
2635 1801 2876 1869 spiritum
2924 1818 3116 1870 suum,
3165 1823 3369 1863 memor
3415 1810 3511 1865 fuit

1938 1898 2195 1939 annorum
2238 1896 2555 1942 mternorum
2579 1932 2594 1955 ,
2644 1907 2848 1946 memor
2876 1892 2975 1948 fuit
3006 1896 3380 1953 misericordiae
3408 1900 3509 1955 Do;

1939 1975 2098 2041 mini,
2145 1978 2266 2046 quia
2309 1994 2413 2033 non
2463 1981 2687 2049 repellet
2732 1982 2983 2038 Dominus
3026 1987 3075 2039 in
3120 1995 3410 2054 a-ternum;
3456 2000 3507 2045 et

1936 2068 2097 2136 coepit
2115 2069 2223 2138 jam
2255 2069 2306 2123 in
2337 2070 2452 2139 ejus
2479 2073 2729 2141 Operibus
2757 2089 2976 2130 securus
3004 2078 3254 2147 gaudere,
3286 2093 3506 2135 securus

1936 2162 2222 2218 exsultare.
2265 2163 2553 2232 Audiamus
2576 2166 2685 2235 jam
2712 2182 2871 2237 opera
2916 2170 3048 2238 ipsa,
3092 2180 3146 2224 et
3182 2172 3505 2229 exsultetnus
3572 2160 3589 2177 ³

1936 2261 1988 2307 et
2014 2267 2111 2308 nos
2137 2270 2150 2306 :
2172 2255 2267 2308 sed
2294 2255 2567 2311 affectibus
2591 2258 2750 2312 etiam
2781 2246 2877 2314 nos
2907 2261 3281 2328 transiliamus,
3312 2279 3409 2319 nec
3437 2266 3503 2319 ad

1935 2346 2244 2414 temporalia
2279 2348 2621 2417 gaudeamus.
2660 2350 2925 2404 Hebemus
2952 2352 3091 2406 enim
3123 2363 3181 2407 et-
3202 2369 3298 2407 nos
3332 2356 3505 2411 cubile

1888 2488 1898 2495 ,
1934 2445 2197 2491 nostrum.
2243 2438 2416 2505 Quare
2459 2454 2561 2492 non
2612 2439 2735 2492 illuc
2777 2440 3071 2495 intramus?
3113 2430 3278 2512 quare
3312 2461 3419 2498 non
3452 2447 3501 2499 in

1932 2528 2143 2584 silentio
2161 2532 2399 2599 agitnus?
2424 2547 2588 2601 quare
2610 2546 2712 2586 non
2734 2532 2975 2601 Spiritum
3001 2545 3237 2593 nostrum
3260 2552 3501 2605 perscru-

1934 2621 2143 2675 tamur?
2171 2636 2334 2690 quare
2374 2636 2542 2677 annos
2568 2631 2795 2678 aeternos
2833 2639 2937 2679 non
2978 2610 3311 2696 cogitamus?
3338 2645 3502 2700 quare

1933 2711 1984 2765 in
2012 2712 2261 2780 operibus
2286 2712 2377 2766 Dei
2408 2729 2511 2767 non
2540 2714 2817 2768 laetamur?
2843 2714 2931 2770 Sic
2958 2732 3095 2771 mute
3122 2717 3418 2785 audiamus,
3448 2731 3496 2776 et

1929 2802 2044 2870 ipso
2061 2802 2266 2858 dicente
2285 2803 2631 2872 delecwmur,
2654 2815 2709 2859 nt
2728 2806 2884 2859 etiam
2905 2822 3023 2862 cum
3047 2808 3169 2864 hinc
3189 2811 3493 2879 abierimus,

1926 2891 2181 2946 faciamus
2205 2894 2345 2962 quod
2391 2894 2506 2963 ipso
2542 2895 2790 2965 loquente
2835 2897 3180 2963 faciebamus;
3229 2901 3272 2954 si
3321 2910 3495 2960 tamen

1926 2984 2145 3040 facimus
2173 2996 2402 3055 coeptum
2444 2987 2609 3057 ipsius
2636 2988 2774 3058 quod
2805 2988 2972 3044 dixit:
2999 2989 3148 3047 Nunc
3178 2994 3321 3062 cwpi.
3350 2994 3493 3049 Gau-

1925 3073 2052 3128 dere
2081 3076 2133 3129 in
2162 3077 2411 3145 Operibus
2440 3077 2554 3143 Dei,
2599 3087 2678 3132 est
2706 3079 3023 3154 oblivisciet
3049 3091 3116 3146 te,
3151 3082 3192 3135 si
3225 3094 3376 3151 potes
3405 3084 3495 3139 illo

1924 3166 2040 3221 solo
2062 3167 2334 3222 delectari.
2358 3168 2492 3236 Quid
2514 3171 2654 3223 enim
2678 3171 2864 3226 melius
2889 3171 3017 3227 illo?
3040 3172 3153 3227 Non
3180 3175 3342 3238 vides,
3371 3176 3491 3244 quia

1922 3273 2040 3312 cum
2070 3258 2134 3312 ad
2181 3267 2233 3313 te
2277 3259 2456 3324 redis,
2502 3261 2552 3314 in
2595 3259 2919 3316 deteriorem
2967 3262 3147 3317 redis?
3195 3265 3390 3320 Memor
3416 3266 3493 3332 fui

1921 3368 2124 3420 operum
2149 3352 2353 3407 Domini
2374 3355 2522 3426 :quia
2557 3372 2743 3409 memor
2781 3373 2865 3410 ero
2908 3357 2970 3409 ab
3003 3357 3145 3410 initio
3180 3358 3488 3413 mirabilinm
3532 3406 3535 3411 λ

1921 3452 2137 3496 ιαονωη.
3406 3496 3411 3501 ,

1989 3535 2075 3593 14.
2122 3533 2285 3605 [υενεί
2313 3535 2423 3606 l5.]
2470 3536 2535 3588 Et
2576 3537 2850 3590 meditabor
2888 3538 2940 3591 in
2986 3539 3213 3592 omnibus
3259 3542 3487 3611 operibus

1920 3627 2015 3678 tuis
2039 3665 2053 3691 ,
2105 3636 2150 3678 et
2195 3626 2245 3678 in
2289 3624 2773 3691 aﬂ‘cctionibus‘tuis
2811 3628 3049 3695 garriam.
3097 3629 3233 3684 Ecce
3272 3631 3482 3687 tertium

1917 3715 2137 3781 garrire.
2182 3714 2410 3771 Garrivit
2451 3713 2605 3780 foris,
2645 3716 2857 3785 quando
2902 3716 3128 3782 deiecit;
3176 3720 3392 3789 garrivit
3431 3722 3480 3775 iu

1916 3803 2103 3871 spiritu
2133 3820 2227 3858 suo
2260 3804 2418 3867 intus,
2451 3806 2660 3874 quando
2689 3806 2943 3875 profecit;
2974 3809 3192 3879 garrivit
3223 3813 3273 3865 in
3304 3813 3476 3880 operi-

1917 3894 2014 3949 bus
2039 3894 2153 3962 Dei,
2183 3897 2398 3972 quaudo.
2422 3898 2660 3966 pervenit
2683 3913 2789 3967 quo
2819 3900 3055 3967 proiecit.
3087 3901 3154 3954 Et
3177 3903 3230 3956 in
3256 3902 3476 3973 a/fectio-

1916 3985 2063 4041 nibus
2101 3988 2197 4041 tuis
2237 3988 2461 4057 garriant
2493 4003 2511 4041 :
2540 4004 2643 4041 non
2687 3990 2737 4042 in
2778 3989 3143 4047 all‘ectionibus
3170 3994 3320 4047 meis.
3351 3994 3474 4061 Quis

1919 4076 2044 4130 vivit
2068 4076 2185 4131 sine
2210 4076 2615 4133 allectionibus?
2645 4080 2708 4133 Et
2740 4082 2951 4149 putatis,
2999 4081 3210 4150 fratres,
3241 4087 3360 4154 quia
3386 4088 3474 4156 qui

1916 4167 2082 4221 Deum
2114 4168 2335 4231 timent,
2378 4169 2542 4223 Deum
2580 4171 2797 4235 eolunt,
2844 4171 3006 4227 Deum
3037 4174 3272 4243 diligunt,
3304 4177 3472 4231 nullas

1914 4259 2106 4312 habent
2128 4258 2474 4313 all'ectiones?
2504 4259 2657 4325 Vere,
2693 4262 2789 4315 hoc
2816 4262 3053 4331 putabis,
3085 4272 3139 4319 et
3166 4274 3351 4334 putare
3375 4282 3472 4333 au-

1911 4349 2078 4415 debis,
2107 4349 2247 4418 quod
2269 4349 2574 4406 affectiones
2600 4353 2788 4407 habeat
2831 4354 3022 4417 tabula,
3066 4355 3348 4423 theatrum,
3375 4375 3468 4414 ve-

1908 4442 2069 4504 natio,
2097 4440 2394 4509 aucupium,
2423 4442 2673 4511 piscatus,
2700 4452 2753 4496 et
2779 4459 2881 4497 non
2907 4444 3133 4499 habeant
3156 4462 3313 4514 opera
3339 4448 3467 4505 Dei?

1906 4541 1957 4584 et
1998 4546 2099 4585 non
2148 4529 2337 4585 habeat
2379 4530 2646 4585 meditatio
2698 4532 2790 4587 Dei
2838 4532 3113 4588 interiores
3158 4534 3464 4593 affectiones

1905 4620 2155 4687 quasdam
2195 4635 2336 4688 suas,
2381 4637 2499 4676 cum
2547 4622 2820 4690 inSpicitur
2858 4623 3116 4688 mundus,
3162 4635 3214 4680 et
3255 4628 3466 4697 ponitur

1904 4718 2024 4761 ante
2053 4709 2236 4764 oculos
2282 4712 2884 4778 spectaculumnatura:
2933 4727 3144 4780 rerum,
3192 4721 3247 4769 et
3287 4714 3338 4769 in
3385 4716 3466 4772 his

1901 4800 2152 4867 qua-ritur
2194 4799 2379 4854 artifex
2402 4841 2417 4866 ,
2461 4810 2513 4854 et
2561 4802 2822 4855 invenitur
2852 4818 3105 4873 nusquam
3141 4804 3425 4875 displicens
3448 4854 3461 4872 ,

1901 4903 1951 4944 et
1986 4907 2144 4957 super
2168 4892 2340 4943 omnia
2371 4893 2622 4959 placens?
3104 4938 3107 4943 ,
3220 4957 3228 4966 ⁸

1972 4984 2055 5039 l5.
2095 4982 2241 5054 [vers.
2273 4981 2384 5053 14.]
2428 4980 2600 5045 Deus,
2643 4983 2694 5035 in
2735 4982 2923 5036 Sancto
2965 4987 3044 5037 via
3086 4996 3189 5038 tua.
3249 4987 3475 5057 InSpicit.

1891 5073 2001 5144 jam
2030 5089 2189 5143 opera
2217 5072 2589 5127 u'tisericordiae
2618 5075 2708 5127 Dei
2743 5074 2880 5128 circa
2925 5091 3039 5142 nos,
3068 5090 3131 5131 ex
3158 5077 3241 5133 his
3261 5080 3454 5147 garrit,

1896 5175 1950 5220 et
1995 5166 2045 5218 in
2084 5165 2166 5220 his
2193 5164 2556 5220 affectionibus
2595 5166 2839 5220 exsultat.
2888 5168 3066 5221 Primo
3111 5169 3233 5225 inde
3263 5171 3444 5240 coepit,

1895 5256 1961 5309 In
1992 5256 2178 5311 Sancto
2216 5257 2294 5309 via
2318 5265 2423 5309 tua.
2453 5258 2579 5324 Quae
2613 5259 2691 5309 via
2730 5268 2813 5311 tua
2843 5259 2892 5312 iu
2926 5257 3157 5314 Sancto?
3182 5259 3293 5331 Ego
3317 5278 3452 5327 sum,

1894 5351 2080 5419 inquit,
2110 5352 2207 5411 vin,
2236 5350 2431 5413 unitas,
2455 5359 2501 5402 et
2528 5350 2625 5409 uita
2651 5349 2824 5418 (Joan.
2856 5368 2956 5415 xw,
2990 5352 3066 5423 6).
3091 5352 3279 5407 Redite
3302 5366 3449 5419 ergo,

1897 5440 2157 5505 homines,
2186 5440 2254 5493 ab
2279 5439 2643 5494 allectionibus
2676 5443 2878 5496 vestris.
2908 5444 3024 5508 Quo
3055 5441 3182 5496 itis?
3205 5429 3310 5509 quo
3330 5455 3453 5492 cur-

1890 5531 2045 5587 ritis?
2064 5545 2168 5600 quo
2196 5544 2297 5584 non
2323 5530 2491 5584 solum
2512 5545 2541 5583 a
2564 5531 2689 5597 Deo,
2715 5532 2804 5585 sed
2827 5535 2984 5587 etiam
3009 5548 3038 5586 a
3065 5531 3212 5585 vobis
3236 5529 3449 5600 fugitis?

1892 5621 2098 5686 Redite,
2133 5621 2578 5690 pra;varicatorcs,
2609 5621 2675 5676 ad
2708 5639 2797 5679 cor
2825 5622 2972 5692 (lsui.
3006 5637 3147 5688 xLVt,
3194 5621 3273 5690 8),
3300 5635 3446 5676 scru-

1890 5714 1899 5720 ’
1994 5732 2153 5783 Probae
2177 5738 2449 5794 notaeMss.,
2470 5746 2650 5783 auram.
