4020 6198
482 421 486 424 ,
564 351 666 407 979

568 463 750 518 taurini
789 461 1026 531 spiritum
1074 467 1341 523 vestrum,
1394 457 1609 514 recolite
1648 471 1817 512 annos
1861 466 2122 519 :ctcrnos,

566 553 796 608 invenite
816 550 1232 607 misericordium
1261 550 1349 604 Dei
1376 549 1518 604 circa
1546 550 1660 612 vos,
1689 547 1942 602 attendite
1970 562 2130 615 Opera

565 643 940 700 misericordize
965 643 1080 713 ejus
1105 661 1118 694 τ
1144 641 1208 696 1η
1229 652 1400 696 sancto
1429 643 1508 694 via
1533 642 1667 710 ejus.
1689 639 1806 702 Filii
1837 639 2127 702 hominum,

565 751 838 808 usquequo
856 751 1044 807 graves
1069 736 1267 791 corde?
1289 734 1414 806 quid
1433 734 1670 804 quzeritis
1695 734 1746 787 in
1766 732 2131 788 affectionibus

564 826 801 883 vestris?
825 825 1011 896 utquid
1040 825 1255 896 diligitis
1282 825 1588 889 vanitatem,
1633 833 1684 878 et
1721 823 1954 893 qumritis
1983 839 2132 879 men-

483 960 486 962 η
562 918 811 973 dacium?
849 917 920 973 Et
955 918 1143 973 scitote
1183 917 1430 988 quoniam
1482 914 1832 986 magnificavit
1877 914 2131 970 Dominus

560 1009 813 1067 Sanctum
837 1026 988 1067 suum
1017 1010 1185 1082 (l’sal.
1221 1026 1291 1076 tv,
1314 1011 1366 1075 ’5,
1392 1010 1449 1079 4)
1475 1027 1486 1061 :
1515 1007 1580 1062 In
1601 1008 1789 1064 Sancto
1808 1008 1888 1062 via
1915 1017 2018 1061 tua.
2049 1007 2129 1061 Ad

563 1103 734 1171 ipsum
779 1117 906 1171 ergo
948 1102 1312 1167 attendamus,
1355 1099 1620 1156 Christum
1654 1098 2013 1163 attendamus;
2058 1099 2128 1153 ibi

563 1195 645 1250 via
676 1195 790 1264 ejus
813 1196 828 1226 ⁸
855 1213 867 1248 :
891 1194 1046 1258 Deus,
1076 1195 1129 1248 in
1160 1195 1345 1248 Sancto
1370 1193 1448 1246 via
1475 1203 1578 1246 tua.
1605 1191 1729 1260 Quis
1747 1191 1881 1245 Deus
1898 1207 2126 1262 magnus,

561 1289 691 1343 sicut
727 1287 865 1343 Deus
903 1289 1108 1342 noster?
1155 1287 1365 1342 Habent
1407 1294 1592 1357 gentes
1638 1283 1947 1339 affectiones
1990 1285 2127 1339 circa

565 1378 692 1432 deos
716 1392 861 1442 suos,
889 1377 1025 1433 idola
1054 1376 1304 1442 adorant;
1348 1377 1529 1432 oculos
1572 1375 1798 1440 habent,
1840 1383 1894 1429 et
1921 1389 2023 1428 non
2054 1375 2128 1429 vi-

567 1469 721 1534 dent;
752 1485 907 1524 aures
933 1470 1160 1532 habent,
1190 1479 1243 1524 et
1271 1484 1374 1523 non
1411 1467 1662 1530 audiunt;
1708 1466 1870 1537 pedes
1899 1465 2126 1532 habent,

569 1569 622 1614 et
648 1576 752 1615 non
790 1561 1062 1616 ambulant
1096 1559 1265 1631 (Psal.
1293 1575 1436 1623 cxm,
1465 1559 1605 1626 5-7).
1633 1558 1766 1626 Quid
1797 1557 2037 1611 ambulas
2061 1557 2126 1610 ad

571 1651 723 1707 deum
743 1652 830 1722 qui
857 1666 960 1725 non
986 1650 1254 1705 ambulat?
1280 1649 1415 1712 Non,
1447 1649 1635 1717 inquit,
1663 1664 1720 1703 ea
1751 1648 1888 1702 colo.
1915 1648 1975 1701 Et
2003 1646 2126 1716 quid

573 1733 964 1797 rolis?'Numen
987 1739 1127 1810 quod
1149 1741 1217 1796 ibi
1241 1739 1354 1795 est?
1380 1739 1537 1794 Certe
1562 1740 1661 1793 hoc
1687 1739 1818 1792 colis
1841 1738 1979 1805 quod
2005 1737 2126 1791 alibi

571 1831 761 1886 dictum
787 1841 900 1886 est:
924 1830 1171 1897 Quoniam
1191 1831 1260 1882 dii
1281 1830 1500 1900 gentium
1536 1829 1782 1882 dwmonia
1807 1827 1973 1898 (Psal.
2007 1843 2126 1892 xcv,

571 1921 646 1992 5).
673 1923 776 1976 Aut
802 1921 937 1976 idola
965 1922 1116 1988 colis,
1148 1929 1239 1975 aut
1267 1920 1543 1975 daemonia.
1573 1919 1680 1974 Nec
1709 1919 1866 1981 idola.
1899 1934 1996 1973 nec
2021 1918 2129 1972 dae-

569 2013 762 2074 monia,
795 2012 983 2082 inquit.
1014 2012 1082 2066 Et
1105 2011 1228 2082 quid
1269 2012 1432 2066 colis?
1475 2010 1685 2074 Stelias,
1714 2010 1900 2074 solem,
1928 2009 2126 2074 lunam,

567 2104 666 2160 ista
689 2103 947 2159 caelestia.
975 2103 1184 2170 Quanto
1213 2101 1400 2157 melius
1425 2100 1514 2171 qui
1557 2101 1696 2164 fecit,
1724 2110 1777 2154 et
1805 2110 2011 2155 terrena
2031 2141 2047 2166 ,
2079 2106 2131 2155 et

566 2193 836 2250 celestia!
871 2193 995 2260 Quis
1018 2192 1154 2246 Deus
1183 2208 1391 2263 magnus
1415 2192 1544 2245 sicut
1571 2190 1709 2246 Deus
1737 2191 1942 2245 noster?

638 2283 725 2338 16.
759 2281 908 2355 [vers.
937 2281 1049 2355 15.]
1082 2281 1158 2336 Tu
1193 2299 1246 2336 es
1275 2281 1408 2336 Deus
1433 2282 1518 2352 qui
1543 2281 1669 2351 facis
1692 2281 1944 2335 mirabilia
1969 2283 2125 2337 solus.

565 2374 645 2428 'I‘u
673 2388 1044 2444 veremagnus
1083 2374 1249 2439 Deus,
1294 2372 1490 2427 faciens
1519 2371 1776 2427 mirabilia
1803 2372 1855 2426 in
1882 2387 2126 2443 corpore,

568 2463 621 2519 in
646 2465 823 2518 anima
846 2505 861 2529 ,
907 2463 1053 2518 solus
1093 2462 1310 2518 faciens.
1339 2461 1630 2517 Audierunt
1672 2461 1848 2529 surd-i,
1887 2462 2133 2519 viderunt

566 2555 692 2610 caeci
719 2593 735 2621 ,
781 2555 1170 2610 convaluerunt
1215 2552 1484 2624 languidi,
1527 2563 1873 2608 surrexerunt
1916 2557 2128 2620 mortui,

566 2647 841 2703 constricti
879 2656 1003 2701 sunt
1029 2645 1324 2717 paralytici.
1369 2643 1474 2700 Sed
1516 2644 1764 2699 miracula
1806 2644 1904 2698 ista
1930 2655 2052 2699 tunc
2079 2645 2130 2700 in

551 2737 878 2810 corporibus
917 2755 931 2791 :
969 2737 1244 2791 videamus
1290 2736 1342 2790 in
1385 2734 1580 2790 anima.
1611 2735 1784 2790 Sobrii
1805 2745 1946 2796 sunt,
1975 2737 2133 2806 paulo

565 2840 690 2886 ante
714 2831 906 2886 ebriosi
933 2846 947 2897 ;
987 2829 1168 2884 ﬁdeles
1202 2839 1359 2895 sunt,
1394 2829 1552 2899 paulo
1578 2839 1701 2883 ante
1731 2828 2036 2884 adoratores
2061 2831 2132 2884 si-

567 2921 952 2985 mulacrorum;
984 2933 1070 2974 res
1095 2934 1218 2974 suas
1237 2919 1437 2974 donant
1461 2918 1796 2988 pauperibus,
1821 2919 1910 2988 qui
1932 2919 2133 2973 alienus

565 3022 691 3068 ante
715 3011 992 3082 rapiebant
1016 3031 1028 3066 :
1057 3001 1187 3074 Quis
1210 3009 1342 3064 Deus
1370 3025 1600 3080 magnus,
1629 3009 1756 3063 sicut
1768 3008 1904 3064 Deus
1931 3010 2134 3064 noster?

564 3100 645 3156 Tu
673 3119 723 3156 es
750 3102 888 3156 Deus
907 3102 992 3171 qui
1018 3102 1144 3172 facis
1180 3100 1430 3154 mirabilia
1452 3105 1607 3154 solus.
1640 3099 1787 3155 Fecit
1813 3109 1866 3156 et
1890 3099 2097 3172 Moyses
2114 3145 2129 3166 ,

565 3193 660 3247 sed
691 3208 798 3247 non
823 3193 970 3246 solus
998 3191 1158 3246 :fecit
1183 3201 1236 3245 et
1269 3192 1439 3255 Elias,
1484 3190 1608 3246 fecit
1635 3201 1688 3246 et
1716 3190 1960 3258 Elisaius,
1989 3192 2133 3247 fece-

566 3290 694 3335 runt
715 3290 769 3334 et
793 3282 1029 3350 Apostoli
1053 3297 1066 3345 ;
1093 3280 1185 3336 sed
1214 3281 1386 3334 nullus
1410 3295 1592 3334 eorum
1616 3279 1783 3336 solus.
1811 3280 1888 3334 Illi
1911 3290 1968 3335 ut
1987 3279 2132 3336 face-

567 3383 706 3438 rent,
738 3382 792 3428 tu
817 3388 936 3429 cum
963 3374 1075 3438 eis;
1119 3381 1174 3426 tu
1206 3371 1416 3444 quando
1445 3371 1613 3427 fecisti
1639 3415 1652 3438 ,
1685 3372 1758 3426 illi
1787 3386 1891 3426 non
1935 3383 2127 3428 tecum.

566 3464 682 3521 Non
710 3465 851 3518 enim
884 3473 1053 3519 tecum
1082 3465 1433 3518 fueruntcum
1461 3462 1651 3530 fecisti,
1678 3461 1889 3533 quando
1913 3473 1966 3518 et
1991 3463 2133 3532 ipsos

567 3568 623 3612 tu
650 3557 841 3613 fecisti.
859 3557 934 3610 Tu
952 3573 1004 3612 es
1020 3556 1157 3611 Deus
1172 3556 1258 3628 qui
1278 3555 1402 3627 facis
1421 3555 1668 3609 mirabilia
1688 3555 1839 3610 solus.
1858 3555 2132 3624 Quomodo

567 3650 750 3705 solus?
775 3649 1040 3718 Numquid
1070 3649 1203 3703 forte
1232 3649 1417 3714 Pater,
1450 3656 1505 3703 et
1542 3661 1646 3701 non
1687 3646 1895 3701 Filius?
1923 3656 2014 3700 aut
2047 3647 2133 3702 Fi-

570 3742 692 3810 lius,
723 3751 778 3798 et
806 3757 910 3797 non
948 3742 1134 3797 Pater?
1163 3741 1274 3796 lmo
1300 3741 1490 3806 Pater,
1523 3748 1577 3796 et
1601 3740 1787 3806 Filius,
1828 3749 1882 3795 et
1907 3740 2132 3808 Spiritus

565 3845 800 3890 sanctus.
822 3833 903 3890 Tu
922 3852 973 3889 es
994 3833 1133 3888 Deus
1153 3834 1240 3904 qui
1258 3833 1383 3904 facis
1404 3834 1654 3888 mirabilia
1673 3835 1828 3888 solus.
1853 3833 1968 3889 Non
1990 3835 2129 3888 enim

565 3938 675 3983 tres
698 3927 807 3994 dii,
847 3926 946 3983 sed
992 3941 1127 3982 unus
1171 3927 1311 3981 Deus
1341 3926 1463 3982 facit
1490 3925 1748 3982 mirabilia
1787 3909 1965 3991 solus,
1995 3935 2051 3980 et
2077 3927 2129 3981 in

566 4019 684 4088 ipso
709 4019 1057 4074 transiliente.
1087 4017 1216 4072 Nam
1249 4028 1305 4071 ut
1330 4018 1488 4072 etiam
1519 4017 1833 4080 transiliret,
1863 4027 1916 4073 et
1940 4017 2006 4071 ad
2033 4017 2130 4072 ista

568 4110 888 4178 perveniret,
913 4110 1225 4165 miraculum
1249 4110 1341 4164 Dei
1367 4108 1466 4164 fuit
1490 4127 1504 4163 :
1527 4109 1735 4178 quando
1757 4110 1897 4164 intus
1915 4109 2129 4179 garrivit

566 4219 688 4260 cum
737 4205 1106 4274 Spiritusne,
1154 4214 1212 4257 ut
1247 4202 1533 4258 transiliret
1577 4211 1630 4256 et
1677 4203 1846 4271 ipsum
1891 4203 2129 4270 Spiritum

565 4307 750 4356 suum,
777 4303 832 4349 et
871 4295 924 4348 in
957 4294 1046 4348 Dei
1075 4294 1324 4363 operibus
1363 4292 1742 4356 delectaretur,
1776 4293 1886 4362 ipse
1912 4292 1979 4346 ibi
2011 4291 2131 4346 fecit

565 4384 853 4440 mirabilia.
885 4382 987 4438 Sed
1023 4383 1150 4452 quid
1185 4383 1308 4437 fecit
1349 4383 1526 4436 Deus?
1557 4381 1745 4434 Notaui
1772 4382 1932 4452 fecisti
1955 4383 2005 4434 in
2037 4399 2127 4451 po-

564 4476 702 4545 pulis
743 4474 974 4529 virtutem
1016 4483 1172 4526 tuam.
1223 4472 1347 4526 lude
1389 4472 1728 4542 congregatio
1772 4471 1905 4536 ista,
1955 4471 2128 4541 Asaph

565 4565 906 4632 transiliens,
955 4564 1075 4633 quia
1123 4573 1296 4617 notam
1353 4563 1473 4634 fecit
1524 4564 1574 4617 in
1624 4562 1831 4632 pepulis
1881 4564 2126 4619 virtutem

563 4669 735 4711 suam.
763 4655 932 4724 Quam
959 4656 1205 4708 virtutem
1235 4669 1383 4706 suam
1429 4663 1604 4713 notam
1648 4653 1770 4707 fecit
1800 4653 1852 4706 in
1884 4653 2128 4723 populis?

562 4743 696 4823 Nos.
718 4758 885 4801 autem
925 4747 1253 4816 pra’diemuus
1292 4743 1544 4798 Christum
1582 4746 1874 4810 cruciﬁxum
1899 4744 2128 4799 :Judteis

563 4837 759 4906 quidem
797 4839 1125 4901 scandalum,
1174 4835 1414 4890 Gentibus
1457 4845 1622 4888 autem
1666 4835 1964 4900 stultitiam;
2007 4837 2130 4904 ipsis

560 4935 722 4980 autem
747 4929 931 4981 vocatis
953 4928 1179 4985 Judceis.
1228 4936 1273 4979 et
1315 4925 1521 4988 Graecis,
1557 4924 1807 4978 Christum
1837 4925 1926 4977 Dei
1965 4924 2128 4977 Virtu-

563 5027 677 5079 tem,
708 5029 753 5069 et
787 5016 877 5070 Dei
905 5018 1212 5089 Sapientiam
1245 5017 1284 5087 (Ι
1311 5016 1427 5071 Cor.
1453 5031 1491 5081 ι,
1517 5015 1604 5079 9.3,
1629 5015 1738 5084 ΞΜ).
1772 5014 1824 5068 Si
1855 5030 1981 5082 ergo
2009 5013 2125 5068 Vir-

562 5117 649 5163 tus
680 5108 766 5161 Dei
807 5109 1079 5174 Christus,
1116 5122 1295 5163 uotum
1337 5109 1460 5163 fecit
1500 5107 1764 5162 Christum
1807 5106 1859 5159 in
1902 5107 2124 5174 populis.

563 5199 643 5254 An
667 5197 843 5255 ethoc
870 5199 1101 5253 nondum
1129 5199 1506 5268 agnoscimus?
1549 5208 1602 5252 et
1627 5198 1696 5252 ita
1721 5196 2032 5265 desipimus,
2056 5197 2124 5250 ita

564 5296 696 5351 infra
720 5294 989 5362 jacemus,
1019 5294 1089 5345 ita
1118 5293 1248 5346 nihil
1278 5292 1633 5357 transilimus,
1673 5299 1731 5344 ut
1767 5289 1868 5344 hoc
1909 5303 2013 5343 non
2051 5289 2125 5342 vi-

559 5384 818 5442 deamus?
839 5381 1028 5437 Notam
1056 5381 1213 5451 fecisti
1239 5383 1291 5434 in
1320 5383 1519 5451 populis
1535 5383 1763 5436 virtutem
1788 5391 1966 5434 tuam.-

628 5477 651 5530 i
667 5479 716 5532 7.
733 5475 882 5550 [vers
903 5471 1014 5546 l6.]
1033 5472 1303 5526 Redemisti
1319 5475 1369 5525 in
1391 5474 1592 5526 brachio
1611 5484 1694 5527 tuo
1710 5474 1947 5544 populum
1963 5482 2122 5528 tuum.

560 5567 779 5622 Brachia
803 5579 888 5621 tuo
911 5583 927 5620 :
949 5565 1050 5620 hoc
1075 5571 1157 5618 est
1179 5562 1368 5616 virtute
1390 5572 1494 5616 tua.
1517 5563 1584 5618 Et
1613 5564 1880 5617 brachium
1917 5564 2120 5618 Domini

622 5682 640 5710 ί
664 5680 735 5728 sic
759 5678 980 5744 plerique
1003 5685 1106 5726 Mss.
1134 5674 1217 5744 Alii
1254 5651 1479 5744 quidam;
1500 5675 1577 5743 uel
1607 5674 1762 5735 ipsum
1805 5687 1917 5736 ergo
1954 5674 2122 5744 redea-

557 5751 688 5795 mus,
714 5734 977 5796 r‘ltristu'm,
1002 5750 1098 5789 etc.
1136 5745 1189 5786 At
1209 5734 1353 5785 Edim
1387 5735 1456 5785 λά
1493 5734 1648 5798 ipsum
1681 5748 1795 5798 ergo
1825 5734 2120 5786 aitendumus

557 5799 813 5855 chrisma.
838 5803 1132 5852 attendamus
1155 5799 1218 5851 ibi
1242 5811 1362 5849 vtam
1383 5810 1503 5861 ejus.

1757 341 1812 398 S.
1855 341 2212 399 AUGUSTINI
2254 342 2556 424 EI‘ISCOI‘I

2241 456 2324 511 cui
2345 459 2630 515 revelatum
2650 461 2896 533 estUsai.
2916 480 3026 529 un,
3045 465 3133 534 l)?
3149 465 3415 522 Redemisti
3428 466 3477 520 in
3491 465 3702 521 brachio
3722 480 3808 521 tuo

2237 553 2479 620 populum
2505 563 2665 622 tuum,
2684 555 2816 623 ﬁlios
2843 555 3023 621 Israel,
3051 569 3097 611 et
3114 557 3628 628 Joseph.’Quomodo
3653 562 3802 630 quasi

2233 641 2366 697 duos
2406 647 2642 714 populos,
2667 648 2798 716 ﬁlios
2835 647 3019 713 Israel,
3053 659 3098 703 et
3121 649 3350 720 Ioseph?
3371 650 3557 706 Nonne
3588 651 3686 705 lilii
3712 651 3805 706 Jo-

2233 735 2361 805 seph
2389 737 2440 791 in
2469 737 2587 792 ﬁliis
2627 738 2823 795 Israel?
2845 741 2916 796 Ita
2944 742 3118 812 plane.
3150 743 3263 798 Iloc
3289 743 3507 809 scimus,
3539 744 3650 798 hoc
3682 745 3807 814 legi-

2235 843 2386 892 mus,
2437 829 2536 884 hoc
2586 830 2851 902 Scriptura
2901 834 3124 898 clamat,
3165 835 3267 890 hoc
3316 840 3512 892 veritas
3564 836 3802 903 indicat,

2232 920 2478 987 quoniam
2509 919 2688 988 Israel,
2721 922 2860 980 idem
2891 927 2976 996 qui
3001 924 3183 992 Jacoh,
3223 926 3404 982 habuit
3430 927 3570 988 ﬁlios
3597 927 3797 983 dnude~

2233 1009 2358 1075 cim,
2387 1011 2524 1067 inter
2559 1028 2694 1084 quos
2735 1030 2870 1072 unus
2912 1028 3028 1072 erat
3062 1017 3288 1089 Ioseph;
3320 1027 3376 1075 et
3410 1036 3475 1076 ex
3518 1020 3803 1076 duodecim

2233 1099 2355 1156 ﬁliis
2401 1101 2558 1158 Israel
2603 1115 2859 1177 quotquot
2905 1108 3012 1163 nati
3053 1118 3202 1175 sunt,
3233 1111 3301 1166 ad
3347 1114 3598 1182 populum
3645 1113 3805 1168 Israel

2233 1192 2518 1259 pertinent.
2555 1195 2832 1262 Quomodo
2856 1214 2983 1271 ergo
3004 1202 3078 1256 ait
3107 1221 3120 1258 :
3145 1201 3307 1258 Filios
3327 1202 3492 1258 Israel
3510 1203 3809 1274 etloseph.’

2231 1280 2422 1339 Nescio
2445 1285 2570 1355 quid
2596 1286 2683 1343 hic
2710 1287 3138 1361 distinguendum
3167 1293 3458 1348 admonuit.
3487 1294 3807 1350 Perscrute-

2232 1387 2353 1428 mur
2373 1375 2618 1445 spiritum
2659 1390 2896 1435 nostrum
2931 1399 2943 1434 :
2974 1380 3213 1438 fortassis
3237 1385 3305 1440 ibi
3351 1385 3584 1456 aliquid‘
3630 1388 3810 1459 posuit

2232 1463 2394 1531 Deus,
2449 1481 2607 1537 quem
2663 1469 2917 1526 debemus
2963 1481 3019 1529 et
3063 1485 3220 1530 nocte
3254 1489 3492 1546 quaerere
3555 1480 3808 1533 manibus

2231 1556 2449 1622 nostris,
2483 1568 2540 1612 ut
2565 1575 2668 1614 non
2697 1561 3056 1632 decipiamur;
3085 1564 3220 1620 forte
3255 1565 3588 1624 inveniemus
3630 1579 3688 1625 et
3712 1587 3807 1626 nos

2232 1647 2286 1703 in
2315 1649 2414 1706 hac
2442 1650 2775 1709 distinctione
2795 1656 2928 1724 ﬁlios
2952 1655 3136 1724 Israel,
3161 1667 3206 1712 et
3231 1657 3443 1728 Joseph.
3467 1661 3571 1716 Per
3605 1661 3806 1733 Ioseph

2232 1740 2392 1795 alium
2442 1745 2697 1812 populum
2745 1747 2962 1818 intelligi
3003 1748 3196 1814 voluit;
3253 1749 3498 1805 Gentium
3547 1755 3804 1823 populum

2235 1832 2453 1903 intelligi
2482 1835 2662 1890 voluit.
2690 1836 2866 1903 Quare
2893 1839 3129 1908 gentium
3163 1840 3411 1909 populum
3445 1857 3542 1912 per
3569 1841 3806 1913 Ioseph?

2232 1920 2365 1989 Quia
2414 1923 2611 1994 Joseph
2650 1926 2892 1981 venditus
2932 1937 3016 1983 est
3058 1929 3110 1983 in
3157 1927 3444 2000 Egyptum
3475 1947 3505 1984 a
3550 1932 3806 1989 fratribus

2233 2013 2344 2068 suis
2373 2013 2522 2087 (Gen.
2547 2032 2749 2085 xxxvn,
2774 2017 2885 2088 28).
2912 2019 3004 2074 Ille
3028 2017 3224 2090 Joseph
3248 2021 3333 2075 cui
3369 2021 3562 2078 fratres
3597 2025 3805 2078 invide-

2234 2112 2378 2168 runt,
2409 2113 2464 2158 et
2508 2121 2627 2159 eum
2658 2106 2711 2160 in
2738 2106 3026 2179 Egyptum
3073 2109 3444 2176 vendiderunt,
3473 2113 3722 2168 venditus
3753 2113 3802 2168 in

2235 2193 2539 2264 Egyptum,
2573 2197 2851 2265 laboravit,
2885 2199 3191 2256 humiliatus
3234 2211 3354 2267 est;
3379 2203 3610 2273 agnitus,
3654 2207 3803 2259 exal-

2236 2296 2394 2352 tatus,
2427 2286 2623 2354 ﬂoruit,
2648 2288 2947 2358 imperavit.
2978 2292 3042 2346 Et
3065 2291 3148 2345 his
3172 2291 3419 2348 omnibus
3447 2295 3574 2364 quid
3601 2295 3803 2364 signiﬁ-

2235 2380 2421 2434 cavit?
2458 2379 2615 2448 Quid,
2669 2383 2770 2436 nisi
2811 2382 3081 2438 Christum
3120 2399 3150 2438 a
3196 2385 3444 2440 fratribus
3492 2386 3798 2453 venditum,

2234 2468 2460 2537 ejectum
2505 2470 2572 2528 de
2619 2480 2755 2525 terra
2803 2487 2918 2537 sua,
2966 2482 3212 2542 tanquam
3239 2475 3291 2528 in
3321 2474 3612 2546 Egypttttn
3660 2475 3799 2532 Gen-

2238 2561 2402 2613 tium?
2432 2560 2505 2615 lbi
2553 2561 2722 2630 primo
2769 2562 3119 2628 humiliatum,
3151 2565 3361 2635 quando
3405 2568 3801 2638 persecutiones

2237 2661 2496 2722 martyres
2539 2653 2912 2721 patiebantur:
2941 2670 3080 2708 nunc
3125 2657 3445 2732 exaltatum,
3472 2657 3610 2712 sicut
3655 2659 3801 2713 video

2238 2759 2388 2810 mus;
2415 2746 2664 2815 quoniam
2705 2746 2974 2817 impletum
3021 2757 3103 2804 est
3141 2749 3194 2803 in
3235 2764 3322 2816 eo,
3357 2750 3654 2804 Adorabunt
3689 2766 3799 2805 eunt

2223 2852 2404 2906 omnes
2454 2851 2590 2908 reges
2631 2846 2812 2902 terrm;
2851 2854 3020 2894 omnes
3061 2851 3228 2910 gentes
3271 2841 3477 2894 servient
3511 2841 3592 2894 illi
3623 2841 3801 2912 (Psal.

2238 2942 2385 2992 mm,
2417 2928 2528 2996 ll).
2563 2928 2702 3000 Ergo
2732 2928 2927 3000 Joseph
2955 2931 3181 3000 populus
3218 2946 3284 2987 ex
3311 2931 3593 2997 Gentibus;
3633 2932 3803 2988 Israel

2237 3032 2362 3073 vero
2399 3018 2623 3089 populus
2665 3035 2733 3075 ex
2771 3031 2928 3091 gente
2964 3022 3327 3078 Hebraeorum.
3366 3023 3606 3079 Redemit
3632 3039 3803 3096 popu-

2237 3112 2346 3166 lum
2367 3127 2519 3167 sumn
2546 3112 2704 3178 Deus,
2728 3113 2862 3182 ﬁlios
2887 3113 3053 3168 Israel
3077 3125 3125 3169 et
3151 3113 3364 3185 Ioseph.
3392 3115 3494 3171 Per
3517 3116 3643 3186 quid
3661 3117 3685 3169 ?
3701 3117 3802 3172 Per

2237 3203 2463 3274 lapidem
2511 3206 2852 3282 angularem,
2899 3207 2951 3261 in
2993 3221 3099 3278 quo
3144 3207 3253 3264 duo
3298 3209 3527 3280 parietes
3570 3211 3800 3282 copulati

2234 3295 2602 3366 sunt.(Ephes.
2626 3313 2682 3364 n,
2712 3277 2824 3367 Μ).

2305 3387 2394 3441 l8.
2419 3387 2569 3459 [vers.
2611 3389 2725 3462 l7.]
2752 3389 2820 3444 Et
2861 3392 3171 3460 exsequitur
3212 3393 3522 3463 quomodo:
3561 3393 3801 3448 Viderunt

2236 3487 2283 3531 te
2307 3493 2472 3547 aquw,
2514 3477 2670 3534 Deus.
2707 3479 2843 3548 Quid
2882 3493 3005 3536 sunt
3044 3484 3456 3554 coniﬁl’opuli.
3505 3485 3630 3553 Qua:
3675 3499 3799 3541 sunt

2235 3571 2348 3622 ista:
2389 3585 2564 3638 aquae;
2589 3569 2786 3625 dictum
2808 3581 2889 3626 est
2911 3573 2960 3625 in
2984 3574 3331 3646 Apocalypsi;
3356 3590 3665 3646 responsum
3693 3587 3795 3640 est,

2236 3661 2423 3734 Populi
2457 3680 2472 3714 :
2510 3661 2579 3716 ibi
2628 3663 2925 3718 invenimus
2967 3666 3299 3734 apertissime
3335 3681 3501 3736 aquas
3553 3669 3603 3721 in
3633 3669 3795 3738 figura

2237 3755 2435 3824 positas
2469 3755 2778 3824 populorum
2807 3754 2989 3826 (Apoc.
3015 3771 3149 3821 xvu,
3178 3757 3289 3826 l5).
3319 3757 3489 3826 Supra
3514 3768 3691 3812 autem
3717 3759 3794 3811 di-

2234 3853 2384 3899 xerat
2415 3862 2428 3898 :
2462 3844 2651 3898 Notam
2673 3845 2833 3914 fecisti
2860 3845 2912 3898 in
2941 3847 3142 3918 papulis
3166 3841 3393 3901 virtutem
3427 3859 3586 3902 tuane.
3617 3849 3796 3903 Merito

2232 3950 2380 4003 ergo,
2419 3933 2661 3988 Viderunt
2704 3944 2751 3989 te
2793 3951 2959 4005 aqua,
3001 3935 3172 4000 Deus;
3212 3937 3438 3990 viderunt
3482 3950 3529 3992 te
3565 3955 3730 4006 aqmz,
3754 3948 3799 3992 et

2234 4026 2520 4100 timuerunt.
2555 4023 2677 4080 Ideo
2720 4034 2934 4080 mutatae
2973 4037 3115 4092 sunt,
3149 4027 3268 4097 quia
3296 4025 3608 4082 timuerunt.
3650 4029 3796 4083 Vide-

2233 4126 2348 4170 runt
2385 4127 2432 4170 te
2471 4133 2634 4187 aquae,
2658 4116 2810 4182 Deus,
2850 4127 2896 4172 et
2932 4119 3221 4182 timuerunt,
3267 4129 3314 4172 et
3341 4121 3651 4174 conturbatc
3687 4132 3801 4175 sunt

2233 4208 2416 4278 abyssi.
2441 4207 2568 4275 Quae
2613 4219 2737 4263 sunt
2777 4210 2979 4279 abyssi?
3008 4210 3322 4265 Altitudiues
3362 4226 3642 4282 aquarum.
3671 4212 3798 4279 Quis

2234 4317 2338 4354 non
2374 4301 2612 4356 turbatur
2655 4302 2706 4355 in
2753 4301 2979 4370 populis,
3009 4317 3127 4356 cum
3172 4302 3490 4357 conscientia
3524 4305 3800 4373 pulsatur?

2231 4391 2434 4459 Qtneris
2473 4391 2802 4445 altitudinem
2848 4392 3029 4456 maris,
3058 4392 3182 4462 quid
3229 4391 3542 4462 profundius
3569 4394 3796 4449 humana

2231 4482 2589 4536 Conscientia?
2617 4482 2717 4536 Ista
2760 4483 3088 4552 profunditas
3134 4485 3336 4538 turbata
3378 4495 3482 4550 est,
3504 4485 3724 4554 quando
3748 4487 3796 4540 in

2236 4575 2449 4628 brachio
2477 4591 2573 4629 suo
2605 4575 2832 4629 redemit
2861 4575 3110 4644 populum
3142 4592 3294 4630 suum
3324 4575 3486 4630 Deus.
3518 4575 3798 4643 Quomodo

2234 4666 2453 4719 turbatae
2480 4675 2602 4720 sunt
2624 4667 2801 4737 abyssi
2821 4667 2844 4720 ?
2866 4667 3084 4733 Quando
3100 4684 3284 4722 onmes
3303 4669 3657 4724 conscientias
3678 4685 3798 4724 suas

2233 4757 2529 4812 Confitendo
2557 4756 2802 4812 fuderunt
2833 4778 2845 4812 :
2880 4758 2943 4811 Et
2969 4759 3176 4813 turbata:
3196 4769 3309 4813 sunt
3333 4759 3518 4831 abyssi.

2303 4849 2388 4904 i9.
2417 4848 2562 4921 [vers.
2593 4848 2702 4922 18.]
2726 4849 2996 4903 Multitudo
3023 4851 3215 4905 sonitus
3242 4868 3504 4921 aquarum.
3532 4852 3588 4906 In
3633 4854 3799 4908 laudi-

2233 4937 2329 4992 bus
2356 4939 2466 5006 Dei,
2497 4941 2546 4994 in
2575 4939 2995 4995 confessionibus
3035 4951 3387 5010 peccatorum,
3423 4944 3472 4996 in
3505 4943 3722 5016 hymnis
3746 4959 3796 5000 et

2231 5031 2467 5096 canticis,
2516 5032 2567 5084 in
2609 5032 2954 5100 orationibus,
2997 5035 3260 5088 multitudo
3302 5036 3496 5091 sonitus
3527 5054 3791 5104 aquarum.

2243 5119 2420 5173 Vocem
2470 5121 2709 5175 dederunt
2751 5123 2923 5176 nubes.
2957 5123 3082 5178 Inde
3125 5126 3223 5179 iste
3264 5127 3469 5180 sonitus
3516 5143 3790 5197 aquarum.

2231 5203 2351 5257 inde
2400 5203 2709 5275 abySSorum
2761 5207 3121 5274 perturbatio,
3149 5210 3272 5279 quia
3338 5225 3507 5263 uocem
3550 5214 3792 5266 dederunt

2227 5297 2396 5350 nubes.
2447 5296 2576 5362 Quae
2629 5299 2836 5354 nubes?
2889 5299 3271 5357 Przedicatores
3330 5304 3475 5359 verbi
3535 5308 3790 5362 veritatis.

2227 5386 2354 5454 Quae
2381 5386 2582 5441 nubes?
2613 5385 2686 5442 De
2713 5389 2902 5458 quibus
2943 5391 3171 5446 minatur
3197 5394 3404 5448 cuidam
3430 5397 3601 5451 viuere
3628 5397 3789 5463 Deus,

2227 5495 2345 5548 qute
2373 5494 2468 5548 pro
2504 5494 2601 5532 uva
2632 5477 2754 5534 fecit
2779 5481 2976 5549 Spinas,
3003 5494 3055 5538 et
3089 5484 3252 5539 dicit:
3276 5484 3533 5541 Mandabo
3578 5489 3790 5542 nubibus

2225 5571 2346 5622 meis
2370 5586 2430 5622 ne
2455 5569 2627 5639 pluunt
2650 5587 2798 5640 super
2823 5589 2931 5626 eam
2969 5574 3173 5628 imbrem
3199 5573 3346 5646 (Isai.
3371 5591 3425 5642 v,
3443 5576 3519 5641 6).
3551 5577 3789 5648 Denique

2227 5661 2460 5728 Apostoli
2503 5660 3101 5732 relinquentesJudzeos,
3149 5667 3320 5723 ierutt
3353 5669 3418 5729 ad
3465 5666 3668 5726 Gentes
3697 5688 3710 5701 ·
3743 5671 3794 5726 in

2293 5798 2305 5827 ¹
2336 5798 2404 5846 sic
2430 5806 2529 5847 Mss.
2557 5806 2609 5846 At
2632 5797 2759 5858 Edd,
2784 5797 3003 5860 aliquem.
