4020 6198
284 452 301 520 ι

291 594 303 645 i

332 313 427 371 981

329 425 577 481 omnibus
609 424 855 496 gentibus
877 441 1042 481 vocem
1065 426 1306 482 dederunt
1344 432 1530 494 nubes;
1555 432 1888 502 praedicando

329 516 621 581 Christum,
642 531 807 577 uocem
827 516 1067 571 dederunt
1090 506 1260 572 nubes.

400 608 488 661 9.0.
531 605 678 679 [νινε.
715 605 826 680 19.]
871 606 1073 662 Etenim
1109 610 1302 679 sagitta:
1340 619 1441 664 tua?
1481 614 1888 683 pertransierunt.

330 697 559 753 Easdem
606 712 763 753 voces
804 698 1018 754 nubium
1062 714 1245 755 rursus
1280 701 1497 771 sagittas
1537 702 1689 758 dixit.
1717 704 1890 760 Verba

329 788 470 843 enim
502 788 953 859 Evangelistarum
992 791 1196 861 sagitta:
1240 788 1470 846 fuerunt.
1510 793 1891 850 Similitudines

328 880 473 933 enim
513 887 657 934 sunt.
697 878 828 934 Nam
876 882 1089 951 proprie
1114 896 1212 937 nec
1239 883 1426 952 sagitta
1456 892 1538 939 est
1565 884 1761 954 pluvia,
1793 901 1891 941 nec

329 969 504 1038 pluvia
554 971 770 1041 sagitta;
800 980 853 1024 at
904 987 1031 1028 vero
1079 973 1297 1028 verbum
1339 974 1454 1041 Dei,
1480 985 1534 1030 et
1560 979 1748 1046 sagitta
1785 987 1886 1045 est,

326 1065 452 1133 quia
500 1063 746 1133 percutit,
764 1073 817 1119 et
854 1064 1049 1134 pluvia,
1086 1066 1205 1134 quia
1255 1066 1410 1135 rigat.
1430 1066 1607 1123 ‘Nemo
1628 1084 1756 1140 ergo
1778 1070 1887 1139 jam

328 1154 551 1209 miretur
578 1154 886 1227 abyssorum
931 1156 1413 1222 conturbationem,
1449 1159 1659 1228 quando
1694 1162 1890 1231 sagitta:

326 1254 425 1298 tua:
466 1247 874 1315 pertransierunt.
919 1246 1050 1313 Quid
1091 1255 1191 1315 est,
1240 1250 1673 1317 pertransierunt?
1694 1250 1807 1305 Non
1835 1252 1888 1306 in

325 1336 538 1403 auribus
562 1346 953 1403 remanserunt,
984 1337 1077 1393 sed
1125 1336 1286 1395 corda
1330 1337 1723 1394 transfixerunt.
1778 1339 1890 1395 Vox

326 1428 529 1480 tonitrui
568 1429 637 1480 tui
657 1429 708 1481 in
752 1438 879 1481 rota.
908 1428 1044 1496 Quid
1071 1438 1153 1483 est
1178 1429 1316 1483 hoc?
1373 1429 1636 1499 quomodo
1680 1430 1885 1487 intelle-

323 1518 458 1570 cturi
479 1518 695 1572 sumus?
714 1518 935 1587 Adjuvet
958 1518 1228 1573 Dominus.
1250 1517 1361 1573 Vox
1376 1519 1580 1573 tonitrui
1596 1520 1667 1573 tui
1688 1522 1738 1573 in
1752 1532 1882 1577 rota.

323 1607 634 1662 Solebamus
678 1610 828 1680 pueri
865 1610 1143 1679 suspicari,
1182 1624 1302 1665 cum
1331 1610 1630 1666 audiremus
1661 1614 1884 1667 tonitrua

322 1700 387 1755 de
433 1700 590 1765 coelo,
619 1704 766 1768 quasi
796 1701 1036 1757 vehicula
1066 1701 1133 1757 de
1158 1702 1367 1757 stabulo
1393 1704 1718 1772 processisse
1745 1721 1758 1757 :
1787 1703 1883 1758 ha-

321 1791 447 1845 bent
473 1792 611 1846 enim
655 1793 884 1847 tonitrua
912 1793 1190 1863 quamdam
1229 1795 1633 1850 concussiouem
1657 1795 1883 1851 similem

315 1882 591 1936 vehiculis.
622 1883 885 1954 Numquid
905 1884 971 1939 ad
1011 1885 1108 1939 ista
1157 1885 1374 1955 puerilia
1413 1886 1633 1942 redituri
1677 1903 1879 1956 sumus,

316 1982 374 2026 ut
405 1973 777 2043 intelligamus,
819 1973 928 2029 Vox
945 1976 1158 2029 tonitrui
1197 1976 1270 2029 tui
1294 1977 1344 2029 in
1371 1985 1510 2041 rota;
1534 1978 1683 2047 quasi
1708 1978 1882 2049 aliqua

316 2061 553 2117 vehicula
600 2062 792 2119 habeat
833 2065 971 2119 Deus
1001 2065 1054 2120 in
1094 2066 1340 2132 nubibus,
1372 2077 1425 2120 et
1456 2068 1703 2123 transitus
1731 2068 1879 2123 vehi-

314 2154 550 2208 culorum
578 2154 725 2210 illum
753 2156 1031 2226 strepitum
1072 2156 1333 2211 concitet?
1380 2157 1552 2213 Absit.
1595 2159 1707 2214 Hoc
1752 2177 1881 2232 pue-

312 2244 411 2299 rile
435 2253 537 2311 est,
568 2260 778 2313 vanum,
810 2248 1161 2317 nugatorium.
1188 2247 1323 2315 Quid
1345 2256 1427 2303 est
1449 2264 1595 2318 ergo,
1624 2249 1733 2305 Vox
1753 2254 1882 2308 tani—

312 2335 413 2388 trui
439 2337 511 2388 tui
539 2337 589 2389 in
617 2338 762 2391 rota?
785 2337 1023 2392 Volvitur
1047 2354 1147 2392 vox
1179 2338 1481 2409 tua.Neque
1502 2340 1603 2395 hoc
1624 2342 1877 2413 intelligo.

311 2425 446 2491 Quid
473 2426 756 2484 faciemus?
787 2428 1177 2500 Interrogamus
1205 2430 1375 2499 ipsum
1404 2431 1634 2501 ldithun,
1654 2449 1722 2488 ne
1746 2434 1880 2491 forte

314 2518 427 2586 ipse
462 2528 691 2588 exponat
734 2520 873 2590 quod
906 2522 1039 2576 dixit
1068 2539 1082 2573 :
1118 2520 1248 2587 Vox,
1280 2522 1467 2592 inquit,
1486 2525 1692 2578 tonitrui
1716 2527 1789 2580 tui
1826 2528 1880 2581 in

312 2620 441 2664 rota.
472 2609 586 2665 Non
622 2611 857 2682 intelligo
887 2631 901 2667 :
927 2611 1136 2667 audiam
1169 2612 1293 2683 quid
1321 2614 1491 2669 dicis:
1521 2615 1879 2687 Apparuerunt

312 2703 515 2774 fulgura
541 2712 626 2755 tua
648 2703 755 2757 orbi
774 2713 1037 2757 terrarum.
1058 2704 1149 2758 Dic
1166 2720 1294 2776 ergo
1321 2722 1335 2758 :
1365 2720 1470 2759 non
1492 2706 1871 2762 intellexeram.

312 2795 468 2849 Orbis
496 2804 751 2849 terrarum
794 2806 874 2850 est
899 2805 1016 2850 rota
1050 2815 1063 2850 :
1093 2811 1212 2849 nam
1256 2797 1505 2863 circuitus
1548 2799 1692 2854 orbis
1712 2809 1878 2855 terra-

310 2900 460 2951 rum,
507 2885 696 2939 merito
755 2894 809 2940 et
851 2887 995 2941 orbis
1041 2885 1265 2951 dicitur;
1316 2887 1455 2942 unde
1494 2889 1670 2945 brevis
1717 2891 1873 2946 etiam

314 2976 516 3039 rotella,
535 2976 804 3031 orbiculus
822 2977 837 3007 ¹
866 2976 1180 3047 appellatur.
1207 2975 1317 3032 Vox
1335 2979 1542 3032 tonitrui
1557 2980 1631 3032 tui
1652 2980 1705 3035 in
1727 2990 1871 3036 rota:

310 3076 652 3134 apparuerunt
678 3066 881 3137 fulgura
923 3076 1010 3119 tua
1050 3066 1156 3120 orbi
1196 3076 1459 3123 terrarum.
1488 3069 1665 3126 Nubes
1692 3071 1795 3127 ίιιω
1819 3074 1873 3130 in

309 3164 424 3207 rota
455 3156 831 3209 circumierunt
862 3155 1045 3210 orbem
1074 3164 1366 3224 terrarum;
1394 3160 1770 3217 circumierunt
1795 3173 1873 3217 to—

310 3245 485 3299 nando
520 3254 572 3299 et
611 3246 959 3309 coruscando,
991 3247 1238 3317 abyssum
1290 3263 1711 3319 commoverunt,
1740 3270 1874 3324 pra:-

308 3336 475 3403 ceptis
496 3344 803 3399 tenuerunt,
824 3336 1090 3390 miraculis
1109 3349 1518 3394 coruscaverunt
1543 3360 1554 3393 :
1586 3342 1638 3396 in
1659 3358 1869 3400 omnem

306 3428 446 3480 enim
497 3434 689 3480 terram
737 3427 864 3481 exiit
907 3440 1068 3482 Sonus
1118 3442 1321 3495 eorum,
1362 3438 1416 3484 et.
1460 3431 1512 3484 in
1552 3432 1683 3488 lines
1726 3435 1869 3490 orbis

306 3524 459 3569 terra:
501 3516 658 3571 verba
707 3532 890 3571 eorum
919 3514 1089 3586 (Psal.
1118 3534 1269 3584 xvut,
1299 3518 1376 3588 5).
1407 3519 1664 3576 Commota
1701 3536 1790 3584 est.
1824 3536 1870 3580 et

304 3609 717 3661 contremebunda
744 3609 879 3675 facta
908 3618 979 3661 est
1018 3619 1149 3661 terra
1177 3625 1196 3661 :
1224 3610 1275 3663 id
1301 3620 1402 3675 est,
1435 3625 1620 3667 omnes
1648 3616 1736 3682 qui
1775 3614 1868 3668 ha-

304 3700 470 3751 bitant
497 3698 549 3750 in
579 3706 738 3751 terra.
782 3697 882 3751 Per
901 3697 1297 3752 similitudinem
1346 3709 1524 3753 autem
1570 3700 1680 3769 ipsa
1727 3710 1866 3757 terra

216 3826 223 3834 η
303 3801 403 3843 est.
425 3788 631 3854 Quare?
657 3788 787 3852 Quia
816 3797 1002 3857 gentes
1027 3801 1212 3841 omnes
1241 3789 1401 3841 maris
1427 3790 1640 3844 nomine
1666 3808 1867 3847 nuncu-

302 3890 512 3950 pantur,
544 3879 683 3950 quod
713 3880 811 3933 vita
861 3879 1086 3932 humana
1120 3893 1295 3932 amara
1322 3888 1424 3945 est,
1451 3891 1505 3935 et
1534 3885 1778 3951 procellis
1804 3902 1867 3940 ac

303 3970 706 4039 tempestatibus
744 3968 970 4024 subdita.
1000 3968 1115 4023 Jam
1162 3968 1292 4024 illud
1332 3970 1373 4023 si
1419 3972 1678 4038 attendas,
1725 3976 1863 4044 quod

303 4065 543 4118 homines
594 4077 651 4117 se
695 4071 942 4131 tauquam
990 4061 1162 4130 pisces
1205 4061 1479 4127 devorant,
1530 4079 1649 4117 cum
1698 4067 1866 4133 major

302 4157 556 4208 minorem
584 4152 867 4207 absorbet:
894 4162 974 4206 est
1001 4166 1126 4221 ergo
1155 4150 1256 4206 hoc
1301 4154 1509 4218 marc’;
1539 4154 1662 4209 illuc
1688 4156 1829 4209 Evan
1853 4188 1862 4199 ι

296 4245 496 4314 ευιίειω
525 4244 713 4297 ierunt.
974 4238 979 4243 ’

368 4336 456 4389 9.1.
478 4334 623 4407 [vers.
641 4332 755 4406 20.]
778 4332 843 4386 In
870 4334 997 4386 mari
1023 4341 1093 4386 est
1114 4334 1191 4385 via
1213 4343 1318 4386 tua.
1340 4333 1651 4388 Iamdudum
1671 4338 1864 4392 inSan~

296 4440 375 4482 cto
397 4429 475 4481 via
496 4438 599 4491 tua,
620 4426 777 4480 modo
802 4426 854 4477 in
878 4426 1008 4477 mari
1026 4435 1097 4478 est
1124 4425 1202 4478 via
1231 4426 1469 4496 tua,quia
1501 4428 1612 4494 ipse
1636 4428 1861 4485 Sanctus

297 4522 350 4574 in
377 4520 529 4586 mari,
564 4526 616 4574 et
638 4518 825 4572 merito
845 4518 1001 4572 etiam
1029 4531 1187 4586 super
1207 4532 1371 4586 aquas
1389 4519 1549 4572 maris
1571 4520 1857 4578 ambulavit

297 4607 718 4681 (Matt/munis
755 4607 792 4676 ).
814 4606 879 4659 In
900 4608 1025 4659 mari
1050 4616 1119 4660 est
1142 4607 1219 4660 uia
1246 4616 1333 4659 tua
1361 4624 1379 4660 :
1401 4609 1451 4661 id
1487 4618 1568 4663 est
1602 4610 1654 4664 in
1680 4610 1861 4668 Genti-

296 4702 393 4754 bus
430 4696 742 4768 praadicatur
778 4697 1020 4751 Christus
1058 4705 1196 4750 tuus.
1223 4697 1278 4750 In
1305 4698 1410 4751 alio
1436 4700 1628 4768 quippe
1657 4703 1859 4769 psalmo

294 4793 364 4844 ita
386 4790 575 4845 dicitur
599 4808 612 4843 :
637 4788 774 4841 Deus
795 4788 1086 4841 misereatur
1106 4788 1282 4853 nostri,
1304 4797 1347 4840 et
1371 4789 1624 4842 benedicat
1639 4808 1728 4845 nos
1740 4809 1761 4856 ;
1795 4794 1859 4847 ξι-

293 4881 499 4933 luminet
519 4881 709 4934 vultum
739 4895 883 4931 suum
910 4894 1058 4948 super
1079 4895 1188 4943 nos,
1208 4889 1261 4931 ut
1279 4896 1633 4949 cognoscamus
1648 4882 1699 4934 in
1725 4891 1859 4939 terra

288 4976 422 5027 viam
458 4980 613 5024 tuam.
650 4969 749 5025 Ubi
774 4970 825 5022 in
865 4968 1033 5021 terra?
1054 4967 1119 5022 In
1139 4971 1364 5023 omnibus
1387 4972 1610 5041 gentibus
1639 4973 1858 5029 salutare

288 5078 431 5126 tuum
460 5063 627 5141 (Psal.
649 5062 859 5128 vai,‘2,
884 5059 939 5132 5)
960 5079 973 5114 :
998 5060 1097 5115 hoc
1118 5070 1216 5127 est,
1237 5061 1301 5115 In
1323 5063 1449 5115 mari
1478 5072 1548 5116 est
1568 5063 1646 5115 via
1662 5073 1766 5116 tua.
1789 5064 1855 5118 Et

286 5164 476 5219 semita:
494 5171 591 5215 tua:
622 5161 676 5214 in
696 5156 839 5231 aquis
874 5156 1042 5209 multis
1066 5171 1085 5207 ἰ
1107 5154 1207 5209 hoc
1234 5163 1333 5217 est.
1355 5155 1403 5208 in
1432 5160 1636 5227 populis
1654 5162 1850 5216 multis.

288 5258 353 5309 Et
390 5256 594 5325 vestigia
622 5263 709 5308 tua
746 5270 847 5307 non
891 5245 1465 5324 cognoscettlur.NCSCi0
1492 5264 1623 5318 quos
1662 5252 1848 5320 tetigit.

230 5396 235 5399 .
282 5360 337 5404 et
357 5349 547 5403 mirum
566 5349 663 5403 nisi
684 5355 739 5403 et
763 5348 905 5417 ipsos
919 5345 1148 5401 Judreos.
1172 5344 1424 5414 Eccejam
1446 5341 1522 5402 sic
1543 5344 1809 5417 propalata
1830 5344 1848 5375 ³

283 5453 367 5500 est
398 5440 652 5499 Gentibus
678 5439 1039 5497 misericordia
1064 5439 1277 5505 Christi,
1310 5450 1365 5494 ut
1404 5441 1455 5494 in
1494 5442 1622 5495 mari
1664 5442 1732 5496 sit
1769 5442 1848 5496 via

346 5578 361 5607 ¹
387 5581 515 5631 Mss,
539 5572 751 5624 orbieula
771 5573 825 5624 id
847 5579 917 5623 est
938 5570 1176 5621 orbiculus
1198 5571 1495 5634 appellatur..

348 5639 369 5668 ³
390 5639 464 5686 sic
483 5636 665 5699 aliquot
685 5643 792 5699 uss.
816 5635 1007 5694 Quidam
1032 5647 1148 5699 vero
1179 5646 1190 5680 :
1229 5632 1333 5682 lia'c
1354 5641 1422 5684 est
1450 5648 1561 5699 ergo
1584 5641 1732 5697 terra,
1757 5634 1843 5686 hoc

286 5712 438 5749 mare.
466 5706 519 5747 Al.
694 5697 781 5746 hoc
803 5702 872 5746 est
892 5708 1009 5759 ergo
1026 5695 1111 5743 hoc
1134 5708 1283 5744 mare.

350 5760 370 5793 ³
391 5760 463 5809 sic
477 5766 582 5810 Mss.
610 5759 717 5809 Edd.
746 5771 880 5817 vero,
907 5756 1105 5819 prolata.

1359 316 1753 374 ENARRATIO
1791 318 1854 373 IN
1896 317 2210 380 PSALMUM
2248 327 2503 385 LXXVII.

3457 357 3560 413 989.

2004 443 2107 502 tua,
2130 448 2176 492 et
2197 442 2382 496 semita:
2399 453 2497 499 tua:
2524 446 2574 499 in
2590 449 2731 518 aquis
2747 453 2942 519 multis;
2963 466 3007 509 et
3033 460 3234 530 vestigia
3255 474 3337 519 tua
3358 486 3455 524 non
3477 490 3561 528 co-

1996 538 2310 595 gnoscentur.
2340 531 2507 599 Unde,
2537 551 2566 589 a
2593 539 2779 607 quibus
2808 559 2911 598 non
2937 559 3339 623 cognoscentur,
3370 562 3468 615 nisi
3491 565 3559 619 ab

1996 614 2078 670 his
2102 619 2189 688 qui
2211 620 2382 676 adhuc
2407 624 2585 682 dicunt
2616 648 2631 701 ;
2658 630 2897 689 Nondum
2925 614 3063 694 venit
3084 614 3362 702 Christus?
3385 614 3557 719 Qua-re

1995 705 2172 762 dicunt
2204 728 2217 764 :
2244 711 2481 769 Nondum
2503 720 2939 807 venitChristus?
2964 730 3095 795 Quia
3122 736 3353 791 nondum

1994 808 2147 853 scunt
2169 814 2329 872 super
2357 820 2507 863 mare
2535 800 2907 870 ambulantem.

2062 889 2151 945 23.
2184 890 2332 965 [vers.
2362 896 2476 971 21
2506 899 2771 959 Deduxiin
2805 910 2932 963 sicut
2970 929 3079 968 oves
3106 916 3295 986 plebem
3329 932 3484 989 tuam,
3509 930 3563 983 in

1993 994 2146 1086 manu
2191 982 2363 1086 Moysi
2377 997 2423 1040 et
2436 989 2634 1046 'Aaron.
2664 994 2837 1062 Quare
2876 1001 2974 1057 hoc
3002 982 3282 1075 addiderit,
3314 982 3560 1086 indagare

1992 1069 2310 1140 aliquantum
2332 1075 2547 1135 difficile
2573 1093 2672 1137 est.
2705 1086 2970 1156 Adjuvate
2994 1110 3119 1166 ergo
3146 1114 3242 1154 nos
3268 1069 3560 1165 intentione

1992 1169 2185 1228 vestra,
2213 1166 2331 1233 quia
2362 1180 2480 1230 post
2504 1171 2645 1241 ipsos
2675 1174 2806 1233 duos
2833 1196 3019 1239 versus
3048 1186 3167 1242 linis
3196 1192 3313 1259 erit,
3345 1204 3396 1249 et
3422 1197 3557 1251 Psal-

1992 1250 2082 1313 mi,
2113 1260 2165 1305 et
2189 1260 2479 1319 sermonis;
2514 1277 2579 1316 ne
2623 1262 2754 1320 forte
2783 1283 2899 1323 cum
2930 1272 3124 1344 aliquid
3159 1290 3360 1339 restare
3400 1287 3545 1341 arbi-

1993 1343 2221 1406 tramini,
2254 1346 2440 1403 timore
2468 1350 2659 1436 laboris
2689 1357 2861 1413 minus
2890 1362 2955 1415 ad
2984 1343 3215 1433 przesens
3243 1374 3545 1432 attendatis.

1990 1428 2120 1484 Cum
2148 1433 2386 1503 dixisset,
2415 1439 2480 1494 In
2506 1428 2725 1500 moriest
2755 1450 2831 1502 via
2877 1461 2980 1519 tua,
3005 1458 3145 1526 quod
3188 1461 3547 1536 intelligimus,

1990 1517 2041 1573 in
2071 1525 2349 1591 gentibus;
2373 1539 2418 1582 et
2437 1534 2625 1588 semita:
2645 1545 2744 1591 tua:
2758 1541 2807 1592 in
2829 1517 3171 1617 aquisrniultis,
3195 1554 3331 1621 quod
3357 1517 3551 1612 iantelli:

1987 1613 2177 1682 gimus,
2199 1619 2247 1671 in
2270 1623 2472 1690 populis
2492 1628 2687 1693 multis,
2708 1631 2952 1701 adjunin
2975 1654 2987 1689 :
3016 1639 3080 1693 Et
3100 1613 3301 1714 vestigia
3329 1657 3413 1700 tua
3454 1667 3551 1705 non

1987 1722 2333 1778 agnoscentur.
2354 1715 2418 1768 Et
2438 1722 2803 1787 qumrebainus
2817 1742 2843 1777 a
2859 1728 3045 1795 quibus
3080 1748 3184 1787 non
3206 1751 3551 1805 agnosceren-

1990 1806 2098 1864 tur;
2124 1808 2175 1854 et
2211 1804 2434 1874 subjecit
2464 1812 2734 1877 continuo,
2771 1814 3035 1873 Deduxisti
3064 1824 3189 1877 sicut
3218 1804 3331 1882 oves
3360 1818 3547 1899 plebem

1988 1900 2142 1958 tuam,
2160 1894 2213 1947 in
2255 1912 2407 1951 manu
2422 1898 2591 1971 Moysi
2615 1914 2660 1956 et
2681 1906 2847 1961 Aaron
2868 1910 2951 1963 :id
2971 1915 3151 1979 est,ab
3179 1916 3273 1971 ista
3300 1894 3449 1989 plebe
3466 1932 3549 1976 tua

1986 1995 2102 2050 qua:
2122 1982 2343 2040 deducta
2364 1998 2447 2043 est
2466 1990 2517 2044 in
2548 2002 2714 2048 ’manu
2737 1995 2897 2067 Moysi
2919 2003 3181 2072 etAaron,
3214 1982 3426 2080 vestigia
3464 2022 3547 2066 tua

1989 2085 2094 2125 non
2116 2086 2518 2141 cognoscentur.
2537 2080 2709 2147 Quare
2730 2099 2854 2155 ergo
2878 2090 3100 2157 positum
3135 2105 3234 2161 est,
3253 2098 3350 2152 nisi
3379 2101 3548 2155 incre-

1985 2162 2142 2230 pandi
2162 2172 2215 2218 et
2248 2162 2601 2236 exprobrandi
2626 2189 2802 2241 causa,
2820 2176 2884 2232 In
2910 2183 3036 2235 mari
3061 2194 3133 2237 est
3155 2187 3233 2239 via
3253 2198 3336 2241 tua
3352 2191 3378 2245 ?
3399 2191 3547 2248 Unde

1984 2251 2037 2304 in
2056 2255 2185 2307 mari
2206 2265 2277 2309 est
2305 2259 2383 2310 via
2405 2269 2511 2325 tua,
2535 2263 2633 2317 nisi
2672 2268 2794 2332 quia
2822 2271 3042 2327 exclusa
3077 2288 3158 2330 est
3182 2294 3212 2332 a
3244 2290 3379 2335 terra
3424 2287 3546 2338 tua?

1983 2340 2311 2410 Expulerunt
2336 2345 2623 2419 Christum,
2655 2356 2935 2413 noluerunt
2968 2376 3085 2417 esse
3114 2381 3263 2421 suum
3310 2371 3547 2426 Salvato-

1983 2447 2093 2488 rem
2138 2438 2260 2503 agri
2293 2455 2305 2487 :
2335 2438 2421 2494 ille
2461 2452 2639 2498 autem
2681 2448 2841 2516 erepit
2878 2465 2998 2506 esse
3024 2453 3075 2505 in
3102 2454 3378 2525 Gentibus,
3400 2474 3451 2515 et
3494 2464 3543 2517 in

1983 2527 2227 2583 omnibus
2271 2532 2535 2599 gentibus,
2580 2536 2632 2589 in
2675 2540 2856 2595 multis
2900 2545 3125 2613 populis.
3175 2546 3344 2604 Salvae
3390 2553 3537 2608 facta:

1981 2626 2106 2672 sunt
2131 2621 2287 2674 etiam
2317 2623 2552 2695 reliquiae
2581 2630 2754 2699 populi
2787 2633 2945 2688 illius.
2986 2636 3257 2695 Remansit
3296 2642 3418 2699 foris
3464 2647 3541 2700 in-

1980 2718 2127 2776 grata
2157 2711 2460 2781 multitudo,
2491 2725 2543 2771 et
2568 2720 2870 2778 claudicans
2893 2724 3057 2780 Jacob
3083 2728 3300 2786 femoris
3326 2735 3543 2791 latitudo

1980 2797 2131 2869 (Gen.
2164 2818 2327 2871 xxx",
2358 2805 2447 2878 51)
2500 2808 2741 2867 Latitudo
2782 2816 2921 2869 enim
2949 2818 3162 2875 femoris
3199 2823 3537 2896 intelligitur'

1976 2889 2033 2944 in
2056 2892 2385 2951 multitudine
2412 2900 2641 2970 generis,
2660 2912 2713 2957 et
2731 2902 2860 2959 facta
2889 2918 2969 2962 est
2994 2909 3045 2963 in
3074 2911 3256 2980 majori
3298 2889 3441 2984 parte
3471 2918 3542 2972 ls-

1977 2982 2281 3042 raelitarttm
2305 2988 2451 3042 turba
2477 2991 2716 3059 quaedam
2742 3010 2873 3051 vana
2900 3006 2955 3052 et
2984 2998 3256 3070 insipiens,
3279 2982 3395 3074 qua:
3434 3022 3538 3062 non

1977 3085 2286 3141 agnosceret
2325 3080 2539 3150 vestigia
2568 3080 2759 3141 Christi
2804 3087 2857 3141 in
2881 3090 3066 3158 aquis.
3116 3090 3383 3149 Deduxisti
3415 3100 3541 3153 sicut

1976 3181 2090 3220 oves
2114 3169 2303 3237 plebem
2348 3181 2504 3238 tuam,
2531 3184 2584 3230 et
2610 3191 2713 3230 non
2743 3187 2793 3233 te
2817 3193 3197 3250 cognoverunt.
3227 3186 3393 3243 Tanta
3417 3205 3536 3246 cum

1976 3256 2076 3312 illis
2103 3260 2235 3315 bona
2266 3262 2463 3318 fecisti!
2496 3282 2643 3322 mare
2666 3268 2910 3337 divisisti,
2944 3273 3083 3329 inter
3107 3292 3271 3347 aquas
3316 3296 3410 3349 per
3436 3284 3540 3337 ari-

1973 3348 2092 3403 dam
2123 3353 2390 3422 trajecisti,
2424 3370 2799 3428 persequentes
2828 3363 3067 3420 inimicos
3108 3348 3356 3425 fluctibus
3386 3362 3535 3443 'ope-

1973 3441 2141 3507 ruisti,
2175 3444 2224 3496 in
2268 3443 2477 3499 deserto
2520 3451 2795 3517 egentibus
2824 3466 3014 3509 manna
3044 3457 3238 3525 pluisti,
3267 3441 3534 3517 deducens

1972 3544 2064 3583 eos
2092 3546 2144 3582 in
2174 3549 2324 3585 manu
2369 3534 2535 3604 Moysi
2574 3548 2619 3589 et
2660 3540 2868 3603 Aaron;
2893 3552 2946 3595 et
2983 3546 3294 3612 expulerunt
3319 3558 3369 3604 te
3394 3566 3422 3603 a
3450 3565 3530 3617 sc,

1972 3628 2029 3670 ut
2068 3620 2117 3671 iu
2162 3622 2291 3676 mari
2337 3633 2481 3678 esset
2522 3626 2601 3679 via
2628 3635 2737 3694 tua,
2763 3640 2817 3683 et
2844 3632 3061 3702 vestigia
3087 3644 3173 3689 tua
3199 3652 3301 3692 non
3334 3656 3529 3710 cogno-

1970 3720 2199 3764 SCBI‘CDL

1972 3863 3515 3903 ~\_

2321 3960 2400 4022 IN
2440 3964 2815 4029 PSALMUM
2857 3970 3156 4036 LXXVII

2472 4086 2863 4147 ENARRATIO
2893 4094 2994 4165 (a).

2040 4217 2089 4269 1.
2122 4215 2268 4289 [vers.
2302 4218 2376 4292 1.]
2406 4222 2639 4278 Psalmus
2672 4227 2768 4281 istc
2798 4209 2859 4283 ea
2881 4231 3114 4286 continet
3141 4250 3256 4302 qu:e
3286 4237 3334 4289 in
3364 4238 3527 4291 veteri

1968 4307 2160 4375 populo
2195 4318 2309 4362 acta
2341 4322 2616 4367 narrantur
2649 4334 2662 4367 :
2694 4320 2955 4373 recentior
2988 4334 3163 4376 autem
3190 4335 3242 4378 et
3270 4329 3529 4393 posterior
3580 4352 3583 4355 λ

1968 4398 2190 4465 populus
2210 4400 2519 4457 admouetur
2540 4414 2596 4458 ut
2617 4418 2799 4462 caveat
2824 4425 2890 4464 nc
2914 4413 2982 4465 sit
3006 4413 3237 4482 ingratus
3260 4416 3528 4474 beneficiis

1971 4489 2097 4556 Dei,
2128 4491 2343 4561 ejusque
2383 4494 2433 4547 in
2479 4510 2536 4550 se
2571 4510 2821 4568 provocet
2865 4502 3183 4559 iracundiam
3223 4508 3372 4576 cujus
3398 4509 3525 4564 obe-

1965 4579 2169 4636 dienter
2194 4591 2246 4637 et
2272 4584 2493 4639 fideliter
2512 4586 2668 4643 debet
2693 4593 2963 4662 suscipere
2985 4597 3206 4665 gratiam
3232 4616 3244 4650 :
3273 4597 3354 4663 Ne
3376 4601 3522 4667 ﬁant,

1965 4674 2151 4744 inquit,
2178 4677 2307 4729 sicut
2332 4688 2496 4747 patres
2517 4696 2685 4734 eorum
2703 4687 2955 4753 generatio
2974 4703 3128 4757 prava
3151 4698 3197 4742 et
3221 4692 3524 4758 amaricans;

1962 4766 2211 4835 generatio
2250 4783 2360 4834 qua:
2390 4784 2475 4822 cor
2500 4787 2599 4824 non
2622 4771 2799 4826 direxit
2827 4791 2992 4843 suum,
3022 4787 3068 4830 et
3093 4795 3191 4833 non
3214 4790 3284 4834 est
3311 4783 3523 4837 creditus

1962 4872 2073 4908 cum
2101 4855 2209 4910 Deo
2235 4857 2441 4927 spiritus
2468 4862 2594 4930 ejus.
2623 4862 2748 4918 Haec
2772 4865 3029 4937 estigitur
3049 4870 3232 4937 psalmi
3263 4872 3418 4940 hujus
3442 4873 3522 4927 iu-

1962 4946 2159 5010 tentio,
2188 4945 2303 5002 haec
2326 4948 2551 5017 utilitas,
2584 4951 2669 5006 hic
2696 4952 2988 5010 uberrimus
3025 4958 3242 5015 fructus.
3274 4960 3376 5016 Sed
3401 4978 3521 5017 cum

1959 5036 2133 5091 omnia
2161 5036 2438 5093 videantur
2470 5043 2744 5112 perspicua
2782 5055 2834 5098 et
2870 5057 3050 5116 aperta
3079 5050 3183 5105 dici
3209 5062 3367 5122 atque
3394 5071 3517 5109 nar-

1959 5127 2083 5193 rari,
2118 5127 2358 5196 primitus
2383 5142 2560 5184 movet
2594 5141 2748 5201 atque
2778 5135 3004 5191 intentos
3028 5136 3152 5194 facit
3179 5142 3357 5196 titulus
3381 5144 3514 5212 ejus.

1957 5218 2136 5288 Neque
2161 5220 2301 5275 enim
2327 5221 2516 5276 frustra
2548 5223 2867 5294 inscribitur,
2891 5226 3176 5287 Intellectus
3201 5234 3406 5304 Asap/t;
3432 5218 3515 5288 ni-

1957 5311 1999 5362 si
2025 5311 2143 5379 quia
2175 5310 2397 5368 fortasse
2426 5330 2529 5367 non
2558 5318 2695 5384 quod
2725 5320 3031 5388 superficies
3056 5335 3226 5388 sonat,
3255 5325 3347 5379 sed
3377 5328 3513 5380 inle-

1954 5402 2065 5461 rius
2114 5404 2311 5476 aliquid
2365 5405 2738 5477 intelligentem
2787 5425 3028 5480 qumrunt
3088 5416 3185 5468 ista
3238 5416 3507 5470 lectorem.

1956 5497 2155 5553 Deinde
2192 5508 2498 5556 narraturus
2523 5508 2576 5556 et
2612 5515 3117 5562 commemoraturus
3150 5507 3263 5563 haec
3297 5510 3471 5564 omnia
3492 5551 3507 5576 ,

2015 5698 2030 5729 ι
2058 5695 2188 5763 φάψ,
2206 5696 2482 5761 intelligitur
2498 5698 2573 5763 ria
2596 5701 2663 5760 in,
2684 5711 2778 5753 etc.
2804 5704 2965 5762 Abest,
2990 5703 3083 5763 via,
3107 5714 3133 5748 a
3161 5712 3263 5755 uss.

2014 5758 2083 5822 (α)
2100 5760 2272 5808 Dictata
2288 5758 2409 5811 auito
2420 5762 2583 5813 Christi
2598 5758 2707 5826 itii,
2720 5778 2781 5816 ex
2800 5768 2939 5827 epist.
2955 5758 3060 5827 169,
3074 5758 3128 5816 ad
3142 5768 3379 5831 ttvodium,
3393 5783 3436 5819 n.
3461 5770 3502 5819 1.
