4020 6198
554 419 658 477 985

553 552 670 608 quae
710 530 952 587 videntur
993 525 1234 582 auditore
1256 536 1413 594 quam
1438 518 1738 590 cxpositorc
1775 517 1945 587 petius
1973 515 2111 570 iudi-

550 642 693 697 gere,
721 621 956 692 Aperiunt
977 659 994 687 ,
1029 617 1215 688 inquit,
1242 616 1296 669 in
1322 611 1573 684 parabolis
1596 626 1652 665 os
1686 625 1849 663 meum
1866 650 1881 675 ,
1911 609 2113 671 eloquar

550 714 907 786 propositiones
934 711 995 765 ab
1021 709 1183 764 initio.
1214 706 1343 775 Quis
1369 719 1471 759 non
1501 703 1586 757 hic
1612 702 1678 757 de
1702 715 1890 756 somno
1914 700 2110 754 excite-

548 806 665 861 tur?
689 804 817 872 Quis
838 802 1030 858 audeat
1050 799 1194 856 velut
1219 796 1524 853 manifestas
1550 792 1773 864 legendo
1799 803 2111 862 percurrere

547 893 823 965 parabolas
848 901 902 948 et
923 889 1331 962 propositiones,
1361 900 1479 956 quae
1506 882 1806 938 nominibus
1842 881 1951 936 suis
1976 879 2110 934 indi-

543 996 666 1041 cant
688 986 844 1040 altius
876 999 935 1038 se
963 984 1284 1053 perscrutari
1316 975 1606 1048 oportere?
1634 974 1889 1030 Parabola
1914 972 2109 1041 quippe

543 1075 764 1145 alicujus
792 1074 870 1129 rei
895 1070 1290 1130 similitudinem
1325 1082 1432 1138 pra:
1458 1080 1517 1121 se
1540 1064 1706 1134 gerit;
1736 1062 1879 1134 quod
1900 1062 2023 1117 licet
2041 1061 2110 1115 sit

496 1198 499 1203 ‹
542 1165 852 1221 vocabulum
876 1177 1128 1234 graacum,
1153 1160 1263 1230 jam
1292 1167 1468 1213 tamen
1498 1171 1591 1225 pro
1616 1155 1777 1209 latino
1802 1162 2103 1223 usurpatur.

545 1260 614 1314 Et
638 1267 818 1313 notum
848 1265 928 1311 est
954 1253 1095 1324 quod
1126 1253 1179 1306 in
1206 1249 1486 1319 parabolis,
1513 1262 1629 1316 qua:
1657 1245 1900 1301 dicuntur
1929 1259 2104 1300 rerum

541 1348 909 1405 similitudines
947 1345 1104 1401 rebus
1154 1341 1222 1397 de
1266 1339 1454 1411 quibus
1499 1337 1668 1407 agitur
1712 1345 2100 1405 comparantur.

543 1439 935 1510 l’ropositiones
963 1442 1138 1489 autem
1174 1446 1292 1503 quae
1319 1442 1492 1501 grtece
1520 1425 1867 1497 appellantur
1896 1433 2101 1493 προϐλή-

540 1554 693 1598 ματα,
724 1527 1043 1601 quaestiones
1070 1532 1213 1590 sunt,
1238 1521 1489 1577 habentes
1515 1517 1711 1587 aliquid
1750 1515 1890 1586 quod
1924 1515 2104 1585 dispu-

538 1624 735 1679 tatione
753 1619 1059 1678 solvendum
1076 1616 1164 1672 sit.
1192 1614 1320 1682 Quis
1346 1627 1472 1682 ergo
1490 1609 1766 1681 parabolas
1787 1617 1841 1664 et
1857 1608 2099 1680 proposi-

535 1720 707 1773 tiones
778 1709 1078 1769 transitorie
1098 1706 1270 1778 legat?
1293 1705 1414 1776 quis
1435 1719 1538 1760 non
1560 1702 1642 1758 his
1664 1701 1853 1756 auditis
1875 1701 2097 1770 vigilan-

536 1810 605 1861 tia
638 1804 833 1861 mentis
864 1799 1119 1862 intendat,
1142 1805 1200 1853 ut
1217 1796 1285 1851 ad
1305 1809 1486 1851 earum
1506 1793 1730 1848 fructum
1760 1790 2098 1861 intelligendo

535 1898 803 1967 perveniat
820 1897 844 1951 ?

599 1992 654 2045 2.
703 1990 987 2050 Attendite,
1032 1985 1228 2055 inquit,
1269 1982 1484 2053 populus
1509 1996 1666 2045 meus,
1711 1980 1866 2051 legem
1910 1994 2091 2032 meum.

530 2088 697 2149 Quem
725 2079 811 2136 hic
836 2077 1115 2134 credamus
1153 2073 1296 2143 loqui
1321 2072 1421 2126 nisi
1450 2070 1659 2125 Deum?
1695 2070 1814 2139 Ipse
1840 2068 1981 2124 enim
2018 2068 2095 2121 le-

526 2188 647 2243 gem
676 2172 820 2227 dedit
862 2169 1056 2240 populo
1092 2179 1222 2228 suo,
1250 2178 1408 2235 quem
1444 2163 1725 2218 liberatum
1767 2176 1836 2215 ex
1865 2159 2093 2231 Aegypto

527 2264 883 2336 congregavit,
905 2275 1023 2332 qua:
1045 2257 1382 2329 congregatio
1418 2255 1631 2324 proprie
1655 2253 1929 2323 Synagoga
1958 2267 2091 2306 nuu-

525 2365 767 2427 cupatur,
795 2354 937 2424 quod
978 2352 1351 2421 interpretatur
1394 2347 1591 2413 Asapli.
1641 2344 1825 2401 Utrum
1854 2360 1979 2415 ergo
2018 2344 2088 2398 ita

524 2448 720 2502 dictum
745 2453 849 2510 est,
878 2442 1167 2497 Intellectus
1194 2438 1385 2509 Asaph,
1416 2436 1556 2508 quod
1586 2437 1698 2505 ipse
1726 2435 1902 2505 Asapli
1929 2435 2087 2489 intel-

524 2538 742 2603 lexerit;
771 2550 837 2589 an
859 2537 1077 2605 figurato
1102 2528 1520 2599 intelligendum,
1543 2527 1681 2596 quod
1710 2526 1893 2582 eadem
1918 2526 2089 2597 Syna-

520 2645 673 2700 goga,
703 2628 802 2683 hoc
829 2637 910 2682 est
928 2668 943 2690 ,
984 2624 1122 2680 idem
1148 2622 1371 2693 populus
1395 2620 1733 2686 intellexerit,
1759 2620 1842 2674 cui
1872 2618 2082 2684 dicitur,

520 2719 789 2785 Attendite,
833 2716 1050 2788 populus
1075 2731 1233 2778 meus,
1274 2715 1430 2784 legem
1453 2712 1655 2766 meam?
1691 2711 1825 2778 Quid
1854 2721 1933 2765 est
1958 2726 2086 2781 ergo

516 2813 657 2885 quod
692 2811 934 2868 eumdem
972 2807 1220 2881 populum
1253 2818 1345 2877 per
1372 2804 1677 2876 prophetam
1718 2806 1973 2874 increpat,
2000 2805 2083 2859 di-

516 2924 645 2962 cens
673 2923 687 2960 :
728 2905 892 2961 Israel
923 2914 1087 2959 autem
1119 2920 1198 2957 me
1228 2919 1329 2957 non
1361 2901 1582 2972 agnouit,
1621 2909 1667 2953 et
1692 2900 1908 2969 populus
1945 2915 2083 2954 meus

516 3016 617 3051 mm
638 2998 880 3052 intellexit
899 2995 1049 3065 (Isai.
1070 3011 1109 3059 t,
1139 2994 1233 3064 3)?
1266 2991 1369 3047 Sed
1394 2990 1629 3063 profecto
1656 2999 1809 3045 erant
1840 2991 1998 3045 etiam
2029 2990 2081 3045 in

515 3091 607 3144 illo
636 3090 828 3157 pepulo
856 3091 946 3158 qui
965 3087 1337 3155 intelligerent,
1356 3083 1611 3137 habentes
1628 3082 1914 3149 lidemqua:
1939 3089 2082 3150 post-

514 3197 576 3232 ea
601 3180 829 3232 revelata
856 3187 940 3232 est
976 3191 1081 3230 non
1125 3176 1190 3229 ad
1212 3175 1367 3243 Legis
1387 3175 1633 3235 litteram,
1655 3171 1749 3226 sed
1768 3172 1833 3225 ad
1857 3172 2077 3241 gratiam

515 3270 743 3341 Spiritus
774 3267 1177 3339 pertinentem‘.
1208 3264 1321 3318 Non
1359 3264 1500 3317 enim
1526 3263 1639 3316 sine
1666 3262 1776 3330 ipsa
1819 3261 1921 3315 fide
1959 3261 2076 3318 fue-

514 3371 656 3427 runt,
682 3361 770 3432 qui
789 3360 905 3429 ejus
929 3360 983 3413 in
1001 3356 1213 3413 Christo
1234 3354 1458 3410 futuram
1488 3354 1860 3408 revelationem
1884 3356 2077 3423 praevi-

511 3457 641 3509 dere
661 3463 716 3508 et
744 3450 1094 3522 przenuntiare
1118 3455 1427 3517 potuerunt;
1453 3460 1571 3501 cum
1598 3453 1651 3499 et
1677 3444 1764 3499 illa
1791 3452 1969 3500 vetera
1992 3458 2080 3498 sa-

510 3555 814 3609 cramenta,
859 3540 1204 3612 significantia
1246 3538 1439 3593 fuerint
1481 3536 1792 3592 futurorum.
1846 3538 1925 3590 An
1977 3536 2074 3592 soli

513 3636 788 3707 Propheta:
815 3633 1082 3689 habebant
1101 3631 1235 3685 hanc
1255 3629 1434 3693 ﬁdem,
1462 3644 1564 3683 non
1594 3637 1649 3682 et
1674 3626 1938 3697 populus?
1964 3625 2074 3682 lmo

516 3741 641 3782 vero
663 3727 820 3782 etiam
857 3724 945 3795 qui
976 3721 1265 3792 Prophetas
1304 3720 1530 3775 fideliter
1552 3717 1835 3773 audiebant
1852 3762 1864 3776 .
1888 3718 2072 3772 eadem

511 3816 890 3887 ::djnvabantur
915 3814 1083 3884 gratia
1104 3853 1119 3878 ,
1143 3822 1203 3867 ut
1227 3811 1577 3880 intelligerent
1600 3809 1739 3879 quod
1768 3809 2070 3877 audiebant,

508 3908 609 3962 Sed
639 3907 819 3969 utique
844 3912 1228 3959 sacramentum
1256 3902 1402 3971 regni
1444 3901 1698 3955 coalurum
1725 3899 1993 3953 velabatur
2019 3900 2072 3954 in

514 3994 687 4053 Veteri
713 3996 1071 4058 Testamento,
1096 3992 1235 4063 quod
1263 3991 1587 4062 plenitudine
1613 3991 1861 4060 temporis
1881 3991 2073 4045 revela-

510 4096 652 4141 rctur
672 4088 722 4140 in
744 4086 910 4141 Novo.
943 4103 962 4136 ε
984 4084 1116 4139 Nolo
1129 4086 1271 4138 enim
1298 4096 1390 4136 vos
1414 4102 1433 4134 ι
1461 4082 1853 4152 aitApostolus,
1880 4101 1897 4129 ι
1926 4081 2072 4151 igno-

510 4191 644 4240 rare,
677 4172 884 4238 fratres,
918 4176 1037 4245 quia
1068 4183 1243 4243 patres
1269 4173 1432 4227 nostri
1457 4186 1641 4225 omnes
1668 4171 1767 4226 sub
1797 4171 1933 4227 nube
1959 4171 2070 4227 fue—

508 4278 659 4333 runt,
700 4277 755 4322 et
782 4281 969 4320 omnes
1005 4281 1101 4336 per
1131 4280 1274 4317 mare
1304 4263 1642 4329 transierunt,
1673 4272 1727 4317 et
1754 4276 1939 4317 omnes
1971 4278 2068 4332 per

506 4360 713 4430 Moysen
743 4357 986 4422 baptizati
1016 4364 1139 4409 sunt
1181 4354 1231 4408 in
1273 4354 1411 4408 nube
1436 4362 1489 4407 et
1530 4353 1581 4407 in
1613 4352 1777 4415 mari,
1805 4361 1859 4407 et
1882 4366 2068 4407 onmes

504 4451 745 4507 eumdem
767 4444 940 4504 cilium
961 4447 1285 4516 spiritualem
1308 4444 1779 4507 manducaverunt,
1805 4451 1859 4498 et
1880 4457 2066 4499 omnes

501 4542 741 4598 eumdem
767 4550 945 4611 potum
974 4539 1298 4609 spiritualem
1322 4537 1565 4592 biberunt
1596 4554 1610 4589 :
1643 4536 1895 4591 bibebant
1917 4537 2059 4591 enim

501 4634 566 4685 de
590 4632 845 4703 spirituali
873 4640 1231 4701 consequente
1256 4643 1349 4685 eos
1376 4637 1550 4697 petra;
1579 4640 1728 4697 petra
1752 4637 1925 4683 autem
1951 4640 2064 4684 erat

502 4723 757 4779 Christus.
795 4744 814 4776 ι
858 4723 1000 4779 Idem
1044 4722 1221 4791 itaque
1250 4720 1301 4774 in
1346 4720 1598 4789 mysterio
1632 4720 1783 4773 cibus
1818 4729 1874 4774 et
1912 4730 2063 4789 potus

504 4814 709 4870 illorum
733 4817 821 4887 qui
848 4825 1062 4879 noster;
1091 4814 1184 4869 sed
1208 4811 1591 4883 significatione
1624 4811 1784 4877 idem,
1815 4829 1917 4867 non
1942 4828 2061 4881 spe-

498 4908 579 4957 rie
603 4922 616 4967 ;
661 4908 780 4976 quia
806 4907 944 4962 idem
977 4910 1090 4977 ipse
1116 4905 1358 4960 Christus
1384 4904 1489 4959 illis
1514 4904 1564 4958 in
1592 4912 1741 4973 petra
1770 4904 2057 4973 figuratus,

508 4995 658 5051 nobis
695 4997 747 5048 in
782 5012 939 5052 carne
971 4997 1422 5052 manifestatus..¢
1462 4995 1567 5049 Sed
1607 5010 1746 5057 non,
1794 5015 1812 5046 ι
1858 4995 2058 5065 inquit,

504 5078 521 5138 ἑ
549 5088 600 5141 in
623 5086 866 5141 omnibus
885 5088 986 5143 illis
1001 5088 1383 5156 beneplacitum
1402 5095 1484 5141 est
1507 5086 1613 5139 Deo
1639 5085 1679 5153 (l
1704 5070 1822 5138 Cor.
1851 5102 1905 5150 x,
1928 5087 2055 5156 l-5).

498 5182 696 5233 Omnes
728 5193 746 5228 ι
770 5175 983 5245 quidem
1015 5195 1033 5228 ι
1056 5178 1299 5232 eumdem
1329 5172 1501 5232 cibum
1532 5174 1860 5245 Spiritualem
1900 5192 2053 5231 man-

405 5315 411 5323 .
494 5273 841 5332 ducaverunt,
862 5275 916 5321 et
929 5266 1170 5339 eumdem
1187 5277 1367 5337 potum
1384 5267 1710 5336 spiritualem
1742 5267 2003 5329 biberunt,
2031 5288 2049 5319 ι

498 5360 674 5427 idest,
706 5357 979 5431 spirituale
1013 5356 1212 5425 aliquid
1244 5358 1657 5427 significantem;
1696 5376 1713 5408 ι
1750 5358 1840 5411 sed
1868 5374 1969 5412 non
2003 5359 2053 5412 in

492 5453 739 5509 omnibus
787 5450 890 5506 illis
933 5447 1321 5517 beneplacitum
1372 5459 1453 5503 est
1491 5451 1620 5505 Deo.
1655 5470 1674 5502 ι
1725 5448 1854 5503 Cum
1893 5449 2050 5517 dicit,

497 5562 518 5597 ι
547 5542 661 5599 Non
685 5543 739 5599 in
769 5540 1015 5598 omnibus
1034 5581 1049 5605 ,
1085 5557 1104 5590 ι
1135 5548 1287 5593 erant
1313 5554 1440 5608 ergo
1470 5540 1539 5594 ibi
1578 5540 1736 5609 aliqui
1780 5541 1832 5593 in
1860 5540 2053 5609 quibus

491 5634 877 5703 beneplacitum
902 5643 984 5688 eat
1008 5630 1157 5695 Deo;
1184 5638 1237 5683 et
1263 5643 1381 5683 cum
1410 5638 1587 5683 essent
1612 5630 1788 5683 omnia
1815 5647 2052 5683 commu-

491 5725 577 5782 nia
602 5734 954 5791 sacramenta,
983 5737 1089 5777 non
1114 5720 1411 5775 communis
1436 5730 1549 5773 crat
1577 5719 1822 5796 omnibus
1842 5722 2005 5795 gratia
2033 5762 2047 5784 ,

555 5838 572 5874 ι
602 5842 714 5899 Reg.
739 5842 841 5895 Ms,
866 5833 1163 5898 pertinentes.

1778 400 1833 454 s.
1864 363 2226 456 iocosum
2270 398 2564 457 EPISCOl'l

3682 412 3788 471 985

2219 533 2336 587 qua:
2361 532 2807 576 sacramentorum
2834 521 2998 577 virtus
3022 530 3121 577 est.
3151 521 3298 578 Sicut
3322 533 3376 580 et
3404 540 3544 583 nunc
3561 527 3676 597 jam
3699 544 3790 584 re-

2220 612 2390 667 velata
2421 613 2524 668 fide
2546 629 2663 684 quae
2693 626 2818 670 tunc
2859 614 3129 685 velabatur
3150 659 3165 683 ,
3196 618 3523 674 omnibusin
3569 622 3790 677 nomine

2216 701 2385 757 Patris
2405 744 2420 767 ,
2448 712 2502 758 et
2534 703 2681 771 Filii,
2710 714 2763 760 et
2801 704 3028 775 Spiritus
3054 709 3220 762 sancti
3258 708 3535 779 haptizatis
3556 711 3786 782 (Matth.

2213 807 2404 859 xxvm,
2441 794 2529 865 l9)
2552 838 2566 858 ,
2602 811 2883 852 commune
2909 806 2991 852 est
3027 796 3291 854 lavacrum
3322 803 3787 871 regenerationis;

2213 881 2304 936 sed
2330 884 2438 953 ipsa
2465 886 2628 955 gratia
2649 886 2797 955 cujus
2823 887 2932 957 ipsa
2954 896 3078 944 sunt
3095 887 3458 958 Sacramenta,
3482 907 3587 962 qua
3613 909 3788 949 mem-

2210 972 2305 1027 bra
2335 975 2572 1043 corporis
2600 974 2792 1031 Christi
2822 992 2940 1031 cum
2961 992 3059 1033 suo
3087 978 3257 1049 capite
3278 991 3588 1050 regenerata
3616 994 3778 1050 sunt,

2212 1078 2317 1118 non
2346 1066 2640 1121 communis
2665 1076 2747 1133 cst
2773 1067 3035 1123 omnibus.
3074 1068 3205 1123 Nam
3235 1078 3291 1124 et
3317 1069 3550 1126 hatretici
3585 1071 3789 1130 habent

2209 1158 2450 1212 eumdem
2480 1159 2799 1228 Baptismum
2820 1203 2836 1228 ,
2864 1171 2916 1217 et
2944 1160 3060 1216 falsi
3098 1160 3288 1217 fratres
3324 1163 3375 1216 in
3399 1166 3783 1223 communione

2207 1249 2449 1304 catholici
2480 1250 2725 1304 nominis.
2759 1250 2900 1322 Ergo
2923 1262 2975 1306 et
2999 1250 3085 1307 hic
3113 1261 3257 1308 recte
3277 1251 3472 1309 dicitur
3496 1268 3511 1306 :
3543 1253 3656 1311 Sed
3675 1273 3780 1311 non

2206 1341 2259 1393 in
2279 1340 2504 1394 omnibus
2518 1342 2619 1395 illis
2639 1341 2997 1412 beneplacitum
3020 1350 3091 1397 est
3119 1341 3245 1397 Deo.

2275 1431 2327 1485 5.
2374 1430 2553 1501 Neque
2592 1440 2715 1487 tunc
2744 1440 2947 1499 tamen,
2976 1448 3147 1503 neque
3168 1448 3308 1490 nunc
3341 1434 3671 1492 infructuosa
3698 1449 3783 1493 est

2202 1536 2303 1576 vox
2330 1522 2555 1579 dicentis
2585 1541 2599 1578 :
2629 1524 2905 1594 AttendiIe,
2934 1528 3149 1596 papulas
3191 1543 3361 1593 meus,
3391 1527 3552 1599 legem
3588 1545 3778 1585 meum.

2202 1612 2329 1680 Qua:
2367 1615 2563 1669 locutio
2608 1624 2730 1670 nota
2771 1625 2853 1671 est
2880 1616 2934 1670 in
2964 1617 3209 1672 omnibus
3237 1618 3462 1684 litteris,
3493 1619 3637 1690 quod
3669 1637 3779 1675 non

2201 1706 2292 1770 ait,
2322 1705 2575 1770 Attende;
2603 1705 2719 1772 sed,
2744 1706 3013 1761 Attendite.
3053 1706 3131 1762 Ex
3160 1706 3340 1764 multis
3363 1708 3505 1764 enim
3544 1711 3779 1780 populus

2200 1806 2439 1871 constat;
2472 1797 2662 1865 quibus
2697 1798 2876 1851 multis
2897 1795 3039 1867 quod
3073 1799 3312 1869 sequitur
3333 1799 3611 1871 pluraliter
3640 1802 3779 1857 dici-

2202 1896 2319 1941 tur:
2349 1885 2600 1941 Inclinate
2643 1904 2813 1943 aurem
2842 1897 3051 1944 vestram
3093 1890 3146 1943 in
3171 1889 3316 1943 verba
3344 1891 3447 1945 oris
3468 1891 3589 1949 mei.
3618 1892 3775 1959 Quod

2198 1989 2298 2043 est,
2340 1979 2622 2044 Altendile;
2648 1980 2749 2035 hoc
2773 1989 2875 2046 est,
2916 1978 3168 2035 Inclinato
3206 1997 3379 2036 aurem
3430 1991 3646 2038 uestram
3673 1999 3696 2038 :
3720 1995 3777 2040 et

2197 2070 2334 2139 quod
2362 2069 2464 2125 illic
2485 2072 2578 2135 ait,
2612 2072 2768 2142 legem
2788 2088 2949 2125 meam
2970 2090 2986 2135 ;
3008 2072 3109 2127 hoc
3134 2073 3207 2127 ait
3231 2072 3336 2139 hic,
3358 2074 3507 2127 uerba
3524 2076 3628 2128 oris
3650 2077 3771 2130 ma’.

2197 2161 2288 2215 ille
2316 2177 2541 2231 namque
2566 2162 2649 2231 pie
2669 2162 2894 2218 attendit
2914 2164 3081 2233 legem
3107 2164 3196 2219 Dei
3221 2174 3277 2219 et
3303 2165 3463 2220 verba
3492 2167 3603 2221 oris
3627 2169 3768 2236 ejus,

2194 2253 2341 2322 cujus
2370 2269 2550 2307 aurem
2583 2253 2798 2308 inclinat
2824 2254 3120 2321 humilitas;
3152 2271 3257 2311 non
3284 2252 3437 2328 cujus
3462 2259 3615 2330 erigit
3642 2275 3766 2316 cer-

2195 2334 2358 2401 vicem
2388 2346 2653 2416 superbia.
2683 2346 2835 2413 Quod
2874 2349 3013 2403 enim
3054 2347 3367 2415 infunditur,
3394 2364 3630 2406 concavo
3671 2351 3770 2405 hu-

2192 2438 2426 2493 militatis
2454 2439 2731 2509 excipitur,
2761 2440 3047 2494 eminentia
3074 2440 3295 2495 tumoris
3314 2443 3619 2513 expellitur.
3651 2443 3764 2500 Un-

2189 2528 2255 2581 de
2288 2529 2393 2584 alio
2434 2528 2550 2582 loco
2577 2545 2589 2580 :
2620 2526 2849 2609 Inclina,‘
2880 2529 3066 2600 inquit,
3092 2546 3266 2585 aurem
3308 2540 3481 2598 tuam,
3516 2542 3565 2588 et
3592 2535 3770 2604 accipe

2189 2625 2334 2679 verba
2361 2621 2641 2677 intellectus
2666 2621 2846 2695 (Prov.
2889 2638 3024 2690 xxn,
3053 2622 3163 2694 l7).
3193 2624 3335 2680 Salis
3373 2626 3550 2696 itaque
3577 2626 3769 2683 admo-

2187 2716 2284 2770 niti
2326 2730 2509 2770 sumus
2554 2714 2712 2769 etiam
2758 2714 2916 2768 istum
2946 2714 3205 2784 psalmum
3253 2714 3410 2785 hujus
3452 2716 3763 2773 intellectus

2187 2805 2362 2876 Asaph
2392 2805 2533 2876 (quia
2557 2804 2786 2875 genitivo
2813 2819 2937 2860 casu
2972 2805 3024 2859 in
3076 2804 3229 2861 titulo
3259 2806 3490 2877 positum
3516 2816 3619 2874 est,
3653 2808 3762 2863 bu-

2182 2898 2269 2969 jus
2314 2896 2650 2962 intellectus;
2697 2910 2837 2960 non,
2881 2896 2965 2949 hic
2992 2894 3310 2968 intellectus)
3352 2898 3588 2953 inclinata
3621 2913 3763 2955 aure

2184 2990 2472 3060 suscipere,
2503 2987 2557 3043 id
2581 2997 2662 3043 est
2682 2987 2866 3042 humili
2890 2988 3102 3057 pietate.
3131 2988 3261 3050 Nec,
3288 2990 3446 3060 ipsius
3466 2989 3646 3061 Asaph
3674 2991 3761 3046 di-

2172 3090 2325 3137 ‘ctum
2348 3090 2461 3146 est;
2508 3079 2622 3145 sed,
2654 3080 2753 3149 ipsi
2790 3079 2967 3150 Asaph
2998 3098 3013 3134 :
3045 3080 3184 3150 quod
3211 3096 3385 3151 graeco
3408 3082 3631 3138 articulo
3658 3099 3759 3155 ap.

2183 3183 2352 3244 paret,
2392 3182 2447 3229 et
2489 3173 2543 3228 in
2574 3172 2884 3242 quibusdam
2934 3172 3112 3227 latinis
3152 3174 3422 3231 codicibus
3464 3174 3757 3233 invenitur.

2181 3265 2354 3321 Verba
2376 3266 2531 3336 igitur
2560 3265 2658 3319 ista
2683 3264 2982 3320 intellectus
3007 3277 3149 3331 sunt,
3178 3267 3229 3321 id
3258 3278 3358 3330 est.
3390 3269 3759 3342 intelligentia:

2181 3367 2302 3409 sunt
2326 3371 2444 3425 quae
2467 3354 2589 3409 data
2615 3368 2697 3411 est
2726 3357 2823 3426 ipsi
2861 3357 3071 3433 AS‘Jph;
3100 3358 3241 3427 quod
3270 3375 3377 3415 non
3403 3362 3497 3417 uni
3527 3362 3756 3433 homini,

2179 3446 2272 3501 sed
2298 3446 2484 3501 melius
2508 3446 2797 3516 accipimus
2822 3449 3216 3519 congregationi
3254 3453 3434 3523 pepuli
3466 3453 3579 3519 Dei,
3610 3456 3757 3511 unde

2180 3554 2510 3610 nequaquam
2533 3554 2630 3598 nos
2647 3539 2880 3596 alienare
2900 3541 3172 3597 debentes.
3195 3543 3446 3612 Quamvis
3464 3549 3601 3601 enim
3623 3563 3754 3618 pro-

2177 3631 2291 3700 prie
2335 3629 2562 3695 dicatur,
2607 3629 2882 3703 Synagoga
2934 3633 3272 3697 Jud:eorum,
3333 3636 3568 3693 Ecclesia
3616 3655 3751 3695 vero

2175 3720 2631 3788 Christianorum;
2684 3724 2803 3793 quia
2852 3726 3190 3796 congregatio
3235 3728 3404 3798 magis
3457 3745 3746 3800 pagorum,

2175 3812 2483 3866 convocatio
2502 3828 2629 3868 vero
2649 3814 2816 3883 magis
2836 3814 3107 3869 hominum
3131 3817 3346 3888 intelligi
3367 3820 3505 3876 solet
3531 3839 3543 3874 :
3571 3832 3747 3878 tamen

2174 3912 2227 3957 et
2252 3903 2391 3973 illam
2416 3902 2608 3957 dictam
2630 3903 2925 3963 invenimus
2946 3904 3259 3973 Ecclesiam,
3282 3917 3335 3962 et
3355 3909 3509 3964 nobis
3526 3912 3751 3968 fortasse

2174 3993 2347 4062 potius
2370 3993 2615 4047 convenit
2635 3992 2832 4058 dicere,
2856 3991 3015 4049 Salva
3034 4012 3142 4055 nos.
3165 3995 3379 4051 Domine
3396 3997 3535 4053 Deus
3556 4012 3745 4066 noster,

2172 4094 2219 4137 et
2252 4099 2497 4153 congrege
2543 4099 2634 4137 nos
2661 4083 2722 4138 de
2760 4084 3041 4139 nationibus
3060 4128 3075 4151 ,
3116 4098 3172 4139 ut
3200 4088 3531 4155 conﬁteamur
3559 4093 3750 4145 nomini

2170 4184 2342 4229 sancto
2358 4182 2442 4227 tuo
2463 4171 2631 4244 (Psal.
2654 4189 2739 4239 cv,
2758 4173 2871 4245 47).
2894 4173 3076 4246 Neque
3098 4176 3368 4247 dedignari
3388 4194 3487 4234 nos
3507 4190 3743 4252 Oportet,

2173 4266 2279 4320 imo
2321 4266 2515 4336 gratias
2554 4265 2844 4321 ineffabiles
2881 4283 3038 4336 agere
3057 4309 3074 4336 ,
3101 4268 3241 4339 quod
3267 4286 3452 4327 sumus
3475 4287 3606 4330 oves
3633 4290 3747 4329 ma-

2172 4374 2331 4412 nuum
2353 4359 2488 4427 ejus,
2515 4373 2648 4429 quas
2673 4359 2995 4429 prawidebat
3013 4376 3133 4416 cum
3157 4361 3377 4432 diceret,
3405 4364 3589 4423 Habeo
3606 4369 3744 4424 alias

2168 4464 2296 4503 oves
2322 4464 2440 4518 qnce
2465 4462 2569 4503 non
2607 4459 2730 4504 sunt
2759 4449 2826 4504 de
2850 4449 2953 4505 hoc
2978 4452 3136 4517 ovili;
3169 4463 3377 4523 oportet
3400 4440 3487 4511 ine
3514 4467 3571 4512 et
3600 4458 3745 4528 ipsas

2168 4538 2460 4603 adducere,
2489 4549 2546 4593 ut
2584 4541 2654 4594 sit
2684 4554 2821 4595 unus
2855 4555 2983 4610 grex
3011 4551 3063 4595 et
3090 4557 3226 4597 unus
3255 4554 3433 4614 pastor
3460 4544 3645 4617 (Joan.
3688 4565 3741 4615 ι,

2169 4630 2257 4697 16)
2285 4649 2298 4682 :
2324 4630 2593 4700 jnugendo
2618 4631 2819 4687 scilicet
2846 4630 3054 4686 fidelem
3086 4633 3337 4702 populum
3360 4633 3653 4691 Gentilium
3677 4640 3739 4693 fi—

2165 4721 2270 4777 deli
2316 4722 2507 4790 populo
2549 4721 2934 4786 lsraelitarum,
2977 4720 3045 4776 de
3087 4722 3277 4792 quibus
3321 4726 3467 4794 prius
3494 4725 3739 4793 dixerat,

2168 4811 2288 4869 Non
2334 4829 2444 4866 sum
2489 4813 2670 4866 missus
2718 4812 2816 4866 nisi
2838 4812 2906 4864 ad
2949 4828 3062 4866 oves
3109 4830 3221 4883 qua:
3262 4815 3515 4885 perierunt
3558 4818 3739 4874 domus

2165 4901 2329 4956 Israel
2356 4902 2578 4973 (Matth.
2607 4918 2694 4969 xv,
2723 4902 2793 4957 24
2811 4902 2851 4969 ).
2879 4902 3010 4956 Nam
3039 4912 3092 4956 et
3121 4904 3588 4974 congregabuntur
3614 4920 3738 4965 ante

2163 5012 2283 5051 eum
2331 5010 2517 5052 omnes
2566 5005 2778 5066 gentes,
2812 5005 2866 5051 et
2908 4998 3171 5067 separabit
3217 5013 3311 5053 eos
3362 4998 3503 5053 sicut
3555 5009 3738 5072 pastor

2163 5103 2289 5141 oves
2334 5088 2402 5141 ab
2458 5087 2622 5142 Inrdis
2663 5087 2795 5160 (Id.
2828 5104 2967 5151 xxv,
3017 5089 3088 5143 52
3115 5092 3153 5159 ).
3198 5089 3285 5144 Sic
3338 5089 3499 5159 igitur
3548 5093 3733 5146 audia-

2163 5193 2279 5234 mus
2306 5179 2443 5248 qnod
2476 5178 2671 5233 dictum
2702 5188 2802 5241 est,
2830 5179 3113 5244 Attendite,
3139 5180 3355 5250 populus
3379 5196 3545 5247 meus,
3578 5182 3733 5253 legent

2160 5286 2318 5323 meum
2344 5311 2358 5334 ,
2411 5269 2645 5324 inclinate
2688 5286 2861 5324 aurem
2900 5281 3113 5324 vestram
3154 5271 3209 5324 in
3257 5271 3403 5324 verba
3444 5272 3550 5341 pris
3596 5274 3729 5333 mei,

2160 5375 2266 5413 non
2314 5369 2557 5430 tanquam
2596 5358 2813 5427 Judaeis,
2840 5360 2929 5415 sed
2960 5361 3135 5430 potius
3163 5370 3411 5431 tanquam
3442 5362 3617 5425 nobis,
3647 5364 3731 5418 vel

2159 5462 2301 5507 certe
2330 5462 2433 5506 tam
2464 5452 2620 5506 etiam
2650 5451 2803 5519 nobis
2830 5453 2925 5506 ista
2946 5451 3205 5506 dicantur.
3233 5451 3365 5507 Cum
3395 5453 3539 5507 enim
3570 5454 3734 5508 dixis-

2159 5552 2243 5597 set
2274 5542 2575 5611 Apostolus,
2603 5540 2707 5595 Sed
2733 5559 2830 5594 non
2859 5542 2910 5594 in
2945 5541 3172 5596 omnibus
3220 5542 3322 5596 illis
3365 5540 3735 5612 beneplacitum

2159 5645 2230 5687 est
2257 5633 2382 5697 Deo,
2408 5633 2481 5686 ita
2500 5633 2783 5687 ostendens
2808 5633 2966 5686 fuisse
2995 5632 3065 5686 ibi
3095 5633 3253 5686 etiam
3294 5633 3414 5687 illos
3454 5633 3504 5687 in
3538 5634 3735 5705 quibus

2158 5726 2541 5795 beneplacitum
2580 5735 2661 5777 est
2688 5725 2827 5789 Deo;
2858 5725 3110 5779 continuo
3148 5724 3390 5793 subjecit,
3421 5744 3438 5776 ι
3469 5725 3732 5780 Prostrati

2158 5820 2296 5874 enim
2340 5831 2458 5900 sunt
2500 5820 2549 5873 in
2590 5819 2799 5872 deserto
2829 5836 2841 5868 τ
2879 5837 2899 5870 ι
2930 5816 3121 5873 deinde
3149 5815 3405 5886 adjunxit,
3434 5836 3454 5869 ι
3486 5817 3613 5879 llazc
3638 5834 3733 5874 au-
