4020 6198
393 306 494 362 985

389 425 495 476 te‘m
526 419 703 490 ﬁgurae
731 424 925 473 nostra:
953 415 1101 495 iacta:
1128 423 1270 480 sunt,
1295 424 1350 470 ut
1374 427 1479 469 non
1507 414 1673 468 simus
1700 414 1946 484 concupi-

387 519 600 567 scentes
626 508 785 575 mala,
808 507 943 563 sicut
968 516 1024 562 ct
1048 506 1122 562 illi
1151 506 1530 577 concupierunt
1556 523 1569 559 :
1597 520 1766 575 neque
1795 505 1946 559 idolis

387 602 700 665 servientes,
730 599 867 654 sicut
892 598 1103 667 quidam
1134 612 1313 653 eorum
1334 613 1352 663 ;
1377 596 1514 653 sicut
1552 598 1805 667 scriptum
1841 606 1942 660 est,

386 693 536 748 Sedit
578 691 801 763 populus
849 689 1167 745 manducare
1202 698 1257 745 et
1293 680 1494 754 bibere,
1523 697 1579 745 ct
1604 695 1945 762 surrexerunt

386 785 588 840 ludere.
609 782 790 853 Neque
813 781 1155 848 fornicamur,
1179 782 1316 835 sicut
1339 778 1549 849 quidam
1576 793 1760 834 eorum
1782 778 1943 833 forni-

381 878 485 931 cati
511 885 654 942 snnt,
682 883 736 930 et
759 873 1063 929 ceciderunt
1091 885 1192 926 una
1217 870 1304 925 die
1329 869 1511 940 viginti
1540 877 1595 926 et
1623 871 1719 925 tria
1756 869 1937 923 millia.

381 970 561 1039 Neque
588 975 849 1023 tentemus
867 965 1158 1033 Christum,
1183 965 1320 1019 sicut
1338 962 1546 1034 quidam
1569 977 1751 1018 eorum
1772 970 1940 1016 tenta-

381 1068 590 1126 verunt,
621 1070 677 1116 et
703 1073 734 1115 a
760 1059 1092 1130 serpentibus
1121 1057 1409 1129 perierunt.
1431 1056 1613 1127 Neque
1641 1070 1939 1111 murmura-

377 1154 588 1231 vcritis,
615 1152 752 1207 sicut
777 1150 985 1221 quidam
1012 1164 1193 1204 eorum
1232 1156 1709 1211 murmuravcrunt,
1737 1156 1789 1201 et
1817 1162 1939 1216 per-

377 1246 555 1299 ierunt
586 1243 651 1298 ab
675 1241 1105 1297 exterminatorc.
1128 1238 1314 1294 Omnia
1342 1247 1516 1293 autem
1546 1239 1657 1293 haec
1698 1239 1748 1291 in
1776 1236 1935 1307 ﬁgura

377 1336 753 1406 contingebant
782 1334 886 1389 illis
912 1353 926 1388 :
954 1334 1151 1402 scripta
1178 1341 1352 1387 autem
1390 1340 1513 1387 sunt
1544 1330 1609 1385 ad
1643 1331 1934 1399 correptio-

377 1445 498 1484 nem
521 1437 775 1491 nostram,
796 1428 846 1481 in
866 1440 998 1495 quos
1021 1426 1139 1479 ﬁnis
1158 1426 1467 1479 surculorum
1490 1424 1700 1479 obvenit
1720 1443 1739 1475 ι
1760 1422 1797 1496 (Ι
1816 1421 1932 1478 Cor.

373 1537 428 1581 ι.
459 1519 631 1590 5-H).
656 1519 820 1574 Nobis
861 1533 987 1588 ergo
1026 1518 1200 1587 potius
1243 1518 1342 1572 ista
1382 1526 1587 1571 cantata
1618 1525 1757 1570 sunt.
1786 1514 1936 1571 Unde

371 1615 426 1668 in
457 1613 558 1668 hoc
586 1614 785 1682 psalmo
823 1612 959 1666 inter
985 1621 1176 1667 cmtera
1200 1609 1396 1665 dictum
1423 1618 1504 1665 est
1527 1626 1542 1663 :
1574 1608 1643 1665 Ut
1669 1618 1934 1680 cognoscat

368 1704 618 1777 generatio
636 1704 814 1771 altera,
830 1703 924 1768 ﬁlii
944 1703 1029 1775 qui
1054 1713 1318 1758 nascentur
1339 1712 1389 1757 et
1406 1711 1687 1775 exsurgent.
1702 1702 1866 1757 Porro
1887 1702 1932 1755 si

367 1796 458 1851 ille
493 1796 735 1850 interitus
762 1811 791 1849 a
818 1795 1169 1865 serpentibus,
1208 1802 1263 1849 et
1297 1793 1366 1848 ab
1401 1791 1805 1848 exterminatore
1843 1791 1929 1846 illa

367 1889 612 1959 perditio,
636 1897 691 1953 et
710 1889 866 1960 gladii
890 1886 1388 1957 trucidatio,°ﬁgura:
1407 1885 1637 1959 fuerunt,
1664 1886 1798 1941 sicut
1817 1883 1929 1940 evi-

362 1981 552 2035 denter
570 1978 699 2033 dicit
719 1979 1022 2047 Apostolus,
1048 1992 1167 2031 cum
1197 1976 1284 2030 illa
1310 1976 1485 2030 omnia
1511 1975 1793 2046 contigisse
1817 1990 1927 2028 ma-

362 2071 608 2125 nifestum
635 2070 737 2134 sit;
766 2086 871 2123 non
900 2070 1040 2123 enim
1069 2069 1161 2134 ait,
1185 2066 1238 2122 ln
1270 2066 1439 2136 ﬁgura
1469 2066 1794 2127 dicebantur,
1820 2065 1923 2131 vel,

361 2162 417 2216 In
450 2161 611 2232 ﬁgura
642 2148 836 2231 scripta
866 2169 1028 2225 sunt;
1060 2160 1173 2225 sed,
1203 2158 1268 2211 In
1297 2160 1482 2229 ﬁgura,
1513 2157 1700 2227 inquit,
1727 2156 1922 2210 contin-

359 2255 539 2326 gebant
565 2255 665 2309 illis
683 2271 701 2308 :
717 2263 914 2324 quanto
938 2253 1137 2321 majore
1156 2251 1424 2321 diligentia
1448 2249 1651 2319 pietatis
1670 2246 1939 2308 cavendae.

354 2354 481 2400 sunt
507 2360 675 2415 paenae
697 2359 918 2414 quarum
946 2342 1123 2414 ligurze
1152 2342 1254 2396 illae
1279 2340 1526 2395 fuerunt!
1556 2338 1742 2394 Procul
1761 2337 1922 2392 dubio

356 2437 573 2507 quippe,
594 2435 730 2490 sicut
757 2435 810 2489 in
841 2435 994 2489 bonis
1031 2432 1187 2489 rebus
1223 2431 1390 2486 multo
1415 2429 1639 2499 amplius
1661 2424 1800 2503 boni
1839 2437 1921 2482 est

358 2528 411 2582 in
440 2542 506 2583 eo
531 2526 668 2597 quod
696 2542 792 2596 per
817 2525 1035 2595 ﬁguram
1074 2523 1418 2595 signiﬁcatur,
1444 2537 1599 2592 quam
1640 2521 1693 2575 in
1720 2521 1831 2591 ipsa
1862 2520 1920 2573 ﬁ-

352 2635 479 2691 gura
506 2636 524 2679 ι
556 2620 626 2673 ita
674 2627 724 2673 et
769 2617 821 2672 in
868 2616 1023 2672 malis
1063 2616 1217 2685 longe
1248 2615 1429 2685 utique
1456 2613 1631 2683 pejora
1655 2621 1919 2682 suntquae

353 2710 722 2781 signiﬁcantur
747 2707 949 2779 ﬁguris,
972 2722 1090 2762 cum
1118 2716 1258 2761 tanta
1287 2705 1419 2760 mala
1446 2705 1553 2759 sint
1576 2704 1732 2759 etiam
1758 2702 1919 2774 signi-

353 2803 572 2857 ﬁcantes
611 2801 813 2871 ﬁgurae.
840 2798 972 2853 Nam
1020 2798 1156 2854 sicut
1200 2808 1341 2853 terra
1385 2796 1766 2866 promissionis,
1810 2808 1916 2864 quo

351 2892 441 2948 ille
458 2892 677 2962 populus
691 2891 1002 2957 ducebatur,
1018 2891 1069 2944 in
1085 2889 1476 2959 comparatione
1493 2887 1640 2959 regni
1657 2887 1911 2943 caelorum

351 2982 481 3038 nihil
510 2991 612 3049 est,
634 2996 738 3051 quo
764 2981 1080 3036 Christianus
1108 2981 1330 3049 populus
1357 2978 1566 3034 ducitur
1590 2995 1602 3031 :
1629 2979 1698 3032 ita
1727 2985 1780 3031 et
1803 2993 1912 3045 pa:-

350 3092 433 3129 nac
458 3075 561 3129 illa:
586 3090 704 3144 quae
734 3074 912 3144 ﬁgura:
942 3072 1171 3138 fuerunt,
1201 3087 1319 3126 cum
1350 3083 1452 3125 tam
1478 3072 1586 3126 sint
1608 3080 1835 3138 atroces,
1859 3070 1910 3124 in

347 3168 740 3238 comparatione
769 3181 1042 3237 pinnarum
1081 3178 1214 3236 quas
1257 3164 1553 3235 signiﬁcant
1591 3164 1723 3219 nihil
1763 3171 1905 3218 sunt.

346 3261 487 3329 Quas
531 3269 708 3314 autem
759 3258 951 3329 ﬁguras
993 3256 1127 3312 dixit
1165 3256 1469 3327 Apostolus,
1510 3268 1600 3311 eas
1641 3254 1765 3309 dicit
1809 3254 1909 3307 iste

353 3351 603 3420 psalmus,
630 3358 881 3421 quantum
912 3348 1213 3404 existimare
1235 3361 1534 3417 possumus,
1560 3341 1836 3415 parabolas
1854 3354 1907 3400 et

346 3445 766 3514 propositiones:
791 3455 893 3496 non
926 3442 978 3495 in
1002 3455 1067 3496 eo
1092 3439 1347 3495 habentes
1378 3437 1556 3503 ﬁnem,
1576 3437 1713 3506 quod
1739 3436 1907 3507 conti-

342 3546 570 3605 gerunt;
599 3536 691 3590 sed
724 3535 775 3588 in
805 3534 885 3588 eis
914 3534 1073 3589 rebus
1099 3532 1167 3586 ad
1194 3546 1326 3602 quas
1351 3531 1649 3585 rationabili
1687 3530 1903 3597 compa-

345 3628 547 3681 ratione
576 3625 896 3679 rel'i-runtur.
921 3624 1267 3677 Attendamus
1303 3635 1429 3690 ergo
1466 3621 1633 3688 legem
1664 3619 1776 3682 Dei,
1807 3633 1903 3686 po-

345 3720 496 3788 pulus
537 3720 672 3787 ejus,
705 3726 758 3771 et
802 3715 1113 3770 inclinemus
1143 3728 1335 3793 .aurem
1381 3721 1613 3766 nostram
1654 3712 1706 3764 in
1744 3710 1901 3765 verba

341 3811 448 3865 uris
473 3809 610 3880 ejus.
978 3795 982 3799 ﬁ
1796 3800 1806 3809 ’

414 3903 468 3957 .1.
495 3901 646 3975 [vers.
667 3899 748 3974 2.]
776 3898 1026 3971 Aperiam,
1054 3898 1242 3969 inquit,
1268 3898 1320 3952 in
1343 3896 1592 3968 parabolis
1621 3911 1677 3950 os
1702 3911 1903 3959 meum;

339 3997 543 4065 eloquar
569 3992 930 4064 propositiones
954 3990 1015 4043 ab
1037 3989 1198 4043 initio.
1222 3989 1265 4043 Α
1286 4000 1391 4057 quo
1417 3986 1565 4040 initio
1589 3985 1748 4052 dicat,
1774 3984 1901 4040 satis

337 4094 556 4156 apparet
590 4085 646 4140 in
687 4083 1145 4152 consequentibus.
1169 4081 1284 4137 Non
1311 4079 1451 4135 enim
1481 4094 1545 4134 cx
1573 4094 1678 4149 quo
1707 4078 1897 4132 factum

338 4187 418 4233 est
446 4176 639 4230 caelum
667 4184 721 4230 et
753 4185 912 4238 terra,
940 4174 1023 4229 vel
1052 4188 1117 4228 ex
1146 4186 1250 4243 quo
1276 4178 1511 4227 creatum
1539 4179 1621 4224 est
1648 4170 1700 4223 in
1731 4168 1899 4239 primo

344 4268 558 4322 homine
586 4281 751 4337 genus
779 4265 1063 4319 humanum
1087 4281 1102 4329 ;
1133 4262 1225 4319 sed
1253 4278 1314 4317 ex
1346 4276 1449 4332 quo
1474 4260 1651 4331 populi
1681 4274 1898 4330 congre-

333 4359 475 4429 gatio
494 4374 612 4429 qua:
632 4356 855 4413 addueta
877 4365 956 4411 est
976 4372 1038 4410 ex
1062 4355 1293 4425 .lEgypto
1317 4371 1329 4407 :
1355 4364 1411 4407 ut
1433 4367 1621 4408 sensus
1639 4352 1899 4422 pertineat

334 4449 400 4502 ad
437 4447 637 4517 Asaph,
677 4446 816 4517 quod
864 4446 1236 4515 interpretatur
1261 4443 1631 4513 Congregatio.
1656 4441 1759 4496 Sed
1797 4441 1897 4494 uti-

335 4553 455 4592 nam
498 4537 587 4607 qui
628 4536 780 4602 dixit,
815 4536 1049 4608 Aperiam
1085 4536 1136 4589 in
1176 4534 1427 4606 parabolis
1453 4550 1508 4588 os
1534 4548 1714 4596 meum,
1739 4533 1893 4587 etiam

335 4629 658 4685 intellectum
689 4636 927 4684 nostrum
955 4629 1007 4682 in
1038 4643 1129 4684 eas
1151 4627 1356 4697 aperire
1380 4624 1653 4695 dignetur!
1675 4623 1730 4679 Si
1754 4623 1893 4678 enim

335 4720 471 4775 sient
498 4735 560 4774 os
584 4734 736 4775 suum
765 4719 970 4788 aperuit
995 4719 1044 4772 in
1073 4716 1355 4787 parabolis,
1382 4717 1448 4769 ita
1479 4716 1707 4783 aperiret
1736 4715 1893 4769 etiam

334 4811 475 4879 ipsas
494 4812 808 4884 parabolas;
836 4819 890 4865 et
912 4884 913 4887 η
932 4811 1065 4864 sicut
1101 4810 1359 4878 eloquitur
1388 4806 1790 4877 propositiones,
1825 4807 1891 4859 ita

333 4904 669 4974 eloqueretur
697 4914 750 4960 et
773 4919 952 4958 earum
983 4903 1372 4971 expositiones;
1403 4900 1620 4954 non'hic
1646 4911 1895 4953 aesmarc-

332 5012 450 5051 tuus
475 5014 489 5050 :
519 5012 659 5052 nunc
684 5011 809 5051 vero
838 4998 906 5050 ita
937 4996 1142 5050 obtecta
1169 5005 1221 5049 et
1249 4995 1426 5049 clausa
1465 5002 1588 5047 sunt
1613 4993 1809 5055 omnia,
1839 5001 1894 5046 ut

240 5112 253 5119 ί
331 5089 538 5144 etiamsi
587 5088 655 5144 ad
704 5088 900 5159 aliquid
943 5089 1059 5159 ipso
1103 5087 1401 5157 adjuvante,
1440 5085 1576 5140 unde
1614 5085 1894 5140 salubriter

333 5196 612 5253 pascamur
632 5181 909 5251 pervenire
932 5181 1213 5250 possimus,
1237 5180 1287 5232 in
1311 5178 1502 5231 sudore
1524 5188 1695 5231 tamen
1719 5178 1893 5229 v'nltns

330 5273 497 5328 nostri
517 5273 739 5328 edamus
766 5288 950 5342 panem
973 5271 1121 5345 (Gen.
1147 5287 1222 5333 ιιι,
1252 5272 1370 5340 19);
1397 5281 1451 5325 ct
1478 5285 1681 5340 prunam
1704 5268 1890 5323 deﬁni-

329 5362 488 5421 tionis
530 5365 780 5434 antiquae,
824 5379 929 5418 non
978 5363 1215 5433 corporis
1263 5371 1488 5428 tantum,
1519 5362 1610 5417 sed
1642 5370 1691 5415 et
1719 5362 1893 5415 cordis

331 5458 508 5514 labore
536 5458 844 5528 pendamus.
872 5458 1019 5512 Dicat
1056 5470 1205 5526 ergo,
1235 5464 1287 5510 et
1315 5455 1587 5523 audiamus
1615 5453 1892 5523 parabolas

326 5560 381 5605 et
409 5548 812 5618 propositiones.

396 5640 449 5695 5.
479 5638 625 5711 [rem
656 5637 733 5708 5.]
763 5639 961 5705 Quanta
1010 5637 1287 5690 audivimus
1312 5679 1325 5701 ,
1355 5646 1400 5688 et
1442 5635 1755 5711 cognovimus
1799 5653 1885 5698 ca,

327 5741 372 5787 et
401 5741 567 5801 patres
616 5730 768 5783 nostri
798 5741 1122 5784 nurrarcrunt
1170 5728 1305 5782 nobis
1371 5727 1616 5782 Dominus
1651 5728 1888 5795 superius

1440 299 1821 355 ENABRATIO
1860 299 1923 353 IN
1962 299 2276 367 PSALMUM
2314 306 2564 366 LXXV“.

3511 327 3617 399 98.6

2056 416 2380 509 loquebatur.
2407 424 2536 478 Nam
2562 426 2709 496 cujus
2749 429 2968 487 alterius
2989 432 3145 489 verba
3171 436 3429 494 credenda
3452 453 3603 509 sunt,

2049 508 2296 568 Attendite
2313 555 2327 577 ,
2350 517 2565 584 papulas
2587 535 2724 573 meus
2748 561 2764 586 ,
2791 521 2946 591 legem
2987 527 3193 605 meam?
3218 526 3352 595 Quid
3372 541 3453 587 est
3476 546 3633 605 ergo,

2049 604 2187 671 quod
2219 620 2356 660 nunc
2383 620 2599 677 repente
2625 613 2781 667 homo
2805 614 3055 685 loquitur?
3077 604 3192 673 iam
3214 622 3354 676 enim
3379 604 3607 681 hominis

2046 696 2206 750 verba
2248 708 2401 764 sunt,
2448 700 2648 767 Quanta
2674 706 2982 774 audivimus,
3022 719 3068 762 et
3094 713 3407 782 cognovimus
3442 731 3533 783 ea,
3563 727 3608 771 et

2046 794 2211 853 patres
2230 789 2386 842 nostri
2416 804 2739 848 narraueram
2761 797 2920 851 nobis.
2946 798 3199 858 Nimirum
3222 803 3330 872 jam
3354 805 3492 860 Deus
3536 822 3602 861 ex

2048 874 2273 929 hominis
2301 879 2591 936 ministerio
2617 883 2903 951 locuturus,
2930 890 3066 945 sicut
3087 890 3161 946 ait
3184 894 3463 963 Apostolus
3486 938 3501 961 ,
3524 898 3613 951 An‘

2044 964 2192 1056 uultis
2240 969 2627 1037 experimentum
2676 977 2899 1046 accipere
2936 980 3046 1046 ejus
3078 982 3162 1051 qui
3203 984 3255 1037 in
3292 1001 3370 1040 me
3388 986 3615 1056 loquitur

2045 1054 2267 1113 Christus
2283 1059 2348 1129 (ll
2363 1059 2477 1116 Cor.
2500 1065 2704 1135 xm,5)?
2729 1083 2793 1120 ex
2821 1083 3041 1139 persona
3066 1086 3160 1127 sua
3189 1074 3414 1143 primum
3437 1054 3593 1133 verba

2044 1142 2156 1200 ﬁeri
2173 1147 2337 1205 voluit
2356 1189 2378 1226 ,.
2402 1167 2469 1206 ne
2496 1154 2652 1209 verba
2687 1156 2801 1225 ejus
2826 1159 3045 1229 loquens
3071 1142 3259 1231 homo,
3289 1175 3597 1224 contemne-

2041 1248 2187 1293 retur
2209 1250 2264 1294 ut
2309 1242 2487 1298 homo.
2533 1245 2605 1301 lta
2634 1249 2775 1303 enim
2800 1265 2860 1306 se
2902 1254 3097 1310 habent
3133 1257 3424 1315 lo‘cutiones
3469 1262 3598 1322 Dei.

2032 1344 2156 1400 quae
2198 1334 2347 1389 nobis
2391 1335 2721 1393 insinuantur
2767 1358 2859 1410 per
2883 1358 3093 1400 sensum
3137 1350 3372 1419 corporis
3411 1354 3595 1407 nostri.

2039 1420 2341 1478 Creaturam
2370 1426 2630 1483 subditam
2658 1446 2817 1501 opere
2844 1433 3089 1490 invisibili
3115 1437 3337 1494 Creator
3380 1453 3553 1498 movet
3577 1462 3594 1508 ;

2039 1514 2141 1566 non
2170 1514 2283 1582 ejus
2308 1517 2592 1573 substantia
2633 1521 2688 1576 in
2718 1522 2912 1594 aliquid
2936 1530 3210 1599 corporale
3234 1540 3287 1585 et
3310 1536 3596 1604 temporale

2036 1607 2388 1670 convertitur,
2422 1618 2479 1663 ut
2512 1614 2875 1681 corporalibus
2901 1626 2955 1672 et
2992 1621 3367 1690 temporalibus
3393 1625 3590 1695 signis,

2034 1694 2146 1750 sive
2171 1698 2236 1751 ad
2266 1699 2447 1754 oculos
2486 1701 2597 1757 sive
2621 1704 2686 1757 ad
2713 1720 2868 1761 aures
2907 1709 3314 1779 pertinentibus,
3338 1694 3589 1784 quantum

2034 1800 2222 1855 capere
2251 1787 2489 1846 homines
2516 1803 2767 1862 possunt,
2798 1812 2947 1854 suam
2969 1798 3133 1857 faciat”
3155 1803 3481 1862 innotescere
3500 1823 3590 1861 νο-

2032 1878 2305 1934 luntatetn.
2332 1880 2388 1936 Si
2435 1884 2576 1939 enim
2601 1888 2816 1957 angelus
2852 1891 2925 1944 uti
2974 1900 3142 1961 potest
3177 1895 3405 1960 aethere,
3435 1912 3587 1963 aere,

2032 1971 2169 2027 nube
2191 2014 2207 2039 ,
2235 1973 2374 2043 igne,
2403 1984 2457 2030 et
2482 1975 2584 2032 alia
2626 1980 2858 2048 qualibet
2879 1991 3060 2041 natura
3089 1984 3169 2040 vel
3204 1987 3380 2055 specie
3403 2002 3590 2058 corpo-

2029 2065 2122 2118 rali
2149 2082 2162 2131 ;
2189 2076 2243 2120 et
2271 2068 2427 2124 homo
2449 2070 2595 2125 vultu
2616 2112 2630 2138 ,
2661 2072 2834 2145 lingua
2858 2116 2873 2138 ,
2905 2091 3085 2144 manu,
3115 2078 3337 2146 calamo,
3368 2079 3583 2148 litteris,

2026 2155 2208 2244 aliisve
2230 2159 2644 2231 signiﬁcantibus
2671 2164 2830 2220 rebus
2847 2164 2913 2220 ad
2940 2181 3050 2223 sua:
3092 2170 3282 2225 mentis
3310 2169 3585 2227 indicanda

2024 2260 2266 2317 secreta;
2312 2262 2580 2322 postremo
2602 2270 2720 2311 cum
2770 2257 2927 2313 homo
2953 2260 3057 2324 sit,
3089 2262 3301 2317 nuntios
3342 2262 3585 2318 homines

2023 2340 2220 2410 mittit,
2242 2352 2296 2398 et
2318 2345 2445 2400 dicit
2475 2347 2597 2414 alii,
2626 2347 2770 2403 Vade
2787 2390 2802 2410 ,
2828 2358 2883 2404 et
2903 2350 3070 2415 vadit;
3100 2361 3158 2407 et
3185 2352 3310 2416 alii,
3344 2353 3504 2418 Veni,
3530 2363 3584 2410 et

2023 2432 2201 2497 venit;
2229 2444 2282 2490 et
2325 2451 2481 2492 servo
2509 2452 2638 2506 suo,
2670 2439 2775 2494 Fac
2801 2439 2936 2507 hoc,
2964 2452 3018 2497 et
3043 2442 3167 2498 facit
3192 2442 3339 2515 (Luc.
3368 2461 3459 2511 vn,
3486 2449 3578 2516 8):

2020 2533 2215 2591 quanto
2242 2527 2442 2596 majore
2471 2539 2524 2584 et
2548 2529 2842 2587 emcaciore
2889 2542 3145 2603 potestate
3173 2528 3344 2605 Deus,
3372 2538 3457 2593 cui
3486 2538 3583 2594 Do-

2018 2616 2162 2672 mino
2186 2620 2427 2675 universa
2453 2622 2687 2692 subjecta
2737 2633 2891 2690 sunt,
2915 2634 2973 2681 et
3007 2627 3123 2697 ipso
3168 2628 3353 2698 angelo
3377 2638 3432 2684 et
3475 2628 3576 2685 ho-

2019 2709 2161 2765 mine
2212 2712 2405 2778 utitur,
2435 2715 2655 2784 utquod
2685 2716 2733 2771 ei
2780 2715 2953 2785 placet
2994 2718 3300 2775 annuntiat!
3327 2720 3578 2787 Quamvis

2015 2801 2190 2871 itaque
2201 2802 2312 2873 jam
2336 2803 2495 2859 homo
2521 2804 2691 2872 dicat,
2718 2807 2917 2872 Quanta
2954 2810 3259 2885 audivimus,
3281 2822 3328 2866 et
3347 2815 3577 2885 cognori-

2016 2906 2127 2945 mus
2144 2907 2221 2957 ea,
2250 2901 2296 2945 et
2322 2903 2485 2963 patres
2509 2897 2663 2950 nostri
2693 2908 3017 2951 narraverunt
3053 2901 3192 2953 nobis
3208 2916 3228 2965 ;
3254 2910 3426 2957 tamen
3454 2912 3573 2959 tan-

2013 2994 2169 3048 quam
2201 2982 2291 3037 Dei
2321 2984 2478 3037 vcrba
2502 3025 2517 3050 ,
2548 3000 2654 3039 non
2684 2996 2927 3056 tanquam
2973 2987 3230 3045 humanas
3258 2990 3457 3046 fabulas
3480 3008 3575 3048 au-

2012 3068 2234 3125 diamus.
2264 3072 2484 3143 Propter
2511 3074 2612 3129 hoc
2651 3076 2793 3131 enim
2819 3078 3148 3146 praemissum
3182 3088 3264 3135 est
3285 3122 3299 3145 ,
3324 3080 3592 3148 Attendite,

2012 3163 2227 3232 papulas
2246 3181 2403 3231 meus,
2427 3166 2585 3235 legem
2609 3183 2771 3220 meam
2788 3208 2803 3231 ,
2832 3168 3068 3227 inclinate
3093 3186 3266 3224 aurem
3285 3182 3496 3226 vestram
3519 3174 3571 3228 in

2008 3253 2153 3308 verba
2172 3255 2272 3308 oris
2299 3256 2414 3309 mei.
2444 3255 2679 3331 Aperiam
2715 3258 2767 3311 in
2805 3259 3054 3328 parabolis
3077 3276 3132 3315 os
3156 3277 3338 3327 meum,
3366 3262 3571 3335 eloquar

2008 3346 2371 3415 propositiones
2394 3346 2456 3400 ab
2484 3348 2645 3402 initio.
2677 3348 2877 3415 Quanta
2896 3365 3022 3419 ergo
3044 3351 3343 3418 audiuimus,
3367 3354 3533 3423 inquit
3551 3396 3567 3417 ,

2008 3448 2050 3489 et
2088 3438 2401 3507 cognovimus
2436 3454 2495 3492 ea
2516 3479 2531 3504 ,
2557 3446 2604 3493 ἐι
2642 3449 2806 3508 patres
2847 3441 3004 3494 nostri
3040 3444 3562 3498 narraverunt‘nobis.

2007 3526 2092 3581 Sic
2118 3537 2219 3587 est,
2248 3528 2551 3595 audivimus,
2570 3538 2615 3581 et
2641 3529 2956 3599 cognovimus
2974 3545 2994 3592 ;
3009 3532 3292 3599 quomodo,
3315 3532 3467 3597 Audi,
3499 3535 3565 3600 [i-

2006 3617 2095 3682 liu,
2122 3628 2169 3671 et
2187 3617 2298 3671 vide
2327 3614 2494 3687 (Psal.
2527 3633 2681 3684 κων,
2708 3616 2815 3688 11).
2847 3618 3036 3673 Audita
3073 3619 3214 3675 enim
3245 3623 3437 3677 suntin
3469 3623 3568 3679 Ve-

2007 3708 2104 3761 teri
2128 3707 2464 3764 Testamento
2511 3724 2627 3779 qua:
2655 3722 3043 3779 cognoscuntur
3087 3712 3139 3767 iu
3164 3713 3344 3781 Novo;
3389 3717 3563 3772 audita

2003 3814 2122 3852 cum
2151 3801 2621 3871 prophetarentur,
2664 3801 2870 3870 cognita
2909 3817 3028 3856 cum
3076 3803 3436 3873 implerentur.
3466 3807 3564 3864 Ubi

1962 3889 2282 3957 ‘promissio
2334 3889 2588 3955 redditur,
2634 3906 2738 3947 non
2782 3890 3053 3947 fraudatur
3100 3895 3316 3950 auditio.
3364 3895 3432 3951 Et
3472 3915 3564 3966 pu-

2003 3989 2099 4033 tres
2120 3980 2295 4044 nostri,
2332 3978 2538 4051 Moyses
2565 3988 2619 4035 et
2644 3980 2922 4050 Propheta:
2941 4023 2956 4048 ,
2984 3997 3306 4040 narraueram
3331 3989 3489 4043 nobis.

2070 4071 2123 4126 6.
2154 4069 2299 4143 iners.
2330 4071 2409 4143 4.]
2451 4069 2570 4125 Non
2606 4082 2721 4127 sunt
2747 4072 3036 4130 abscondita
3070 4093 3101 4129 a
3124 4077 3243 4145 ﬁliis
3278 4095 3480 4146 eorum,
3507 4081 3562 4135 in

1999 4162 2313 4232 generatione
2338 4162 2516 4217 altera.
2563 4163 2685 4218 llaec
2712 4172 2792 4219 est
2828 4176 3008 4221 nostra
3044 4169 3312 4238 generatio
3333 4212 3350 4237 ,
3380 4171 3433 4226 in
3457 4188 3560 4242 qua

2000 4252 2150 4306 nobis
2186 4251 2373 4307 donata
2399 4262 2480 4309 es:
2506 4254 2854 4324 regeneratio.
2884 4256 3245 4315 Annuntiantes
3263 4261 3437 4317 laudes
3460 4261 3561 4318 Do-

1998 4345 2151 4410 mini,
2193 4354 2240 4399 et
2280 4346 2519 4415 potentias
2563 4347 2704 4416 ejus,
2738 4349 3073 4402 et‘mirabilia
3117 4352 3225 4422 ejus
3267 4369 3380 4422 qua:
3419 4356 3557 4425 fecit.

1997 4435 2137 4491 Ordo
2165 4437 2438 4492 verborum
2462 4446 2575 4504 est,
2612 4436 2678 4491 Et
2723 4449 2887 4508 patres
2915 4442 3072 4494 nostri
3108 4456 3431 4499 narraueram
3466 4463 3559 4501 no-

1997 4528 2090 4593 bis,
2142 4531 2488 4584 annuntiantes
2519 4530 2694 4586 laudes
2733 4530 2954 4586 Domini.
2985 4533 3250 4590 Laudatur
3307 4538 3557 4596 Dominus

1998 4630 2053 4674 ut
2082 4632 2284 4675 ametur
2312 4638 2325 4675 :
2355 4621 2477 4690 quid
2506 4622 2645 4677 enim
2672 4622 2934 4677 salubrius
2959 4619 3206 4680 amatur?

2067 4714 2115 4766 7.
2147 4711 2295 4785 [verm
2318 4711 2460 4785 5-8.]
2494 4712 2565 4767 Et
2593 4715 2847 4769 suscitavit
2887 4714 3238 4771 Testimonium
3267 4720 3319 4773 in
3359 4698 3554 4791 Jacob,

1995 4815 2041 4858 et
2064 4804 2239 4874 Legem
2272 4806 2434 4875 posuit
2458 4806 2510 4857 in
2538 4804 2713 4875 Israel.
2747 4807 2856 4860 lloc
2897 4818 2978 4861 est
3008 4810 3208 4863 initium
3236 4811 3298 4866 de
3335 4828 3439 4882 quo
3462 4830 3553 4870 su-

1996 4914 2086 4967 pra
2129 4897 2323 4951 dictum
2352 4906 2470 4962 est,
2499 4895 2719 4965 Eloquar
2766 4899 3122 4967 propositiones
3158 4903 3219 4954 ab
3255 4904 3414 4958 initio.
3444 4907 3553 4960 lni-

1999 4992 2125 5044 tium
2145 4998 2227 5045 est
2270 5004 2398 5059 ergo
2428 4988 2587 5043 Vetus
2620 4974 3041 5059 Testamentum,
3074 4992 3189 5047 ﬁnis
3215 4972 3435 5054 Novum.
3465 4998 3553 5052 Ti-

1995 5096 2111 5134 mor
2153 5081 2292 5136 enim
2341 5081 2593 5149 praivalet
2636 5082 2687 5134 in
2726 5081 2864 5151 Lege
2900 5098 2914 5137 :
2958 5093 3012 5136 et
3055 5083 3251 5138 initium
3295 5088 3552 5155 sapiettlit'e

1995 5173 2140 5225 timor
2174 5171 2375 5224 Domini
2407 5170 2574 5239 (Psal.
2601 5186 2664 5226 cx
2685 5212 2698 5234 ,
2733 5171 2838 5241 l0).
2870 5171 3015 5227 Finis
3037 5183 3211 5229 autem
3234 5174 3379 5247 Legis
3408 5175 3553 5230 Clario

1995 5274 2098 5317 stus
2125 5274 2206 5341 est
2223 5303 2238 5326 ,
2261 5265 2327 5316 ad
2341 5264 2592 5333 justitiam
2633 5265 2768 5316 omni
2794 5265 3011 5318 credenti
3034 5264 3210 5335 (Horn.
3234 5282 3292 5331 x,
3322 5267 3376 5334 4)
3405 5285 3418 5319 :
3443 5283 3550 5335 quo

1994 5355 2221 5408 donante
2259 5353 2559 5420 diﬂ'unditur
2600 5355 2914 5427 c/iaiitasiin
2949 5356 3179 5409 cordibus
3222 5356 3438 5420 nostris,
3461 5372 3549 5427 per

1997 5445 2241 5516 Spiritum
2265 5455 2487 5519 sanctum
2506 5445 2588 5515 qui
2612 5446 2755 5498 datus
2780 5455 2850 5498 est
2875 5446 3013 5499 nobis
3035 5445 3086 5517 (1
3090 5446 3142 5497 d.
3168 5459 3221 5509 v,
3244 5445 3320 5513 5);
3342 5455 3404 5506 ,οι
3428 5464 3547 5500 con-

1995 5547 2240 5589 summata
2258 5537 2472 5589 Charitas
2499 5540 2632 5605 foras
2656 5536 2801 5614 mittit
2838 5537 3059 5589 timorem
3085 5533 3294 5604 (lJoan.
3316 5552 3385 5598 tv,
3414 5536 3501 5605 18)
3525 5579 3541 5604 ,

1997 5616 2239 5701 quoniam
2268 5646 2398 5682 nunc
2416 5630 2521 5683 sine
2541 5629 2670 5699 Lege
2689 5631 2885 5697 jnstilia
2903 5629 2987 5682 Dei
3005 5628 3315 5697 manifestata
3330 5642 3419 5683 est.
3441 5629 3547 5684 Sed

1997 5724 2600 5795 quoniam'testimtmimn
2629 5726 2769 5776 Izalael
2797 5742 2824 5773 α
2854 5722 2976 5789 (ego
3011 5734 3052 5771 et
3091 5721 3350 5789 i’mphrtis
3372 5725 3546 5788 (Ilum.
