4020 6198
478 303 579 362 987

480 437 534 479 ιιι
554 463 571 487 ,
609 419 703 488 21)
724 460 738 482 ,
767 414 884 471 ideo
911 408 1160 469 suscitauit
1182 402 1541 463 Testimonium
1580 398 1635 454 in
1660 394 1842 458 Iacob,
1867 398 1912 445 et
1942 386 2037 488 Le—

482 531 591 584 gent
620 486 781 582 posuit
798 508 851 561 in
877 504 1058 561 Israel.
1079 502 1209 558 Nam
1233 512 1288 556 et
1314 496 1441 552 illud
1468 492 1611 566 quod
1639 501 1744 584 tam
1770 486 1958 584 insigni
1984 492 2040 542 et

485 577 639 676 (deuo
686 598 844 655 tantis
893 590 1359 676 significationibus
1418 602 1579 659 opere
1647 577 2037 639 tabernaculum
2082 634 2085 639 π

484 668 821 752 constitutum
841 701 956 757 est,
987 668 1377 745 tabernaculum
1411 679 1718 739 Testimonii
1742 676 2042 733 nominatur

491 786 676 859 (Exod.
704 800 808 850 ιι,
836 781 892 854 2)
918 824 935 849 ,
966 782 1018 837 in
1057 794 1162 852 quo
1201 786 1316 835 erat
1356 774 1598 830 velamen
1644 776 1826 825 contra
1865 778 2042 859 arcam

490 855 639 948 Legis
662 919 678 942 ,
705 877 842 933 sicut
882 874 1117 929 velamen
1151 878 1332 927 contra
1372 866 1563 923 faciem
1608 860 1834 918 ministri
1858 855 2043 928 Legis;

491 968 607 1039 quia
646 969 699 1022 in
744 966 833 1021 illa
860 962 1253 1039 dispensatione
1293 957 1558 1031 parabolae.
1580 964 1635 1027 et
1659 950 2046 1023 prepositiones

489 1038 659 1116 erant.
682 1060 757 1115 Ea
798 1038 990 1128 quippe
1011 1071 1130 1126 qua:
1154 1051 1573 1125 praedicabantur
1605 1056 1660 1102 et
1696 1044 1894 1100 ﬁebant
1909 1083 1927 1110 ,
1951 1054 2046 1095 ve-

491 1152 613 1206 latis
661 1147 1128 1221 significationibus
1159 1143 1552 1208 condebantur,
1584 1148 1641 1196 et
1677 1151 1781 1193 non
1805 1132 2050 1189 revelatis

491 1239 998 1298 ntanilestationibus
1024 1236 1394 1294 cernebantur.
1422 1231 1545 1288 Cum
1565 1240 1731 1284 autem
1754 1224 2005 1283 transieris
2030 1224 2048 1257 ί

494 1336 560 1388 ad
590 1334 862 1400 Christum,
888 1333 961 1387 ait
984 1329 1287 1401 Apostolus,
1317 1330 1572 1399 auferetur
1593 1325 1813 1378 velamen
1840 1318 1903 1394 (Il
1930 1316 2049 1375 Cor.

494 1442 551 1491 nt
574 1469 589 1489 ,
620 1427 687 1480 15
710 1468 725 1485 .
754 1424 860 1497 16)ἲ
887 1425 1153 1492 Quotquot
1192 1420 1330 1476 enim
1372 1428 1493 1474 sunt
1519 1415 1895 1488 promissioues
1920 1410 2049 1475 Dei,

495 1518 547 1571 iu
579 1518 667 1571 illo
693 1516 892 1579 Etiam,
914 1516 1071 1568 Amen
1118 1514 1140 1545 ²
1176 1510 1414 1584 (Ibid.t,
1450 1507 1563 1580 20).
1611 1505 1856 1576 Quisquis
1899 1503 2053 1574 igitur

494 1609 703 1665 Christo
727 1607 991 1672 adhaeret,
1017 1615 1181 1661 totum
1212 1604 1406 1659 bonum
1441 1602 1579 1672 quod
1604 1601 1761 1656 etiam
1786 1598 1837 1652 in
1867 1594 2055 1652 litteris

496 1697 651 1768 Logis
679 1713 781 1751 non
808 1697 1064 1768 intelligit,
1088 1695 1267 1761 habet;
1296 1694 1533 1764 quisquis
1555 1699 1636 1746 est
1657 1699 1830 1745 autem
1851 1687 2054 1742 alienus

496 1808 524 1843 a
550 1790 780 1857 Clu-isto,
809 1806 905 1846 nec
922 1790 1181 1861 intelligit,
1205 1803 1301 1843 nec
1320 1787 1496 1842 habet.
1531 1783 1799 1841 Suscitavit
1815 1795 1941 1852 ergo
1956 1777 2068 1834 Το-Δ

496 1882 857 1936 stimoniumin
875 1880 1054 1946 Iacob,
1069 1891 1114 1935 et
1131 1883 1308 1951 Legem
1330 1878 1498 1949 posuit
1512 1876 1565 1930 in
1587 1874 1766 1929 Israel.
1788 1872 1932 1928 More
1959 1882 2057 1925 suo

497 1974 709 2044 repetit.
726 2010 727 2017 η
747 1973 878 2029 Nam
902 1973 1042 2044 quod
1064 1981 1174 2040 est,
1202 1971 1475 2027 Suscitaoit
1519 1966 1915 2031 Testimonium;
1955 1962 2057 2019 hoc

498 2073 602 2129 est,
624 2063 805 2134 Legem
825 2064 1027 2135 posuit:
1054 2072 1108 2117 et
1144 2060 1284 2131 quod
1312 2068 1421 2124 est,
1451 2059 1506 2113 in
1523 2056 1679 2111 Iacob
1698 2072 1717 2121 ;
1738 2055 1841 2111 hoc
1866 2063 1948 2110 est
1964 2095 1981 2119 ,
2001 2052 2058 2108 in

497 2154 679 2209 Israel.
701 2154 827 2208 Nam
845 2154 981 2208 sicut
999 2155 1098 2209 ista
1119 2153 1225 2209 duo
1250 2151 1461 2207 nomina
1487 2157 1609 2205 sunt
1632 2147 1859 2204 hominis
1878 2144 2057 2213 unius,

498 2245 570 2300 ita
601 2246 708 2300 Lex
766 2256 820 2300 et
854 2244 1232 2301 Testimonium
1256 2243 1362 2298 duo
1396 2250 1518 2297 sunt
1546 2240 1760 2297 nomina
1785 2238 1862 2293 rei
1882 2236 2056 2295 unius.

500 2336 724 2393 Interest
764 2336 956 2408 aliquid
980 2378 994 2400 ,
1026 2337 1101 2391 ait
1121 2326 1411 2407 quispiam,
1439 2335 1575 2389 inter
1613 2331 1866 2388 suscitavit
1890 2340 1945 2387 et
1968 2345 2059 2400 po-

496 2431 618 2484 suit.
665 2429 738 2484 ita
791 2442 957 2495 sane;
998 2428 1438 2500 quemadmodum
1482 2430 1702 2483 interest
1739 2426 1897 2481 etiam
1922 2425 2061 2480 inter

497 2519 677 2586 Jacob,
698 2530 757 2577 et
771 2516 933 2576 Israel
957 2537 977 2574 :
1002 2535 1108 2576 non
1134 2520 1256 2591 quia
1277 2526 1429 2575 erant
1448 2518 1554 2574 duo
1580 2517 1840 2581 homines,
1862 2516 1956 2574 sed
1971 2531 2061 2571 ea-

446 2606 451 2613 “
498 2614 620 2669 dent
667 2613 773 2671 duo
816 2613 1030 2670 nomina
1072 2613 1301 2671 diversis
1343 2612 1518 2668 causis
1551 2612 1643 2667 uni
1687 2609 1887 2667 homini
1938 2618 2062 2665 sunt

500 2706 743 2776 imposita
768 2723 783 2771 ;
807 2704 971 2762 Jacob
1012 2712 1233 2776 propter
1268 2703 1741 2775 supplantationem
1764 2743 1781 2770 ,
1811 2701 2061 2772 quoniam

500 2796 770 2854 nascentis
793 2780 957 2852 tenuit
980 2796 1205 2867 plantam
1232 2795 1446 2861 fratris;
1466 2795 1627 2852 lsrael
1651 2803 1826 2850 autem
1849 2800 2062 2864 propter

501 2888 764 2951 visionem
796 2890 885 2944 Dei
912 2885 1064 2959 (Gen.
1092 2904 1227 2957 xxv,
1254 2888 1360 2956 25,
1389 2897 1438 2943 et
1456 2903 1621 2955 xxxu,
1646 2884 1762 2959 28).
1805 2885 1894 2942 Sic
1917 2883 2062 2940 aliud

499 2990 614 3047 est,
644 2981 928 3045 suscitavit,
958 2980 1096 3036 aliud
1127 2980 1308 3050 posuit.
1334 2978 1467 3035 Nam
1489 3019 1507 3047 ,
1531 2977 1783 3035 suscitauit
1811 2975 2062 3032 Testimo-

501 3064 661 3130 nium,
682 3072 933 3134 quantum
958 3063 1222 3131 existimo,
1243 3063 1442 3119 dictum
1456 3071 1558 3131 est,
1586 3063 1727 3133 quod
1748 3062 1839 3118 illo
1865 3060 2064 3133 aliquid

503 3156 811 3211 suscitatam
839 3164 941 3211 est.
968 3154 1094 3210 Sine
1119 3153 1252 3226 Lege
1276 3155 1427 3221 erum,
1456 3154 1531 3210 ait
1552 3154 1857 3225 Apostolus,
1885 3169 2065 3224 pecca-

486 3256 610 3321 _tu_m
655 3258 905 3300 mortuum
931 3255 1022 3302 est.
1053 3243 1166 3318 Ego
1200 3254 1367 3301 autem
1397 3247 1615 3301 vivebam
1648 3246 1919 3313 aliquando
1958 3247 2068 3302 sine

503 3335 640 3410 Lege
662 3353 691 3392 :l
712 3336 1001 3393 adveniente
1043 3346 1210 3411 autem
1257 3336 1496 3391 mandato
1517 3377 1533 3402 ,
1574 3345 1828 3408 peccatum
1864 3338 2063 3392 reuisit.

503 3429 645 3486 Ecce
670 3429 811 3502 quod
837 3429 1143 3486 suscitatam
1174 3438 1255 3484 est
1290 3443 1386 3500 per
1411 3428 1792 3486 Testimonium
1819 3428 1959 3500 quod
1985 3436 2068 3485 est

505 3520 647 3588 Lex,
690 3529 750 3576 ut
790 3531 1040 3591 appareat
1062 3520 1203 3592 quod
1229 3520 1462 3589 latebat,
1486 3520 1623 3578 sicut
1651 3520 1808 3590 paulo
1835 3529 1957 3592 post
1982 3520 2066 3601 di-

505 3615 618 3670 cit:
648 3613 754 3670 Sed
785 3623 1043 3685 peccatum
1082 3621 1140 3668 ut
1180 3623 1421 3684 appareat
1458 3621 1712 3684 peccatum
1731 3654 1746 3680 ,
1772 3628 1860 3684 per
1887 3611 2069 3668 bonum

507 3705 629 3759 mihi
652 3714 911 3776 operatum
931 3713 1002 3760 est
1025 3714 1232 3759 mortem
1257 3704 1442 3776 (Rom.
1462 3719 1533 3759 vu
1551 3744 1565 3769 ,
1586 3703 1641 3772 8,
1668 3701 1724 3770 9,
1753 3701 1863 3777 15).
1891 3701 2070 3759 Posuit

505 3806 685 3854 autem
712 3797 927 3869 Legem,
954 3796 1151 3853 dictum
1197 3806 1304 3863 est,
1339 3805 1581 3867 tanquam
1621 3795 1802 3867 jugum
1830 3805 2072 3866 peccato-

506 3892 700 3949 ribus:
729 3889 871 3946 unde
919 3888 1131 3955 dicitur,
1163 3889 1296 3957 Quia
1342 3891 1477 3960 justo
1517 3905 1618 3944 non
1658 3898 1733 3944 est
1775 3890 1858 3945 lea:
1908 3890 2072 3960 posita

511 3983 555 4055 (l
574 3984 708 4039 Tim.
736 3999 776 4051 ι,
798 3982 875 4055 9).
893 3982 1276 4039 Testimonium
1304 3993 1387 4039 eat
1411 3982 1597 4053 igitur,
1624 3982 1677 4037 in
1705 3992 1956 4053 quantum
1976 3982 2073 4038 ali-

508 4078 635 4150 quid
661 4078 887 4150 probat;
917 4077 1025 4134 Lex
1044 4085 1219 4132 autem
1238 4117 1254 4142 ,
1286 4077 1340 4131 in
1359 4085 1609 4147 quantum
1638 4075 1825 4146 jubet;
1854 4090 1976 4131 cum
2003 4075 2075 4131 sit

511 4185 617 4226 una
656 4169 948 4241 eademque
990 4184 1098 4224 res.
1144 4167 1400 4236 Quocirca
1441 4169 1580 4222 sicut
1623 4166 1754 4236 lapis
1793 4165 2070 4233 Christus;

509 4263 605 4321 sed
660 4262 994 4320 credentibus
1022 4263 1076 4317 in
1104 4273 1275 4332 .caput
1313 4262 1485 4331 anguli
1533 4258 1700 4333 (Psal.
1744 4275 1919 4327 cxvn,
1945 4259 2068 4332 22),

510 4372 619 4414 non
643 4355 978 4413 credentibus
1006 4365 1177 4409 autem
1198 4354 1330 4423 lapis
1349 4352 1653 4408 oll‘ensionis
1675 4362 1728 4408 et
1753 4362 1895 4420 petra
1917 4366 2071 4407 scan-

511 4449 656 4517 dali;
688 4448 761 4503 ita
803 4446 1184 4503 Testimonium
1227 4444 1383 4515 Legis
1419 4444 1499 4500 eis
1525 4443 1611 4514 qui
1643 4443 1782 4513 Lege
1808 4457 1912 4498 non
1940 4441 2070 4512 legi-

512 4542 641 4599 time
690 4548 929 4595 utuntur.
978 4536 1360 4593 Testimonium
1407 4545 1491 4592 est
1539 4550 1646 4606 quo
1698 4535 2075 4589 convincuntur

513 4630 763 4701 puniendi
791 4639 1127 4701 peccatores;
1156 4626 1237 4681 his
1262 4640 1391 4682 vero
1435 4625 1522 4696 qui
1570 4639 1631 4680 ea
1659 4623 1888 4696 legitime
1914 4634 2070 4679 utun-

516 4734 624 4789 tur,
650 4722 1027 4778 Testimonium
1054 4727 1137 4776 est
1178 4734 1283 4789 quo
1308 4717 1701 4772 demonstratur
1726 4713 1791 4770 ad
1824 4730 1980 4785 quem
2005 4714 2074 4769 li-

513 4813 734 4870 berandi
775 4813 1058 4885 confugere
1099 4810 1292 4868 debent
1334 4817 1659 4879 peccatores.
1705 4805 1758 4860 In
1787 4806 1902 4876 ejus
1932 4805 2071 4861 enim

512 4907 681 4979 gratia
710 4916 792 4962 est
828 4908 1020 4976 iustitia
1045 4905 1142 4961 Dei
1164 4946 1180 4973 ,
1223 4902 1554 4960 testimonium
1582 4899 1768 4955 habens
1807 4918 1838 4954 a
1863 4899 1996 4972 Lege
2027 4909 2075 4955 et

514 4996 811 5068 Prophetis,
856 5014 959 5070 qua
985 4998 1343 5069 'justilicatur
1386 4995 1578 5065 impius
1618 5008 1816 5065 :_quam
1865 4993 2074 5065 quidam

513 5091 830 5160 ignorantes,
851 5096 897 5143 et
935 5105 1078 5143 suam
1116 5089 1333 5145 volentes
1378 5087 1673 5142 constituere
1694 5126 1710 5155 ,
1742 5085 1954 5156 justitite
1977 5083 2074 5140 Dei

514 5200 617 5238 non
640 5188 757 5236 sunt
774 5179 981 5251 subjecti
1009 5180 1179 5251 (Rom.
1214 5197 1280 5249 ι,
1313 5183 1391 5251 5).
1490 5233 1503 5248 ,

584 5275 639 5330 8.
664 5269 1146 5340 «Quantaninquit,
1170 5272 1468 5327 «mandavit
1485 5271 1720 5342 patribus
1735 5270 1928 5326 nostris
1950 5281 2072 5326 nota

516 5366 694 5422 facere
736 5376 799 5421 ea
825 5360 946 5417 filiis
993 5360 1104 5417 suis
1129 5379 1144 5417 :
1174 5371 1233 5417 ut
1250 5371 1531 5433 cognoscat
1572 5362 1842 5434 generatio
1868 5361 2071 5429 altera,

578 5502 597 5534 ι
622 5499 754 5561 ωδ..
787 5494 1053 5551 transierit.
1093 5502 1151 5547 At
1183 5492 1407 5561 plerique
1450 5504 1573 5558 Mss,
1605 5496 1851 5549 transieris
1877 5508 1895 5549 :
1921 5504 1972 5548 et
2006 5500 2076 5547 sie

515 5564 634 5615 alias
655 5564 962 5625 Augustinus.
981 5622 993 5625 _
1066 5596 1095 5625 _.

580 5627 600 5656 ²
620 5618 807 5687 siciss.
824 5631 882 5675 At
902 5622 1038 5687 ω,
1059 5621 1111 5674 in
1131 5618 1216 5675 illo
1231 5625 1385 5673 erant.
1401 5618 1635 5684 Quisquis.
1662 5619 1777 5674 vide
1794 5633 1953 5686 supra,
1978 5619 2070 5673 col.

517 5689 696 5744 9ll.n.
726 5686 802 5737 18.

472 5802 479 5807 ,
583 5752 602 5789 3-
624 5755 752 5812 llss.,
767 5747 901 5826 gain.

1685 279 1744 337 S.
1781 263 2144 333 AUGUSTINI
2179 262 2485 324 EPISCOPT

3596 269 3704 327 988

2142 379 2235 435 ﬁlii
2263 380 2349 449 qui
2378 388 2655 436 nascentur
2680 389 2732 435 et
2750 390 3050 452 exsurgent.
3075 389 3128 436 et
3144 393 3359 438 narrent
3381 387 3395 418 ⁸
3421 385 3541 442 liliis
3558 390 3706 453 suis;

2141 484 2201 531 ut
2237 486 2435 547 ponant
2474 478 2525 531 in
2556 477 2663 532 Deo
2697 491 2845 548 spem
2875 491 3022 533 suam
3045 519 3059 542 ,
3085 489 3139 534 et
3187 495 3290 534 non
3334 480 3708 557 obliviscantur

2142 582 2363 639 operum
2414 568 2540 635 Dei,
2571 578 2625 624 et
2659 568 2907 624 mandata
2943 569 3056 640 ejus
3096 572 3394 642 exquirant.
3438 571 3670 630 Neliant
3692 616 3713 643 ,

2145 659 2281 714 sicut
2324 668 2499 729 patres
2548 663 3058 732 eorum,generatio
3097 678 3257 733 prava
3294 672 3348 718 et
3370 666 3716 733 amaricans;

2146 751 2418 820 generatio
2440 765 2558 821 quae
2592 766 2688 807 cor
2710 766 2815 806 non
2843 751 3037 807 direxit
3065 767 3242 819 suum,
3272 763 3323 809 et
3355 770 3459 809 non
3487 767 3570 811 est
3596 772 3715 813 cre-

2150 841 2292 897 ditus
2334 857 2456 898 cum
2500 843 2610 898 Deo
2637 843 2857 913 spiritus
2893 844 3026 915 ejus.
3064 863 3082 898 ι
3121 845 3245 901 [hec
3281 847 3441 903 verba
3484 849 3725 905 indicant

2152 931 2286 988 duos
2310 933 2699 1005 quodammodo
2737 936 2959 1006 populos
2982 952 2999 1001 ;
3021 936 3244 992 alterum
3280 938 3347 993 ad
3380 936 3561 1003 Vetus,
3591 941 3723 995 alte.

2153 1040 2269 1080 rum
2294 1024 2359 1079 ad
2382 1024 2587 1080 Novum
2603 1024 2999 1083 Testamentum
3020 1028 3368 1098 pertinentem
3393 1048 3408 1084 :
3434 1046 3557 1085 nam
3580 1032 3727 1102 quod

2155 1116 2258 1199 ait:
2293 1115 2495 1189 Quanta
2517 1116 2775 1171 mandavit
2823 1117 3047 1187 patribus
3092 1120 3277 1174 nostris
3315 1131 3433 1174 nota
3473 1126 3645 1192 facere
3668 1140 3727 1179 ea

2156 1208 2277 1280 ﬁliis
2301 1208 2405 1262 suis
2427 1249 2443 1276 ,
2474 1207 2720 1264 mandata
2747 1210 3124 1281 eosaccepisse
3150 1212 3304 1281 dixit,
3331 1224 3448 1268 nota
3473 1215 3647 1284 facere
3671 1234 3728 1271 ea

2156 1301 2277 1369 ﬁliis
2299 1302 2425 1366 suis,
2448 1315 2553 1357 non
2582 1309 2756 1358 tamen
2799 1316 2893 1358 eos
2937 1303 3219 1375 agnovisse
3243 1315 3335 1359 aut
3372 1305 3600 1373 fecisse;
3633 1309 3728 1365 sed

2159 1393 2223 1447 ad
2254 1395 2352 1449 hoc
2379 1402 2695 1465 acceperunt
2724 1394 2852 1464 ipsi,
2880 1405 2935 1449 ut
2962 1408 3226 1468 cognoscat
3248 1400 3501 1468 generatio
3530 1403 3693 1454 altera
3713 1444 3730 1465 ,

2158 1484 2298 1555 quod
2326 1485 2411 1539 illa
2437 1501 2543 1540 non
2567 1486 2833 1557 cognovit.
2854 1485 2980 1541 Filii
2998 1489 3082 1559 qui
3100 1499 3366 1542 nascentur
3379 1500 3425 1544 et
3439 1503 3729 1560 asurgent.

2160 1575 2291 1630 Nam
2318 1576 2394 1631 illi
2423 1577 2513 1647 qui
2534 1578 2646 1631 nati
2676 1586 2836 1642 sunt,
2883 1593 2989 1632 non
3014 1590 3444 1645 exsurrexerunt,
3471 1583 3596 1649 quia
3628 1598 3734 1638 non

2160 1683 2367 1722 sursum
2392 1683 2504 1733 cor,
2533 1668 2628 1724 sed
2652 1670 2702 1724 in
2731 1678 2871 1725 terra
2895 1670 3069 1739 potius
3086 1669 3400 1727 habuerunt.
3416 1673 3550 1728 Cum
3576 1674 3735 1728 Chri-

2161 1771 2245 1814 sto
2271 1761 2410 1814 enim
2452 1762 2751 1828 exsur’gitur
2782 1778 2797 1814 :
2831 1760 2972 1817 unde
2996 1762 3192 1817 dictum
3222 1750 3323 1827 est,
3357 1763 3418 1819 Si
3441 1746 3737 1819 maneti-

2162 1850 2253 1906 stis
2295 1867 2408 1904 cum
2437 1850 2635 1905 Christo
2658 1893 2675 1920 ,
2702 1868 2814 1922 quae
2848 1869 3051 1907 sursum
3072 1862 3188 1907 sunt
3206 1854 3367 1924 sapite
3394 1854 3611 1923 (Coloss.
3641 1871 3736 1922 ιιι,

2164 1944 2240 2016 1).
2280 1943 2346 1999 Et
2368 1956 2609 2011 narrent,
2638 1945 2841 2016 inquit,
2873 1946 2997 2017 ﬁliis
3035 1946 3176 2012 suis,
3214 1956 3271 2001 ut
3313 1958 3504 2018 ponant
3547 1950 3598 2001 in
3625 1948 3737 2003 Deo

2161 2052 2301 2109 spem
2324 2052 2488 2089 suam.
2514 2036 2587 2091 ita
2622 2036 2762 2091 enim
2794 2052 2898 2093 non
2940 2053 3087 2093 suam
3115 2038 3373 2108 justitiam
3399 2038 3529 2109 justi
3553 2042 3739 2096 volunt

2163 2126 2486 2182 constituere
2507 2167 2525 2195 ,
2550 2127 2645 2183 sed
2690 2129 2928 2185 revelant
2973 2130 3037 2185 ad
3095 2131 3254 2185 Deum
3295 2132 3436 2187 viam
3466 2147 3616 2187 suam
3637 2176 3654 2197 ,
3684 2144 3739 2189 et

2164 2227 2380 2287 sperant
2421 2219 2472 2273 in
2520 2233 2640 2274 eum
2666 2260 2681 2284 ,
2712 2228 2770 2273 ut
2794 2220 2908 2290 ipse
2934 2219 3094 2277 faciat
3118 2219 3287 2294 (Psal.
3320 2238 3486 2277 xxxvi
3511 2266 3527 2287 ,
3559 2225 3635 2293 5).
3672 2223 3740 2277 Et

2167 2327 2268 2365 non
2312 2312 2664 2366 obliviscantur
2690 2329 2898 2383 operum
2927 2314 3018 2368 Dei
3064 2332 3077 2370 :
3106 2316 3490 2387 magnilicando
3532 2318 3738 2374 scilicet

2166 2412 2219 2458 et
2236 2403 2485 2473 jactando
2512 2419 2674 2474 opera
2700 2418 2813 2469 sua,
2836 2415 3083 2477 tanquam
3106 2407 3201 2476 ipsi
3224 2407 3571 2474 faciant;cum
3596 2410 3743 2465 Deus

2168 2494 2238 2550 sit
2259 2495 2348 2565 qui
2372 2505 2622 2565 operatur
2643 2496 2695 2550 in
2716 2497 2795 2552 eis
2814 2498 2903 2568 qui
2926 2498 3063 2554 bona
3095 2508 3402 2568 operantur,
3432 2510 3485 2556 et
3505 2503 3664 2569 velle,
3688 2511 3743 2554 et

2167 2586 2412 2657 operari,
2444 2601 2541 2656 pro
2589 2587 2728 2643 bona
2772 2588 3045 2646 voluntate
3091 2588 3346 2662 (Philipp.
3395 2608 3468 2656 ιι,
3516 2592 3623 2664 f5).
3676 2595 3742 2647 Et

2169 2676 2408 2732 mandata
2432 2680 2542 2751 ejus
2567 2682 2850 2751 exquirant.
2885 2680 3016 2737 Cum
3038 2683 3148 2755 jam
3174 2700 3235 2740 ea
3264 2685 3577 2750 didicerint,
3605 2704 3739 2759 qm)-

2169 2768 2329 2824 modo
2353 2770 2672 2840 exquirant‘l,
2690 2770 2890 2837 Quanta
2917 2773 3057 2828 enim
3077 2814 3092 2839 ,
3121 2774 3327 2847 inquit,
3354 2777 3606 2830 mandavit
3636 2796 3743 2847 μαρ-

2170 2861 2328 2917 tribus
2374 2864 2559 2918 nostris
2607 2873 2726 2919 nota
2761 2864 2926 2934 {acere
2955 2881 3016 2921 ea
3055 2866 3177 2935 ﬁliis
3213 2868 3349 2933 suis,
3387 2878 3441 2920 ut
3466 2881 3740 2939 cognoscat

2169 2955 2423 3027 generatio
2463 2957 2645 3011 altera.
2697 2956 2834 3025 Quid
2883 2959 3209 3030 cognoscat?
3260 2959 3442 3030 Utique
3484 2962 3740 3017 mandata

2170 3061 2289 3118 qua:
2316 3047 2603 3103 mandavit.
2650 3048 2925 3117 Quomodo
2952 3067 3079 3122 ergo
3111 3052 3281 3108 adhuc
3300 3053 3604 3125 exquirant,
3635 3057 3741 3110 nisi

2170 3141 2290 3209 quia
2320 3140 2570 3211 ponendo
2598 3141 2648 3196 in
2682 3142 2788 3197 Deo
2813 3158 2961 3215 spem
2988 3159 3136 3199 suam
3160 3187 3175 3209 ,
3200 3154 3324 3202 tunc
3351 3148 3596 3202 mandata
3626 3149 3743 3218 ejus

2172 3233 2486 3302 exquirant,
2522 3242 2580 3287 ut
2603 3233 2672 3289 ab
2693 3235 2771 3289 eis
2797 3234 2891 3289 illo
2913 3235 3194 3305 adjuvante
3220 3239 3635 3309 compleantur?
3661 3240 3743 3294 Ne

2173 3322 2320 3399 ﬁant,
2341 3323 2471 3377 sicut
2497 3333 2664 3394 patres
2687 3341 2860 3379 eorum
2878 3368 2893 3393 ,
2915 3328 3167 3397 generatio
3190 3344 3345 3399 prava
3367 3339 3414 3384 et
3437 3332 3744 3395 amaricans;

2172 3398 2425 3483 generatio
2471 3429 2586 3483 qua!
2625 3431 2728 3471 non
2762 3416 2946 3472 direxit
2979 3433 3068 3472 cor
3106 3398 3270 3472 suum.
3305 3419 3370 3473 Et
3397 3420 3526 3475 dicit
3547 3437 3743 3491 quare,

2175 3503 2427 3559 continuo
2454 3504 2857 3578 subjungendo,
2888 3505 2958 3562 Et
3001 3524 3103 3562 non
3129 3519 3201 3564 est
3229 3510 3448 3564 creditus
3487 3528 3599 3565 cum
3631 3511 3746 3567 Deo

2176 3598 2382 3668 spiritus
2404 3599 2513 3671 ejus
2547 3614 2567 3654 :
2596 3597 2652 3655 id
2678 3607 2791 3667 est,
2830 3601 2954 3671 quia
3002 3616 3112 3656 non
3154 3601 3381 3658 habebat
3416 3603 3595 3668 ﬁdem,
3625 3621 3748 3674 qua:

2177 3688 2424 3760 impetrat
2446 3689 2586 3762 quod
2598 3690 2707 3747 Lex
2729 3691 2972 3761 imperat.
2998 3692 3219 3760 Quando
3239 3694 3380 3748 enim
3402 3710 3524 3750 cum
3550 3696 3773 3764 Spiritu‘

2177 3784 2272 3840 Dei
2298 3793 2554 3854 operante
2577 3785 2793 3855 Spiritus
2820 3785 3049 3842 hominis
3073 3797 3406 3858 cooperator,
3440 3800 3565 3845 lllllc
3606 3792 3748 3861 quod

2122 3896 2125 3899 λ
2179 3878 2319 3934 Deus
2354 3877 2512 3948 jussit
2556 3879 2837 3950 impletur;
2866 3888 2920 3935 et
2949 3878 3049 3935 hoc
3076 3896 3183 3935 non
3232 3879 3323 3947 fit,
3351 3884 3452 3937 nisi
3481 3885 3751 3940 credendo

2181 3970 2249 4025 ins-
2286 3984 2407 4026 eum
2459 3971 2551 4041 qui
2589 3970 2845 4040 jnstiﬁcat
2884 3970 3102 4041 impium
3152 3972 3324 4042 (Rom.
3352 3990 3438 4040 tv,
3476 3976 3557 4040 5}.
3581 3976 3749 4043 Quam

2180 4063 2336 4118 tidem
2367 4078 2471 4118 non
2517 4062 2697 4118 habuit
2737 4063 3009 4132 generatio
3052 4079 3210 4133 prava
3240 4075 3293 4118 et
3338 4068 3671 4129 amarieans;
3700 4081 3753 4123 et

2182 4157 2302 4213 ideo
2329 4157 2398 4213 de
2442 4156 2529 4212 illa
2557 4156 2755 4213 dictum
2799 4166 2917 4212 est:
2947 4156 3069 4212 Non
3107 4167 3181 4212 est
3218 4160 3436 4213 creditus
3477 4177 3592 4213 cum
3646 4160 3755 4216 Deo

2180 4249 2390 4319 spiritus
2416 4249 2548 4318 ejus.
2588 4247 2751 4304 Multo
2776 4248 2919 4303 enim
2949 4249 3050 4303 hoc
3075 4250 3379 4321 expressius
3403 4251 3603 4306 dictum
3630 4264 3715 4307 est
3734 4294 3753 4320 ,

2182 4340 2247 4395 ad
2289 4339 2684 4411 signiﬁcandam
2712 4340 2933 4410 gratiam
2965 4340 3095 4407 Dei,
3121 4357 3239 4411 quae
3278 4358 3381 4396 non
3407 4343 3581 4397 solum
3617 4359 3755 4412 ope-

2181 4441 2328 4487 ratur
2374 4431 2738 4486 remissionem
2784 4440 3117 4502 peccatorutn
3139 4475 3154 4497 ,
3204 4433 3296 4488 sed
3348 4435 3507 4487 etiam
3552 4450 3760 4505 conpc-v

2184 4532 2386 4577 rantem
2440 4521 2538 4576 sibi
2590 4522 2712 4577 facit
2772 4522 2999 4577 hominis
3035 4523 3277 4592 spiritum
3332 4525 3384 4578 in
3438 4542 3603 4594 opere
3660 4528 3759 4582 ho-

2183 4630 2373 4671 norum
2417 4616 2712 4678 factorum;
2757 4616 2904 4686 quasi
2951 4615 3180 4683 diceret,
3208 4615 3320 4671 Non
3364 4618 3592 4673 credidit
3642 4620 3758 4685 Deo

2183 4708 2403 4777 Spiritus
2450 4708 2584 4779 ejus.
2611 4707 2724 4764 Hoc
2762 4717 2844 4762 est
2868 4708 3010 4762 enim
3060 4707 3252 4764 habere
3296 4726 3415 4763 cum
3442 4710 3554 4765 Deo
3583 4713 3755 4766 credi-

2184 4812 2294 4856 tum
2324 4800 2598 4872 spiritum,
2630 4815 2735 4854 non
2769 4799 2988 4855 credere
3024 4800 3265 4870 spiritum
3306 4818 3459 4855 suum
3491 4817 3653 4871 posse
3682 4806 3757 4857 fa-

2183 4908 2305 4948 cere
2326 4893 2442 4947 sine
2468 4892 2576 4948 Deo
2596 4891 2848 4961 justitiam
2875 4931 2891 4956 ,
2919 4889 3011 4945 sed
3038 4905 3156 4945 cum
3186 4890 3314 4946 Deo.
3348 4890 3459 4945 Hoc
3482 4904 3565 4946 est
3595 4895 3754 4947 etiam

2183 4984 2405 5041 credere
2429 4985 2481 5039 in
2504 4983 2691 5049 Deum;
2721 4981 2860 5053 quod
2889 4982 3069 5053 utique
3089 4982 3207 5051 plus
3231 4990 3315 5038 est
3337 4999 3493 5052 quam
3530 4984 3755 5040 credere

2187 5077 2320 5132 Deo.
2344 5075 2477 5132 Nam
2519 5084 2575 5131 et
2602 5074 2803 5131 homini
2831 5075 3049 5130 cuilibet
3079 5074 3389 5146 plerumque
3426 5077 3754 5131 credendum

2184 5177 2284 5232 est,
2306 5166 2545 5238 quamvis
2569 5167 2622 5221 in
2648 5181 2769 5221 eum
2799 5181 2905 5220 non
2929 5166 2998 5220 sit
3020 5165 3365 5222 credendum.
3383 5166 3495 5221 Hoc
3518 5179 3606 5224 est
3630 5184 3756 5239 ergo

2183 5260 2401 5318 credere
2448 5258 2501 5315 in
2528 5259 2724 5325 Deum,
2767 5258 3032 5315 credendo
3071 5258 3347 5315 adhaerere
3397 5259 3465 5315 ad
3505 5261 3645 5317 bene
3669 5277 3758 5317 co-

2182 5350 2510 5424 operandum
2538 5350 2678 5406 bona
2701 5350 2943 5421 aperanti
2971 5350 3112 5407 Deo:
3146 5351 3281 5416 Quia
3304 5352 3412 5407 sine
3438 5368 3538 5419 me,
3567 5354 3756 5424 inquit,

2184 5446 2312 5501 nihil
2336 5443 2538 5516 potestis
2572 5446 2738 5515 facere
2778 5442 2957 5514 (Joan.
2993 5458 3080 5507 xv,
3111 5443 3183 5514 5).
3230 5443 3367 5512 Quid
3412 5456 3592 5501 autem
3643 5448 3762 5514 plus

2187 5535 2313 5592 hinc
2363 5533 2645 5607 Apostolus
2683 5532 2864 5590 dicere
2910 5534 3119 5603 potuit,
3148 5550 3308 5605 quam
3347 5537 3491 5605 quod
3515 5537 3631 5592 ait:
3661 5538 3764 5603 Qui

2185 5639 2352 5686 autem
2396 5629 2621 5683 adlta'ret
2645 5608 2887 5696 Domino,
2914 5644 3043 5683 unus
3084 5628 3293 5698 spiritus
3321 5641 3395 5683 est
3442 5630 3488 5701 (l
3516 5631 3639 5688 Cor.
3669 5649 3761 5700 vt,

2258 5745 2275 5777 τ
2296 5743 2367 5792 sic
2385 5748 2492 5793 Mss.
2518 5746 2573 5792 At
2594 5738 2704 5791 Edd.
2729 5738 2820 5792 hoc
2841 5746 3022 5793 tantum
3038 5736 3161 5803 loco,
3180 5741 3459 5792 narrabam.
