4020 6198
409 295 512 352 989

412 416 524 482 17).
554 412 797 482 Alioquin
821 411 904 465 lex
932 409 1016 463 illa
1049 407 1399 463 testimonium
1429 416 1509 463 est
1533 421 1638 476 quo
1664 407 1961 471 damnetur,

411 521 514 559 nou
572 518 676 575 quo
714 500 1017 557 absolvatur
1045 513 1182 553 reus.
1234 498 1425 552 Littera
1466 498 1604 551 enim
1646 507 1728 553 est
1752 497 1925 551 minax
1949 538 1964 562 ,

410 612 529 667 quae
559 572 835 651 convincat
859 592 1307 663 praevaricatores;
1333 603 1438 644 non
1458 588 1673 659 Spiritus
1691 572 1981 659 adjuvans,

410 687 501 757 qui
550 686 737 741 liberet
781 692 834 740 et
865 683 1116 752 justiﬁeet
1154 689 1475 751 peceatores.
1514 678 1798 735 Generatio
1839 694 1967 749 ergo

416 781 536 842 illa,
567 777 717 848 cujus
760 774 1056 846 exemplum
1097 772 1389 829 cavendum
1424 782 1538 840 est,
1583 772 1700 826 ideo
1729 786 1885 842 prava
1911 781 1966 827 et

414 871 704 925 amaricans
728 867 846 935 fuit,
872 868 993 939 quia
1015 883 1113 921 non
1144 876 1215 920 est
1242 865 1455 919 creditus
1482 880 1595 918 cum
1627 863 1734 918 Deo
1758 864 1964 934 spiritus

408 964 518 1029 eius
537 984 556 1022 :
593 962 714 1033 quia
740 960 839 1017 etsi
866 960 1038 1029 aliqua
1077 956 1300 1012 credidit
1334 956 1442 1011 Deo
1464 997 1480 1021 ,
1508 970 1613 1010 non
1650 964 1822 1010 tamen
1848 968 1964 1009 cre-

408 1057 543 1110 didit
568 1055 620 1109 in
650 1055 835 1117 Deum;
861 1066 971 1106 non
993 1065 1058 1105 ex
1078 1048 1180 1103 ﬁde
1203 1047 1427 1102 adhaesit
1453 1047 1590 1113 Deo,
1616 1054 1676 1101 ut
1717 1054 1900 1100 sanata
1930 1061 1961 1101 a

408 1147 519 1202 Deo
542 1146 679 1201 bene
705 1149 1077 1215 cooperaretur
1099 1155 1219 1196 cum
1256 1145 1506 1208 operante
1526 1138 1577 1193 in
1603 1152 1664 1192 se
1690 1137 1818 1192 Deo.
1934 1130 1937 1133 ⁷

473 1236 527 1292 9.
568 1234 718 1308 [vers.
748 1233 827 1307 9.]
869 1233 1121 1302 Denique,
1166 1230 1289 1283 Filii
1317 1229 1553 1300 Ephrazm
1579 1227 1887 1282 intendentes
1912 1236 1959 1281 et

405 1329 647 1381 mittentes
670 1328 835 1390 arcus,
863 1322 1087 1377 conversi
1112 1332 1228 1375 sunt
1250 1320 1303 1374 in
1345 1320 1427 1373 die
1468 1318 1602 1373 belli.
1631 1312 1959 1387 Persequen-

405 1429 485 1474 tes
513 1418 704 1488 Legem
728 1415 966 1487 justitize,
1016 1414 1067 1467 in
1097 1412 1291 1482 Legem
1312 1409 1529 1480 justitia:
1570 1423 1675 1464 non
1706 1424 1956 1479 pervene-

401 1517 522 1563 runt
544 1508 717 1578 (Rom.
753 1521 829 1569 ix,
861 1502 973 1573 51).
1006 1500 1219 1569 Quare?
1242 1500 1371 1569 Quia
1408 1514 1515 1554 non
1541 1514 1603 1555 ex
1632 1499 1754 1553 fide.
1782 1496 1952 1554 Gene-

401 1599 534 1653 ratio
560 1597 699 1652 enim
724 1605 857 1661 erat,
890 1596 1037 1663 cujus
1072 1593 1285 1662 spiritus
1309 1606 1427 1645 cum
1453 1592 1562 1645 Deo
1586 1590 1817 1644 creditus
1847 1606 1951 1645 non

397 1700 503 1763 est,
548 1690 638 1745 sed
662 1700 904 1758 tanquam
933 1695 999 1742 ex
1024 1684 1271 1755 operibus
1295 1700 1308 1749 ;
1335 1684 1455 1753 quia
1484 1700 1588 1737 non
1625 1683 1760 1737 sicut
1787 1691 1952 1736 teten-

395 1781 471 1836 dit
524 1790 576 1835 et
617 1779 761 1834 misit
802 1793 954 1832 arcus
995 1776 1154 1847 (quod
1188 1774 1313 1829 foris
1344 1784 1581 1843 apparet,
1626 1782 1870 1842 tanquam
1900 1773 1949 1825 in

393 1872 642 1940 operibus
662 1869 864 1940 Legis),
897 1871 966 1923 ita
991 1866 1184 1923 direxit
1212 1876 1265 1921 et
1290 1880 1400 1928 cor,
1432 1863 1515 1919 ubi
1539 1864 1712 1933 justus
1736 1863 1863 1917 vivit
1885 1878 1952 1917 ex

394 1962 499 2018 ﬁde
520 1961 630 2033 (Id.
664 1977 701 2027 ι,
726 1962 838 2029 17),
862 1976 978 2030 quae
1006 1975 1100 2029 per
1115 1957 1443 2012 dilectionem
1471 1965 1718 2025 Operatur
1737 1951 1876 2023 (Gal.
1894 1969 1946 2019 v,

394 2054 470 2125 6),
513 2069 613 2125 qua
643 2052 929 2107 inhreretur
970 2051 1099 2116 Deo,
1132 2048 1221 2119 qui
1259 2056 1505 2117 operatur
1542 2046 1594 2100 in
1631 2044 1865 2111 homine,
1896 2054 1949 2098 et

391 2145 549 2211 velle,
564 2152 631 2211 (et
650 2142 878 2214 operari,
906 2156 1002 2211 pro
1022 2140 1159 2193 bona
1185 2138 1450 2191 voluntate
1469 2135 1724 2206 (Philipp.
1749 2151 1807 2202 ιι,
1833 2135 1945 2203 15).

390 2235 521 2291 Nam
549 2235 672 2305 quid
715 2243 796 2289 cst
838 2231 977 2286 aliud
1021 2230 1233 2284 tendere
1263 2242 1465 2293 arcum,
1514 2238 1569 2281 et
1615 2226 1845 2290 mittere,
1896 2237 1949 2280 et

392 2328 624 2382 converti
653 2327 704 2380 in
730 2325 829 2381 dies
846 2323 989 2387 belli,
1020 2321 1119 2375 nisi
1160 2318 1431 2377 attendere
1467 2328 1522 2373 et
1555 2318 1863 2388 promittere
1894 2317 1944 2370 in

393 2418 481 2473 die
513 2416 816 2481 auditionis,
847 2423 901 2469 et
938 2412 1184 2467 deserere
1211 2410 1262 2462 in
1291 2408 1377 2464 die
1419 2408 1755 2471 tentationis;
1786 2407 1947 2462 armis

390 2509 539 2578 quasi
569 2506 868 2578 proludere,
908 2513 959 2559 et
998 2502 1060 2559 ad
1105 2501 1286 2555 horam
1330 2492 1633 2554 certaminis
1673 2497 1811 2574 nolle
1846 2511 1945 2565 pu-

389 2596 584 2669 gnare?
623 2595 771 2664 Quod
810 2609 937 2649 sane
974 2594 1065 2655 ait,
1097 2591 1346 2645 tendentes
1387 2599 1434 2644 et
1476 2590 1720 2643 mittentes
1761 2604 1946 2654 arcus;

392 2706 511 2745 cum
553 2688 799 2743 debuisse
835 2686 1011 2740 dicere
1052 2683 1312 2747 videatur,
1356 2682 1629 2737 tendentes
1674 2694 1848 2740 arcus,
1893 2687 1948 2736 et

391 2784 659 2837 mittentes
689 2779 933 2849 sagittas;
973 2791 1077 2830 non
1105 2774 1244 2830 enim
1280 2774 1434 2829 arcus
1476 2772 1717 2837 mittitur,
1760 2771 1853 2827 sed
1878 2770 1947 2825 ab

389 2891 512 2929 arcu
538 2870 734 2943 aliquid
780 2869 1006 2924 mittitur
1033 2886 1044 2920 ί
1074 2874 1164 2921 aut
1192 2866 1276 2921 illa
1309 2866 1501 2920 locutio
1528 2874 1610 2920 est
1636 2864 1703 2919 de
1731 2879 1831 2934 qua
1856 2878 1946 2918 su-

391 2966 566 3035 perius
587 2961 948 3028 disseruimus,
971 2959 1056 3015 ubi
1079 2960 1271 3014 dictum
1294 2967 1393 3024 est,
1418 2957 1684 3013 Suscitavit
1706 2956 1947 3011 Testimo-

391 3057 547 3121 nium,
578 3053 699 3124 quia
739 3052 1011 3106 suscitavit
1046 3049 1238 3119 aliquid
1268 3049 1625 3113 Testimonio;
1654 3049 1724 3103 ita
1754 3059 1807 3104 et
1835 3048 1941 3115 hic,

391 3149 633 3201 mittentes
670 3161 838 3210 arcus,
884 3144 1002 3213 quia
1049 3142 1303 3210 miserunt
1334 3139 1529 3210 aliquid
1568 3139 1791 3195 arcubus
1815 3158 1829 3193 :
1856 3148 1945 3194 aut

388 3240 643 3293 obscurus
682 3235 814 3291 ordo
857 3234 1137 3290 verborum
1182 3241 1282 3299 est,
1331 3247 1450 3287 cum
1499 3231 1943 3302 praetermissione

387 3328 553 3393 verbi,
582 3325 719 3398 quod
752 3326 910 3381 etiam
932 3324 1144 3380 tacitum
1183 3322 1598 3378 subaudiendum
1624 3330 1725 3388 est,
1758 3331 1814 3375 ut
1843 3323 1942 3377 iste

386 3419 517 3475 Ordo
546 3419 633 3484 sit,
670 3417 789 3472 Filii
814 3414 1054 3488 Ephrem
1078 3414 1384 3470 intendentes
1416 3431 1579 3478 arcus,
1608 3424 1655 3468 et
1674 3415 1939 3480 mittentes,

386 3522 440 3567 et
479 3510 834 3575 subaudiatur,
868 3507 1130 3578 Sagittas;
1172 3507 1480 3576 pleniusque
1521 3504 1606 3570 sit,
1641 3504 1941 3559 Tendentes

389 3617 560 3664 arcus,
600 3610 653 3654 et
691 3600 963 3654 mittentes
1000 3598 1215 3668 sagittas
1245 3615 1260 3652 :
1287 3597 1405 3667 quia
1446 3596 1602 3649 etiam
1640 3596 1685 3648 si
1720 3595 1936 3655 diceret,

388 3691 714 3755 Tendentes,
760 3698 814 3743 et
843 3688 1111 3742 mittentes
1148 3687 1381 3756 sagittas,
1428 3700 1531 3739 non
1570 3684 1768 3754 utique,
1802 3683 1940 3738 Ten-

386 3784 570 3837 dentes
599 3782 837 3851 sagittas,
868 3780 1156 3848 intelligere
1181 3778 1520 3843 deberemus;
1550 3777 1639 3831 sed
1669 3777 1848 3831 audito
1875 3791 1940 3832 eo

386 3873 525 3944 quod
573 3872 728 3935 dixit,
781 3870 1098 3933 Tendentes,
1150 3869 1429 3923 subaudire
1479 3869 1675 3937 potius,
1722 3870 1933 3934 Arcum,

386 3965 623 4036 quamvis
663 3963 858 4018 dictum
905 3976 1007 4014 non
1060 3960 1235 4014 fuerit.
1274 3958 1518 4014 Nonnulli
1570 3973 1697 4014 sane
1732 3958 1939 4013 codices

385 4057 539 4126 graeci
568 4056 762 4109 habere
788 4053 1052 4117 dicuntur,
1083 4051 1332 4105 tendentes
1352 4061 1397 4103 et
1426 4051 1672 4104 mittentes
1702 4048 1934 4116 arcubus,

387 4162 437 4202 ut
469 4149 584 4202 sine
609 4146 934 4201 dubitatione
962 4143 1337 4199 subaudiamus
1362 4141 1606 4212 Sagittas.
1633 4141 1783 4211 Quod
1812 4159 1938 4199 vero

386 4256 479 4308 per
530 4240 663 4293 filios
707 4236 951 4307 Ephrmm
1012 4235 1309 4288 universam
1358 4234 1497 4288 illam
1547 4234 1937 4304 generationem

386 4331 759 4383 a-naricantem
793 4325 1009 4395 intelligi
1056 4325 1241 4389 voluit,
1274 4325 1465 4378 locutio
1493 4333 1576 4378 est
1615 4340 1643 4378 a
1671 4336 1819 4393 parte
1856 4336 1936 4381 to-

386 4433 495 4477 tum
542 4416 862 4491 sngniﬁcans.
891 4420 955 4471 Et
981 4416 1099 4471 ideo
1133 4414 1355 4469 fortasse
1375 4414 1541 4469 electa
1568 4424 1650 4470 est
1673 4415 1770 4468 ista
1795 4431 1934 4485 pars,

386 4531 449 4569 ex
479 4529 579 4583 qua
601 4512 688 4567 ille
728 4511 952 4581 populus
988 4518 1125 4562 totus
1162 4506 1567 4576 signiﬁcaretur,
1593 4506 1715 4575 quia
1748 4506 1814 4561 de
1855 4506 1937 4561 his

386 4604 712 4672 potissimum
744 4601 866 4655 boni
900 4599 1095 4671 aliquid
1137 4597 1543 4667 ex5pectandum
1569 4598 1695 4664 fuit;
1726 4598 1843 4667 quia
1872 4614 1939 4654 ex

385 4690 476 4747 illo
507 4693 612 4746 nati
641 4702 784 4757 sunt,
810 4705 964 4759 quem
989 4697 1230 4759 nepotem
1258 4702 1411 4740 suum
1438 4686 1618 4751 lacob,
1649 4688 1887 4757 quamvis
1907 4702 1937 4741 a

386 4795 537 4854 patre
564 4784 678 4853 ejus
717 4794 962 4853 tanquam
1006 4783 1264 4835 minorem
1306 4779 1372 4833 ad
1401 4778 1663 4833 sinistram
1689 4780 1938 4834 constitu-

386 4884 515 4939 tum,
542 4890 698 4928 manu
731 4884 903 4927 tamen
945 4874 1159 4928 dextera
1185 4870 1468 4931 benedixit,
1505 4886 1728 4940 eumque
1752 4872 1937 4940 majori

386 4963 532 5017 fratri
556 4978 749 5019 arcana
767 4961 1128 5018 benedictione
1150 4962 1430 5033 praeposuit
1449 4960 1596 5031 (Gen.
1618 4977 1792 5027 min,
1812 4960 1935 5035 14);

389 5055 607 5125 utquod
634 5055 704 5109 ita
739 5058 842 5112 hoc
868 5055 986 5109 loco
1034 5056 1199 5110 tribus
1226 5055 1313 5109 illa
1345 5054 1602 5122 culpatur,
1642 5069 1738 5109 nce
1779 5069 1938 5124 appa~

386 5144 557 5200 ruisse
583 5146 638 5200 in
675 5160 738 5201 ea
767 5147 906 5216 quod
936 5146 1023 5200 illa
1054 5145 1348 5201 benedictio
1382 5146 1717 5216 promittebat
1756 5156 1936 5201 osten-

386 5236 543 5302 ditur,
588 5237 719 5293 satis
748 5239 1102 5309 intelligamus
1141 5238 1280 5307 quod
1324 5240 1479 5293 etiam
1508 5248 1630 5294 tunc
1670 5254 1733 5293 ex
1764 5238 1936 5295 verbis

384 5328 697 5399 patriarcha:
720 5328 883 5384 Jacob
918 5331 1070 5401 longe
1094 5328 1232 5383 aliud
1264 5328 1603 5399 ﬁgurabatur,
1635 5343 1786 5397 quam
1818 5345 1937 5396 pru-

382 5418 557 5474 dentia
577 5420 751 5474 carnis
775 5429 1061 5490 exspectat.
1085 5420 1429 5492 Figurabatur
1448 5421 1586 5474 enim
1613 5419 1752 5489 quod
1780 5418 1935 5473 futuri

386 5522 568 5567 essent
594 5514 863 5568 novissimi
891 5498 977 5583 qui
1004 5524 1153 5568 erant
1183 5512 1355 5582 primi,
1394 5522 1447 5567 et
1477 5496 1626 5581 primi
1664 5511 1822 5565 futuri
1847 5529 1934 5567 es-

384 5612 506 5658 sent
535 5605 623 5673 qui
652 5614 802 5660 erant
835 5604 1101 5658 novissimi
1135 5603 1337 5673 (Matth.
1373 5619 1457 5663 xx,
1489 5604 1599 5669 16),
1630 5618 1722 5670 per
1749 5602 1931 5657 Salva-

387 5694 517 5767 toris
538 5694 838 5763 adventum,
860 5695 923 5751 de
943 5710 1047 5764 quo
1067 5692 1259 5749 dictum
1284 5702 1361 5747 est
1389 5711 1401 5748 :
1431 5694 1527 5756 Qui
1554 5704 1659 5763 post
1684 5711 1757 5745 me
1775 5694 1921 5760 mit,

1461 275 1935 345 manuarium
1975 289 2286 346 PSALMUM
2327 291 2577 348 Lxxvn.

3523 303 3623 359 990

2077 419 2192 461 ante
2219 426 2296 463 me
2319 410 2480 478 factus
2513 421 2583 467 est
2611 412 2784 482 (Joan.
2814 431 2852 480 ι,
2880 414 2994 489 27).
3041 415 3130 473 Sic
3160 418 3285 474 Abel
3309 418 3480 489 justus
3509 438 3623 476 ma-

2065 498 2168 567 jori
2198 503 2441 570 praelatus
2491 514 2573 560 est
2611 504 2759 560 fratri
2803 506 2952 577 (Gen.
2981 525 3053 574 tv,
3080 510 3134 573 4,
3177 511 3255 580 5),
3301 512 3377 567 sic
3421 514 3621 569 lsmaeli

2068 589 2211 646 Isaac
2237 592 2344 661 (Id.
2373 611 2479 659 xxi,
2509 597 2616 669 12),
2643 599 2718 655 sic
2759 599 2896 655 Esau
2924 603 3235 673 congemino
3269 618 3380 668 suo,
3409 605 3501 659 sed
3541 614 3620 660 ta-

2066 695 2188 735 men
2216 682 2359 750 prius
2383 694 2523 749 nato,
2559 687 2669 756 ipse
2691 688 2851 743 Jacob
2879 688 2987 760 (Id.
3020 707 3141 757 xxv,
3170 691 3262 761 25)
3283 709 3297 757 ;
3320 693 3397 746 sic
3422 693 3620 751 Phares

2065 780 2120 826 et
2143 774 2254 842 ipse
2278 778 2640 845 eongeminum
2667 795 2840 843 suum,
2868 782 2955 850 qui
2982 782 3122 851 prius
3145 798 3353 837 manum
3381 799 3446 837 ex
3473 794 3619 839 utero

2064 864 2297 922 miserat.
2336 877 2390 921 et
2415 881 2649 937 casperat
2680 872 2841 935 nasci,
2871 876 3028 928 etiam
3065 875 3327 930 nascendo
3357 877 3623 945 pra‘ccssit

2064 952 2177 1023 (Id.
2213 970 2395 1021 x-xvtu,
2417 958 2639 1030 27-29);
2668 962 2744 1016 sic
2775 964 2932 1017 David
2964 964 3244 1033 majoribus
3275 965 3518 1034 prirlatus
3539 977 3621 1021 cst

2061 1043 2311 1101 fratribus
2329 1046 2372 1119 (Ι
2397 1050 2523 1120 Reg.
2549 1067 2660 1117 xvr,
2690 1052 2776 1121 12)
2805 1064 2888 1109 :et
2909 1066 3117 1124 propter
3136 1056 3273 1125 quod
3298 1055 3410 1109 ista:
3435 1072 3618 1111 omnes

2060 1144 2219 1207 atque
2248 1138 2367 1194 aliae
2404 1141 2623 1209 similes,
2650 1157 2753 1198 non
2793 1146 2960 1199 solum
2998 1145 3281 1209 dictorum,
3334 1145 3426 1199 sed
3456 1146 3615 1200 etiam

2059 1226 2312 1282 factorum
2341 1232 2599 1298 parabolze
2625 1244 3021 1302 praecesserunt,
3066 1235 3143 1289 sic
3174 1234 3365 1305 popqu
3391 1234 3607 1289 ludam-

2056 1332 2174 1373 rum
2202 1321 2447 1389 przelatus
2474 1331 2554 1377 est
2589 1324 2808 1392 populus
2850 1326 3187 1391 christianos,
3222 1341 3315 1396 pro
3340 1341 3444 1396 quo
3494 1327 3615 1381 red-

2059 1407 2290 1475 imendo,
2321 1412 2758 1481 quemadmodum
2790 1416 2918 1470 Abel
2948 1431 2976 1468 a
3003 1416 3127 1471 Cain
3160 1416 3313 1487 (Gen.
3337 1434 3406 1481 tv,
3429 1417 3509 1486 8),
3539 1419 3616 1473 sic

2056 1512 2085 1551 a
2112 1499 2308 1555 Judaeis
2330 1502 2534 1558 occisus
2562 1514 2642 1559 est
2668 1506 2926 1560 Christus.
2964 1506 3075 1563 Hoc
3102 1507 3490 1577 praeﬁguratum
3534 1517 3615 1563 est

2055 1593 2194 1648 enim
2223 1596 2380 1649 etiam
2405 1612 2524 1651 cum
2544 1597 2704 1651 Jacob
2726 1598 3041 1653 decussatim
3068 1602 3320 1668 porrectis
3348 1599 3608 1665 manibus,

2056 1684 2268 1741 dextera
2322 1688 2491 1757 tetigit
2536 1688 2782 1758 Ephraam
2827 1690 2891 1750 ad
2934 1691 3199 1745 sinistram
3237 1692 3606 1753 constitutum;

2055 1792 2278 1848 eumque
2307 1781 2591 1849 praeposuit
2627 1781 2863 1835 Mauasse
2905 1782 2967 1834 ad
2998 1781 3265 1836 dexteram
3305 1782 3605 1841 constituto,

2052 1882 2208 1936 quem
2238 1869 2450 1924 sinistra
2482 1872 2594 1940 ipse
2619 1871 2881 1941 tangebat.
2909 1870 3038 1925 Nam
3068 1871 3353 1926 secundum
3393 1886 3607 1925 carnem

2053 1958 2148 2025 ﬁlii
2183 1957 2423 2028 Eplmem
2459 1961 2763 2015 intendentes
2806 1970 2854 2015 et
2886 1962 3131 2016 mittentes
3173 1978 3337 2026 arcus,
3387 1961 3607 2014 conversi

2051 2059 2167 2102 sunt
2182 2049 2235 2102 in
2255 2050 2335 2104 die
2360 2050 2497 2107 belli.

2122 2139 2208 2195 10.
2250 2139 2396 2212 [vers.
2428 2141 2538 2214 10.]
2576 2141 2709 2209 Quid
2747 2144 2816 2198 sit
2858 2154 3031 2198 autem
3074 2142 3213 2212 quod
3240 2142 3334 2208 ait,
3376 2140 3609 2196 Conversi

2048 2240 2167 2284 sunt
2191 2232 2243 2285 in
2268 2232 2348 2285 die
2372 2234 2505 2300 belli,
2531 2237 2903 2305 consequentia
2930 2236 3142 2301 docent,
3172 2234 3360 2305 quibus
3385 2235 3435 2289 id
3464 2250 3610 2303 aper-

2052 2320 2253 2376 tissime
2277 2325 2517 2393 exposuit
2542 2340 2561 2377 :
2588 2323 2706 2379 Non
2740 2325 3095 2391 custodierunt,
3125 2326 3309 2395 inquit,
3349 2335 3608 2380 testamen-

2050 2419 2155 2465 tum
2183 2410 2299 2479 Dei,
2327 2414 2444 2467 etin
2469 2414 2574 2485 lege
2609 2415 2716 2485 ejus
2741 2416 2999 2470 noluerunt
3021 2415 3291 2469 ambulare.
3323 2416 3460 2471 Ecce
3483 2416 3606 2486 quid

2049 2510 2150 2568 est,
2173 2501 2407 2558 Conversi
2441 2513 2555 2558 sunt
2593 2505 2645 2557 in
2674 2504 2754 2558 die
2780 2503 2898 2559 belli
2917 2520 2938 2560 :
2966 2520 3069 2559 non
3096 2505 3507 2561 observaverunt
3532 2515 3608 2560 te-

2048 2599 2365 2646 stamentum
2415 2594 2527 2648 Dei.
2580 2593 2679 2650 Ubi
2720 2609 2874 2649 arcus
2915 2594 3193 2651 tendentes
3227 2603 3281 2651 et
3319 2595 3604 2661 mittentes,

2048 2680 2205 2735 etiam
2248 2682 2614 2752 promissionis
2642 2686 3041 2755 promptissima:
3076 2685 3235 2740 verba
3256 2685 3604 2755 protulerunt,

2048 2771 2282 2827 dicentes
2312 2791 2325 2827 :
2356 2774 2690 2844 Quacumque
2725 2775 2918 2829 locutus
2960 2786 3033 2831 est
3071 2774 3317 2830 Dominus
3344 2775 3482 2831 Deus
3510 2793 3604 2831 no-

2048 2872 2165 2930 ster,
2202 2864 2440 2932 faciemus
2480 2876 2524 2919 et
2562 2867 2820 2922 audiemus
2846 2868 2863 2899 ⁸
2898 2866 3086 2939 (Exod.
3114 2885 3222 2937 XIX,
3250 2869 3330 2940 8).
3374 2869 3604 2926 Conversi

2046 2965 2162 3009 sunt
2186 2954 2237 3008 in
2265 2955 2346 3009 die
2369 2956 2482 3009 belli
2506 2972 2523 3010 :
2550 2958 2667 3027 quia
2710 2960 3107 3027 promissionem
3132 2961 3465 3029 obedientiae,
3499 2978 3602 3018 non

2046 3045 2266 3112 auditio,
2289 3046 2382 3101 sed
2404 3048 2618 3103 tentatio
2644 3048 2849 3118 probat.
2873 3049 3031 3119 Cujus
3049 3059 3131 3106 est
3155 3063 3328 3108 autem
3347 3067 3465 3108 cum
3493 3052 3602 3109 Deo

2045 3137 2260 3206 spiritus
2285 3136 2537 3203 creditus,
2569 3137 2776 3192 ﬁdelem
2824 3149 2964 3194 tenet
2992 3140 3177 3207 Deum,
3204 3141 3291 3211 qui
3334 3156 3437 3196 non
3480 3156 3599 3196 eum

2047 3227 2312 3296 permittet
2340 3228 2529 3282 tentari
2571 3242 2729 3297 super
2764 3230 2901 3298 quod
2926 3239 3134 3300 potest;
3171 3231 3265 3287 sed
3301 3232 3455 3286 faciet
3480 3247 3599 3287 eum

2046 3317 2334 3372 tentatione
2357 3317 2514 3372 etiam
2542 3319 2762 3385 exitum,
2795 3330 2850 3373 ut
2875 3321 3039 3389 possit
3062 3322 3323 3377 sustinere
3347 3322 3388 3391 (Ι
3405 3321 3523 3378 Cor.
3539 3339 3597 3390 ιι,

2045 3406 2153 3479 15),
2179 3423 2245 3462 ne
2270 3418 2605 3463 convertatur
2630 3409 2679 3462 in
2707 3409 2792 3463 die
2817 3409 2960 3464 belli.
2989 3410 3086 3478 Qui
3117 3422 3295 3468 autem
3314 3413 3366 3467 in
3390 3427 3467 3477 se,
3491 3429 3597 3467 non

2044 3500 2095 3552 in
2128 3500 2235 3554 Deo
2261 3501 2515 3570 gloriatur
2540 3499 2697 3570 (Ibid.
2720 3504 2764 3569 ἰ,
2795 3502 2907 3570 51),
2934 3505 3271 3570 quantumvis
3290 3503 3453 3572 jactet
3480 3505 3597 3574 pol-

2044 3589 2380 3644 licitationem
2407 3590 2611 3644 virtutis
2632 3606 2761 3655 sum,
2785 3592 2924 3645 velut
2956 3592 3175 3646 tendens
3194 3600 3247 3646 et
3276 3592 3486 3651 mittens
3511 3609 3597 3649 ar-

2041 3695 2156 3745 cus,
2186 3681 2505 3734 convertitur
2528 3681 2578 3734 in
2608 3681 2692 3735 die
2732 3681 2872 3736 belli.
2900 3683 3031 3749 Quia
3071 3682 3214 3739 enim
3238 3698 3342 3737 non
3374 3691 3455 3739 est
3478 3700 3597 3740 cre-

2041 3772 2182 3827 ditus
2207 3787 2326 3827 eum
2356 3774 2460 3827 Deo
2500 3773 2713 3843 spiritus
2741 3774 2875 3839 ejus,
2914 3790 3017 3828 non
3047 3785 3127 3829 est
3152 3791 3272 3830 cum
3303 3776 3394 3831 illo
3434 3777 3595 3834 etiam

2041 3865 2269 3935 Spiritus
2299 3866 2390 3921 Dei
2416 3883 2431 3931 ;
2458 3875 2530 3931 et,
2570 3866 2704 3920 sicut
2739 3867 2990 3934 scriptum
3014 3877 3115 3934 est,
3142 3866 3276 3930 Quia
3303 3883 3402 3922 non
3429 3860 3611 3921 credi-1

2041 3958 2133 4025 dit,
2176 3959 2289 4012 ideo
2345 3974 2444 4010 non
2483 3966 2765 4025 protegetur
2807 3955 2990 4026 (Eccli.
3032 3972 3089 4024 tt,
3121 3956 3230 4027 15).
3278 3957 3427 4025 Quod
3466 3974 3594 4013 vero

2040 4063 2157 4103 cum
2184 4048 2419 4111 dixisset,
2451 4046 2567 4101 Non
2594 4048 2966 4101 observaverunt
2989 4057 3331 4103 testamentum
3353 4048 3466 4112 Dei,
3497 4051 3594 4109 ad-

2035 4133 2163 4204 jecit
2185 4144 2238 4189 et
2261 4135 2352 4199 ait,
2380 4132 2445 4185 Et
2467 4133 2519 4185 in
2545 4132 2651 4202 lege
2673 4132 2781 4201 ejus
2810 4134 3073 4186 noluerunt
3092 4133 3378 4196 ambulare;
3403 4135 3591 4202 repeti—

2042 4229 2113 4281 tio
2141 4236 2219 4282 est
2242 4226 2527 4295 superioris
2569 4224 2861 4297 sententiae,
2900 4239 3017 4279 cum
3043 4224 3265 4294 quadam
3295 4226 3409 4295 ejus
3432 4241 3594 4294 expo-

2039 4317 2228 4371 sitione
2254 4333 2266 4365 :
2296 4316 2395 4369 hoc
2432 4315 2571 4369 enim
2598 4315 2899 4383 appellavit,
2932 4315 3085 4384 legem
3112 4316 3239 4385 ejus,
3272 4316 3408 4384 quod
3436 4332 3593 4385 supra

2038 4405 2240 4479 dixerat
2279 4414 2621 4458 testamentum
2642 4402 2770 4465 Dei;
2811 4412 2869 4457 ut
2916 4403 3040 4457 illud
3083 4404 3221 4473 quod
3261 4404 3456 4458 dictum
3488 4416 3586 4471 est,

2039 4513 2139 4551 non
2164 4495 2518 4561 custodierunt,
2548 4496 2827 4563 repetitum
2867 4493 3187 4563 intelligatur
3216 4494 3268 4547 in
3298 4508 3383 4560 eo,
3421 4496 3592 4563 ambu-

2040 4586 2145 4641 lare
2182 4587 2465 4641 noluerunt.
2506 4560 2625 4640 Sed
2646 4601 2765 4639 cum
2796 4585 3007 4639 brevius
3041 4560 3149 4637 dici
3198 4595 3392 4653 posset,
3436 4560 3505 4639 Et.I
3538 4587 3591 4639 in

2039 4680 2154 4751 lege
2172 4679 2290 4748 ejus
2318 4694 2423 4731 non
2452 4678 2866 4741 ambulaverunt,
2891 4676 3129 4731 nonnihil
3156 4676 3284 4730 mihi
3308 4678 3511 4733 videtur
3537 4679 3590 4733 iu
3644 4741 3649 4747 ,

2040 4770 2140 4825 hoc
2169 4769 2330 4823 verbo
2361 4783 2456 4823 nos
2481 4784 2717 4837 quaerere
2742 4769 2992 4834 voluisse,
3016 4768 3153 4837 quod
3184 4769 3362 4823 maluit
3390 4769 3588 4834 dicere.

2040 4862 2301 4915 noluerunt
2328 4859 2601 4920 ambulare,
2640 4874 2815 4927 quam,
2851 4874 2954 4911 non
2985 4857 3399 4913 ambulaverunt.
3432 4858 3587 4913 Pote-

2038 4960 2121 5005 rat
2138 4951 2275 5005 enim
2303 4950 2470 5020 putari
2495 4950 2579 5003 lex
2608 4964 2823 5017 operum
2852 4950 3001 5019 quasi
3036 4950 3278 5006 sufﬁcere
3316 4952 3381 5004 ad
3402 4951 3589 5020 justiﬁ-

2039 5042 2321 5109 cationem,
2352 5056 2471 5095 cum
2498 5055 2560 5095 ea
2587 5056 2703 5109 quae
2732 5032 3121 5109 principiuntur,
3149 5041 3435 5096 forinsecus
3463 5043 3591 5096 ﬁunt

2038 5132 2105 5188 ab
2133 5133 2211 5187 eis
2245 5132 2543 5186 hominibus
2567 5131 2655 5199 qui
2686 5130 2899 5183 mallent
2936 5145 3038 5183 non
3068 5131 3279 5201 praecipi
3322 5146 3440 5199 qua:
3483 5145 3588 5183 non

2040 5239 2105 5278 ex
2130 5221 2289 5277 corde
2312 5222 2523 5287 faciunt,
2555 5228 2608 5275 et
2635 5228 2807 5274 tamen
2845 5219 3073 5286 faciunt;
3101 5235 3161 5273 ac
3189 5236 3280 5289 per
3305 5220 3404 5274 hoc
3439 5220 3588 5288 quasi

2038 5315 2284 5370 videntur
2311 5313 2577 5367 ambulare
2602 5312 2652 5365 in
2680 5312 2792 5381 lege
2816 5312 2931 5377 Dei,
2959 5312 3051 5366 sed
3075 5313 3258 5366 nolunt
3284 5310 3585 5365 ambulare:

2040 5422 2145 5460 non
2183 5406 2323 5460 enim
2367 5420 2433 5458 ex
2474 5404 2630 5458 corde
2671 5403 2884 5457 faciunt.
2928 5404 3004 5457 Ex
3047 5404 3203 5457 corde
3238 5413 3408 5454 autem
3447 5404 3586 5456 nullo

2040 5502 2197 5558 modo
2222 5502 2331 5555 fieri
2365 5509 2551 5571 potest,
2583 5500 2719 5570 quod
2754 5498 3029 5565 formidine
3070 5498 3125 5550 fit
3150 5510 3339 5565 patum,
3368 5511 3474 5549 non
3503 5497 3584 5550 di-

2036 5701 2067 5763 f
2101 5640 2214 5709 {sic
2239 5651 2285 5685 ll]
2330 5646 2434 5687 arss.
2462 5648 2510 5687 ct
2534 5646 2655 5698 aruo
2678 5626 2805 5683 LXX.
2834 5642 2889 5683 At
2924 5634 2970 5681 in
3010 5630 3152 5681 editis
3171 5630 3267 5692 hic,
3289 5630 3535 5683 audiemus
3549 5640 3592 5690 et

2059 5713 2281 5751 acu'inus.

2059 5713 2281 5751 acu'mus.
