4020 6198
480 342 578 402 99ι

479 549 769 603 forinsecus
812 546 1037 608 aguntur
1066 554 1081 611 ξ
1108 545 1163 592 et
1209 535 1299 605 qui
1346 535 1533 589 timent
1582 548 1810 602 pinnam,
1856 542 1911 585 et
1945 532 2036 602 qui

476 644 658 691 amant
688 631 943 702 justitiam
988 644 1096 684 non
1140 625 1412 691 furantur;
1462 636 1517 681 et
1559 624 1678 679 ideo
1726 639 1879 693 pares
1916 631 2039 677 sunt

476 741 655 785 manu,
693 723 932 793 dispares
960 718 1156 780 corde;
1198 732 1352 787 pares
1375 731 1555 785 opere,
1586 715 1824 785 diSpares
1847 715 2036 769 volun-

476 824 606 869 tate.
639 812 761 866 Ideo
785 810 859 864 illi
888 809 965 864 sic
1001 806 1167 883 notati
1206 814 1365 861 sunt:
1396 803 1680 868 Generatio,
1713 802 1899 872 inquit,
1927 815 2040 871 qua:

472 922 559 959 cor
596 921 697 958 non
734 901 918 956 direxit
959 915 1124 955 suum.
1172 896 1287 952 Non
1316 896 1511 952 dictum
1545 903 1643 958 est,
1692 908 1891 962 opera:
1923 892 2036 957 sed,

470 1012 575 1049 cor.
608 994 815 1048 Direeto
857 992 998 1045 enim
1025 988 1207 1054 corde,
1239 996 1384 1043 recta
1415 996 1538 1041 sunt
1562 1000 1721 1055 opera
1749 1002 1761 1038 :
1791 1000 1908 1039 eum
1940 998 2036 1036 au-

472 1094 578 1137 tem
622 1098 715 1139 eor
755 1082 1012 1137 directum
1064 1093 1170 1133 non
1206 1062 1307 1143 est,
1353 1090 1514 1145 Opera
1558 1083 1697 1128 recta
1748 1088 1850 1127 non
1891 1081 2035 1138 sunt,

471 1176 680 1231 etiamsi
706 1183 846 1229 recta
867 1172 1161 1247 videantur.
1190 1170 1252 1224 Et
1276 1167 1414 1222 unde
1433 1181 1525 1221 cor
1550 1181 1651 1219 non
1669 1164 1855 1219 direxit
1879 1180 2038 1234 prava

430 1276 438 1285 '
472 1267 761 1337 generatio,
794 1265 920 1318 satis
944 1262 1169 1334 aperuit,
1202 1275 1323 1315 cum
1350 1259 1462 1312 ait:
1491 1257 1557 1310 Et
1595 1274 1693 1310 non
1728 1266 1800 1309 est
1823 1256 2039 1309 creditus

475 1375 587 1412 cum
609 1357 714 1411 Deo
739 1356 945 1427 spiritus
968 1354 1095 1425 ejus.
1127 1352 1321 1406 Rectus
1345 1360 1427 1404 est
1457 1348 1598 1403 enim
1639 1346 1776 1403 Deus
1803 1364 1817 1397 :
1843 1355 1898 1401 et
1920 1345 2039 1400 ideo
2064 1360 2065 1363 ‘

474 1460 621 1506 recto
649 1449 945 1512 adhaerens,
977 1456 1224 1513 tanquam
1252 1438 1663 1496 incommutabili
1691 1437 1904 1507 regula},
1929 1451 2028 1505 po-

477 1550 579 1596 test
606 1541 716 1595 lieri
743 1548 941 1595 rectum
980 1535 1121 1606 quod
1149 1534 1201 1587 in
1224 1547 1283 1588 se
1306 1532 1402 1586 fuit
1427 1544 1643 1599 pravum
1671 1543 1764 1584 cor
1789 1526 2034 1581 hominis.

478 1632 547 1689 Ut
569 1640 741 1688 autem
763 1646 856 1687 cor
880 1646 1002 1685 cum
1022 1629 1111 1684 illo
1130 1628 1219 1690 sit,
1241 1634 1293 1681 et
1315 1639 1407 1694 per
1431 1624 1532 1679 hoc
1556 1630 1757 1677 rectum
1780 1635 1897 1675 esse
1916 1633 2038 1689 pos-

478 1725 567 1789 sit,
590 1722 856 1777 acceditur
879 1721 945 1775 ad
969 1734 1111 1784 eum,
1154 1732 1259 1771 non
1296 1714 1450 1785 pede,
1478 1712 1570 1768 sed
1601 1711 1720 1767 ﬁde.
1758 1711 1878 1765 Ideo
1903 1710 2038 1765 dici-

485 1825 570 1869 tur
613 1813 851 1873 etiamin
884 1809 1113 1881 Epistola
1158 1807 1223 1862 ad
1254 1806 1504 1861 Hebraeos
1525 1805 1593 1859 de
1619 1804 1705 1857 illa
1738 1803 1848 1871 ipsa
1868 1816 2038 1879 gene—

477 1906 680 1960 ratione
729 1920 885 1974 prava
942 1912 997 1958 et
1043 1902 1361 1956 amaricante
1407 1915 1421 1952 :
1459 1896 1580 1950 Non
1644 1897 1832 1965 profuit
1878 1909 2038 1963 sermo

475 1998 675 2050 auditus
696 1997 795 2051 illis
817 2013 915 2050 non
939 1993 1318 2061 contemperatis
1333 1992 1349 2021 ί
1378 1989 1495 2058 ﬁdei
1512 2004 1684 2043 eorum
1704 1987 1786 2057 qui
1806 1986 2042 2040 obaudie-

476 2096 593 2140 runt
634 2085 819 2158 (Hebr.
852 2102 923 2149 ιν,
954 2084 1033 2153 2).
1065 2083 1315 2136 Voluntas
1358 2080 1512 2149 igitur
1536 2093 1655 2147 qua:
1694 2084 1778 2132 est
1801 2076 1854 2130 in
1880 2075 2041 2132 corde

477 2184 643 2238 recte,
675 2184 887 2244 paratur
913 2190 941 2227 a
979 2174 1219 2236 Domino,
1246 2169 1357 2229 ,lide
1383 2167 1732 2238 prmcedente,
1759 2181 1861 2237 qua
1890 2180 2042 2221 acce-

477 2268 618 2321 ditur
641 2266 706 2322 ad
736 2267 898 2321 Deum
926 2274 1147 2327 rectum,
1179 2274 1235 2316 nt
1253 2278 1346 2315 eor
1375 2250 1463 2314 fiat
1489 2269 1714 2313 rectum.
1740 2257 1868 2324 Qute
1888 2258 2038 2325 fides,

476 2358 830 2431 praeveniente
876 2367 929 2413 et
955 2352 1178 2412 vocante
1220 2350 1579 2408 misericordia
1618 2350 1734 2414 Dei,
1778 2365 1870 2420 per
1909 2348 2038 2404 obe-

478 2450 730 2505 dientiam
781 2448 1097 2511 suscitatur;
1148 2456 1202 2500 et
1243 2443 1508 2513 applicare
1556 2441 1737 2511 incipit
1771 2440 1836 2494 ad
1876 2439 2042 2493 Deum

478 2554 587 2605 cor,
619 2548 676 2595 ut
699 2539 984 2610 dirigatur;
1006 2546 1060 2592 et
1082 2547 1278 2608 quanto
1302 2533 1470 2603 magis
1492 2533 1760 2603 magisque
1780 2530 2039 2601 dirigitur,

479 2643 625 2688 tanto
669 2632 838 2703 magis
865 2631 1010 2686 videt
1035 2628 1174 2700 quod
1209 2643 1315 2682 non
1362 2624 1590 2688 videbat,
1636 2634 1691 2679 et
1717 2621 1855 2676 valet
1901 2621 2042 2690 quod

479 2738 584 2779 non
611 2722 836 2778 valebat.
869 2721 983 2776 Hoc
1007 2736 1111 2776 non
1141 2718 1338 2774 fecerat
1362 2714 1567 2782 Simon,
1594 2713 1677 2768 cui
1706 2712 1891 2766 Petrus
1917 2726 2043 2780 apo-

479 2819 645 2873 stolus
670 2812 803 2870 dixit
829 2832 844 2870 :
868 2811 986 2868 Non
1028 2820 1099 2865 est
1126 2810 1211 2863 tibi
1242 2824 1358 2878 pars
1382 2823 1538 2878 neque
1566 2821 1676 2858 sors
1703 2804 1756 2857 in
1781 2802 1875 2856 hac
1908 2804 2044 2871 ﬁde;

479 2927 567 2964 cor
588 2908 720 2963 enim
744 2916 887 2962 tuum
911 2921 1011 2959 non
1036 2912 1108 2958 est
1129 2911 1315 2956 rectum
1338 2915 1453 2959 cum
1481 2897 1588 2951 Deo
1611 2895 1747 2967 (Act.
1777 2911 1890 2962 vni,
1914 2893 2038 2966 21).

483 3000 559 3055 lbi
587 2999 729 3054 enim
757 2995 988 3053 ostendit
1011 2994 1133 3064 quia
1178 3006 1286 3046 non
1326 2998 1501 3061 potest
1525 3000 1646 3044 esse
1687 2996 1889 3042 rectum
1930 2986 2044 3042 sine

482 3090 612 3155 Dec,
644 3098 705 3143 ut
735 3086 986 3155 incipiant
1025 3084 1287 3146 homines,
1318 3095 1423 3135 non
1470 3087 1719 3148 tanquam
1763 3077 1904 3133 servi
1944 3077 2044 3132 sub

486 3182 601 3248 lege
636 3176 906 3231 ambulare
944 3180 1260 3236 metuentes,
1310 3164 1401 3224 sed
1440 3168 1492 3222 in
1518 3168 1632 3237 lege
1669 3176 1913 3235 tanquam
1948 3167 2045 3222 lilii

483 3271 741 3333 volentes,
772 3267 823 3320 in
851 3281 953 3335 qua
981 3265 1059 3317 illi
1102 3261 1373 3317 ambulare
1401 3260 1701 3323 noluerunt,
1735 3268 1790 3313 et
1831 3259 1929 3314 sub
1954 3260 2041 3313 illa

486 3360 564 3416 rei
592 3365 977 3414 remanserunt.
1011 3354 1157 3408 Hanc
1192 3351 1336 3407 enim
1358 3350 1685 3405 voluntatem
1730 3363 1832 3404 non
1862 3349 2040 3415 timor,

432 3454 435 3457 ’
486 3448 581 3504 sed
612 3446 840 3502 charitas
883 3446 1059 3506 habet,
1097 3456 1213 3512 qua:
1244 3438 1553 3496 diffunditur
1582 3438 1631 3492 in
1656 3437 1902 3492 cordibus
1928 3452 2044 3492 cre-

486 3537 723 3592 dentium
748 3550 843 3606 per
882 3532 1135 3603 Spiritum
1179 3536 1419 3585 sanetum
1450 3526 1624 3594 (Rom.
1651 3543 1702 3593 v,
1731 3526 1809 3597 5).
1837 3526 2042 3593 Quibus

487 3629 719 3685 dicitur:
756 3625 974 3683 (Gratia
1018 3624 1148 3680 salvi
1188 3621 1307 3676 facti
1337 3620 1465 3677 estis
1489 3634 1584 3690 per
1627 3618 1807 3683 Iidem,
1849 3629 1902 3674 et
1944 3618 2045 3674 hoc

488 3738 591 3778 non
618 3738 681 3777 ex
710 3721 879 3787 vobis,
905 3718 996 3774 sed
1027 3715 1119 3772 Dei
1147 3715 1340 3770 donum
1382 3721 1497 3778 est;
1527 3726 1632 3766 non
1678 3725 1744 3764 ex
1774 3709 2043 3779 operibus,

489 3832 556 3871 ne
584 3815 720 3870 forte
742 3813 861 3883 quis
883 3809 1185 3865 extollatur.
1233 3806 1399 3872 Ipsius
1441 3804 1581 3858 enim
1612 3815 1792 3855 smnus
1826 3801 2048 3869 ﬁgmen-

489 3920 620 3972 tum,
658 3904 824 3960 creati
864 3903 921 3958 in
956 3899 1167 3957 Christo
1193 3898 1317 3955 Jesu
1355 3898 1409 3952 in
1443 3894 1690 3965 operibus
1726 3894 1897 3958 benis,
1930 3909 2051 3969 quae

488 3996 805 4070 praeparavit
848 3995 989 4049 Deus
1019 4002 1077 4048 ut
1104 3992 1157 4047 in
1187 3990 1292 4045 illis
1331 3988 1661 4043 ambulemus
1684 4004 1703 4037 ι
1746 3984 1956 4056 (Epltes.
1987 4001 2043 4053 ιι,

488 4090 667 4159 8-10).
688 4087 807 4144 Non
836 4084 1101 4157 quomodo
1145 4083 1251 4149 isti,
1295 4081 1384 4152 qui
1422 4081 1486 4134 in‘
1514 4079 1622 4150 lege
1647 4078 1754 4147 ejus
1781 4077 2047 4131 noluerunt

486 4180 763 4246 ambulare,
804 4193 913 4234 non
945 4174 1213 4232 credendo
1254 4172 1307 4227 in
1340 4186 1484 4238 eum,
1527 4184 1699 4240 neque
1728 4167 1864 4222 viam
1893 4182 2044 4223 suam

486 4271 771 4331 revelando
802 4269 871 4326 ad
909 4282 1031 4329 eum
1073 4276 1128 4323 et
1170 4262 1436 4337 sperando,
1465 4264 1518 4319 in
1546 4277 1691 4330 eum,
1728 4270 1787 4317 ut
1820 4260 1934 4332 ipse
1970 4260 2049 4316 fa-

485 4374 649 4423 ceret.

557 4458 644 4512 11.
685 4454 834 4530 (vers.
865 4454 953 4518 ll,
985 4448 1096 4522 ιλ]
1134 4447 1201 4503 Et
1226 4447 1364 4502 obliti
1388 4455 1505 4501 sunt
1533 4444 1883 4514 beneﬁciorum
1917 4444 2042 4513 ejus,

489 4559 535 4604 et
565 4548 869 4603 mirabilium
891 4545 997 4616 ejus
1016 4558 1131 4614 qua:
1149 4539 1360 4597 ostendit
1393 4540 1486 4605 eis,
1514 4554 1683 4592 coram
1707 4536 1932 4608 patribus
1955 4552 2045 4592 eo—

486 4640 764 4708 rum'qttw’
786 4637 901 4709 fecit
936 4632 1204 4688 mirabilia.
1234 4629 1370 4699 Quid
1407 4630 1477 4684 sit
1503 4628 1625 4695 hoc,
1666 4641 1771 4682 non
1800 4634 1879 4682 est
1900 4641 2044 4696 quaa-

490 4728 593 4785 stio
620 4726 948 4800 negligenda.
978 4727 1053 4780 De
1089 4725 1221 4794 ipsis
1241 4720 1477 4794 patribus
1504 4719 1661 4791 paulo
1692 4725 1814 4773 ante
1841 4717 2048 4773 dicebat

488 4820 628 4890 quod
656 4819 838 4876 fuisset
865 4819 1135 4891 generatio
1164 4831 1320 4888 prava
1358 4822 1413 4869 et
1439 4811 1750 4868 amaricans.
1786 4807 1866 4865 Ne
1900 4811 2041 4876 ﬁant,

492 4911 677 4981 inquit,
723 4911 850 4965 sicut
876 4919 1039 4981 patres
1079 4924 1270 4972 eorum,
1301 4905 1552 4977 generatio
1583 4917 1737 4974 prava
1774 4912 1819 4957 et
1861 4902 2047 4955 amari-

494 5017 650 5068 cans;
699 5002 948 5070 generatio
976 5016 1087 5071 quae
1124 5016 1225 5055 non
1259 4997 1441 5073 direxit
1472 5011 1558 5050 cor
1578 5010 1744 5061 suum,
1773 5006 1827 5048 et
1854 5002 2046 5049 cetera

491 5109 611 5166 quae
635 5091 807 5147 adhuc
841 5092 907 5147 de
936 5093 1048 5161 ipsa
1077 5091 1415 5162 generatione
1442 5088 1704 5151 dicuntur,
1738 5086 1890 5155 cujus
1926 5084 2046 5138 imi-

488 5185 741 5242 tationem
779 5196 843 5237 eo
873 5180 1027 5235 modo
1054 5182 1339 5237 cavendam
1368 5180 1604 5251 praecipit
1639 5176 1791 5232 alteri
1821 5191 2045 5246 genera-

488 5275 640 5344 tioni,
662 5282 719 5329 ut
739 5280 924 5343 ponant
948 5270 1000 5324 in
1026 5270 1131 5324 Deo
1154 5287 1292 5338 spem
1315 5287 1479 5336 suam,
1508 5280 1553 5324 et
1576 5284 1673 5323 non
1698 5266 2048 5321 obliviscantur

480 5379 695 5434 operum
712 5362 830 5431 Dei,
858 5370 903 5415 et
932 5359 1165 5414 mandata
1185 5362 1294 5430 ejus
1316 5362 1573 5430 exquirant
1597 5375 1616 5414 :
1640 5360 1705 5414 de
1729 5360 1918 5429 quibus
1936 5357 2045 5427 jam

548 5551 565 5581 s
591 5546 726 5608 md“
756 5537 952 5597 auditus
1091 5546 1199 5608 non“
1219 5539 1572 5608 contemperans
1602 5532 1718 5608 ﬁdei
1738 5545 1917 5608 eorum.
1947 5541 2043 5608 etc.

486 5608 573 5659 sed
600 5594 808 5657 illa
833 5594 942 5669 quae
966 5598 1046 5652 hic
1066 5597 1335 5647 restituitur
1359 5594 1520 5653 lectio,
1546 5594 1834 5643 in'Graeeum
1858 5601 2044 5643 textum

490 5669 694 5710 Λιτυέωῆ
721 5682 813 5710 nmt
837 5668 993 5710 minus
1012 5660 1230 5710 quadrat.

488 5669 696 5733 Apostoli
718 5682 815 5718 nou
837 5669 993 5717 minus
1012 5669 1241 5728 quadrat._
1368 5718 1375 5725 ο
1406 5719 1413 5725 ἱ
1791 5718 1799 5723 _

493 5729 848 5841 ai'mtl'alt;t"t§ula,
890 5741 1021 5791 quae,
1064 5726 1204 5776 deest
1229 5733 1277 5770 tn
1305 5717 1471 5780 editis;
1498 5716 1585 5768 sed
1610 5725 1765 5768 exstat
1788 5729 1837 5766 tu
1864 5723 1969 5766 Mss.
1997 5723 2044 5765 et

493 5804 536 5852 ei
557 5804 616 5841 ua
647 5804 770 5840 nu.

1632 336 1687 385 s.
1720 312 2080 385 AUGUSTle
2120 322 2419 384 Episcopi

386 458 392 471 '
477 456 704 514 lectione
728 447 959 521 iustitia).
989 445 1119 500 Nam
1147 452 1396 515 quantum
1434 442 1621 498 attinet
1661 441 1726 496 ad
1756 442 1890 497 facta
1915 456 2032 511 quae
2150 442 2276 496 satis
2295 411 2343 511 qt

3609 330 3716 385 9‘32

2150 442 2276 496 satis
2295 442 2434 511 quod
2452 443 2618 497 visum
2644 453 2727 500 est
2745 442 3107 500 disseruimus.
3136 442 3268 517 Quid
3296 443 3391 499 sibi
3422 460 3548 514 ergo
3572 446 3712 512 Vllil‘

2147 548 2265 587 cum
2290 535 2382 588 ‘de
2423 534 2533 602 ipsa
2567 536 2906 605 generatione
2949 552 3108 605 prava
3149 536 3389 604 loquatur
3441 535 3715 603 qualltudn

2146 625 2287 678 obliti
2302 637 2415 679 sunt
2431 627 2778 696 beneﬁciorum
2792 626 2907 693 Dei,
2921 637 2968 682 et
2978 628 3278 681 mirabilium
3294 628 3401 697 ejus
3414 643 3526 693 quae
3540 638 3719 681 osten—

2148 714 2220 767 tlit
2258 717 2346 781 eis,
2376 716 2516 786 quod
2551 717 2751 772 addidit
2791 728 2844 773 et
2867 718 3044 773 dicit:
3075 717 3255 772 Coram
3283 719 3512 788 patribus
3539 735 3720 772 eorum

2147 826 2259 877 qua:
2293 811 2412 880 fecit
2453 812 2719 867 mirabilia.
2760 812 2964 880 Quibus
3012 813 3266 882 patribus,
3304 826 3423 867 cum
3477 811 3565 866 isti
3619 812 3719 881 ipsi

2147 903 2252 956 sint
2280 914 2477 970 patres,
2522 920 2744 974 quorum
2772 921 2879 959 non
2906 905 3018 960 vult
3051 919 3171 960 esse
3196 917 3438 975 posteros
3472 903 3722 958 similes?

2140 994 2200 1071 _Si
2233 994 2352 1049 illos
2383 996 2742 1065 acceperimus
2777 1012 2844 1051 ex
2886 996 3079 1067 quibus
3107 997 3190 1051 isti
3230 996 3338 1050 nati
3365 1005 3538 1061 erant,
3564 996 3722 1051 velut

2148 1085 2435 1149 Abraham,
2483 1085 2629 1142 Isaac
2672 1096 2727 1143 et
2773 1087 2965 1151 Jacob;
3020 1088 3130 1157 jam
3190 1087 3316 1141 olim
3359 1085 3718 1151 dormierant,

2150 1179 2359 1246 quando
2385 1179 2645 1233 mirabilia
2681 1181 2816 1235 Deus
2837 1181 3069 1234 ostendit
3095 1181 3147 1232 in
3177 1177 3428 1249 Egypto.
3454 1178 3721 1245 Sequitur

2149 1270 2311 1333 enim,
2344 1267 2409 1323 In
2446 1280 2577 1323 terra
2606 1270 2842 1342 Ai‘gypti,
2885 1272 3136 1340 inrumpo
3165 1268 3393 1323 Titaneos
3418 1286 3435 1322 :
3465 1269 3553 1322 ubi
3583 1268 3719 1321 dicit

2148 1355 2444 1415 ostendisse
2470 1361 2632 1415 Deum
2664 1363 2778 1415 istis
2823 1362 3080 1416 mirabilia
3111 1375 3292 1416 coram
3337 1361 3572 1429 patribus
3619 1376 3717 1412 eo-

2149 1468 2287 1506 rum.
2324 1454 2405 1507 An
2434 1452 2572 1527 forte
2611 1454 2795 1522 spiritu
2828 1462 3119 1524 praesentes
3142 1461 3313 1515 erant,
3340 1453 3459 1521 quia
3487 1451 3555 1505 de
3585 1452 3718 1520 ipsis

2153 1543 2402 1597 Dominus
2451 1544 2502 1597 in
2552 1544 2835 1614 Evangelio
2880 1545 2993 1598 ait:
3026 1541 3210 1597 Omnes
3251 1543 3382 1596 enim
3420 1542 3494 1595 illi
3546 1542 3723 1596 vivunt

2149 1633 2296 1701 (Luc.
2330 1651 2419 1699 xx,
2450 1635 2580 1705 58)?
2606 1638 2687 1690 An
2717 1634 3165 1691 accommodatius
3196 1633 3484 1702 accipimus
3512 1644 3714 1702 patres.

2148 1724 2385 1796 Moysen,
2401 1733 2454 1780 et
2469 1726 2667 1792 Aaron,
2684 1725 2920 1791 aliosque
2931 1725 3170 1779 seniores
3180 1724 3271 1793 qui
3282 1737 3686 1778 commemomn
3700 1754 3715 1761 ο

2150 1824 2234 1871 tur
2252 1818 2306 1871 in
2326 1815 2510 1872 eadem
2528 1816 2798 1886 Scriptura
2820 1815 2977 1870 etiam
2999 1815 3241 1886 spiritum
3259 1814 3555 1883 accepisse,
3576 1815 3718 1866 unde

2138 1915 2424 1976 acceperat
2446 1914 2501 1962 et
2527 1906 2755 1977 Moyses,
2792 1914 2849 1960 nt
2876 1920 2997 1961 eum
3036 1904 3345 1974 adjuvarent
3369 1905 3434 1958 ad
3464 1905 3719 1958 eumdem

2150 1998 2399 2069 populum
2413 1998 2697 2069 regendum
2708 2013 2770 2053 ac
2783 1997 3055 2053 ferendum
3070 1995 3150 2066 (Ν
3154 2013 3256 2049 um.
3271 2013 3344 2061 XI,
3366 1996 3451 2057 16,
3470 2001 3494 2050 1
3505 1995 3595 2066 7)?
3610 1996 3721 2048 Cur

2148 2093 2290 2147 enim
2331 2107 2435 2150 non
2464 2092 2854 2162 appellarentur
2880 2089 3095 2160 patres?
3123 2088 3237 2143 Non
3275 2089 3418 2143 sicut
3447 2089 3588 2141 Deus
3619 2088 3716 2140 lt:-

2151 2193 2234 2239 ter
2263 2200 2398 2239 unus
2424 2194 2508 2241 est
2543 2186 2632 2254 qui
2667 2193 2942 2253 regenerat
2968 2181 3165 2251 Spiritu
3205 2197 3303 2235 suo
3329 2196 3464 2250 ques
3494 2179 3617 2234 facit
3650 2182 3714 2232 ti-

2152 2278 2250 2332 lios
2288 2277 2354 2331 ad
2402 2287 2652 2339 tnternam
2696 2276 3092 2340 haereditatcm;
3129 2275 3223 2329 sed
3268 2274 3485 2328 honoris
3523 2276 3716 2342 gratia,

2150 2372 2365 2439 propter
2390 2377 2600 2435 apatem
2638 2382 2926 2437 curamque
2955 2367 3165 2437 pietatis
3190 2383 3202 2417 :
3226 2365 3363 2419 sicut
3394 2364 3584 2418 Paulus
3627 2379 3716 2419 se-

2151 2462 2268 2517 nior
2295 2462 2440 2528 dicit,
2472 2460 2593 2515 Non
2630 2470 2685 2515 ut
2710 2459 3020 2530 confundam
3055 2474 3160 2521 vos,
3192 2458 3297 2512 Iure
3317 2457 3519 2520 scribo;
3548 2458 3635 2511 sed
3662 2466 3718 2508 ut

2151 2556 2282 2623 filios
2308 2571 2441 2609 meos
2483 2542 2800 2608 c'ltarissimos
2848 2569 3022 2607 moneo
3041 2570 3062 2617 ;
3108 2567 3229 2607 cum
3263 2553 3424 2606 sciret
3467 2552 3650 2620 utique
3687 2567 3714 2603 a

2152 2647 2376 2702 Domino
2421 2646 2640 2711 dictum,
2683 2644 2766 2699 Ne
2801 2644 2945 2699 vobis
2980 2643 3158 2696 dicatis
3204 2652 3396 2711 patrem
3444 2643 3497 2695 in
3542 2653 3674 2694 terra
3699 2658 3717 2704 ;

2142 2755 2277 2793 unus
2296 2748 2366 2792 est
2391 2738 2522 2792 enim
2550 2737 2702 2791 Pater
2720 2747 2875 2791 vester
2893 2734 3032 2789 Deus
3053 2733 3260 2807 (Matth.
3283 2750 3431 2797 χχιιι,
3460 2733 3537 2803 9).
3561 2735 3718 2803 Quod

2150 2846 2254 2887 neu
2286 2830 2637 2886 ideo'dictum
2668 2838 2768 2896 est,
2817 2836 2876 2883 ut
2900 2828 3003 2882 hoc
3025 2826 3340 2881 vocabulum
3373 2825 3581 2881 honoris
3609 2827 3718 2879 hu-

2151 2925 2295 2981 mani
2332 2925 2401 2980 de
2440 2923 2687 2993 loquendi
2737 2918 3118 2976 consuetudine
3165 2918 3461 2982 tolleretur;
3500 2918 3593 2972 sed
3638 2934 3713 2973 ne

2150 3018 2317 3088 gratia
2345 3017 2435 3071 Dei
2460 3030 2562 3086 qua
2590 3016 2642 3069 in
2666 3025 2917 3068 azternam
2949 3012 3109 3066 vitam
3131 3026 3525 3080 regeneramur,
3555 3022 3714 3064 natu-

2150 3127 2245 3175 raa,
2272 3109 2355 3164 vel
2387 3084 2654 3178 potestati,
2684 3106 2766 3161 vel
2793 3106 2952 3160 etiam
2982 3103 3246 3158 sanctitati
3272 3104 3576 3172 cujusquam
3608 3084 3715 3157 ho;

2151 3203 2309 3258 minis
2335 3202 2673 3256 tribueretur.
2703 3197 2828 3253 Ideo
2853 3210 2971 3251 cum
3013 3194 3238 3260 diceret,
3274 3192 3383 3264 Ego
3408 3209 3494 3247 eos
3518 3195 3671 3264 genui
3697 3209 3716 3246 :

2153 3292 2413 3361 praedixit,
2442 3289 2508 3344 In
2527 3289 2743 3353 Christo,
2768 3295 2823 3342 et
2846 3304 2934 3355 per
2954 3284 3283 3356 Evangelium
3306 3284 3351 3356 (Ι
3380 3284 3499 3338 Cor.
3525 3300 3597 3346 tv,
3624 3286 3710 3349 M,

2153 3384 2273 3455 l5);
2301 3398 2367 3438 ne
2395 3381 2561 3450 ipsius
2587 3388 2861 3449 putaretur
2884 3391 3003 3433 esse
3027 3375 3167 3447 quod
3191 3376 3286 3431 Dei
3312 3386 3413 3430 est.

2226 3475 2311 3530 12.
2352 3474 2489 3543 Ergo
2530 3471 2615 3526 illa
2656 3470 2909 3541 generatio
2951 3483 3103 3537 praua
3126 3469 3188 3522 ἐξ
3227 3468 3544 3530 amaricans,
3573 3466 3715 3519 obliti

2150 3574 2262 3621 sunt
2301 3563 2645 3631 beneficiorum
2672 3559 2784 3627 Dei,
2815 3568 2862 3613 et
2890 3556 3189 3613 mirabilium
3215 3556 3324 3627 ejus
3356 3573 3471 3627 qua:
3503 3558 3713 3611 ostendit

2150 3658 2240 3718 eis,
2271 3670 2437 3731 coram
2468 3650 2687 3722 patribus
2722 3666 2892 3703 eorum
2929 3662 3041 3719 qua:
3073 3647 3188 3717 fecit
3226 3645 3479 3699 mirabilia
3504 3649 3554 3700 in
3581 3656 3718 3699 terra

2153 3744 2388 3816 ASgypti,
2414 3742 2467 3797 in
2487 3758 2665 3812 campo
2685 3739 2930 3794 Tltaneos.
2953 3737 3023 3793 Et
3042 3737 3222 3807 incipit
3243 3738 3432 3791 eadem
3457 3737 3716 3792 mirabilia

2151 3835 2613 3902 commemorando
2659 3842 2918 3888 retexere.
2951 3831 3080 3898 Quae
3121 3829 3166 3884 si
3210 3829 3475 3899 parabole:
3510 3838 3719 3884 suntet

2154 3930 2553 4001 propositiones,
2585 3923 2820 3995 profecto
2856 3922 2922 3977 ad
2957 3920 3154 3991 aliquid
3180 3918 3536 3999 Comparando
3575 3919 3717 3975 refe-

2152 4023 2332 4079 renda:
2359 4029 2498 4076 sunt.
2529 4017 2636 4073 Nec
2658 4016 2867 4071 oculum
2898 4012 3205 4070 intentionis
3231 4010 3487 4067 debemus
3508 4012 3719 4067 auferre

2152 4113 2221 4169 ab
2261 4128 2326 4170 eo
2357 4111 2497 4182 quod
2542 4108 2775 4180 psalmus
2819 4107 2932 4177 ipse
2975 4103 3200 4159 intendit
3241 4102 3543 4170 ostendere,
3576 4102 3720 4158 hune

2152 4220 2269 4261 esse
2297 4204 2520 4259 fructum
2550 4200 2785 4254 omnium
2810 4212 2928 4267 qua:
2952 4196 3217 4261 dicuntur,
3244 4203 3299 4247 et
3329 4208 3494 4263 quare
3525 4193 3717 4249 admo-

2152 4297 2247 4352 niti
2274 4304 2455 4351 sunsus
2483 4292 2595 4347 hinc
2618 4288 2968 4344 intentissime
2994 4285 3197 4349 audire,
3227 4285 3336 4338 Deo
3362 4284 3592 4346 dicente,
3620 4288 3713 4337 At-

2152 4386 2353 4452 tendite,
2392 4383 2606 4456 populus
2647 4396 2806 4447 meus,
2856 4377 3012 4449 legem
3054 4392 3251 4442 meam;
3277 4375 3513 4428 inclinate
3539 4391 3719 4428 aurem

2150 4491 2362 4534 vestram
2404 4477 2454 4530 in
2498 4472 2644 4528 verba
2677 4471 2779 4527 oris
2821 4470 2950 4535 mei;
2976 4477 3032 4523 ut
3060 4482 3315 4538 ponamus
3352 4467 3404 4520 in
3429 4466 3538 4521 Deo
3563 4482 3717 4535 spem

2152 4578 2384 4625 nostram
2404 4607 2419 4631 ,
2450 4574 2503 4620 ct
2531 4579 2633 4618 non
2674 4561 3047 4617 obliviscamur
3070 4572 3288 4628 operum
3317 4556 3438 4619 Dei,
3478 4565 3531 4611 et
3561 4566 3716 4611 titan-

2150 4662 2271 4719 data
2313 4659 2428 4729 ejus
2467 4656 2836 4727 exquiramus;
2873 4666 2940 4706 ne
2980 4651 3189 4716 ﬁamus,
3219 4649 3357 4705 sicut
3398 4648 3471 4702 illi
3513 4657 3714 4717 patres,

2150 4751 2419 4824 generatio
2445 4764 2601 4819 prava
2628 4740 2681 4802 et
2704 4745 3031 4807 amaricans;
3060 4742 3331 4812 generatio
3349 4755 3467 4809 quae
3485 4755 3581 4794 eor
3606 4757 3713 4794 non

2151 4847 2342 4902 direxit
2382 4858 2555 4907 suum,
2595 4848 2647 4895 et
2690 4855 2794 4893 non
2838 4844 2921 4892 est
2959 4835 3191 4890 creditus
3217 4849 3336 4888 cum
3360 4833 3466 4887 Deo
3486 4834 3716 4902 spiritus

2150 4937 2286 5007 ejus.
2311 4934 2391 4989 Ad
2417 4934 2516 4987 hoc
2540 4946 2666 5001 ergo
2690 4926 2865 4983 omnia
2892 4924 3164 4981 referenda
3202 4933 3343 4988 sunt,
3378 4938 3441 4977 ac
3481 4939 3576 4992 per
3614 4924 3714 4978 hoc

2150 5027 2399 5101 quidquid
2424 5028 2637 5097 ﬁgurata
2664 5023 2870 5077 actione
2897 5020 2995 5075 ista
3022 5018 3334 5087 signiﬁcant,
3360 5017 3427 5070 ita
3457 5016 3573 5070 ﬁeri
3595 5030 3717 5086 pos-

2151 5133 2273 5179 sunt
2298 5118 2639 5191 spiritualiter
2668 5132 2719 5169 ιιι
2751 5112 3002 5177 homine;
3034 5111 3115 5165 vel
3143 5110 3306 5177 gratia
3338 5109 3466 5171 Dei,
3498 5108 3544 5162 si
3577 5110 3710 5164 bona

2150 5224 2306 5279 sunt;
2338 5211 2417 5266 vel
2447 5208 2645 5280 judicio
2682 5205 2808 5272 Dei,
2838 5206 2881 5258 si
2919 5202 3055 5259 mala
3098 5210 3220 5255 sunt
3248 5217 3261 5252 :
3294 5200 3428 5253 sicut
3459 5199 3545 5253 illa
3574 5199 3710 5252 bona

2150 5309 2283 5364 facta
2327 5314 2449 5360 sunt
2492 5303 2543 5356 in
2588 5298 2871 5359 lsraelitas,
2903 5295 2985 5350 vel
3028 5293 3186 5358 mala,
3216 5300 3269 5346 et
3298 5292 3348 5344 in
3379 5290 3544 5359 ipsos,
3578 5300 3632 5345 ct
3659 5291 3710 5343 in

2151 5414 2330 5456 eorum
2359 5394 2615 5450 inimicos.
2634 5391 2765 5458 Quae
2789 5388 2832 5443 si
2859 5403 2962 5441 nou
2988 5384 3378 5446 obliviscamur,
3399 5381 3494 5437 sed
3522 5383 3573 5434 in
3603 5380 3712 5435 beo

2149 5505 2296 5559 spem
2327 5496 2554 5541 nostram
2584 5494 2858 5552 ponamus,
2888 5492 2986 5532 nec
3015 5475 3179 5545 ipsius
3214 5472 3393 5541 gratia:
3420 5474 3588 5525 simus
3629 5471 3711 5522 in-

2149 5580 2316 5653 grati;
2347 5591 2567 5646 eumquc
2611 5573 2906 5632 timeamus,
2953 5582 3057 5621 non
3111 5566 3299 5618 timore
3352 5562 3561 5623 senili,
3609 5576 3715 5626 quo

2150 5652 2261 5726 sola
2305 5669 2439 5723 mala
2483 5662 2768 5743 corporalia
2816 5656 3181 5720 formidantur,
3214 5652 3305 5707 sed
3345 5652 3535 5704 timore
3561 5659 3713 5703 casto

2156 5771 2489 5832 permanente
2530 5760 2582 5812 in
2622 5754 2869 5811 seculum
2914 5748 3109 5812 smculi,
3151 5746 3235 5815 qui
3281 5747 3435 5798 tunur
3464 5756 3714 5811 inagnam
