4020 6198
363 381 463 437 993

363 510 484 551 esse
503 491 701 564 iudicat
723 504 928 559 ptenam
954 491 1145 557 privari
1179 487 1293 542 luce
1321 488 1534 553 jusdtire
1558 503 1572 546 ;
1599 500 1701 538 non
1729 483 1926 538 elﬁcie-

366 600 504 646 mur,
533 589 776 653 tanquam
808 591 981 652 patres
1009 581 1104 646 illi,
1127 579 1398 649 generatio
1444 593 1602 647 prava
1640 587 1692 630 et
1736 573 1929 627 amari-

367 690 513 730 cans.
538 675 700 728 Terra
729 673 903 741 itaque
929 671 1139 741 [Egypti
1184 671 1232 723 in
1277 670 1436 739 ligura
1480 666 1815 736 intelligenda
1853 673 1932 716 cst

370 766 528 836 hujus
555 765 752 819 surculi.
781 765 1005 832 Campus
1031 762 1270 815 Thaneos
1307 760 1547 828 planities
1589 768 1668 811 est
1704 755 1948 809 mandati.

372 857 609 912 humilis.
633 856 762 909 Nam
786 854 1086 908 Mandatum
1111 851 1306 905 humile
1328 852 1698 918 interpretatur
1717 846 1930 900 Thanis.

374 948 430 1002 In
472 948 572 1001 hoc
597 960 724 1016 ergo
765 945 960 999 saeculo
991 942 1298 996 humilitatis
1337 939 1636 994 mandatum
1681 936 1935 1004 suscipia-

374 1049 513 1104 mus,
539 1045 594 1091 ut
625 1037 675 1090 in
705 1036 807 1090 alio
847 1035 1040 1090 szeculo
1077 1032 1468 1095 exaltationem,
1506 1045 1659 1100 quam
1701 1027 1938 1098 promisit

375 1128 464 1198 qui
491 1136 708 1198 propter
733 1142 831 1181 nos
861 1127 945 1180 hic
973 1125 1142 1179 factus
1171 1134 1251 1178 est
1294 1123 1524 1188 humilis,
1555 1121 1794 1191 accipere
1824 1134 1936 1172 me-

374 1232 607 1273 reamur.

450 1309 538 1363 15.
569 1307 718 1380 [vers.
747 1304 951 1377 15-16.]
982 1305 1110 1359 Nam
1138 1304 1225 1375 qui
1253 1304 1469 1373 disrupit
1499 1318 1652 1366 mare,
1676 1309 1720 1354 ct
1749 1299 1942 1368 trajecit

379 1417 483 1467 eos,
511 1391 680 1455 statuit
723 1416 876 1469 aquas
921 1399 1063 1470 quasi
1098 1399 1151 1451 in
1189 1407 1340 1461 utres,
1384 1406 1441 1450 ut
1485 1396 1561 1468 sic
1602 1402 1764 1448 staret
1806 1391 1942 1444 unda

384 1503 630 1561 tanquam
659 1490 842 1545 fuisset
870 1489 1088 1553 inclusa,
1119 1497 1292 1558 potest
1319 1503 1411 1556 per
1437 1501 1582 1540 suam
1607 1483 1826 1554 gratiam
1856 1498 1943 1535 co-

384 1585 568 1640 bibere
610 1583 765 1639 liuida
810 1592 864 1636 et
910 1581 1138 1636 labentia
1180 1579 1718 1648 concupiscentiarum
1762 1589 1947 1629 carna-

332 1737 342 1747 κ
386 1678 546 1744 lium,
595 1692 712 1731 cum
762 1676 884 1730 huic
931 1675 1124 1730 saeculo
1172 1673 1533 1735 renuntiatur,
1567 1678 1653 1735 ut,
1699 1678 1944 1735 tanquam

387 1769 626 1834 inimicis,
657 1766 888 1836 peccatis
912 1766 1156 1821 omnibus
1182 1763 1484 1833 perdcletis,
1515 1761 1742 1816 ﬁdelium
1778 1773 1947 1828 popu-

385 1863 466 1917 lus
497 1869 590 1930 pcr
624 1869 1009 1915 sacramentum
1039 1842 1372 1927 Baptisinatis
1399 1853 1706 1924 trajicialur.
1732 1851 1830 1919 Qui
1859 1849 1945 1902 de-

386 1952 528 2005 duxit
570 1969 652 2006 eos
694 1952 747 2004 in
771 1952 898 2004 nube
938 1950 1057 2012 diei.
1099 1957 1149 2003 et
1195 1957 1296 2001 tota
1336 1958 1476 2001 nocte
1509 1947 1561 1998 in
1589 1941 1952 1998 illuminatione

331 2092 333 2094 .
385 2043 537 2113 ignis,
576 2051 749 2110 potest
775 2043 931 2096 etiam
959 2038 1300 2109 Spirittialiter
1323 2038 1550 2106 dirigere
1576 2035 1786 2100 itinera,
1813 2031 1854 2086 si
1885 2031 1950 2084 ad

386 2147 508 2187 eum
529 2132 721 2186 clamet
746 2130 905 2186 ﬁdes:
929 2129 1119 2183 Itinera
1145 2145 1253 2182 mea
1273 2128 1434 2197 dirige
1457 2125 1730 2181 secundum
1755 2121 1954 2177 verbum

389 2234 528 2276 tuum
561 2222 580 2294 (
609 2220 753 2276 Psal.
777 2237 957 2285 cxvm,
987 2219 1089 2275 155
1116 2219 1154 2290 ).
1184 2218 1260 2273 De
1285 2232 1389 2288 quo
1425 2216 1548 2271 alibi
1585 2215 1796 2279 dicitur,
1838 2210 1957 2282 Ipse

390 2315 521 2369 enim
563 2324 724 2369 rectos
764 2315 916 2386 faciet
961 2328 1136 2366 cursus
1181 2321 1314 2376 tuos,
1341 2320 1388 2362 et
1427 2309 1605 2362 itinera
1645 2317 1732 2360 tua
1757 2307 1811 2360 in
1837 2321 1959 2376 pace

340 2460 346 2469 _
393 2406 634 2476 producet
662 2407 678 2437 ¹
705 2405 884 2477 (Prov.
910 2421 981 2471 tv,
1009 2403 1102 2475 27)
1130 2422 1142 2457 :
1171 2418 1266 2472 per
1292 2402 1472 2456 Jesum
1493 2400 1758 2455 Christum
1782 2397 1962 2452 Domi-

395 2511 524 2554 num
553 2507 808 2564 nostrum,
838 2498 988 2568 cujus
1021 2497 1075 2552 in
1105 2496 1206 2550 hoc
1231 2494 1444 2560 sarculo,
1477 2503 1719 2562 tanquam
1760 2491 1811 2543 in
1849 2489 1957 2554 die,

395 2599 784 2647 sacramentum
831 2590 1219 2645 manifestatum
1273 2597 1355 2642 est
1404 2587 1454 2640 in
1503 2601 1691 2649 carne,
1722 2584 1865 2637 velut
1909 2583 1960 2636 in

396 2681 569 2747 nube;
597 2681 649 2735 in
674 2680 874 2751 judicio
897 2695 1045 2746 vero,
1081 2689 1324 2748 tanquam
1364 2679 1412 2730 in
1445 2685 1646 2730 terrore
1684 2685 1961 2738 nocturno,

398 2773 521 2842 quia
548 2781 672 2827 tunc
692 2771 794 2826 erit
821 2787 1008 2842 magna
1037 2771 1302 2826 tribulatio
1331 2769 1506 2824 szeculi
1536 2777 1780 2838 tanquam
1810 2767 1962 2835 ignis,

395 2871 452 2918 et
493 2862 687 2917 lucebit
726 2861 915 2931 justis,
947 2870 1001 2916 et
1027 2860 1232 2915 ardebit
1270 2859 1497 2930 injuslis.
1527 2858 1624 2925 Qui
1663 2858 1876 2927 disrupit
1915 2857 1967 2911 in

399 2954 590 3008 deserto
618 2962 831 3024 petram,
857 2964 905 3008 et
931 2953 1199 3023 adaquavit
1228 2969 1309 3006 eos
1334 2954 1460 3006 sicut
1488 2953 1540 3004 in
1568 2951 1746 3021 abysso
1772 2950 1968 3012 multa;

404 3054 449 3098 et
476 3043 645 3098 eduxit
681 3060 864 3113 aquam
892 3043 954 3097 de
981 3052 1141 3114 petra,
1179 3053 1226 3097 et
1266 3042 1472 3096 deduxit
1499 3052 1732 3112 tanquam
1762 3042 1972 3109 ﬂumina

404 3151 576 3204 aquas,
601 3143 776 3204 potest
802 3135 985 3204 utique
1013 3134 1210 3189 sitienti
1239 3133 1358 3188 fidei
1387 3134 1580 3188 donum
1599 3132 1827 3202 Spiritus
1851 3147 1974 3185 san-

406 3227 499 3290 cti,
527 3225 669 3295 quod
714 3226 803 3280 illa
844 3240 930 3281 res
957 3235 1104 3295 gesta
1144 3225 1485 3293 spiritualiter
1522 3221 1864 3294 significabat.
1894 3223 1972 3276 in-

409 3316 626 3372 fundere
653 3317 720 3372 de
749 3316 1007 3386 spirituali
1050 3324 1302 3386 sequente
1330 3324 1498 3386 petra,
1527 3315 1665 3386 quod
1705 3324 1786 3369 est
1819 3313 1974 3367 (lin-i-

407 3419 522 3465 stus
549 3409 566 3479 (
597 3409 614 3461 I
642 3409 755 3463 Cor.
780 3425 831 3472 χ,
860 3408 936 3480 4)
964 3426 978 3462 :
1010 3408 1100 3479 qui
1143 3407 1316 3462 stabat
1358 3416 1412 3463 et
1455 3407 1733 3470 clamabat,
1767 3405 1828 3460 Si
1864 3405 1973 3475 quis

409 3506 529 3569 sitit,
561 3505 718 3558 veniat
755 3503 822 3557 ad
863 3520 979 3567 me;
1006 3513 1078 3564 et,
1110 3501 1211 3570 Qui
1251 3501 1421 3555 biberit
1465 3501 1526 3553 de
1553 3517 1681 3569 aqua
1710 3515 1858 3568 quam
1885 3513 1974 3567 ego

411 3597 572 3660 dabo,
611 3597 819 3664 ﬂumina
862 3610 1006 3664 aqua
1046 3595 1165 3647 vivat
1201 3594 1354 3661 ﬂuent
1393 3592 1456 3644 de
1495 3587 1662 3644 ventre
1697 3592 1824 3658 ejus.
1866 3587 1976 3641 Hoc

413 3687 544 3739 enim
589 3685 814 3748 dicebat,
852 3686 988 3738 sicut
1034 3684 1085 3736 in
1123 3682 1406 3751 Evangelio
1450 3681 1657 3748 legitur,
1695 3680 1754 3731 de
1784 3679 1979 3747 Spiritu

413 3793 559 3845 quem
594 3776 842 3844 accepturi
870 3783 1010 3827 erant
1038 3773 1288 3827 credentes
1323 3774 1377 3824 in
1410 3789 1520 3825 eum
1546 3771 1564 3840 (
1588 3771 1740 3823 Joan.
1766 3786 1853 3829 vit,
1882 3771 1979 3823 57·-

417 3867 487 3922 59
512 3867 548 3935 ).
577 3867 655 3921 Ad
685 3882 838 3934 quem
868 3866 1006 3919 velut
1035 3865 1175 3934 virga
1217 3864 1412 3933 lignum
1455 3863 1710 3932 passionis
1737 3863 1977 3928 accessit,

421 3971 476 4013 ut
508 3966 776 4012 emanaret
801 3955 1139 4009 credentibus
1168 3955 1350 4023 gratia.

493 4050 576 4104 H.
599 4046 746 4120 [vcrs.
773 4045 881 4118 17.]
905 4047 968 4100 Et
991 4055 1161 4099 tamen
1189 4044 1262 4098 illi
1290 4055 1534 4112 tanquam
1556 4043 1806 4111 generatio
1831 4058 1983 4108 prava

424 4153 471 4197 et
514 4142 813 4201 amaricans,
854 4131 1189 4208 opposuerunt
1232 4138 1394 4189 adhuc
1438 4151 1640 4203 peccare
1667 4136 1713 4187 ei
1744 4151 1760 4188 :
1793 4135 1839 4189 id
1881 4145 1980 4196 est,

425 4250 530 4289 non
575 4231 809 4287 credere.
844 4230 971 4284 Nam
1019 4229 1117 4282 hoc
1163 4236 1245 4282 est
1292 4238 1556 4296 peccatum
1595 4226 1660 4279 de
1687 4241 1789 4295 quo
1818 4228 1985 4294 arguit

405 4327 653 4398 \Spiritus
693 4324 976 4383 tntmdum,
1017 4322 1151 4374 sicut
1193 4321 1442 4373 Dominus
1479 4320 1647 4373 dicit:
1683 4318 1752 4372 De
1793 4329 1986 4386 peccato

433 4417 645 4485 quidem,
686 4417 804 4485 quia
851 4431 947 4467 non
985 4411 1296 4465 crediderunt
1337 4412 1388 4462 in
1433 4426 1508 4462 me
1548 4409 1656 4480 (Id.
1681 4425 1787 4475 xw,
1816 4408 1892 4480 9).
1921 4409 1988 4463 Et

431 4509 840 4562 exacerbaverunt
869 4505 1177 4558 Altissimum
1203 4503 1254 4554 in
1282 4501 1502 4554 siccitate
1521 4517 1539 4553 :
1560 4500 1698 4570 quod
1728 4501 1811 4554 alii
1840 4501 1986 4554 codi-

432 4617 522 4656 ces
565 4601 785 4665 habent,
818 4599 867 4651 in
908 4599 1166 4666 inaquoso,
1202 4593 1340 4664 quod
1375 4592 1442 4648 de
1467 4607 1638 4662 graeco
1665 4601 1746 4648 est
1771 4608 1988 4662 expres-

437 4691 562 4753 sius,
588 4705 688 4744 nec
724 4688 861 4742 aliud
903 4703 1058 4756 quam
1098 4686 1386 4739 siccitatem
1430 4684 1702 4752 signilicat.
1725 4681 1906 4738 Utrum
1937 4685 1987 4736 in

435 4783 527 4835 illa
573 4780 735 4835 eremi
778 4777 1034 4840 siccitate,
1065 4791 1128 4829 an
1159 4775 1330 4846 potius
1360 4775 1409 4827 in
1438 4774 1565 4827 sua?
1586 4773 1716 4838 Quia
1755 4773 1875 4827 licet
1907 4772 1988 4826 bi-

435 4872 636 4927 bissent
661 4869 726 4925 de
756 4877 925 4937 petra,
953 4881 1055 4921 non
1083 4874 1314 4930 ventres,
1341 4863 1433 4918 sed
1463 4872 1666 4916 mentes
1694 4861 1866 4915 aridas
1896 4863 1990 4914 ha-

440 4962 686 5027 bebant,-
718 4961 861 5014 nulla
909 4959 1138 5013 virentes
1186 4956 1502 5011 fecunditate
1543 4954 1776 5023 justitite.
1808 4954 1862 5007 In
1892 4969 1992 5021 qua

441 5054 675 5109 siccitate
698 5052 864 5122 magis
891 5051 1112 5106 ﬁdeliter
1134 5049 1240 5103 Deo
1260 5047 1521 5117 supplices
1544 5061 1661 5101 esse
1683 5045 1989 5112 debuerant,

439 5156 500 5202 ut
523 5147 611 5215 qui
646 5146 938 5201 satietatem
966 5142 1252 5198 donaverat
1296 5139 1544 5203 faucibus,
1573 5137 1867 5207 aequitatem
1895 5135 1992 5189 do-

441 5247 594 5294 naret
610 5248 663 5292 et
680 5237 932 5318 moribus.
959 5235 1037 5290 Ad
1057 5249 1174 5290 eum
1195 5233 1386 5303 quippe
1409 5230 1574 5285 ﬁdelis
1593 5229 1763 5283 anima
1784 5230 1992 5295 clamat,

445 5329 594 5388 Oculi
622 5331 718 5385 mei
745 5319 941 5384 uideant
968 5329 1247 5398 segnitatem
1276 5324 1443 5397 (Psal.
1471 5340 1576 5391 xvi,
1603 5321 1682 5394 2).

515 5423 600 5479 15.
643 5419 788 5494 [uers.
818 5417 1028 5491 I8-‘20.]
1061 5418 1123 5471 Et
1154 5426 1453 5472 tentaverunt
1476 5413 1651 5470 Deum.
1682 5415 1734 5466 in
1772 5412 1997 5466 cordibus

444 5513 568 5579 suis,
598 5521 652 5564 ut
680 5521 894 5580 peterent
930 5526 1068 5564 escas
1103 5506 1358 5561 animabus
1387 5507 1508 5560 suis.
1532 5504 1684 5559 Aliud
1713 5513 1788 5556 est
1821 5512 1998 5572 petere

443 5603 741 5667 credendo,
791 5601 933 5656 aliud
983 5598 1252 5654 tentando.
1298 5597 1534 5666 Denique
1580 5594 1846 5663 sequitur:
1881 5610 1898 5642 ι
1936 5592 2000 5645 Et

447 5702 788 5758 detraxerunt
825 5691 893 5748 de
932 5692 1057 5754 Deo,
1102 5699 1154 5744 ct
1199 5689 1440 5752 dixerunt
1468 5706 1482 5742 :
1510 5684 1765 5758 Numquid
1810 5682 2000 5752 poterit

515 5810 529 5839 ¹
545 5811 625 5860 Sic
644 5814 749 5859 alas.
777 5815 830 5861 At
854 5802 987 5867 add,
1008 5803 1251 5868 perducet.

1351 368 1743 426 ENARRATIO
1783 366 1844 421 IN
1885 363 2202 422 I’SALMUM
2246 365 2498 420 LXXVII.

3492 370 3594 425 994

2042 481 2178 536 Deus
2217 496 2403 551 parare
2442 497 2673 537 mensam
2708 484 2758 536 in
2787 483 3033 538 deserto?
3059 484 3313 552 Quoniam
3343 491 3598 556 percussit

2035 582 2259 643 petram,
2283 583 2334 626 et
2356 573 2615 628 ﬂuxerunt
2641 590 2810 644 aqum,
2834 584 2886 630 et
2909 585 3168 630 torrentes
3199 577 3597 640 inumlaverutu,

2039 666 2288 735 numquid
2318 679 2372 720 et
2400 683 2586 734 panem
2620 669 2810 736 poterit
2838 669 2984 743 dare,
3013 679 3103 722 aut
3140 684 3326 738 parare
3365 685 3597 723 mensam

2008 758 2232 830 lpopuIO
2273 759 2406 812 suo?
2446 779 2463 810 ι
2497 758 2609 812 Non
2655 749 2931 814 credentes
2978 775 3106 830 ergo
3147 762 3410 828 petierunt
3455 776 3601 814 escas

2040 847 2313 901 animabus
2337 849 2463 902 suis.
2491 849 2602 903 Non
2626 850 2702 904 sic
2722 850 2990 920 apostolus
3009 850 3234 904 Jacobus
3263 865 3436 905 escam
3460 867 3604 904 men-

2042 941 2109 992 tis
2151 941 2385 1008 praecipit
2433 941 2728 1010 postulari;
2773 941 2868 996 sed
2911 958 2939 995 a
2984 941 3318 996 credentibus
3356 957 3469 996 eam
3500 943 3604 1010 peti

2042 1030 2311 1098 admonet,
2341 1046 2442 1085 non
2470 1047 2499 1086 a
2526 1033 2844 1087 tentantibus
2866 1042 3022 1101 atque
3045 1033 3438 1088 detrahentibus
3464 1033 3602 1087 Deo:

2045 1123 2104 1177 Si
2129 1123 2237 1189 quis
2265 1131 2433 1176 autem
2456 1133 2691 1198 vestrum,
2717 1123 2905 1194 inquit,
2927 1125 3115 1195 indiget
3142 1126 3404 1194 sapientia,
3438 1135 3610 1193 postu-

2045 1215 2162 1267 leta
2191 1213 2317 1281 Deo,
2349 1216 2435 1285 qui
2459 1217 2544 1268 dat
2573 1216 2800 1271 omnibus
2827 1219 3096 1287 afﬂuenter,
3134 1228 3178 1272 et
3215 1235 3314 1271 non
3355 1219 3604 1286 imprOpev

2045 1316 2123 1358 rat
2145 1321 2164 1369 ;
2189 1315 2235 1358 et
2260 1306 2461 1359 dabitur
2485 1308 2529 1360 ei
2551 1325 2568 1360 :
2591 1309 2802 1377 postulet
2828 1318 2989 1362 autem
3020 1310 3070 1361 in
3099 1310 3200 1377 ﬁde
3223 1311 3349 1363 nihil
3378 1312 3611 1363 Iiwsitans

2052 1397 2269 1465 (Jacobi
2299 1415 2334 1462 ι,
2358 1399 2408 1462 5,
2443 1399 2536 1470 6).
2571 1400 2712 1454 Ilanc
2742 1401 2896 1455 fidem
2938 1418 3039 1454 non
3071 1401 3291 1456 habebat
3323 1402 3611 1472 generatio.

2048 1505 2165 1559 qua:
2208 1505 2300 1544 cor
2349 1507 2450 1545 non
2501 1493 2763 1547 direxerat
2804 1511 2978 1558 suum,
3009 1505 3062 1550 et
3095 1511 3200 1550 non
3234 1507 3346 1550 erat
3387 1497 3618 1552 creditus

2049 1596 2168 1633 cum
2201 1580 2310 1634 Deo
2338 1581 2552 1651 spiritus
2579 1584 2713 1651 ejus.

2122 1671 2207 1725 16.
2239 1669 2385 1744 [vers.
2415 1671 2532 1745 2].]
2566 1673 2779 1744 Propter
2806 1678 2898 1728 hoc
2927 1677 3112 1730 audivit
3141 1675 3406 1742 Dominus,
3437 1688 3482 1731 et
3512 1679 3617 1731 dis-

2053 1762 2185 1828 tulit,
2223 1773 2271 1817 et
2308 1764 2439 1834 ignis
2477 1781 2710 1819 accensus
2740 1777 2810 1820 est
2835 1769 2886 1820 in
2924 1767 3103 1835 Jacob,
3132 1777 3178 1822 et
3217 1770 3295 1822 ira
3321 1770 3542 1824 ascendit
3568 1771 3624 1823 in

2057 1853 2237 1910 Israel.
2270 1855 2529 1927 Exposuit
2554 1858 2675 1928 quid
2708 1859 2879 1929 ignem
2908 1859 3118 1914 dixerit.
3149 1860 3283 1915 Iram
3313 1863 3505 1931 quippe
3530 1878 3625 1930 ap—

2055 1946 2270 2014 pellavit
2298 1947 2468 2016 ignem
2495 1963 2827 2018 :quanquam
2850 1949 3042 2004 multos
3071 1951 3279 2020 proprie
3308 1951 3463 2005 etiam
3494 1951 3625 2020 ignis

2056 2037 2376 2092 accenderit.
2403 2037 2538 2104 Quid
2568 2053 2694 2108 ergo
2731 2049 2812 2094 est
2838 2040 2978 2110 quod
3008 2040 3104 2094 ait:
3129 2040 3330 2095 Audiuit
3358 2041 3624 2105 Dominus,

2061 2139 2108 2181 et
2132 2128 2364 2183 distulit?
2386 2129 2468 2183 An
2498 2129 2697 2184 distulit
2721 2145 2813 2184 eos
2843 2131 3179 2186 introducere
3205 2131 3257 2185 in
3290 2141 3480 2186 terram
3506 2146 3630 2200 pro—

2061 2221 2350 2288 missionis,
2397 2237 2504 2292 quo
2550 2222 2912 2289 ducebantur;
2943 2225 3082 2294 quod
3130 2225 3262 2278 intra
3293 2240 3488 2294 paucos
3515 2225 3630 2280 dies

2063 2310 2176 2366 fieri
2207 2319 2432 2380 poterat,
2471 2313 2561 2366 sed
2602 2322 2816 2382 prapter
2857 2328 3069 2384 peccata
3114 2316 3164 2368 in
3204 2330 3384 2370 eremo
3425 2315 3633 2371 fuerant

2064 2403 2390 2466 conterendi,
2412 2403 2496 2457 ubi
2519 2412 2571 2458 et
2587 2405 2796 2459 contriti
2814 2418 2937 2460 sunt
2957 2422 3048 2474 per
3066 2399 3407 2478 quadraginta
3432 2409 3631 2463 armos?

2065 2494 2214 2561 Quod
2244 2495 2287 2547 si
2315 2495 2384 2548 ita
2407 2503 2508 2561 est,
2532 2495 2730 2549 distulit
2762 2512 2887 2565 ergo
2912 2497 3181 2566 populum,
3206 2512 3311 2550 non
3338 2499 3465 2551 istos
3491 2498 3634 2565 ipsos

2067 2584 2155 2653 qui
2202 2594 2464 2640 tentantes
2511 2585 2856 2640 detrahebant
2904 2589 2969 2640 de
3009 2587 3149 2650 Deo;
3195 2601 3312 2640 nam
3358 2599 3542 2641 omnes
3583 2589 3632 2640 in

2068 2693 2248 2732 eremo
2270 2679 2557 2748 perierunt,
2582 2688 2634 2732 et
2655 2678 2742 2732 lilii
2765 2693 2949 2732 eorum
2979 2679 3026 2731 in
3060 2690 3250 2732 terram
3275 2679 3634 2747 promissionis

2072 2773 2292 2841 ingressi
2338 2782 2476 2826 sunt.
2519 2774 2600 2825 An
2645 2771 2846 2826 distulit
2889 2787 3117 2840 poenam,
3157 2782 3211 2825 ut
3252 2773 3394 2840 prius
3423 2772 3636 2825 satiaret

2072 2865 2228 2918 etiam
2258 2863 2521 2918 infidelem
2552 2865 3050 2932 concupiscentiam,
3076 2879 3141 2918 nc
3171 2875 3445 2932 prepterea
3485 2872 3636 2931 puta-

2073 2965 2219 3010 retur
2245 2959 2406 3008 iratus
2432 2956 2548 3024 quia
2581 2956 2680 3010 hoc
2709 2956 2776 3010 ab
2803 2955 2913 3020 illo,
2942 2954 3061 3009 licet
3094 2964 3357 3008 tentantes
3386 2963 3438 3009 et
3461 2954 3639 3008 detra-

2076 3046 2280 3103 hentcs.
2307 3046 2552 3114 petebant
2576 3045 2713 3114 quod
2739 3047 2909 3099 facere
2933 3061 3036 3098 non
3060 3045 3276 3112 posset?
3297 3045 3494 3097 Audiuit
3515 3053 3640 3112 ergo

2076 3149 2120 3191 et
2144 3138 2334 3191 distulit
2365 3138 2665 3202 vindicare;
2699 3148 2750 3190 et
2775 3149 3116 3208 posteaquam
3167 3136 3288 3190 fecit
3333 3136 3470 3205 quod
3518 3151 3638 3188 eum

2076 3233 2151 3286 illi
2189 3231 2360 3286 facere
2390 3247 2492 3285 non
2524 3244 2677 3300 pesse
2705 3239 3037 3300 puuaverunt,
3074 3239 3197 3283 tunc
3236 3230 3311 3280 ira
3344 3229 3564 3281 ascendit
3591 3231 3641 3281 in

2077 3323 2261 3378 Israel.

2148 3417 2236 3471 17.
2270 3416 2415 3490 [vers.
2442 3415 2658 3487 22-5”
2684 3415 2918 3484 Denique
2945 3424 3168 3482 utroque
3195 3412 3425 3466 breviter
3449 3411 3639 3481 posito,

2078 3510 2327 3578 deinceps
2351 3516 2532 3575 aperte
2560 3507 2799 3560 ordinem
2830 3505 3147 3558 narratioais
3171 3505 3491 3572 exsequitur.
3515 3503 3645 3568 Quia

2080 3618 2180 3652 non
2202 3599 2515 3652 crediderunt
2539 3598 2591 3650 in
2608 3596 2734 3662 Deo,
2759 3613 2846 3649 nec
2865 3605 3183 3664 speraverant
3210 3596 3260 3646 in
3278 3596 3497 3648 salutare
3517 3597 3643 3662 ejus.

2082 3689 2320 3756 Namque
2344 3702 2463 3742 cum
2494 3687 2712 3741 dixisset
2741 3701 2904 3755 quare
2931 3686 3064 3756 ignis
3093 3700 3347 3739 accensus
3373 3695 3452 3738 est
3477 3685 3527 3738 in
3554 3684 3645 3739 Ja-

2083 3781 2201 3845 cob,
2229 3790 2282 3835 et
2306 3780 2384 3833 ira
2416 3778 2653 3833 ascendit
2682 3778 2735 3831 in
2768 3777 2960 3840 Israel,
2999 3777 3049 3831 id
3077 3785 3180 3839 est,
3206 3777 3322 3844 quia
3361 3793 3457 3828 non
3483 3777 3646 3828 credi-

2085 3873 2262 3924 derunt
2291 3873 2342 3924 in
2371 3870 2500 3934 Deo,
2530 3883 2617 3923 nec
2642 3879 2961 3938 speraverant
2987 3869 3038 3921 in
3066 3869 3283 3921 salutare
3310 3869 3415 3937 ejus
3435 3908 3448 3930 ,
3476 3868 3648 3921 comi-

2085 3976 2192 4016 nuo
2237 3959 2522 4030 subjiciens
2569 3973 2724 4029 quam
2773 3958 3104 4013 evidentibus
3146 3956 3416 4012 beneﬁciis
3461 3956 3650 4026 ingrati

2086 4051 2317 4117 fuerunt,
2353 4070 2371 4103 ι
2405 4051 2473 4105 Εῑ
2499 4049 2784 4115 mandavit,
2826 4068 2844 4100 ›
2880 4049 3065 4118 inquit,
3098 4067 3116 4099 ι
3153 4049 3373 4103 nubibus
3401 4048 3648 4118 desuper,

2087 4153 2140 4197 et
2173 4142 2364 4213 januas
2401 4141 2522 4196 σεειὶ
2559 4141 2783 4211 aperuit.
2811 4140 2876 4193 Et
2907 4139 3036 4207 pluit
3065 4139 3167 4194 illis
3195 4154 3384 4193 manna
3413 4139 3477 4194 ad
3505 4156 3652 4192 man-

2088 4233 2382 4289 ducandum
2406 4276 2420 4300 ,
2461 4241 2514 4288 ct
2551 4247 2737 4302 panem
2763 4231 2882 4286 coeli
2913 4231 3057 4285 dedit
3084 4231 3178 4285 eis.
3205 4231 3397 4285 Panem
3422 4232 3650 4299 Angelo-

2090 4344 2206 4382 rum
2241 4325 2575 4381 manducavit
2599 4324 2757 4378 homo
2784 4323 2859 4394 (a)
2884 4340 2896 4376 :
2923 4322 3115 4377 cibaria
3143 4322 3286 4376 misit
3309 4323 3386 4376 eis
3414 4322 3463 4374 in
3486 4322 3652 4374 abun-

2090 4419 2286 4472 dantia.
2326 4417 2615 4471 Transtulit
2657 4418 2903 4470 Austrum
2946 4413 3012 4469 de
3059 4413 3215 4478 caelo,
3257 4422 3311 4466 et
3353 4411 3554 4465 induxit
3600 4413 3650 4466 in

2093 4511 2281 4564 virtute
2309 4525 2402 4564 sua
2433 4510 2687 4564 Africum.
2724 4508 2789 4562 Et
2824 4507 2957 4576 pluit
3000 4519 3158 4574 super
3183 4519 3276 4560 eos
3315 4504 3449 4556 sicut
3477 4503 3653 4572 pulve-

2093 4618 2203 4656 rem
2235 4617 2441 4668 carnes,
2468 4612 2521 4656 et
2549 4601 2683 4654 sicut
2719 4613 2932 4652 arenam
2963 4596 3123 4649 maris
3152 4595 3379 4648 volatilia
3409 4604 3651 4662 pennata.

2097 4694 2160 4747 Et
2202 4694 2504 4748 ceciderunt
2549 4693 2599 4745 in
2644 4689 2818 4744 medio
2858 4697 3151 4742 castrorum
3182 4701 3383 4749 eorum,
3413 4685 3552 4738 circa
3581 4694 3656 4737 ta-

2095 4786 2376 4841 bernacula
2406 4801 2606 4841 eorum.
2629 4784 2696 4836 Et
2723 4780 3197 4842 manducaverunt,
3221 4787 3276 4832 et
3298 4777 3513 4832 saturati
3535 4786 3655 4829 sunt

2096 4879 2294 4944 nimis;
2340 4885 2394 4932 et
2435 4874 2752 4930 desiderium
2801 4886 2982 4925 eorum
3027 4868 3202 4922 attulit
3243 4868 3321 4922 eis
3349 4885 3360 4920 :
3389 4881 3490 4920 non
3532 4854 3656 4918 sunt

2096 4971 2282 5041 privati
2313 4986 2341 5023 a
2369 4967 2630 5023 desiderio
2655 4979 2770 5020 suo.
2803 4983 2820 5014 ι
2852 4963 2988 5016 Ecce
3017 4975 3179 5030 quare
3208 4959 3498 5012 distulerat.
3522 4957 3654 5024 Quid

2096 5072 2272 5118 autem
2304 5060 2601 5120 distulerat,
2635 5057 2942 5111 audiamus:
2968 5053 3143 5105 Adhuc
3186 5066 3296 5104 esca
3335 5059 3440 5103 erat
3480 5049 3530 5100 in
3576 5063 3658 5098 ore

2099 5159 2340 5223 ipsorum,
2371 5161 2417 5204 et
2445 5152 2520 5203 ira
2545 5149 2639 5202 Dei
2677 5146 2898 5200 ascendit
2923 5161 3072 5213 super
3100 5159 3199 5196 eos.
3229 5142 3365 5195 Ecce
3391 5137 3526 5208 quod
3547 5138 3656 5189 dis-

2103 5247 2309 5298 tulerat.
2336 5243 2484 5294 Prius
2508 5240 2668 5303 enim,
2691 5236 2914 5298 distulit;
2940 5244 2992 5289 et
3018 5243 3216 5303 postea,
3259 5231 3388 5302 ignis
3421 5243 3658 5288 accensus

2103 5344 2175 5388 est
2198 5335 2249 5385 in
2276 5331 2451 5395 Iacob,
2483 5339 2527 5383 et
2555 5329 2632 5382 ira
2670 5328 2886 5382 ascendit
2914 5328 2965 5379 in
2991 5323 3173 5379 Israel.
3203 5321 3484 5376 Distulcrat
3509 5333 3656 5384 ergo,

2104 5433 2161 5480 ut
2189 5425 2331 5494 prius
2357 5423 2551 5477 faceret
2573 5419 2710 5490 quod
2737 5434 2855 5473 eum
2893 5417 3064 5472 facere
3100 5432 3202 5468 non
3233 5424 3385 5480 posse
3420 5407 3660 5462 credide—

2105 5525 2241 5578 rant,
2265 5513 2454 5568 deinde
2485 5510 2701 5566 inferret
2725 5509 2860 5580 quod
2889 5523 2980 5563 eos
3006 5506 3112 5577 pati
3138 5501 3429 5572 Oportebat.
3452 5498 3581 5552 Nam
3613 5498 3658 5550 si

2107 5615 2364 5677 ponerent
2403 5604 2452 5658 in
2490 5604 2597 5658 Deo
2623 5613 2766 5672 spem
2788 5617 2956 5664 suam,
2987 5613 3088 5651 non
3116 5594 3282 5648 solum
3305 5592 3382 5646 eis
3411 5590 3497 5644 illa
3522 5589 3661 5643 desi-

2169 5722 2240 5834 (g)
2270 5721 2396 5771 Idem
2413 5720 2445 5781 ᾗ
2484 5717 2544 5768 95
2567 5715 2826 5780 explicatur
2851 5725 2993 5776 supra
3017 5713 3065 5759 in
3088 5704 3203 5757 Psal.
3234 5719 3400 5767 xum,
3423 5715 3571 5755 εει-ιη.
3614 5703 3660 5764 1,

2111 5801 2156 5834 n.
2182 5801 2230 5834 υ.
