4020 6198
525 353 628 411 995

521 467 664 522 deria
680 466 870 532 carnis,
892 464 982 521 sed
1005 466 1161 520 etiam
1182 467 1414 538 spiritus,
1439 467 1794 539 implerentur.
1811 470 1910 538 Qui
1931 471 2073 526 enim

519 561 772 614 mandavit
812 560 1018 616 nubibus
1055 560 1291 631 desuper,
1331 570 1378 615 et
1405 562 1596 632 januas
1635 564 1743 618 cali
1783 565 1994 634 aperuit,
2027 573 2074 619 et

517 651 645 719 pluit
672 650 772 706 illis
797 667 982 704 manna
1001 652 1068 704 ad
1091 652 1514 719 manducandum,
1532 662 1579 707 et
1609 670 1786 721 panem
1811 655 1920 708 caeli
1935 655 2072 709 dedit

514 743 604 805 eis,
627 750 684 795 ut
707 757 884 812 panem
907 742 1206 813 Angelorum
1231 742 1753 810 manducarethomo,
1779 745 1866 817 qui
1885 746 2071 801 cibaria

513 835 644 888 misit
667 834 736 888 eis
765 835 817 888 in
840 835 1165 903 abundantia,
1189 845 1244 891 ut
1270 837 1485 892 satiaret
1512 837 1826 904 incredulos,
1857 853 1960 892 non
1987 849 2071 894 est

512 927 754 982 inefﬁcax
781 926 908 982 dare
932 927 1266 984 credentibus
1291 943 1472 984 verum
1517 930 1683 999 ipsum
1718 929 1786 984 de
1817 932 1952 986 caelo
1976 945 2070 1001 pa-

509 1033 630 1073 nem
651 1033 806 1088 quem
825 1033 1014 1074 manna
1041 1018 1395 1090 signiﬁcabat;
1423 1019 1510 1090 qui
1536 1033 1660 1074 vere
1682 1019 1830 1074 cibus
1857 1031 1941 1076 est
1961 1023 2068 1076 An-

505 1111 765 1180 gelorum,
786 1125 919 1180 quos
939 1111 1034 1165 Dei
1055 1109 1286 1166 Verbum
1308 1110 1726 1180 incorruptibiles
1753 1112 2067 1182 incorrupti-

507 1201 680 1256 biliter
725 1202 889 1270 pascit
918 1202 970 1267 ⁸;
1007 1201 1146 1272 quod
1178 1210 1235 1255 ιιι
1263 1202 1602 1257 manducaret
1631 1203 1807 1269 homo,
1833 1218 1959 1259 caro
1987 1204 2065 1259 fa-

503 1306 644 1348 ctum
685 1303 800 1360 est,
843 1303 897 1351 et
945 1294 1198 1349 habitavit
1242 1295 1293 1348 in
1338 1293 1490 1349 nobis
1531 1291 1707 1368 (Joan.
1737 1309 1777 1361 ι,
1808 1295 1918 1366 Η).
1950 1296 2064 1366 Ipse

503 1388 642 1440 enim
675 1386 824 1456 panis
848 1401 944 1456 per
969 1386 1134 1440 nubes
1159 1385 1487 1455 evangelicas
1515 1385 1760 1440 universo
1783 1385 1897 1441 orbi
1923 1386 2062 1455 plui-

504 1487 625 1543 tur;
654 1487 708 1532 et
731 1477 926 1546 apertis
955 1477 1353 1546 prmdicatorum
1391 1473 1638 1531 cordibus
1673 1484 1917 1546 tanquam
1948 1492 2058 1534 ctu-

501 1569 717 1623 Iestibus
733 1567 924 1637 januis,
941 1583 1046 1622 non
1067 1567 1412 1621 murmuranti
1434 1575 1487 1621 ct
1508 1567 1727 1620 tentanti
1747 1567 2058 1638 Synagogaa,

502 1657 595 1712 sed
624 1657 859 1712 credenti
884 1665 940 1712 et
968 1657 1018 1711 in
1050 1657 1140 1711 illo
1175 1671 1321 1726 spem
1353 1656 1565 1725 poneuti
1596 1655 1845 1712 Ecclesia:
1871 1657 2062 1727 praadi-

499 1756 667 1801 catur.
692 1745 790 1813 Qui
822 1764 841 1798 ‹
870 1745 1132 1800 transtulit
1154 1747 1401 1800 Austrum
1429 1745 1495 1800 de
1520 1747 1675 1813 caelo,
1701 1756 1756 1801 et
1782 1747 1985 1803 induxit
2006 1748 2058 1802 in

496 1838 690 1892 virtute
714 1852 806 1891 sua
829 1836 1084 1903 Alricum,
1107 1844 1161 1891 et
1183 1836 1317 1908 pluit
1340 1851 1499 1906 super
1521 1849 1614 1891 eos
1637 1836 1772 1892 sicut
1792 1838 2056 1908 pulverem

495 1942 703 1990 carnes,
731 1936 785 1982 et
823 1927 960 1982 sicut
1003 1942 1217 1982 arenam
1258 1927 1418 1982 maris
1451 1927 1680 1983 volatilia
1717 1939 1973 1999 pennata;
2003 1939 2059 1987 et

496 2020 799 2075 ceciderunt
828 2020 878 2074 in
899 2019 1084 2081 .mcdio
1109 2029 1400 2074 castrorum
1429 2034 1636 2087 eorum,
1659 2021 1798 2076 circa
1825 2022 2059 2078 taberna-

496 2113 615 2167 cula
640 2127 824 2167 eorum
852 2130 865 2167 :
890 2121 942 2167 et
972 2111 1446 2176 manducaverunt,
1485 2121 1540 2166 ct
1582 2113 1798 2167 saturati
1825 2123 1948 2168 sunt
1976 2115 2056 2168 ni-

494 2203 613 2265 mis.
641 2211 694 2257 et
719 2201 1037 2269 desiderium
1067 2217 1248 2257 eorum
1278 2203 1453 2256 attulit
1477 2203 1573 2266 eis,
1598 2217 1696 2258 nec
1722 2214 1846 2260 sunt
1867 2205 2052 2274 privati

493 2308 522 2347 ιι
547 2293 813 2349 desiderio
839 2307 958 2360 suo,
992 2313 1010 2345 ι
1042 2301 1215 2363 potest
1238 2303 1291 2349 et
1320 2309 1424 2348 non
1455 2295 1787 2361 tentautinm,
1818 2297 1910 2352 sed
1938 2312 2054 2352 cre-

492 2386 738 2440 dentium
755 2387 1022 2456 parvulam
1045 2388 1066 2418 ²
1091 2387 1266 2454 ﬁdem,
1299 2401 1456 2442 carne
1484 2387 1638 2442 editis
1667 2403 1850 2443 vocum
1890 2390 2052 2460 signis

490 2487 542 2533 et
587 2495 680 2547 per
721 2494 898 2535 aerem
944 2479 1442 2557 trauscurrentibus,
1472 2489 1716 2552 tanquam
1753 2485 2052 2540 volatilibus

492 2585 708 2642 pascere
733 2591 746 2626 :
770 2588 875 2628 non
901 2583 1073 2630 tamen
1101 2573 1170 2629 ab
1194 2574 1456 2645 Aquilone
1480 2577 1812 2633 venientibus
1843 2579 1930 2634 ubi
1961 2578 2050 2634 t‘ri-

487 2679 584 2732 gus
612 2673 666 2718 et
692 2663 859 2734 caligo
887 2665 1193 2734 praevalent,
1234 2665 1286 2720 id
1327 2676 1429 2735 est,
1459 2667 1757 2738 eloquentia
1783 2687 1900 2741 qum
1931 2671 2051 2729 huic

488 2753 682 2808 saeculo
713 2753 882 2822 placet
910 2753 967 2820 8;
993 2754 1088 2810 sed
1131 2755 1497 2812 transferendo
1518 2759 1768 2814 Austrum
1799 2761 1865 2816 de
1891 2763 2045 2818 caelo.

483 2843 619 2910 Quo,
648 2845 748 2900 nisi
778 2844 844 2900 ad
873 2847 1081 2902 terras?
1105 2855 1166 2902 ut
1203 2848 1290 2919 qui
1329 2848 1380 2903 in
1419 2849 1522 2905 ﬁde
1555 2860 1680 2907 sunt
1707 2854 1928 2924 parvuli,
1956 2871 2050 2910 au-

480 2935 677 2991 diendo
724 2939 990 2993 terrestria
1017 2940 1316 2995 nutriantur
1342 2941 1408 2996 ad
1435 2944 1686 3012 capienda
1709 2946 1961 3003 coelestia.
1987 2947 2048 3004 Si

480 3029 612 3082 enim
637 3031 910 3099 terrestria,
939 3031 1123 3102 inquit,
1153 3028 1260 3088 dixi
1284 3034 1439 3100 vobis,
1469 3043 1514 3088 et
1538 3053 1638 3090 non
1665 3039 1864 3094 creditis
1881 3055 1901 3104 ;
1918 3057 2049 3112 quo-

480 3120 630 3174 modo
674 3122 719 3174 si
759 3120 979 3176 calestia
1017 3122 1191 3178 dixero
1233 3123 1390 3191 vobis,
1430 3126 1639 3181 credetis
1676 3127 1786 3198 (Id.
1819 3146 1895 3194 ιιι,
1924 3131 2048 3204 12)?

477 3209 790 3265 Translatus
815 3211 957 3266 enim
987 3222 1102 3266 erat
1142 3213 1232 3270 ille
1257 3213 1325 3269 de
1349 3217 1488 3270 coelo
1523 3217 1932 3286 quodammodo,
1960 3223 2047 3280 ubi

479 3306 659 3354 mente
682 3310 982 3378 excesserat
1007 3301 1153 3366 Deo;
1178 3311 1234 3356 ut
1265 3311 1564 3372 temperans
1591 3308 1669 3360 eis
1691 3321 1830 3363 esset
1858 3311 2047 3380 quibus

476 3390 688 3447 dicebat
709 3407 725 3446 :
749 3387 871 3446 Non
893 3393 1033 3463 potui
1057 3392 1192 3447 vobis
1232 3393 1366 3464 loqui
1401 3397 1545 3466 quasi
1569 3397 1930 3468 spiritualibus,
1960 3405 2048 3458 sed

477 3484 621 3551 quasi
662 3483 943 3538 carnalibus
981 3483 1194 3555 (ICor.
1230 3502 1305 3551 tu,
1347 3486 1446 3558 l).
1499 3488 1574 3544 lbi
1627 3491 1768 3547 enim
1810 3494 2048 3551 audierat
2092 3532 2097 3538 -

480 3573 764 3629 ineﬂ‘abilia
795 3575 956 3631 verba
985 3575 1049 3650 (ll
1072 3575 1189 3632 Cor.
1217 3593 1311 3646 xu,
1337 3579 1417 3650 4),
1439 3595 1560 3650 quae
1587 3583 1638 3637 in
1671 3593 1808 3639 terra
1838 3586 1910 3641 illi
1940 3603 2044 3644 non

481 3665 672 3720 licebat
712 3666 856 3736 loqui
887 3681 983 3736 per
1007 3667 1166 3722 verba
1208 3671 1470 3736 sonantia,
1505 3672 1652 3742 quasi
1693 3688 1788 3744 per
1822 3676 2046 3733 volatilia

477 3766 730 3826 pennata;
756 3766 810 3812 et
838 3757 1134 3814 inducendo
1157 3759 1210 3812 in
1228 3760 1406 3814 virtute
1425 3777 1518 3815 sua
1541 3763 1785 3833 Africum,
1815 3766 1916 3822 hoc
1940 3779 2042 3837 est,

475 3861 570 3916 per
606 3856 793 3902 ventos
831 3848 1172 3915 meridianos,
1210 3848 1474 3906 ferventes
1501 3861 1554 3906 et
1581 3854 1817 3910 lucentes
1847 3859 2041 3926 przedi-

477 3938 709 3991 cantium
735 3937 985 4008 spiritus;
1012 3947 1068 3993 et
1090 3938 1193 3994 hoc
1219 3940 1271 3993 in
1298 3941 1475 3995 virtute
1496 3958 1609 4007 sua,
1631 3959 1700 4000 ne
1723 3945 1826 4000 sibi
1851 3948 2045 4002 tribuat

477 4026 688 4084 Africus
721 4027 862 4099 quod
889 4028 1048 4084 habet
1073 4043 1138 4084 ex
1159 4030 1288 4086 Deo.
1313 4030 1545 4088 Veniunt
1579 4042 1753 4088 autem
1781 4035 1920 4091 ultro
1957 4039 2043 4093 isti

471 4119 618 4174 venti
666 4119 730 4174 ad
775 4119 1048 4189 homines,
1075 4131 1133 4177 et
1165 4131 1444 4194 apportaut
1476 4125 1556 4180 eis
1589 4127 1750 4182 verba
1790 4129 2042 4186 divinitus

474 4209 671 4274 missa;
699 4217 758 4264 ut
796 4211 848 4264 in
887 4212 998 4265 suis
1039 4211 1258 4267 sedibus
1297 4222 1354 4269 et
1393 4213 1534 4270 circa
1571 4217 1904 4274 tabernacula
1944 4236 2038 4276 sua

473 4299 728 4370 colligant
769 4301 1034 4370 ejusmodi
1078 4304 1321 4373 volatilia,
1361 4314 1416 4362 et
1456 4305 1640 4363 adoret
1682 4312 2038 4382 unusquisque

475 4393 756 4450 Dominum
778 4395 843 4451 de
863 4394 980 4451 loco
995 4411 1114 4464 suo,
1127 4411 1313 4454 omnes
1329 4398 1512 4455 insula:
1528 4401 1761 4470 gentium
1781 4403 2033 4474 (Sophon.

472 4499 530 4552 ιι,
561 4483 675 4558 ll).

540 4574 626 4631 18.
671 4575 776 4632 Sed
814 4574 1112 4633 infidelibus
1149 4585 1393 4648 tanquam
1434 4595 1611 4651 prava:
1645 4590 1700 4637 et
1725 4585 2034 4641 amaricanti

468 4668 794 4736 generationi
817 4709 834 4736 ,
875 4683 995 4724 cum
1038 4668 1212 4724 adhuc
1245 4684 1365 4725 esca
1401 4682 1542 4726 esset
1569 4672 1621 4726 in
1648 4688 1741 4727 ore
1769 4675 1996 4744 ipsorum
2017 4719 2032 4739 .

468 4756 546 4809 ira
586 4755 678 4811 Dei
715 4759 938 4814 ascendit
973 4760 1027 4813 in
1062 4776 1178 4826 eos,
1209 4769 1256 4813 et
1281 4760 1460 4815 occidit
1485 4762 1536 4816 in
1565 4762 1792 4831 plurimis
1817 4782 1984 4820 eorum
2017 4783 2037 4821 .°

469 4848 570 4903 hoc
610 4858 692 4903 est
712 4891 728 4917 ,
772 4852 1026 4922 plurimos
1053 4867 1235 4908 eorum
1253 4894 1270 4920 ,
1297 4854 1378 4908 vel
1407 4853 1541 4918 sicut
1569 4857 1802 4911 nonnulli
1829 4860 2034 4914 codices

469 4940 667 4996 habent
685 4983 700 5002 .
745 4945 952 5014 pingues
987 4963 1175 5000 eorum.
1201 4945 1348 5013 Quod
1374 4947 1585 5017 quidem
1616 4949 1666 5002 in
1694 4951 1877 5020 grrecis
1901 4969 2034 5020 quos

469 5030 780 5091 habuimus.
829 5051 929 5088 non
973 5036 1287 5092 invenimus.
1335 5037 1439 5094 Sed
1482 5039 1524 5092 si
1573 5039 1672 5095 hoc
1709 5051 1785 5096 est
1826 5045 2030 5109 verius,

469 5125 591 5196 quid
637 5123 773 5177 aliud
816 5125 1134 5197 intelligendi
1173 5137 1296 5187 sunt
1338 5131 1544 5200 pingues
1585 5148 1786 5195 eorum,
1818 5135 1914 5188 nisi
1944 5151 2034 5188 su-

469 5217 648 5288 perbia
685 5216 1026 5285 prmvalentes
1045 5260 1060 5283 ,
1090 5220 1156 5276 de
1183 5222 1369 5290 quibus
1398 5223 1586 5277 dicitur
1619 5243 1631 5278 ε
1664 5223 1868 5279 Prodiet
1895 5229 2034 5293 quasi

465 5326 534 5364 ex
567 5309 716 5378 adipe
754 5308 991 5376 iniquitas
1033 5326 1204 5364 eorum
1241 5312 1409 5380 (ΡσαΙ.
1443 5331 1618 5378 Lxxu,
1648 5317 1738 5384 7)?
1769 5317 1833 5369 Et
1858 5320 2033 5372 electos

471 5401 636 5457 Israel
659 5401 932 5473 impedivit.
961 5399 1125 5455 Erant
1153 5403 1256 5457 illic
1284 5405 1438 5457 etiam
1462 5407 1612 5461 electi
1633 5449 1646 5469 ,
1669 5425 1888 5477 quorum
1915 5410 2029 5464 lidci

535 5560 551 5587 ι
579 5555 711 5616 add,
752 5553 880 5627 quod
905 5555 988 5605 Dei
1017 5551 1222 5626 Verbum
1256 5555 1581 5626 corruptibiles
1615 5557 2032 5632 incorruptibiliter

535 5618 638 5667 scit.
665 5625 839 5667 Beatus
859 5624 939 5666 Ms.
955 5651 971 5667 .
994 5629 1109 5667 auos
1131 5623 1222 5666 Det
1269 5616 1471 5667 Verbum
1497 5623 1851 5667 tucorrunttlnle
1873 5638 2030 5667 ,κιον-

470 5623 638 5681 pascit.
665 5623 839 5680 uegius
859 5624 939 5666 Ms.
955 5651 971 5677 ,
994 5629 1109 5681 quos
1131 5623 1222 5666 Det
1269 5623 1471 5667 Verbum
1497 5623 1851 5685 utcorruptiln'le
1873 5625 2030 5678 incor-

473 5678 766 5771 ""t'i':§ff.‘5r.
784 5679 1243 5771 tem-masc...
1312 5743 1316 5746 -

543 5742 561 5771 ι
584 5739 768 5803 Aliquot
785 5747 913 5802 ηδε,
936 5739 1261 5805 parvulorum.

543 5802 562 5834 ³
584 5807 709 5858 Mss,
728 5804 865 5861 favet.

1739 361 1796 413 S.
1840 357 2198 415 ΑυουετιΝι
2241 363 2534 422 EPISCOPI

3645 389 3750 442 996

2181 482 2787 561 noneontemperahatur
2800 490 3169 561 generatio‘pra
3178 509 3239 549 va
3254 505 3306 551 et
3318 499 3632 556 amaricans.
3649 505 3747 559 lm-

2175 547 2334 614 pediti
2376 547 2710 609 sunt'autem
2750 547 2829 611 né'
2845 559 3038 629 aliquid
3063 547 3749 643 éisprba‘és'ééiijﬁiiiiitis

2174 646 2393 706 paterno
2438 657 2496 698 se
2523 645 2709 701 affectu
2739 651 3015 707 consulere
3039 657 3338 724 cupiebant.
3369 660 3571 730 Quibus
3603 667 3749 724 enim

2177 727 2310 782 Deus
2341 729 2579 788 irascitur
2597 775 2612 802 ,
2644 737 2767 806 qttid
2796 741 3152 798 misericordia
3181 727 3452 806 confertur
3477 752 3754 810 humana!

2173 818 2252 872 An
2285 821 2456 890 potius
2482 825 2638 880 simul
2667 843 2784 884 cum
2806 832 2883 887 eis
2907 835 3234 906 compeditos
3258 841 3414 898 etiam
3435 847 3640 902 electos
3664 849 3750 904 in-

2165 1379 2268 1420 non
2311 1372 2561 1425 ἔνιπὸδισεν
2583 1413 2600 1438 ,
2631 1377 2770 1445 ᾳυοά
2796 1388 2876 1434 88!
2902 1381 3155 1453 impedivit
3177 1403 3198 1451 ,‘
3225 1387 3318 1442 sed
3347 1397 3638 1446 ςυνεπὸὃιην
3663 1396 3744 1451 lc-

2162 1456 2332 1526 gimus
2353 1499 2370 1526 ,
2401 1462 2540 1531 quod
2568 1474 2649 1520 est
2677 1469 2849 1537 potius
2875 1475 3190 1542 compedivit.

2235 1548 2319 1604 l9.
2361 1548 2508 1622 [vers.
2561 1555 2665 1622 52,
2694 1558 2808 1632 55.]
2836 1560 2941 1618 Sed
2977 1582 2995 1616 ι
3033 1571 3298 1636 generatio
3328 1587 3485 1642 prava
3509 1585 3564 1631 ct
3594 1593 3744 1633 ama-

2161 1639 2368 1706 ricans,
2412 1643 2462 1698 in
2501 1649 2743 1705 omnibus
2790 1653 2870 1719 his
2907 1670 3257 1725 peccaverunt
3291 1665 3500 1735 adhuc,
3539 1678 3593 1723 et
3633 1687 3741 1728 non

2160 1729 2496 1788 crediderunt
2539 1736 2588 1789 in
2633 1740 2959 1798 mirabilibus
2982 1746 3116 1815 ejus.
3149 1750 3211 1805 Et
3232 1729 3536 1812 deiecerunt
3562 1761 3616 1814 in
3644 1777 3740 1814 va-

2161 1823 2322 1877 nitate
2348 1823 2460 1879 dies
2483 1841 2664 1882 eorum
2695 1847 2708 1882 :
2745 1850 2764 1884 ι
2795 1833 2914 1889 cum
2940 1848 3186 1908 possent,
3214 1842 3258 1896 si
3283 1845 3587 1913 crederent,
3621 1850 3739 1907 dies

2160 1912 2212 1965 in
2250 1915 2468 1972 veritate
2511 1920 2626 1975 sine
2651 1922 2859 1980 defectu
2891 1926 3084 1985 habere
3105 1934 3242 2001 apud
3271 1951 3391 1990 eum
3418 1940 3502 1994 cui
3532 1912 3736 1999 dictum

2157 2011 2239 2057 est
2278 2019 2294 2058 :
2325 2005 2457 2060 Anni
2489 2011 2562 2063 tui
2591 2027 2688 2066 non
2715 2014 2943 2083 deﬁcient
2970 2019 3138 2090 (Psal.
3167 2039 3215 2078 (ιι
3238 2067 3252 2089 ,
3285 2026 3399 2099 28).
3430 2028 3736 2100 Defecertmt

2155 2109 2282 2167 ergo
2306 2098 2358 2152 in
2386 2106 2598 2157 vanitate
2621 2105 2726 2162 dies
2751 2125 2922 2164 eorum
2945 2153 2961 2179 ,
2988 2122 3034 2168 et
3060 2117 3181 2170 anni
3202 2135 3369 2173 eorum
3387 2139 3501 2176 cum
3519 2128 3732 2194 festina-

2157 2186 2304 2244 tione.
2345 2192 2643 2252 Festinatur
2681 2200 2874 2272 quippe
2904 2213 3009 2260 tota
3039 2209 3142 2262 vita
3172 2213 3468 2268 mortalium
3489 2186 3584 2278 ..οι
3610 2235 3735 2288 qua:

2157 2279 2359 2335 videtur
2382 2285 2634 2352 prolixior
2651 2331 2666 2349 .
2694 2305 2857 2360 vapor
2874 2303 2955 2348 est
2973 2296 3240 2366 aliquanto
3269 2301 3586 2359 diuturnior.

2225 2371 2315 2428 20.
2361 2371 2506 2445 [vers.
2537 2378 2604 2433 5t
2625 2421 2640 2445 ,
2671 2381 2783 2454 55.]
2819 2383 3182 2445 Verumtamen
3205 2407 3317 2445 cum
3341 2397 3585 2450 occideru
3609 2416 3694 2451 ms
3712 2441 3729 2466 ,

2153 2466 2434 2532 quwrebant
2459 2485 2569 2523 eum
2600 2489 2612 2524 :
2647 2489 2748 2527 non
2773 2485 2988 2547 propter
3010 2475 3258 2539 aeternam
3285 2487 3444 2542 vitam
3469 2531 3484 2551 ,
3513 2493 3607 2545 sed
3635 2507 3731 2546 va-

2153 2567 2332 2622 porem
2361 2557 2515 2615 citius
2543 2559 2692 2618 ﬁnire
2716 2576 3030 2624 metuentes.
3062 2572 3377 2638 Quaerebam
3405 2596 3532 2649 ergo
3561 2597 3685 2637 eum
3711 2627 3727 2649 ,

2153 2659 2255 2699 non
2284 2648 2461 2719 utique
2490 2652 2521 2706 ii
2551 2669 2686 2723 quos
2712 2658 3008 2726 occiderat,
3040 2664 3133 2719 sed
3150 2669 3244 2736 qui
3271 2648 3516 2740 exemplo
3540 2691 3728 2731 eorum

2151 2738 2316 2793 occidi
2337 2741 2606 2799 timebant.
2631 2746 2717 2804 Sic
2739 2759 2914 2807 autem
2933 2753 3001 2809 de
3025 2754 3125 2812 illis
3149 2758 3416 2830 Scriptura
3431 2738 3613 2821 locuta
3642 2781 3730 2824 est

2152 2836 2396 2900 tauquam
2440 2835 2490 2887 hi
2530 2835 2694 2894 Deum
2722 2856 3020 2912 quaererent
3045 2851 3132 2919 qui
3162 2852 3562 2922 occidebantur,
3593 2863 3725 2926 quia

2151 2931 2286 2975 unus
2327 2925 2547 2995 populus
2584 2939 2726 2996 erat,
2759 2941 2812 2988 ct
2837 2943 3082 3005 tanquam
3109 2939 3177 2994 de
3204 2956 3311 2997 uno
3336 2958 3550 3014 corpore
3574 2925 3726 3003 dici-

2153 3019 2255 3066 tur.
2301 3032 2322 3065 ‹
2372 3016 2436 3069 Ει
2483 3023 2914 3091 revertebantur,
2961 3035 3015 3084 et
3059 3029 3290 3087 diluculo
3333 3033 3610 3092 veniebant
3655 3040 3729 3096 ad

2154 3101 2339 3158 Deum.
2382 3105 2447 3160 Et
2484 3115 2818 3170 rememorati
2846 3127 2970 3172 sunt
2992 3122 3113 3190 quia
3142 3121 3507 3196 Deusadjutor
3523 3144 3726 3186 eorum

2149 3203 2264 3260 est,
2313 3206 2367 3252 et
2407 3199 2542 3255 Deus
2585 3205 2825 3262 excelsus
2866 3209 3170 3283 redemptor
3204 3231 3386 3272 eorum
3423 3229 3524 3275 est.
3560 3241 3581 3274 ι
3616 3224 3729 3288 Sed

2153 3284 2250 3340 hoc
2299 3297 2461 3344 totum
2510 3305 2725 3380 propter
2763 3301 3082 3370 acquirenda
3121 3311 3424 3377 temporalia
3464 3313 3630 3380 bona,
3673 3284 3728 3370 et

2152 3377 2359 3434 vitanda
2406 3373 2711 3452 temporalia
2753 3391 2910 3446 mala.
2949 3392 3080 3448 Nam
3105 3397 3192 3466 qui
3222 3373 3437 3468 propter
3464 3373 3723 3460 beneﬁcia

2151 3478 2354 3526 terrena
2383 3473 2545 3530 Deum
2575 3480 2912 3550 quzerebant,
2939 3499 3048 3540 non
3073 3488 3252 3558 utique
3281 3490 3445 3546 Deum
3469 3534 3484 3558 ,
3513 3495 3601 3548 sed
3630 3497 3722 3550 illa

2149 3561 2468 3628 qumrebant.
2499 3564 2568 3619 Et
2595 3567 2752 3623 modo
2773 3570 2961 3628 timore
2985 3577 3197 3644 servili,
3232 3591 3334 3634 non
3355 3580 3558 3637 liberali
3581 3585 3724 3639 dile-

2147 3653 2319 3708 ctione
2363 3656 2497 3712 Deus
2537 3659 2746 3715 colitur.
2787 3663 2874 3719 Sic
2899 3679 3027 3736 ergo
3058 3669 3194 3724 Deus
3223 3686 3328 3725 non
3353 3674 3545 3728 colitur
3575 3694 3590 3730 :
3620 3677 3727 3733 hoc

2147 3744 2285 3798 enim
2326 3747 2515 3802 colitur
2551 3755 2692 3819 quod
2731 3751 2980 3824 diligitur.
3023 3757 3174 3815 Unde
3211 3764 3330 3831 quia
3377 3763 3517 3819 Deus
3560 3767 3724 3821 rebus

2145 3835 2387 3892 omnibus
2413 3839 2579 3909 major
2606 3851 2660 3896 et
2688 3843 2873 3900 melior
2899 3847 3163 3904 invenitur
3180 3893 3196 3917 ,
3227 3853 3346 3921 plus
3371 3857 3618 3910 militibus
3644 3853 3727 3911 di-

2145 3925 2382 3996 ligendus
2403 3940 2485 3984 est
2511 3939 2567 3984 ut
2583 3932 2808 3988 colatur.

2212 4018 2302 4073 21.
2352 4018 2499 4092 [vers.
2544 4024 2648 4090 56,
2690 4026 2804 4098 57.]
2832 4027 3067 4100 Denique
3106 4032 3194 4090 hic
3229 4039 3504 4106 sequentia
3531 4043 3725 4097 vidca-

2142 4123 2260 4162 mus
2288 4127 2303 4162 :
2335 4131 2356 4162 s
2391 4113 2454 4166 Et
2476 4113 2776 4171 dilexerunt
2798 4132 2918 4174 eum
2941 4160 2960 4185 ,
2996 4139 3017 4172 ι
3052 4124 3260 4195 inquit,
3288 4145 3310 4178 ι
3345 4129 3394 4182 in
3435 4148 3534 4186 ore
3577 4150 3682 4190 suo
3704 4179 3726 4202 ,

2142 4211 2195 4255 et
2234 4202 2286 4255 in
2325 4201 2496 4273 lingua
2535 4219 2629 4261 sua
2671 4211 2876 4264 mentiti
2899 4222 3021 4266 sunt
3046 4215 3116 4268 ei.
3148 4216 3254 4270 Cor
3277 4230 3454 4274 autem
3476 4224 3724 4291 ipsorum

2141 4305 2246 4346 non
2275 4301 2388 4348 erat
2414 4303 2614 4350 rectum
2641 4312 2760 4353 cum
2782 4314 2848 4354 eo
2867 4341 2883 4368 ,
2908 4317 3006 4357 nec
3026 4302 3207 4360 ﬁdeles
3230 4305 3388 4364 habiti
3410 4319 3538 4368 sunt
3557 4316 3610 4370 in
3636 4325 3724 4370 te-

2138 4390 2399 4438 stamento
2427 4385 2594 4455 ejus.)
2629 4389 2784 4444 Aliud
2813 4391 2864 4445 in
2894 4393 3067 4464 lingua
3095 4412 3298 4464 eorum,
3322 4401 3461 4457 aliud
3480 4405 3532 4458 in
3554 4411 3724 4464 corde

2131 4488 2320 4528 eorum
2366 4477 2698 4544 inveniebat,
2741 4483 2822 4536 cui
2858 4495 3059 4539 secreta
3087 4487 3357 4546 hominum
3383 4494 3520 4550 nuda
3550 4511 3722 4565 sunt,

2139 4573 2192 4618 et
2218 4565 2332 4620 sine
2358 4566 2464 4621 ullo
2484 4569 2754 4626 obstaculo
2772 4573 2894 4642 quid
2914 4577 3085 4644 potius
3096 4593 3333 4636 amarent
3348 4584 3582 4642 videbat.
3610 4591 3721 4644 Re-

2138 4662 2278 4708 ctum
2314 4656 2486 4726 itaque
2514 4674 2611 4714 cor
2633 4676 2751 4716 cum
2785 4663 2892 4718 Deo
2918 4676 3000 4720 est
3021 4707 3037 4733 ,
3069 4672 3278 4739 quando
3306 4687 3520 4744 propter
3545 4679 3722 4736 Deum

2137 4750 2326 4818 qurerit
2370 4752 2551 4807 Deum.
2601 4754 2766 4810 Unam
2813 4759 3007 4829 quippe
3043 4767 3341 4834 concupivit
3377 4784 3406 4824 a
3445 4771 3719 4840 Domino.

2139 4840 2273 4896 hanc
2309 4846 2572 4915 requiret,
2606 4858 2660 4902 ut
2684 4849 2936 4907 inhabitet
2961 4854 3012 4909 in
3043 4856 3200 4913 domo
3232 4861 3431 4918 Domini
3458 4881 3680 4938 semper
3703 4911 3725 4942 ,

2138 4944 2189 4989 et
2231 4939 2614 5006 contempletur
2649 4941 2763 5010 ejus
2799 4942 3203 5005 delectationem
3243 4951 3414 5021 (Psal.
3439 4973 3562 5012 xxvi
3583 5000 3598 5026 ,
3628 4939 3718 5033 6).

2138 5025 2230 5080 Cui
2269 5027 2395 5081 dicit
2419 5044 2512 5082 cor
2535 5029 2762 5085 ﬁdelium
2795 5050 2807 5086 :
2836 5032 3122 5092 Saturabor
3143 5081 3158 5103 ,
3193 5057 3293 5096 non
3323 5044 3442 5099 ollis
3464 5025 3718 5106 carnium

2139 5115 2498 5188 Aigyptiorum
2523 5163 2537 5184 ,
2567 5137 2663 5176 nec
2691 5123 2984 5182 melonibus
3009 5137 3063 5182 et
3086 5134 3374 5202 peponibus
3391 5179 3406 5201 ι
3437 5146 3490 5193 ει
3511 5141 3643 5200 ειυῙο
3661 5156 3718 5202 ει

2137 5207 2314 5274 cepis,
2351 5225 2466 5279 qua:
2501 5213 2771 5279 generatio
2812 5231 2968 5284 prava
2997 5228 3051 5275 et
3078 5226 3370 5282 amaricans
3399 5230 3559 5285 etiam
3589 5239 3714 5304 pani

2137 5300 2336 5354 caelesti
2367 5302 2676 5369 pra-ferebat
2702 5305 2890 5376 (Exod.
2917 5325 3004 5364 xvr
3026 5352 3041 5377 ,
3071 5314 3160 5385 5),
3189 5331 3286 5372 nec
3306 5333 3496 5375 manna
3517 5300 3715 5384 visibili

2137 5403 2295 5460 atque
2335 5393 2458 5461 ipsis
2499 5394 2797 5452 volatilibus
2827 5403 3098 5479 pennatis;
3125 5405 3218 5460 sed
3245 5411 3522 5467 saturabor
3541 5457 3557 5479 ,
3588 5431 3714 5472 cum

2139 5482 2556 5540 Inanil‘estabitur
2599 5487 2764 5557 gloria
2810 5499 2892 5546 tua
2942 5478 3112 5562 (Ρεαι.
3158 5513 3283 5564 va,
3331 5478 3719 5573 15).ll;rccst

2136 5575 2276 5628 enim
2317 5575 2594 5633 bmreditus
2629 5579 2756 5636 Novi
2797 5582 3146 5653 Testamenti,
3194 5591 3245 5644 in
3285 5607 3392 5660 quo
3417 5595 3492 5649 illi
3519 5596 3717 5656 ﬁdeles

2136 5668 2297 5723 habiti
2320 5685 2422 5724 non
2444 5679 2564 5725 sunt
2585 5713 2599 5736 ,
2620 5673 2770 5752 cujps
2792 5684 2963 5732 tamen
2993 5677 3124 5735 ﬁdes
3152 5665 3310 5738 etiam
3337 5693 3460 5741 tunc
3493 5694 3718 5757 quando

2135 5761 2402 5817 velabatur
2428 5772 2540 5818 erat
2567 5781 2615 5820 in
2641 5767 2820 5821 eiet-tis
2843 5809 2859 5836 ,
2882 5780 2932 5824 ct
2959 5786 3098 5826 nunc
3117 5774 3323 5844 quando
3339 5775 3446 5846 jam
3472 5784 3715 5840 revelata
