  <div class='ocr_page' id='page_1' title='image "/cluster/home/n/w/nwhite01/storage/ocr_20150623/36/hvd.32044096580584/506.png"; bbox 0 0 4020 6198; ppageno 0'>
   <div class='ocr_carea' id='block_1_1' title="bbox 304 372 400 425">
    <p class='ocr_par' dir='ltr' id='par_1_1' title="bbox 304 372 400 425">
     <span class='ocr_line' id='line_1_1' title="bbox 304 372 400 425; baseline 0 0"><span class='ocrx_word' id='word_1_1' title='bbox 304 372 400 425; x_wconf 75' lang='lat'><strong>997</strong></span> 
     </span>
    </p>
   </div>
   <div class='ocr_carea' id='block_1_2' title="bbox 303 479 1861 544">
    <p class='ocr_par' dir='ltr' id='par_1_2' title="bbox 303 479 1861 544">
     <span class='ocr_line' id='line_1_2' title="bbox 303 479 1861 544; baseline 0.001 -13"><span class='ocrx_word' id='word_1_2' title='bbox 303 493 383 533; x_wconf 83' lang='lat' dir='ltr'><strong>est</strong></span> <span class='ocrx_word' id='word_1_3' title='bbox 401 523 413 539; x_wconf 90' lang='lat'><strong>.</strong></span> <span class='ocrx_word' id='word_1_4' title='bbox 447 495 546 533; x_wconf 89' lang='lat' dir='ltr'><strong>non</strong></span> <span class='ocrx_word' id='word_1_5' title='bbox 576 487 657 533; x_wconf 88' lang='lat' dir='ltr'><strong>est</strong></span> <span class='ocrx_word' id='word_1_6' title='bbox 684 495 732 531; x_wconf 88' lang='lat' dir='ltr'><strong>In</strong></span> <span class='ocrx_word' id='word_1_7' title='bbox 766 479 939 536; x_wconf 88' lang='lat' dir='ltr'><strong>multis</strong></span> <span class='ocrx_word' id='word_1_8' title='bbox 968 479 1160 534; x_wconf 86' lang='lat' dir='ltr'><strong>vocatis</strong></span> <span class='ocrx_word' id='word_1_9' title='bbox 1187 499 1199 533; x_wconf 89' lang='lat'>:</span> <span class='ocrx_word' id='word_1_10' title='bbox 1227 479 1374 533; x_wconf 82' lang='lat' dir='ltr'><strong>Multi</strong></span> <span class='ocrx_word' id='word_1_11' title='bbox 1391 481 1521 534; x_wconf 80' lang='lat' dir='ltr'><strong>enim</strong></span> <span class='ocrx_word' id='word_1_12' title='bbox 1546 490 1659 534; x_wconf 83' lang='lat' dir='ltr'><strong>sunt</strong></span> <span class='ocrx_word' id='word_1_13' title='bbox 1682 480 1861 544; x_wconf 76' lang='lat' dir='ltr'><strong>vocati,</strong></span> 
     </span>
    </p>
   </div>
   <div class='ocr_carea' id='block_1_3' title="bbox 305 570 1863 642">
    <p class='ocr_par' dir='ltr' id='par_1_3' title="bbox 305 570 1863 642">
     <span class='ocr_line' id='line_1_3' title="bbox 305 570 1863 642; baseline 0.002 -20"><span class='ocrx_word' id='word_1_14' title='bbox 305 573 447 636; x_wconf 67' lang='lat' dir='ltr'><strong>p&#39;mci</strong></span> <span class='ocrx_word' id='word_1_15' title='bbox 469 583 633 624; x_wconf 85' lang='lat' dir='ltr'><strong>autem</strong></span> <span class='ocrx_word' id='word_1_16' title='bbox 658 572 794 624; x_wconf 81' lang='lat' dir='ltr'><strong>eiecti</strong></span> <span class='ocrx_word' id='word_1_17' title='bbox 822 570 1027 639; x_wconf 80' lang='lat' dir='ltr'><strong>(Matth.</strong></span> <span class='ocrx_word' id='word_1_18' title='bbox 1056 587 1148 633; x_wconf 78' lang='lat' dir='ltr'><strong>xx,</strong></span> <span class='ocrx_word' id='word_1_19' title='bbox 1182 571 1291 640; x_wconf 75' lang='grc'><strong>16).</strong></span> <span class='ocrx_word' id='word_1_20' title='bbox 1319 571 1461 625; x_wconf 83' lang='lat' dir='ltr'><strong>Talis</strong></span> <span class='ocrx_word' id='word_1_21' title='bbox 1487 588 1611 642; x_wconf 84' lang='lat' dir='ltr'><strong>ergo</strong></span> <span class='ocrx_word' id='word_1_22' title='bbox 1635 582 1747 626; x_wconf 84' lang='lat' dir='ltr'><strong>erat</strong></span> <span class='ocrx_word' id='word_1_23' title='bbox 1770 586 1863 642; x_wconf 88' lang='lat' dir='ltr'><strong>ge-</strong></span> 
     </span>
    </p>
   </div>
   <div class='ocr_carea' id='block_1_4' title="bbox 307 662 1865 733">
    <p class='ocr_par' dir='ltr' id='par_1_4' title="bbox 307 662 1865 733">
     <span class='ocr_line' id='line_1_4' title="bbox 307 662 1865 733; baseline 0.003 -20"><span class='ocrx_word' id='word_1_24' title='bbox 307 662 505 715; x_wconf 76' lang='lat' dir='ltr'><strong>neratio</strong></span> <span class='ocrx_word' id='word_1_25' title='bbox 528 677 684 732; x_wconf 81' lang='lat' dir='ltr'><strong>prava</strong></span> <span class='ocrx_word' id='word_1_26' title='bbox 707 671 757 715; x_wconf 86' lang='lat' dir='ltr'><strong>et</strong></span> <span class='ocrx_word' id='word_1_27' title='bbox 777 662 1070 716; x_wconf 86' lang='lat' dir='ltr'><strong>amaricans</strong></span> <span class='ocrx_word' id='word_1_28' title='bbox 1090 703 1103 725; x_wconf 92' lang='lat'><strong>,</strong></span> <span class='ocrx_word' id='word_1_29' title='bbox 1125 664 1279 716; x_wconf 89' lang='lat' dir='ltr'><strong>etiam</strong></span> <span class='ocrx_word' id='word_1_30' title='bbox 1303 677 1420 716; x_wconf 90' lang='lat' dir='ltr'><strong>eum</strong></span> <span class='ocrx_word' id='word_1_31' title='bbox 1445 663 1606 716; x_wconf 87' lang='lat' dir='ltr'><strong>Deum</strong></span> <span class='ocrx_word' id='word_1_32' title='bbox 1629 679 1865 733; x_wconf 64' lang='lat' dir='ltr'><strong>qumrere</strong></span> 
     </span>
    </p>
   </div>
   <div class='ocr_carea' id='block_1_5' title="bbox 309 751 1863 823">
    <p class='ocr_par' dir='ltr' id='par_1_5' title="bbox 309 751 1863 823">
     <span class='ocr_line' id='line_1_5' title="bbox 309 751 1863 823; baseline 0.003 -20"><span class='ocrx_word' id='word_1_33' title='bbox 309 754 603 815; x_wconf 79' lang='lat' dir='ltr'><strong>videretur;</strong></span> <span class='ocrx_word' id='word_1_34' title='bbox 646 751 864 822; x_wconf 82' lang='lat' dir='ltr'><strong>diligens</strong></span> <span class='ocrx_word' id='word_1_35' title='bbox 901 753 952 806; x_wconf 91' lang='lat' dir='ltr'><strong>in</strong></span> <span class='ocrx_word' id='word_1_36' title='bbox 994 766 1085 816; x_wconf 86' lang='lat' dir='ltr'><strong>ore</strong></span> <span class='ocrx_word' id='word_1_37' title='bbox 1123 762 1177 807; x_wconf 88' lang='lat' dir='ltr'><strong>et</strong></span> <span class='ocrx_word' id='word_1_38' title='bbox 1205 754 1254 805; x_wconf 90' lang='lat' dir='ltr'><strong>in</strong></span> <span class='ocrx_word' id='word_1_39' title='bbox 1285 754 1456 823; x_wconf 91' lang='lat' dir='ltr'><strong>lingua</strong></span> <span class='ocrx_word' id='word_1_40' title='bbox 1484 756 1779 817; x_wconf 85' lang='lat' dir='ltr'><strong>mentiens;</strong></span> <span class='ocrx_word' id='word_1_41' title='bbox 1812 755 1863 808; x_wconf 89' lang='lat' dir='ltr'><strong>in</strong></span> 
     </span>
    </p>
   </div>
   <div class='ocr_carea' id='block_1_6' title="bbox 304 843 1863 913">
    <p class='ocr_par' dir='ltr' id='par_1_6' title="bbox 304 843 1863 913">
     <span class='ocr_line' id='line_1_6' title="bbox 304 843 1863 913; baseline 0.002 -19"><span class='ocrx_word' id='word_1_42' title='bbox 304 845 460 897; x_wconf 75' lang='lat' dir='ltr'><strong>rorde</strong></span> <span class='ocrx_word' id='word_1_43' title='bbox 504 854 678 896; x_wconf 89' lang='lat' dir='ltr'><strong>autem</strong></span> <span class='ocrx_word' id='word_1_44' title='bbox 717 858 823 897; x_wconf 92' lang='lat' dir='ltr'><strong>non</strong></span> <span class='ocrx_word' id='word_1_45' title='bbox 850 855 991 897; x_wconf 88' lang='lat' dir='ltr'><strong>recta</strong></span> <span class='ocrx_word' id='word_1_46' title='bbox 1019 859 1135 897; x_wconf 89' lang='lat' dir='ltr'><strong>cum</strong></span> <span class='ocrx_word' id='word_1_47' title='bbox 1168 843 1274 897; x_wconf 90' lang='lat' dir='ltr'><strong>Deo</strong></span> <span class='ocrx_word' id='word_1_48' title='bbox 1294 885 1310 907; x_wconf 91' lang='lat'><strong>,</strong></span> <span class='ocrx_word' id='word_1_49' title='bbox 1341 843 1428 896; x_wconf 90' lang='lat' dir='ltr'><strong>ubi</strong></span> <span class='ocrx_word' id='word_1_50' title='bbox 1454 859 1514 899; x_wconf 89' lang='lat' dir='ltr'><strong>ea</strong></span> <span class='ocrx_word' id='word_1_51' title='bbox 1544 845 1712 913; x_wconf 78' lang='lat' dir='ltr'><strong>potius</strong></span> <span class='ocrx_word' id='word_1_52' title='bbox 1741 844 1863 898; x_wconf 91' lang='lat' dir='ltr'><strong>dili-</strong></span> 
     </span>
    </p>
   </div>
   <div class='ocr_carea' id='block_1_7' title="bbox 299 932 1617 1003">
    <p class='ocr_par' dir='ltr' id='par_1_7' title="bbox 299 932 1617 1003">
     <span class='ocr_line' id='line_1_7' title="bbox 299 932 1617 1003; baseline 0 -16"><span class='ocrx_word' id='word_1_53' title='bbox 299 935 451 1003; x_wconf 83' lang='lat' dir='ltr'><strong>gebat</strong></span> <span class='ocrx_word' id='word_1_54' title='bbox 481 943 691 1001; x_wconf 79' lang='lat' dir='ltr'><strong>propter</strong></span> <span class='ocrx_word' id='word_1_55' title='bbox 716 949 833 1002; x_wconf 69' lang='lat' dir='ltr'><strong>qum</strong></span> <span class='ocrx_word' id='word_1_56' title='bbox 860 934 948 987; x_wconf 86' lang='lat' dir='ltr'><strong>Dei</strong></span> <span class='ocrx_word' id='word_1_57' title='bbox 969 932 1281 1002; x_wconf 88' lang='lat' dir='ltr'><strong>adjutorium</strong></span> <span class='ocrx_word' id='word_1_58' title='bbox 1303 935 1617 1003; x_wconf 86' lang='lat' dir='ltr'><strong>requirebat.</strong></span> 
     </span>
    </p>
   </div>
   <div class='ocr_carea' id='block_1_8' title="bbox 372 1022 1865 1097">
    <p class='ocr_par' dir='ltr' id='par_1_8' title="bbox 372 1022 1865 1097">
     <span class='ocr_line' id='line_1_8' title="bbox 372 1022 1865 1097; baseline 0.003 -20"><span class='ocrx_word' id='word_1_59' title='bbox 372 1024 461 1077; x_wconf 67' lang='lat'><strong>22.</strong></span> <span class='ocrx_word' id='word_1_60' title='bbox 511 1022 658 1097; x_wconf 80' lang='lat' dir='ltr'><strong>[vers.</strong></span> <span class='ocrx_word' id='word_1_61' title='bbox 686 1024 782 1090; x_wconf 79' lang='lat'><strong>58,</strong></span> <span class='ocrx_word' id='word_1_62' title='bbox 812 1024 923 1096; x_wconf 81' lang='lat'><strong>59.]</strong></span> <span class='ocrx_word' id='word_1_63' title='bbox 955 1044 973 1078; x_wconf 75' lang='grc' dir='ltr'><strong><em>ι</em></strong></span> <span class='ocrx_word' id='word_1_64' title='bbox 1008 1025 1121 1093; x_wconf 92' lang='lat' dir='ltr'><strong>lpse</strong></span> <span class='ocrx_word' id='word_1_65' title='bbox 1146 1034 1317 1079; x_wconf 90' lang='lat' dir='ltr'><strong>autem</strong></span> <span class='ocrx_word' id='word_1_66' title='bbox 1342 1037 1422 1080; x_wconf 87' lang='lat' dir='ltr'><strong>est</strong></span> <span class='ocrx_word' id='word_1_67' title='bbox 1450 1027 1743 1081; x_wconf 91' lang='lat' dir='ltr'><strong>misericors</strong></span> <span class='ocrx_word' id='word_1_68' title='bbox 1767 1070 1780 1089; x_wconf 90' lang='lat'><strong>,</strong></span> <span class='ocrx_word' id='word_1_69' title='bbox 1814 1035 1865 1082; x_wconf 89' lang='lat' dir='ltr'><strong>et</strong></span> 
     </span>
    </p>
   </div>
   <div class='ocr_carea' id='block_1_9' title="bbox 304 1116 1861 1188">
    <p class='ocr_par' dir='ltr' id='par_1_9' title="bbox 304 1116 1861 1188">
     <span class='ocr_line' id='line_1_9' title="bbox 304 1116 1861 1188; baseline 0.004 -23"><span class='ocrx_word' id='word_1_70' title='bbox 304 1116 559 1184; x_wconf 84' lang='lat' dir='ltr'><strong>propitius</strong></span> <span class='ocrx_word' id='word_1_71' title='bbox 599 1116 687 1188; x_wconf 80' lang='lat' dir='ltr'><strong>fiet</strong></span> <span class='ocrx_word' id='word_1_72' title='bbox 724 1117 952 1185; x_wconf 63' lang='lat' dir='ltr'><strong>peculis</strong></span> <span class='ocrx_word' id='word_1_73' title='bbox 991 1131 1207 1177; x_wconf 80' lang='lat' dir='ltr'><strong>eorum,</strong></span> <span class='ocrx_word' id='word_1_74' title='bbox 1252 1125 1431 1169; x_wconf 82' lang='lat' dir='ltr'><strong>etnon</strong></span> <span class='ocrx_word' id='word_1_75' title='bbox 1464 1117 1727 1186; x_wconf 83' lang='lat' dir='ltr'><strong>disperdet</strong></span> <span class='ocrx_word' id='word_1_76' title='bbox 1752 1133 1861 1171; x_wconf 84' lang='lat' dir='ltr'><strong>eos.</strong></span> 
     </span>
    </p>
   </div>
   <div class='ocr_carea' id='block_1_10' title="bbox 304 1204 1861 1273">
    <p class='ocr_par' dir='ltr' id='par_1_10' title="bbox 304 1204 1861 1273">
     <span class='ocr_line' id='line_1_10' title="bbox 304 1204 1861 1273; baseline 0.002 -14"><span class='ocrx_word' id='word_1_77' title='bbox 304 1205 370 1259; x_wconf 84' lang='lat' dir='ltr'><strong>Et</strong></span> <span class='ocrx_word' id='word_1_78' title='bbox 399 1204 679 1273; x_wconf 82' lang='lat' dir='ltr'><strong>abundabit</strong></span> <span class='ocrx_word' id='word_1_79' title='bbox 708 1215 762 1259; x_wconf 93' lang='lat' dir='ltr'><strong>ut</strong></span> <span class='ocrx_word' id='word_1_80' title='bbox 787 1214 985 1259; x_wconf 89' lang='lat' dir='ltr'><strong>averlat</strong></span> <span class='ocrx_word' id='word_1_81' title='bbox 1012 1206 1139 1258; x_wconf 65' lang='lat' dir='ltr'><strong>i-*am</strong></span> <span class='ocrx_word' id='word_1_82' title='bbox 1170 1221 1315 1260; x_wconf 89' lang='lat' dir='ltr'><strong>suam</strong></span> <span class='ocrx_word' id='word_1_83' title='bbox 1334 1249 1348 1271; x_wconf 92' lang='lat'><strong>,</strong></span> <span class='ocrx_word' id='word_1_84' title='bbox 1378 1218 1427 1260; x_wconf 92' lang='lat' dir='ltr'><strong>et</strong></span> <span class='ocrx_word' id='word_1_85' title='bbox 1450 1223 1551 1260; x_wconf 90' lang='lat' dir='ltr'><strong>non</strong></span> <span class='ocrx_word' id='word_1_86' title='bbox 1576 1208 1824 1262; x_wconf 78' lang='lat' dir='ltr'><strong>accendet</strong></span> <span class='ocrx_word' id='word_1_87' title='bbox 1848 1212 1861 1241; x_wconf 81' lang='grc'>¹</span> 
     </span>
    </p>
   </div>
   <div class='ocr_carea' id='block_1_11' title="bbox 302 1296 1861 1365">
    <p class='ocr_par' dir='ltr' id='par_1_11' title="bbox 302 1296 1861 1365">
     <span class='ocr_line' id='line_1_11' title="bbox 302 1296 1861 1365; baseline 0.005 -22"><span class='ocrx_word' id='word_1_88' title='bbox 302 1311 514 1350; x_wconf 82' lang='lat' dir='ltr'><strong>munem</strong></span> <span class='ocrx_word' id='word_1_89' title='bbox 547 1296 676 1349; x_wconf 87' lang='lat' dir='ltr'><strong>iram</strong></span> <span class='ocrx_word' id='word_1_90' title='bbox 704 1311 873 1351; x_wconf 86' lang='lat' dir='ltr'><strong>suam.</strong></span> <span class='ocrx_word' id='word_1_91' title='bbox 905 1296 968 1350; x_wconf 84' lang='lat' dir='ltr'><strong>Et</strong></span> <span class='ocrx_word' id='word_1_92' title='bbox 994 1296 1297 1350; x_wconf 82' lang='lat' dir='ltr'><strong>recordatus</strong></span> <span class='ocrx_word' id='word_1_93' title='bbox 1317 1309 1396 1350; x_wconf 83' lang='lat' dir='ltr'><strong>est</strong></span> <span class='ocrx_word' id='word_1_94' title='bbox 1422 1298 1538 1365; x_wconf 82' lang='lat' dir='ltr'><strong>quia</strong></span> <span class='ocrx_word' id='word_1_95' title='bbox 1565 1313 1687 1352; x_wconf 84' lang='lat' dir='ltr'><strong>caro</strong></span> <span class='ocrx_word' id='word_1_96' title='bbox 1708 1309 1861 1361; x_wconf 85' lang='lat' dir='ltr'><strong>sunt;</strong></span> 
     </span>
    </p>
   </div>
   <div class='ocr_carea' id='block_1_12' title="bbox 302 1386 1863 1455">
    <p class='ocr_par' dir='ltr' id='par_1_12' title="bbox 302 1386 1863 1455">
     <span class='ocr_line' id='line_1_12' title="bbox 302 1386 1863 1455; baseline 0.004 -19"><span class='ocrx_word' id='word_1_97' title='bbox 302 1388 515 1455; x_wconf 76' lang='lat' dir='ltr'><strong>Spiritus</strong></span> <span class='ocrx_word' id='word_1_98' title='bbox 542 1386 755 1448; x_wconf 85' lang='lat' dir='ltr'><strong>vadens,</strong></span> <span class='ocrx_word' id='word_1_99' title='bbox 786 1394 838 1439; x_wconf 89' lang='lat' dir='ltr'><strong>et</strong></span> <span class='ocrx_word' id='word_1_100' title='bbox 860 1400 963 1439; x_wconf 93' lang='lat' dir='ltr'><strong>non</strong></span> <span class='ocrx_word' id='word_1_101' title='bbox 988 1395 1273 1439; x_wconf 86' lang='lat' dir='ltr'><strong>revertens.</strong></span> <span class='ocrx_word' id='word_1_102' title='bbox 1300 1407 1319 1438; x_wconf 84' lang='grc'><strong>›</strong></span> <span class='ocrx_word' id='word_1_103' title='bbox 1347 1387 1400 1440; x_wconf 84' lang='grc' dir='ltr'><strong>1η</strong></span> <span class='ocrx_word' id='word_1_104' title='bbox 1426 1387 1507 1441; x_wconf 90' lang='lat' dir='ltr'><strong>his</strong></span> <span class='ocrx_word' id='word_1_105' title='bbox 1526 1388 1697 1442; x_wconf 75' lang='lat' dir='ltr'><strong>verbis</strong></span> <span class='ocrx_word' id='word_1_106' title='bbox 1719 1389 1863 1442; x_wconf 91' lang='lat' dir='ltr'><strong>multi</strong></span> 
     </span>
    </p>
   </div>
   <div class='ocr_carea' id='block_1_13' title="bbox 303 1476 1863 1545">
    <p class='ocr_par' dir='ltr' id='par_1_13' title="bbox 303 1476 1863 1545">
     <span class='ocr_line' id='line_1_13' title="bbox 303 1476 1863 1545; baseline 0.002 -15"><span class='ocrx_word' id='word_1_107' title='bbox 303 1478 400 1530; x_wconf 90' lang='lat' dir='ltr'><strong>sibi</strong></span> <span class='ocrx_word' id='word_1_108' title='bbox 445 1476 729 1545; x_wconf 79' lang='lat' dir='ltr'><strong>iniquitatis</strong></span> <span class='ocrx_word' id='word_1_109' title='bbox 774 1476 1135 1543; x_wconf 77' lang='lat' dir='ltr'><strong>impunitatem</strong></span> <span class='ocrx_word' id='word_1_110' title='bbox 1177 1477 1243 1531; x_wconf 89' lang='lat' dir='ltr'><strong>de</strong></span> <span class='ocrx_word' id='word_1_111' title='bbox 1290 1477 1461 1531; x_wconf 88' lang='lat' dir='ltr'><strong>divina</strong></span> <span class='ocrx_word' id='word_1_112' title='bbox 1509 1479 1863 1533; x_wconf 70' lang='lat' dir='ltr'><strong>miSCPiClll‘dia</strong></span> 
     </span>
    </p>
   </div>
   <div class='ocr_carea' id='block_1_14' title="bbox 306 1567 1866 1641">
    <p class='ocr_par' dir='ltr' id='par_1_14' title="bbox 306 1567 1866 1641">
     <span class='ocr_line' id='line_1_14' title="bbox 306 1567 1866 1641; baseline 0.002 -22"><span class='ocrx_word' id='word_1_113' title='bbox 306 1570 615 1638; x_wconf 71' lang='lat' dir='ltr'><strong>pollicentur</strong></span> <span class='ocrx_word' id='word_1_114' title='bbox 636 1608 650 1633; x_wconf 93' lang='lat'><strong>,</strong></span> <span class='ocrx_word' id='word_1_115' title='bbox 682 1567 885 1621; x_wconf 87' lang='lat' dir='ltr'><strong>etiamsi</strong></span> <span class='ocrx_word' id='word_1_116' title='bbox 916 1569 1042 1621; x_wconf 88' lang='lat' dir='ltr'><strong>tales</strong></span> <span class='ocrx_word' id='word_1_117' title='bbox 1067 1583 1184 1623; x_wconf 90' lang='lat' dir='ltr'><strong>esse</strong></span> <span class='ocrx_word' id='word_1_118' title='bbox 1208 1569 1529 1637; x_wconf 88' lang='lat' dir='ltr'><strong>perstiterint</strong></span> <span class='ocrx_word' id='word_1_119' title='bbox 1552 1612 1567 1636; x_wconf 96' lang='lat'><strong>,</strong></span> <span class='ocrx_word' id='word_1_120' title='bbox 1595 1571 1764 1639; x_wconf 85' lang='lat' dir='ltr'><strong>qualis</strong></span> <span class='ocrx_word' id='word_1_121' title='bbox 1783 1587 1866 1641; x_wconf 82' lang='lat' dir='ltr'><strong>ge-</strong></span> 
     </span>
    </p>
   </div>
   <div class='ocr_carea' id='block_1_15' title="bbox 303 1658 1865 1732">
    <p class='ocr_par' dir='ltr' id='par_1_15' title="bbox 303 1658 1865 1732">
     <span class='ocr_line' id='line_1_15' title="bbox 303 1658 1865 1732; baseline 0.004 -21"><span class='ocrx_word' id='word_1_122' title='bbox 303 1661 490 1712; x_wconf 76' lang='lat' dir='ltr'><strong>neratio</strong></span> <span class='ocrx_word' id='word_1_123' title='bbox 518 1660 612 1712; x_wconf 84' lang='lat' dir='ltr'><strong>ista</strong></span> <span class='ocrx_word' id='word_1_124' title='bbox 639 1658 953 1713; x_wconf 91' lang='lat' dir='ltr'><strong>describitur</strong></span> <span class='ocrx_word' id='word_1_125' title='bbox 976 1676 1127 1727; x_wconf 85' lang='lat' dir='ltr'><strong>prava</strong></span> <span class='ocrx_word' id='word_1_126' title='bbox 1156 1669 1200 1713; x_wconf 90' lang='lat' dir='ltr'><strong>et</strong></span> <span class='ocrx_word' id='word_1_127' title='bbox 1221 1663 1501 1715; x_wconf 83' lang='lat' dir='ltr'><strong>amaricans</strong></span> <span class='ocrx_word' id='word_1_128' title='bbox 1526 1680 1638 1732; x_wconf 66' lang='lat' dir='ltr'><strong>quae</strong></span> <span class='ocrx_word' id='word_1_129' title='bbox 1660 1680 1746 1717; x_wconf 89' lang='lat' dir='ltr'><strong>cor</strong></span> <span class='ocrx_word' id='word_1_130' title='bbox 1764 1681 1865 1717; x_wconf 80' lang='lat' dir='ltr'><strong>non</strong></span> 
     </span>
    </p>
   </div>
   <div class='ocr_carea' id='block_1_16' title="bbox 302 1751 1864 1824">
    <p class='ocr_par' dir='ltr' id='par_1_16' title="bbox 302 1751 1864 1824">
     <span class='ocr_line' id='line_1_16' title="bbox 302 1751 1864 1824; baseline 0.006 -23"><span class='ocrx_word' id='word_1_131' title='bbox 302 1751 481 1804; x_wconf 75' lang='lat' dir='ltr'><strong>direxit</strong></span> <span class='ocrx_word' id='word_1_132' title='bbox 507 1766 686 1813; x_wconf 77' lang='lat' dir='ltr'><strong>suum,</strong></span> <span class='ocrx_word' id='word_1_133' title='bbox 707 1758 752 1803; x_wconf 89' lang='lat' dir='ltr'><strong>et</strong></span> <span class='ocrx_word' id='word_1_134' title='bbox 780 1766 879 1802; x_wconf 83' lang='lat' dir='ltr'><strong>non</strong></span> <span class='ocrx_word' id='word_1_135' title='bbox 905 1759 976 1804; x_wconf 77' lang='lat' dir='ltr'><strong>est</strong></span> <span class='ocrx_word' id='word_1_136' title='bbox 1001 1751 1213 1804; x_wconf 82' lang='lat' dir='ltr'><strong>creditus</strong></span> <span class='ocrx_word' id='word_1_137' title='bbox 1238 1768 1346 1805; x_wconf 82' lang='lat' dir='ltr'><strong>cum</strong></span> <span class='ocrx_word' id='word_1_138' title='bbox 1368 1751 1475 1807; x_wconf 89' lang='lat' dir='ltr'><strong>Deo</strong></span> <span class='ocrx_word' id='word_1_139' title='bbox 1494 1756 1696 1823; x_wconf 82' lang='lat' dir='ltr'><strong>spiritus</strong></span> <span class='ocrx_word' id='word_1_140' title='bbox 1716 1757 1824 1824; x_wconf 77' lang='lat' dir='ltr'><strong>ejus</strong></span> <span class='ocrx_word' id='word_1_141' title='bbox 1845 1770 1864 1810; x_wconf 91' lang='lat'><strong><em>:</em></strong></span> 
     </span>
    </p>
   </div>
   <div class='ocr_carea' id='block_1_17' title="bbox 302 1843 1863 1913">
    <p class='ocr_par' dir='ltr' id='par_1_17' title="bbox 302 1843 1863 1913">
     <span class='ocr_line' id='line_1_17' title="bbox 302 1843 1863 1913; baseline 0.004 -18"><span class='ocrx_word' id='word_1_142' title='bbox 302 1843 490 1911; x_wconf 90' lang='lat' dir='ltr'><strong>quibus</strong></span> <span class='ocrx_word' id='word_1_143' title='bbox 514 1843 812 1896; x_wconf 86' lang='lat' dir='ltr'><strong>consentire</strong></span> <span class='ocrx_word' id='word_1_144' title='bbox 833 1858 935 1897; x_wconf 89' lang='lat' dir='ltr'><strong>non</strong></span> <span class='ocrx_word' id='word_1_145' title='bbox 958 1843 1190 1913; x_wconf 84' lang='lat' dir='ltr'><strong>expedit.</strong></span> <span class='ocrx_word' id='word_1_146' title='bbox 1214 1844 1268 1900; x_wconf 90' lang='lat' dir='ltr'><strong>Si</strong></span> <span class='ocrx_word' id='word_1_147' title='bbox 1292 1846 1429 1900; x_wconf 89' lang='lat' dir='ltr'><strong>enim</strong></span> <span class='ocrx_word' id='word_1_148' title='bbox 1455 1888 1469 1911; x_wconf 92' lang='lat'><strong>,</strong></span> <span class='ocrx_word' id='word_1_149' title='bbox 1500 1856 1556 1899; x_wconf 88' lang='lat' dir='ltr'><strong>ut</strong></span> <span class='ocrx_word' id='word_1_150' title='bbox 1580 1849 1863 1902; x_wconf 87' lang='lat' dir='ltr'><strong>secundum</strong></span> 
     </span>
    </p>
   </div>
   <div class='ocr_carea' id='block_1_18' title="bbox 302 1933 1863 2005">
    <p class='ocr_par' dir='ltr' id='par_1_18' title="bbox 302 1933 1863 2005">
     <span class='ocr_line' id='line_1_18' title="bbox 302 1933 1863 2005; baseline 0.005 -19"><span class='ocrx_word' id='word_1_151' title='bbox 302 1934 443 2002; x_wconf 85' lang='lat' dir='ltr'><strong>ipsos</strong></span> <span class='ocrx_word' id='word_1_152' title='bbox 482 1933 698 2001; x_wconf 86' lang='lat' dir='ltr'><strong>loquar,</strong></span> <span class='ocrx_word' id='word_1_153' title='bbox 746 1933 884 1988; x_wconf 90' lang='lat' dir='ltr'><strong>Deus</strong></span> <span class='ocrx_word' id='word_1_154' title='bbox 926 1933 1147 1989; x_wconf 71' lang='lat' dir='ltr'><strong>fortaSse</strong></span> <span class='ocrx_word' id='word_1_155' title='bbox 1186 1951 1289 1989; x_wconf 92' lang='lat' dir='ltr'><strong>non</strong></span> <span class='ocrx_word' id='word_1_156' title='bbox 1333 1937 1515 2005; x_wconf 85' lang='lat' dir='ltr'><strong>perdet</strong></span> <span class='ocrx_word' id='word_1_157' title='bbox 1540 1953 1637 1995; x_wconf 88' lang='lat' dir='ltr'><strong>nec</strong></span> <span class='ocrx_word' id='word_1_158' title='bbox 1662 1940 1863 2005; x_wconf 87' lang='lat' dir='ltr'><strong>malos,</strong></span> 
     </span>
    </p>
   </div>
   <div class='ocr_carea' id='block_1_19' title="bbox 299 2022 1865 2100">
    <p class='ocr_par' dir='ltr' id='par_1_19' title="bbox 299 2022 1865 2100">
     <span class='ocr_line' id='line_1_19' title="bbox 299 2022 1865 2100; baseline 0.007 -26"><span class='ocrx_word' id='word_1_159' title='bbox 299 2024 412 2075; x_wconf 86' lang='lat' dir='ltr'><strong>sine</strong></span> <span class='ocrx_word' id='word_1_160' title='bbox 454 2022 614 2076; x_wconf 88' lang='lat' dir='ltr'><strong>dubio</strong></span> <span class='ocrx_word' id='word_1_161' title='bbox 639 2036 742 2076; x_wconf 92' lang='lat' dir='ltr'><strong>non</strong></span> <span class='ocrx_word' id='word_1_162' title='bbox 772 2023 961 2093; x_wconf 86' lang='lat' dir='ltr'><strong>perdet</strong></span> <span class='ocrx_word' id='word_1_163' title='bbox 990 2024 1173 2079; x_wconf 89' lang='lat' dir='ltr'><strong>bonos.</strong></span> <span class='ocrx_word' id='word_1_164' title='bbox 1204 2026 1310 2080; x_wconf 86' lang='lat' dir='ltr'><strong>Cur</strong></span> <span class='ocrx_word' id='word_1_165' title='bbox 1334 2042 1458 2097; x_wconf 86' lang='lat' dir='ltr'><strong>ergo</strong></span> <span class='ocrx_word' id='word_1_166' title='bbox 1484 2042 1585 2083; x_wconf 92' lang='lat' dir='ltr'><strong>non</strong></span> <span class='ocrx_word' id='word_1_167' title='bbox 1614 2030 1787 2100; x_wconf 87' lang='lat' dir='ltr'><strong>potius</strong></span> <span class='ocrx_word' id='word_1_168' title='bbox 1815 2032 1865 2095; x_wconf 94' lang='lat' dir='ltr'><strong>id</strong></span> 
     </span>
    </p>
   </div>
   <div class='ocr_carea' id='block_1_20' title="bbox 300 2102 1865 2192">
    <p class='ocr_par' dir='ltr' id='par_1_20' title="bbox 300 2102 1865 2192">
     <span class='ocr_line' id='line_1_20' title="bbox 300 2102 1865 2192; baseline 0.006 -25"><span class='ocrx_word' id='word_1_169' title='bbox 300 2114 541 2183; x_wconf 80' lang='lat' dir='ltr'><strong>eligimus</strong></span> <span class='ocrx_word' id='word_1_170' title='bbox 562 2154 577 2181; x_wconf 91' lang='lat'><strong>,</strong></span> <span class='ocrx_word' id='word_1_171' title='bbox 620 2113 708 2168; x_wconf 90' lang='lat' dir='ltr'><strong>ubi</strong></span> <span class='ocrx_word' id='word_1_172' title='bbox 746 2114 1000 2170; x_wconf 83' lang='lat' dir='ltr'><strong>dubitatio</strong></span> <span class='ocrx_word' id='word_1_173' title='bbox 1025 2102 1166 2169; x_wconf 78' lang='lat' dir='ltr'><strong>nulla</strong></span> <span class='ocrx_word' id='word_1_174' title='bbox 1191 2118 1312 2171; x_wconf 88' lang='lat' dir='ltr'><strong>est?</strong></span> <span class='ocrx_word' id='word_1_175' title='bbox 1339 2117 1465 2172; x_wconf 88' lang='lat' dir='ltr'><strong>Nam</strong></span> <span class='ocrx_word' id='word_1_176' title='bbox 1496 2120 1581 2190; x_wconf 88' lang='lat' dir='ltr'><strong>qui</strong></span> <span class='ocrx_word' id='word_1_177' title='bbox 1613 2120 1663 2175; x_wconf 86' lang='lat' dir='ltr'><strong>in</strong></span> <span class='ocrx_word' id='word_1_178' title='bbox 1692 2121 1865 2192; x_wconf 80' lang='lat' dir='ltr'><strong>lingua</strong></span> 
     </span>
    </p>
   </div>
   <div class='ocr_carea' id='block_1_21' title="bbox 300 2207 1863 2281">
    <p class='ocr_par' dir='ltr' id='par_1_21' title="bbox 300 2207 1863 2281">
     <span class='ocr_line' id='line_1_21' title="bbox 300 2207 1863 2281; baseline 0.006 -22"><span class='ocrx_word' id='word_1_179' title='bbox 300 2222 391 2259; x_wconf 72' lang='lat' dir='ltr'><strong>Sita</strong></span> <span class='ocrx_word' id='word_1_180' title='bbox 438 2210 758 2260; x_wconf 88' lang='lat' dir='ltr'><strong>mentiuntur</strong></span> <span class='ocrx_word' id='word_1_181' title='bbox 797 2207 869 2261; x_wconf 88' lang='lat' dir='ltr'><strong>illi</strong></span> <span class='ocrx_word' id='word_1_182' title='bbox 899 2248 913 2269; x_wconf 88' lang='lat'><strong>,</strong></span> <span class='ocrx_word' id='word_1_183' title='bbox 954 2222 1071 2262; x_wconf 91' lang='lat' dir='ltr'><strong>cum</strong></span> <span class='ocrx_word' id='word_1_184' title='bbox 1108 2208 1249 2262; x_wconf 85' lang='lat' dir='ltr'><strong>aliud</strong></span> <span class='ocrx_word' id='word_1_185' title='bbox 1293 2209 1483 2265; x_wconf 83' lang='lat' dir='ltr'><strong>habeat</strong></span> <span class='ocrx_word' id='word_1_186' title='bbox 1519 2226 1611 2266; x_wconf 89' lang='lat' dir='ltr'><strong>cor</strong></span> <span class='ocrx_word' id='word_1_187' title='bbox 1646 2226 1863 2281; x_wconf 87' lang='lat' dir='ltr'><strong>eorum,</strong></span> 
     </span>
    </p>
   </div>
   <div class='ocr_carea' id='block_1_22' title="bbox 302 2300 1865 2370">
    <p class='ocr_par' dir='ltr' id='par_1_22' title="bbox 302 2300 1865 2370">
     <span class='ocr_line' id='line_1_22' title="bbox 302 2300 1865 2370; baseline 0.008 -23"><span class='ocrx_word' id='word_1_188' title='bbox 302 2307 485 2366; x_wconf 73' lang='lat' dir='ltr'><strong>putant</strong></span> <span class='ocrx_word' id='word_1_189' title='bbox 514 2300 692 2368; x_wconf 85' lang='lat' dir='ltr'><strong>utique</strong></span> <span class='ocrx_word' id='word_1_190' title='bbox 720 2308 773 2354; x_wconf 90' lang='lat' dir='ltr'><strong>et</strong></span> <span class='ocrx_word' id='word_1_191' title='bbox 791 2300 1006 2361; x_wconf 86' lang='lat' dir='ltr'><strong>volunt,</strong></span> <span class='ocrx_word' id='word_1_192' title='bbox 1036 2300 1245 2367; x_wconf 84' lang='lat' dir='ltr'><strong>quando</strong></span> <span class='ocrx_word' id='word_1_193' title='bbox 1272 2316 1477 2370; x_wconf 64' lang='lat' dir='ltr'><strong>poenam</strong></span> <span class='ocrx_word' id='word_1_194' title='bbox 1501 2312 1751 2359; x_wconf 75' lang='lat' dir='ltr'><strong>aeternam</strong></span> <span class='ocrx_word' id='word_1_195' title='bbox 1785 2316 1865 2360; x_wconf 91' lang='lat' dir='ltr'><strong>ta-</strong></span> 
     </span>
    </p>
   </div>
   <div class='ocr_carea' id='block_1_23' title="bbox 300 2391 1865 2456">
    <p class='ocr_par' dir='ltr' id='par_1_23' title="bbox 300 2391 1865 2456">
     <span class='ocr_line' id='line_1_23' title="bbox 300 2391 1865 2456; baseline 0.006 -13"><span class='ocrx_word' id='word_1_196' title='bbox 300 2391 436 2444; x_wconf 86' lang='lat' dir='ltr'><strong>libus</strong></span> <span class='ocrx_word' id='word_1_197' title='bbox 473 2391 850 2456; x_wconf 88' lang='lat' dir='ltr'><strong>commiuatur,</strong></span> <span class='ocrx_word' id='word_1_198' title='bbox 882 2392 1036 2445; x_wconf 86' lang='lat' dir='ltr'><strong>etiam</strong></span> <span class='ocrx_word' id='word_1_199' title='bbox 1072 2391 1230 2445; x_wconf 86' lang='lat' dir='ltr'><strong>Deum</strong></span> <span class='ocrx_word' id='word_1_200' title='bbox 1261 2409 1377 2447; x_wconf 88' lang='lat' dir='ltr'><strong>esse</strong></span> <span class='ocrx_word' id='word_1_201' title='bbox 1403 2394 1729 2449; x_wconf 87' lang='lat' dir='ltr'><strong>mendacem.</strong></span> <span class='ocrx_word' id='word_1_202' title='bbox 1760 2396 1865 2452; x_wconf 86' lang='lat' dir='ltr'><strong>Sed</strong></span> 
     </span>
    </p>
   </div>
   <div class='ocr_carea' id='block_1_24' title="bbox 298 2484 1868 2552">
    <p class='ocr_par' dir='ltr' id='par_1_24' title="bbox 298 2484 1868 2552">
     <span class='ocr_line' id='line_1_24' title="bbox 298 2484 1868 2552; baseline 0.004 -16"><span class='ocrx_word' id='word_1_203' title='bbox 298 2500 416 2537; x_wconf 87' lang='lat' dir='ltr'><strong>cum</strong></span> <span class='ocrx_word' id='word_1_204' title='bbox 461 2484 557 2552; x_wconf 90' lang='lat' dir='ltr'><strong>ipsi</strong></span> <span class='ocrx_word' id='word_1_205' title='bbox 596 2499 714 2538; x_wconf 90' lang='lat' dir='ltr'><strong>eum</strong></span> <span class='ocrx_word' id='word_1_206' title='bbox 763 2484 1064 2538; x_wconf 89' lang='lat' dir='ltr'><strong>mentiendo</strong></span> <span class='ocrx_word' id='word_1_207' title='bbox 1088 2500 1191 2538; x_wconf 92' lang='lat' dir='ltr'><strong>non</strong></span> <span class='ocrx_word' id='word_1_208' title='bbox 1218 2484 1398 2539; x_wconf 70' lang='lat' dir='ltr'><strong>fallant</strong></span> <span class='ocrx_word' id='word_1_209' title='bbox 1420 2527 1434 2551; x_wconf 94' lang='lat'><strong>,</strong></span> <span class='ocrx_word' id='word_1_210' title='bbox 1469 2487 1556 2541; x_wconf 89' lang='lat' dir='ltr'><strong>ille</strong></span> <span class='ocrx_word' id='word_1_211' title='bbox 1581 2503 1761 2542; x_wconf 91' lang='lat' dir='ltr'><strong>verum</strong></span> <span class='ocrx_word' id='word_1_212' title='bbox 1787 2489 1868 2543; x_wconf 81' lang='lat' dir='ltr'><strong>di-</strong></span> 
     </span>
    </p>
   </div>
   <div class='ocr_carea' id='block_1_25' title="bbox 297 2575 1863 2650">
    <p class='ocr_par' dir='ltr' id='par_1_25' title="bbox 297 2575 1863 2650">
     <span class='ocr_line' id='line_1_25' title="bbox 297 2575 1863 2650; baseline 0.004 -23"><span class='ocrx_word' id='word_1_213' title='bbox 297 2576 465 2629; x_wconf 86' lang='lat' dir='ltr'><strong>cendo</strong></span> <span class='ocrx_word' id='word_1_214' title='bbox 481 2590 585 2629; x_wconf 93' lang='lat' dir='ltr'><strong>non</strong></span> <span class='ocrx_word' id='word_1_215' title='bbox 615 2575 762 2631; x_wconf 81' lang='lat' dir='ltr'><strong>fallit.</strong></span> <span class='ocrx_word' id='word_1_216' title='bbox 783 2576 905 2630; x_wconf 66' lang='lat' dir='ltr'><strong>Haec</strong></span> <span class='ocrx_word' id='word_1_217' title='bbox 932 2578 1104 2646; x_wconf 81' lang='lat' dir='ltr'><strong>itaque</strong></span> <span class='ocrx_word' id='word_1_218' title='bbox 1130 2576 1287 2632; x_wconf 87' lang='lat' dir='ltr'><strong>verba</strong></span> <span class='ocrx_word' id='word_1_219' title='bbox 1306 2577 1599 2631; x_wconf 90' lang='lat' dir='ltr'><strong>divinorum</strong></span> <span class='ocrx_word' id='word_1_220' title='bbox 1625 2580 1863 2650; x_wconf 88' lang='lat' dir='ltr'><strong>eloquio-</strong></span> 
     </span>
    </p>
   </div>
   <div class='ocr_carea' id='block_1_26' title="bbox 272 2652 1863 2738">
    <p class='ocr_par' dir='ltr' id='par_1_26' title="bbox 272 2652 1863 2738">
     <span class='ocr_line' id='line_1_26' title="bbox 272 2652 1863 2738; baseline 0.004 -19"><span class='ocrx_word' id='word_1_221' title='bbox 272 2652 410 2719; x_wconf 34' lang='lat' dir='ltr'><strong>Orum</strong></span> <span class='ocrx_word' id='word_1_222' title='bbox 437 2710 452 2731; x_wconf 89' lang='lat'><strong>,</strong></span> <span class='ocrx_word' id='word_1_223' title='bbox 484 2667 549 2721; x_wconf 91' lang='lat' dir='ltr'><strong>de</strong></span> <span class='ocrx_word' id='word_1_224' title='bbox 602 2667 787 2736; x_wconf 86' lang='lat' dir='ltr'><strong>quibus</strong></span> <span class='ocrx_word' id='word_1_225' title='bbox 816 2667 914 2722; x_wconf 87' lang='lat' dir='ltr'><strong>sibi</strong></span> <span class='ocrx_word' id='word_1_226' title='bbox 944 2666 1212 2737; x_wconf 80' lang='lat' dir='ltr'><strong>generatio</strong></span> <span class='ocrx_word' id='word_1_227' title='bbox 1240 2684 1397 2738; x_wconf 88' lang='lat' dir='ltr'><strong>prava</strong></span> <span class='ocrx_word' id='word_1_228' title='bbox 1422 2669 1689 2725; x_wconf 86' lang='lat' dir='ltr'><strong>blanditur</strong></span> <span class='ocrx_word' id='word_1_229' title='bbox 1712 2713 1725 2736; x_wconf 92' lang='lat'><strong>,</strong></span> <span class='ocrx_word' id='word_1_230' title='bbox 1754 2687 1863 2727; x_wconf 87' lang='lat' dir='ltr'><strong>non</strong></span> 
     </span>
    </p>
   </div>
   <div class='ocr_carea' id='block_1_27' title="bbox 295 2758 1864 2831">
    <p class='ocr_par' dir='ltr' id='par_1_27' title="bbox 295 2758 1864 2831">
     <span class='ocr_line' id='line_1_27' title="bbox 295 2758 1864 2831; baseline 0.004 -20"><span class='ocrx_word' id='word_1_231' title='bbox 295 2774 356 2811; x_wconf 87' lang='lat' dir='ltr'><strong>ea</strong></span> <span class='ocrx_word' id='word_1_232' title='bbox 397 2758 676 2827; x_wconf 71' lang='lat' dir='ltr'><strong>depravvt,</strong></span> <span class='ocrx_word' id='word_1_233' title='bbox 723 2758 857 2812; x_wconf 84' lang='lat' dir='ltr'><strong>sicut</strong></span> <span class='ocrx_word' id='word_1_234' title='bbox 894 2773 985 2812; x_wconf 92' lang='lat' dir='ltr'><strong>cor</strong></span> <span class='ocrx_word' id='word_1_235' title='bbox 1021 2772 1209 2825; x_wconf 87' lang='lat' dir='ltr'><strong>suum;</strong></span> <span class='ocrx_word' id='word_1_236' title='bbox 1234 2761 1356 2830; x_wconf 89' lang='lat' dir='ltr'><strong>quia</strong></span> <span class='ocrx_word' id='word_1_237' title='bbox 1381 2770 1435 2815; x_wconf 91' lang='lat' dir='ltr'><strong>et</strong></span> <span class='ocrx_word' id='word_1_238' title='bbox 1462 2760 1555 2815; x_wconf 90' lang='lat' dir='ltr'><strong>illo</strong></span> <span class='ocrx_word' id='word_1_239' title='bbox 1581 2761 1864 2831; x_wconf 87' lang='lat' dir='ltr'><strong>depravato</strong></span> 
     </span>
    </p>
   </div>
   <div class='ocr_carea' id='block_1_28' title="bbox 296 2850 1866 2920">
    <p class='ocr_par' dir='ltr' id='par_1_28' title="bbox 296 2850 1866 2920">
     <span class='ocr_line' id='line_1_28' title="bbox 296 2850 1866 2920; baseline 0.004 -19"><span class='ocrx_word' id='word_1_240' title='bbox 296 2851 391 2902; x_wconf 83' lang='lat' dir='ltr'><strong>ista</strong></span> <span class='ocrx_word' id='word_1_241' title='bbox 422 2860 559 2904; x_wconf 88' lang='lat' dir='ltr'><strong>recta</strong></span> <span class='ocrx_word' id='word_1_242' title='bbox 593 2850 895 2919; x_wconf 87' lang='lat' dir='ltr'><strong>persistuut.</strong></span> <span class='ocrx_word' id='word_1_243' title='bbox 927 2850 1105 2905; x_wconf 89' lang='lat' dir='ltr'><strong>Primo</strong></span> <span class='ocrx_word' id='word_1_244' title='bbox 1130 2850 1322 2920; x_wconf 87' lang='lat' dir='ltr'><strong>quippe</strong></span> <span class='ocrx_word' id='word_1_245' title='bbox 1346 2852 1633 2907; x_wconf 87' lang='lat' dir='ltr'><strong>secundum</strong></span> <span class='ocrx_word' id='word_1_246' title='bbox 1661 2853 1762 2909; x_wconf 82' lang='lat' dir='ltr'><strong>ltoc</strong></span> <span class='ocrx_word' id='word_1_247' title='bbox 1786 2854 1866 2908; x_wconf 85' lang='lat' dir='ltr'><strong>in-</strong></span> 
     </span>
    </p>
   </div>
   <div class='ocr_carea' id='block_1_29' title="bbox 297 2939 1865 3012">
    <p class='ocr_par' dir='ltr' id='par_1_29' title="bbox 297 2939 1865 3012">
     <span class='ocr_line' id='line_1_29' title="bbox 297 2939 1865 3012; baseline 0.006 -22"><span class='ocrx_word' id='word_1_248' title='bbox 297 2939 455 3008; x_wconf 89' lang='lat' dir='ltr'><strong>telligi</strong></span> <span class='ocrx_word' id='word_1_249' title='bbox 500 2948 716 3007; x_wconf 80' lang='lat' dir='ltr'><strong>possunt</strong></span> <span class='ocrx_word' id='word_1_250' title='bbox 758 2939 894 3009; x_wconf 90' lang='lat' dir='ltr'><strong>quod</strong></span> <span class='ocrx_word' id='word_1_251' title='bbox 925 2940 973 2992; x_wconf 92' lang='lat' dir='ltr'><strong>in</strong></span> <span class='ocrx_word' id='word_1_252' title='bbox 1007 2940 1287 3009; x_wconf 85' lang='lat' dir='ltr'><strong>Evangelio</strong></span> <span class='ocrx_word' id='word_1_253' title='bbox 1315 2942 1565 3012; x_wconf 92' lang='lat' dir='ltr'><strong>scriptum</strong></span> <span class='ocrx_word' id='word_1_254' title='bbox 1592 2954 1710 2998; x_wconf 90' lang='lat' dir='ltr'><strong>est:</strong></span> <span class='ocrx_word' id='word_1_255' title='bbox 1745 2962 1764 2997; x_wconf 70' lang='grc' dir='ltr'>ι</span> <span class='ocrx_word' id='word_1_256' title='bbox 1792 2944 1865 3001; x_wconf 89' lang='lat' dir='ltr'><strong>Ut</strong></span> 
     </span>
    </p>
   </div>
   <div class='ocr_carea' id='block_1_30' title="bbox 294 3030 1863 3104">
    <p class='ocr_par' dir='ltr' id='par_1_30' title="bbox 294 3030 1863 3104">
     <span class='ocr_line' id='line_1_30' title="bbox 294 3030 1863 3104; baseline 0.007 -21"><span class='ocrx_word' id='word_1_257' title='bbox 294 3030 406 3084; x_wconf 86' lang='lat' dir='ltr'><strong>sitis</strong></span> <span class='ocrx_word' id='word_1_258' title='bbox 430 3030 566 3086; x_wconf 90' lang='lat' dir='ltr'><strong>sicut</strong></span> <span class='ocrx_word' id='word_1_259' title='bbox 592 3033 746 3085; x_wconf 83' lang='lat' dir='ltr'><strong>Pater</strong></span> <span class='ocrx_word' id='word_1_260' title='bbox 769 3042 941 3087; x_wconf 90' lang='lat' dir='ltr'><strong>vester</strong></span> <span class='ocrx_word' id='word_1_261' title='bbox 966 3032 1054 3101; x_wconf 90' lang='lat' dir='ltr'><strong>qui</strong></span> <span class='ocrx_word' id='word_1_262' title='bbox 1081 3033 1131 3086; x_wconf 91' lang='lat' dir='ltr'><strong>in</strong></span> <span class='ocrx_word' id='word_1_263' title='bbox 1154 3033 1302 3089; x_wconf 71' lang='lat' dir='ltr'><strong>caelis</strong></span> <span class='ocrx_word' id='word_1_264' title='bbox 1328 3043 1445 3101; x_wconf 89' lang='lat' dir='ltr'><strong>est;</strong></span> <span class='ocrx_word' id='word_1_265' title='bbox 1475 3036 1564 3104; x_wconf 89' lang='lat' dir='ltr'><strong>qui</strong></span> <span class='ocrx_word' id='word_1_266' title='bbox 1592 3036 1712 3091; x_wconf 83' lang='lat' dir='ltr'><strong>facit</strong></span> <span class='ocrx_word' id='word_1_267' title='bbox 1736 3038 1863 3094; x_wconf 88' lang='lat' dir='ltr'><strong>oriri</strong></span> 
     </span>
    </p>
   </div>
   <div class='ocr_carea' id='block_1_31' title="bbox 294 3124 1863 3199">
    <p class='ocr_par' dir='ltr' id='par_1_31' title="bbox 294 3124 1863 3199">
     <span class='ocr_line' id='line_1_31' title="bbox 294 3124 1863 3199; baseline 0.004 -22"><span class='ocrx_word' id='word_1_268' title='bbox 294 3124 459 3177; x_wconf 91' lang='lat' dir='ltr'><strong>solem</strong></span> <span class='ocrx_word' id='word_1_269' title='bbox 494 3138 645 3177; x_wconf 92' lang='lat' dir='ltr'><strong>suum</strong></span> <span class='ocrx_word' id='word_1_270' title='bbox 676 3140 833 3193; x_wconf 89' lang='lat' dir='ltr'><strong>super</strong></span> <span class='ocrx_word' id='word_1_271' title='bbox 860 3124 1025 3178; x_wconf 87' lang='lat' dir='ltr'><strong>bonos</strong></span> <span class='ocrx_word' id='word_1_272' title='bbox 1051 3134 1103 3179; x_wconf 90' lang='lat' dir='ltr'><strong>et</strong></span> <span class='ocrx_word' id='word_1_273' title='bbox 1129 3126 1294 3179; x_wconf 90' lang='lat' dir='ltr'><strong>malos</strong></span> <span class='ocrx_word' id='word_1_274' title='bbox 1316 3166 1332 3193; x_wconf 93' lang='lat'><strong>,</strong></span> <span class='ocrx_word' id='word_1_275' title='bbox 1363 3136 1416 3180; x_wconf 89' lang='lat' dir='ltr'><strong>et</strong></span> <span class='ocrx_word' id='word_1_276' title='bbox 1446 3127 1574 3197; x_wconf 91' lang='lat' dir='ltr'><strong>pluit</strong></span> <span class='ocrx_word' id='word_1_277' title='bbox 1598 3143 1756 3198; x_wconf 88' lang='lat' dir='ltr'><strong>super</strong></span> <span class='ocrx_word' id='word_1_278' title='bbox 1777 3130 1863 3199; x_wconf 92' lang='lat' dir='ltr'><strong>ju-</strong></span> 
     </span>
    </p>
   </div>
   <div class='ocr_carea' id='block_1_32' title="bbox 293 3215 1859 3285">
    <p class='ocr_par' dir='ltr' id='par_1_32' title="bbox 293 3215 1859 3285">
     <span class='ocr_line' id='line_1_32' title="bbox 293 3215 1859 3285; baseline 0.005 -16"><span class='ocrx_word' id='word_1_279' title='bbox 293 3225 404 3269; x_wconf 89' lang='lat' dir='ltr'><strong>stos</strong></span> <span class='ocrx_word' id='word_1_280' title='bbox 433 3224 485 3270; x_wconf 89' lang='lat' dir='ltr'><strong>et</strong></span> <span class='ocrx_word' id='word_1_281' title='bbox 513 3216 733 3283; x_wconf 88' lang='lat' dir='ltr'><strong>injustos</strong></span> <span class='ocrx_word' id='word_1_282' title='bbox 770 3235 787 3268; x_wconf 68' lang='grc' dir='ltr'>ι</span> <span class='ocrx_word' id='word_1_283' title='bbox 821 3215 927 3283; x_wconf 86' lang='lat' dir='ltr'><strong>(Id.</strong></span> <span class='ocrx_word' id='word_1_284' title='bbox 956 3231 1004 3282; x_wconf 85' lang='lat' dir='ltr'><strong>v,</strong></span> <span class='ocrx_word' id='word_1_285' title='bbox 1031 3216 1143 3285; x_wconf 74' lang='grc'><strong>45).</strong></span> <span class='ocrx_word' id='word_1_286' title='bbox 1171 3217 1299 3284; x_wconf 84' lang='lat' dir='ltr'><strong>Quis</strong></span> <span class='ocrx_word' id='word_1_287' title='bbox 1335 3217 1475 3272; x_wconf 86' lang='lat' dir='ltr'><strong>enim</strong></span> <span class='ocrx_word' id='word_1_288' title='bbox 1527 3233 1631 3273; x_wconf 89' lang='lat' dir='ltr'><strong>non</strong></span> <span class='ocrx_word' id='word_1_289' title='bbox 1684 3220 1859 3277; x_wconf 80' lang='lat' dir='ltr'><strong>videat</strong></span> 
     </span>
    </p>
   </div>
   <div class='ocr_carea' id='block_1_33' title="bbox 292 3306 1860 3378">
    <p class='ocr_par' dir='ltr' id='par_1_33' title="bbox 292 3306 1860 3378">
     <span class='ocr_line' id='line_1_33' title="bbox 292 3306 1860 3378; baseline 0.005 -18"><span class='ocrx_word' id='word_1_290' title='bbox 292 3316 485 3374; x_wconf 89' lang='lat' dir='ltr'><strong>quanta</strong></span> <span class='ocrx_word' id='word_1_291' title='bbox 531 3306 903 3361; x_wconf 70' lang='lat' dir='ltr'><strong>misericordia:</strong></span> <span class='ocrx_word' id='word_1_292' title='bbox 931 3307 1175 3375; x_wconf 86' lang='lat' dir='ltr'><strong>patientia</strong></span> <span class='ocrx_word' id='word_1_293' title='bbox 1203 3308 1355 3362; x_wconf 87' lang='lat' dir='ltr'><strong>malis</strong></span> <span class='ocrx_word' id='word_1_294' title='bbox 1380 3311 1589 3378; x_wconf 86' lang='lat' dir='ltr'><strong>pareat!</strong></span> <span class='ocrx_word' id='word_1_295' title='bbox 1621 3310 1711 3365; x_wconf 89' lang='lat' dir='ltr'><strong>sed</strong></span> <span class='ocrx_word' id='word_1_296' title='bbox 1737 3320 1860 3368; x_wconf 89' lang='lat' dir='ltr'><strong>ante</strong></span> 
     </span>
    </p>
   </div>
   <div class='ocr_carea' id='block_1_34' title="bbox 289 3396 1859 3469">
    <p class='ocr_par' dir='ltr' id='par_1_34' title="bbox 289 3396 1859 3469">
     <span class='ocr_line' id='line_1_34' title="bbox 289 3396 1859 3469; baseline 0.006 -20"><span class='ocrx_word' id='word_1_297' title='bbox 289 3396 559 3467; x_wconf 87' lang='lat' dir='ltr'><strong>judicium.</strong></span> <span class='ocrx_word' id='word_1_298' title='bbox 590 3396 678 3452; x_wconf 87' lang='lat' dir='ltr'><strong>Sic</strong></span> <span class='ocrx_word' id='word_1_299' title='bbox 701 3412 824 3467; x_wconf 79' lang='lat' dir='ltr'><strong>ergo</strong></span> <span class='ocrx_word' id='word_1_300' title='bbox 852 3398 1085 3468; x_wconf 88' lang='lat' dir='ltr'><strong>pepercit</strong></span> <span class='ocrx_word' id='word_1_301' title='bbox 1112 3397 1188 3452; x_wconf 88' lang='lat' dir='ltr'><strong>illi</strong></span> <span class='ocrx_word' id='word_1_302' title='bbox 1214 3400 1354 3469; x_wconf 86' lang='lat' dir='ltr'><strong>genti</strong></span> <span class='ocrx_word' id='word_1_303' title='bbox 1376 3440 1390 3465; x_wconf 94' lang='lat'><strong>,</strong></span> <span class='ocrx_word' id='word_1_304' title='bbox 1423 3408 1480 3454; x_wconf 93' lang='lat' dir='ltr'><strong>ut</strong></span> <span class='ocrx_word' id='word_1_305' title='bbox 1508 3416 1609 3456; x_wconf 91' lang='lat' dir='ltr'><strong>non</strong></span> <span class='ocrx_word' id='word_1_306' title='bbox 1627 3403 1647 3433; x_wconf 78' lang='grc'><em>³</em></span> <span class='ocrx_word' id='word_1_307' title='bbox 1672 3417 1859 3457; x_wconf 88' lang='lat' dir='ltr'><strong>accen-</strong></span> 
     </span>
    </p>
   </div>
   <div class='ocr_carea' id='block_1_35' title="bbox 287 3486 1855 3556">
    <p class='ocr_par' dir='ltr' id='par_1_35' title="bbox 287 3486 1855 3556">
     <span class='ocr_line' id='line_1_35' title="bbox 287 3486 1855 3556; baseline 0.004 -16"><span class='ocrx_word' id='word_1_308' title='bbox 287 3486 438 3541; x_wconf 88' lang='lat' dir='ltr'><strong>deret</strong></span> <span class='ocrx_word' id='word_1_309' title='bbox 466 3502 674 3541; x_wconf 84' lang='lat' dir='ltr'><strong>onmem</strong></span> <span class='ocrx_word' id='word_1_310' title='bbox 705 3487 833 3541; x_wconf 89' lang='lat' dir='ltr'><strong>iram</strong></span> <span class='ocrx_word' id='word_1_311' title='bbox 859 3502 1005 3541; x_wconf 88' lang='lat' dir='ltr'><strong>suam</strong></span> <span class='ocrx_word' id='word_1_312' title='bbox 1028 3486 1092 3541; x_wconf 82' lang='lat' dir='ltr'><strong>ad</strong></span> <span class='ocrx_word' id='word_1_313' title='bbox 1117 3502 1232 3542; x_wconf 87' lang='lat' dir='ltr'><strong>eam</strong></span> <span class='ocrx_word' id='word_1_314' title='bbox 1262 3489 1464 3556; x_wconf 88' lang='lat' dir='ltr'><strong>penitus</strong></span> <span class='ocrx_word' id='word_1_315' title='bbox 1489 3490 1855 3548; x_wconf 87' lang='lat' dir='ltr'><strong>eradicandam</strong></span> 
     </span>
    </p>
   </div>
   <div class='ocr_carea' id='block_1_36' title="bbox 288 3578 1857 3649">
    <p class='ocr_par' dir='ltr' id='par_1_36' title="bbox 288 3578 1857 3649">
     <span class='ocr_line' id='line_1_36' title="bbox 288 3578 1857 3649; baseline 0.008 -19"><span class='ocrx_word' id='word_1_316' title='bbox 288 3590 444 3647; x_wconf 88' lang='lat' dir='ltr'><strong>atque</strong></span> <span class='ocrx_word' id='word_1_317' title='bbox 471 3578 784 3641; x_wconf 78' lang='lat' dir='ltr'><strong>ﬁniendam;</strong></span> <span class='ocrx_word' id='word_1_318' title='bbox 817 3578 954 3649; x_wconf 90' lang='lat' dir='ltr'><strong>quod</strong></span> <span class='ocrx_word' id='word_1_319' title='bbox 985 3580 1033 3632; x_wconf 92' lang='lat' dir='ltr'><strong>in</strong></span> <span class='ocrx_word' id='word_1_320' title='bbox 1059 3581 1234 3635; x_wconf 80' lang='lat' dir='ltr'><strong>verbis</strong></span> <span class='ocrx_word' id='word_1_321' title='bbox 1259 3582 1373 3648; x_wconf 89' lang='lat' dir='ltr'><strong>ejus</strong></span> <span class='ocrx_word' id='word_1_322' title='bbox 1401 3591 1455 3636; x_wconf 91' lang='lat' dir='ltr'><strong>et</strong></span> <span class='ocrx_word' id='word_1_323' title='bbox 1482 3583 1857 3643; x_wconf 88' lang='lat' dir='ltr'><strong>intercessione</strong></span> 
     </span>
    </p>
   </div>
   <div class='ocr_carea' id='block_1_37' title="bbox 288 3669 1855 3746">
    <p class='ocr_par' dir='ltr' id='par_1_37' title="bbox 288 3669 1855 3746">
     <span class='ocr_line' id='line_1_37' title="bbox 288 3669 1855 3746; baseline 0.008 -26"><span class='ocrx_word' id='word_1_324' title='bbox 288 3684 384 3737; x_wconf 89' lang='lat' dir='ltr'><strong>pro</strong></span> <span class='ocrx_word' id='word_1_325' title='bbox 427 3669 654 3736; x_wconf 88' lang='lat' dir='ltr'><strong>peccatis</strong></span> <span class='ocrx_word' id='word_1_326' title='bbox 683 3684 863 3723; x_wconf 88' lang='lat' dir='ltr'><strong>eorum</strong></span> <span class='ocrx_word' id='word_1_327' title='bbox 896 3670 1059 3740; x_wconf 83' lang='lat' dir='ltr'><strong>Moysi</strong></span> <span class='ocrx_word' id='word_1_328' title='bbox 1090 3673 1225 3724; x_wconf 89' lang='lat' dir='ltr'><strong>servi</strong></span> <span class='ocrx_word' id='word_1_329' title='bbox 1255 3672 1372 3740; x_wconf 89' lang='lat' dir='ltr'><strong>ejus</strong></span> <span class='ocrx_word' id='word_1_330' title='bbox 1396 3673 1668 3730; x_wconf 86' lang='lat' dir='ltr'><strong>evidenter</strong></span> <span class='ocrx_word' id='word_1_331' title='bbox 1691 3692 1855 3746; x_wconf 52' lang='lat' dir='ltr'><strong>appa.</strong></span> 
     </span>
    </p>
   </div>
   <div class='ocr_carea' id='block_1_38' title="bbox 288 3757 1853 3838">
    <p class='ocr_par' dir='ltr' id='par_1_38' title="bbox 288 3757 1853 3838">
     <span class='ocr_line' id='line_1_38' title="bbox 288 3757 1853 3838; baseline 0.008 -27"><span class='ocrx_word' id='word_1_332' title='bbox 288 3768 406 3821; x_wconf 89' lang='lat' dir='ltr'><strong>ret,</strong></span> <span class='ocrx_word' id='word_1_333' title='bbox 448 3758 533 3810; x_wconf 91' lang='lat' dir='ltr'><strong>ubi</strong></span> <span class='ocrx_word' id='word_1_334' title='bbox 576 3758 714 3812; x_wconf 89' lang='lat' dir='ltr'><strong>Deus</strong></span> <span class='ocrx_word' id='word_1_335' title='bbox 736 3757 899 3823; x_wconf 87' lang='lat' dir='ltr'><strong>dicit,</strong></span> <span class='ocrx_word' id='word_1_336' title='bbox 930 3758 1136 3812; x_wconf 86' lang='lat' dir='ltr'><strong>Deteam</strong></span> <span class='ocrx_word' id='word_1_337' title='bbox 1162 3777 1243 3815; x_wconf 77' lang='lat' dir='ltr'><strong>eos</strong></span> <span class='ocrx_word' id='word_1_338' title='bbox 1262 3802 1278 3829; x_wconf 92' lang='lat'><strong>,</strong></span> <span class='ocrx_word' id='word_1_339' title='bbox 1305 3773 1349 3815; x_wconf 88' lang='lat' dir='ltr'><strong>et</strong></span> <span class='ocrx_word' id='word_1_340' title='bbox 1377 3764 1560 3831; x_wconf 79' lang='lat' dir='ltr'><strong>faciam</strong></span> <span class='ocrx_word' id='word_1_341' title='bbox 1585 3776 1631 3820; x_wconf 87' lang='lat' dir='ltr'><strong>te</strong></span> <span class='ocrx_word' id='word_1_342' title='bbox 1652 3767 1704 3821; x_wconf 88' lang='lat' dir='ltr'><strong>in</strong></span> <span class='ocrx_word' id='word_1_343' title='bbox 1732 3785 1853 3838; x_wconf 81' lang='lat' dir='ltr'><strong>gen-</strong></span> 
     </span>
    </p>
   </div>
   <div class='ocr_carea' id='block_1_39' title="bbox 289 3846 1857 3928">
    <p class='ocr_par' dir='ltr' id='par_1_39' title="bbox 289 3846 1857 3928">
     <span class='ocr_line' id='line_1_39' title="bbox 289 3846 1857 3928; baseline 0.008 -28"><span class='ocrx_word' id='word_1_344' title='bbox 289 3859 383 3900; x_wconf 86' lang='lat' dir='ltr'><strong>tem</strong></span> <span class='ocrx_word' id='word_1_345' title='bbox 414 3850 645 3916; x_wconf 78' lang='lat' dir='ltr'><strong>magnam</strong></span> <span class='ocrx_word' id='word_1_346' title='bbox 671 3846 863 3915; x_wconf 72' lang='lat' dir='ltr'><strong>(Exod.</strong></span> <span class='ocrx_word' id='word_1_347' title='bbox 891 3864 1063 3913; x_wconf 66' lang='grc' dir='ltr'>χχχιι,</span> <span class='ocrx_word' id='word_1_348' title='bbox 1097 3848 1185 3921; x_wconf 81' lang='grc'><strong>10)</strong></span> <span class='ocrx_word' id='word_1_349' title='bbox 1219 3867 1232 3904; x_wconf 93' lang='lat'><strong>:</strong></span> <span class='ocrx_word' id='word_1_350' title='bbox 1259 3851 1346 3908; x_wconf 90' lang='lat' dir='ltr'><strong>ille</strong></span> <span class='ocrx_word' id='word_1_351' title='bbox 1374 3853 1681 3923; x_wconf 87' lang='lat' dir='ltr'><strong>intercedit,</strong></span> <span class='ocrx_word' id='word_1_352' title='bbox 1703 3873 1857 3928; x_wconf 85' lang='lat' dir='ltr'><strong>para-</strong></span> 
     </span>
    </p>
   </div>
   <div class='ocr_carea' id='block_1_40' title="bbox 290 3936 1855 4013">
    <p class='ocr_par' dir='ltr' id='par_1_40' title="bbox 290 3936 1855 4013">
     <span class='ocr_line' id='line_1_40' title="bbox 290 3936 1855 4013; baseline 0.01 -24"><span class='ocrx_word' id='word_1_353' title='bbox 290 3937 391 3993; x_wconf 89' lang='lat' dir='ltr'><strong>tior</strong></span> <span class='ocrx_word' id='word_1_354' title='bbox 429 3936 591 3991; x_wconf 88' lang='lat' dir='ltr'><strong>deleri</strong></span> <span class='ocrx_word' id='word_1_355' title='bbox 628 3951 720 4005; x_wconf 91' lang='lat' dir='ltr'><strong>pro</strong></span> <span class='ocrx_word' id='word_1_356' title='bbox 750 3936 874 4005; x_wconf 87' lang='lat' dir='ltr'><strong>ipsis</strong></span> <span class='ocrx_word' id='word_1_357' title='bbox 898 3952 1052 4007; x_wconf 91' lang='lat' dir='ltr'><strong>quam</strong></span> <span class='ocrx_word' id='word_1_358' title='bbox 1084 3938 1263 4008; x_wconf 88' lang='lat' dir='ltr'><strong>ipsos;</strong></span> <span class='ocrx_word' id='word_1_359' title='bbox 1291 3942 1464 3999; x_wconf 89' lang='lat' dir='ltr'><strong>sciens</strong></span> <span class='ocrx_word' id='word_1_360' title='bbox 1487 3947 1623 4013; x_wconf 89' lang='lat' dir='ltr'><strong>apud</strong></span> <span class='ocrx_word' id='word_1_361' title='bbox 1651 3949 1855 4003; x_wconf 88' lang='lat' dir='ltr'><strong>miseri-</strong></span> 
     </span>
    </p>
   </div>
   <div class='ocr_carea' id='block_1_41' title="bbox 288 4014 1854 4097">
    <p class='ocr_par' dir='ltr' id='par_1_41' title="bbox 288 4014 1854 4097">
     <span class='ocr_line' id='line_1_41' title="bbox 288 4014 1854 4097; baseline 0.009 -17"><span class='ocrx_word' id='word_1_362' title='bbox 288 4014 497 4081; x_wconf 73' lang='lat' dir='ltr'><strong>cordem</strong></span> <span class='ocrx_word' id='word_1_363' title='bbox 526 4040 584 4081; x_wconf 88' lang='lat' dir='ltr'><strong>se</strong></span> <span class='ocrx_word' id='word_1_364' title='bbox 610 4026 659 4080; x_wconf 91' lang='lat' dir='ltr'><strong>id</strong></span> <span class='ocrx_word' id='word_1_365' title='bbox 686 4042 843 4095; x_wconf 87' lang='lat' dir='ltr'><strong>agere</strong></span> <span class='ocrx_word' id='word_1_366' title='bbox 866 4068 880 4093; x_wconf 93' lang='lat'><strong>,</strong></span> <span class='ocrx_word' id='word_1_367' title='bbox 913 4028 999 4096; x_wconf 90' lang='lat' dir='ltr'><strong>qui</strong></span> <span class='ocrx_word' id='word_1_368' title='bbox 1025 4030 1272 4097; x_wconf 90' lang='lat' dir='ltr'><strong>quoniam</strong></span> <span class='ocrx_word' id='word_1_369' title='bbox 1302 4032 1446 4086; x_wconf 91' lang='lat' dir='ltr'><strong>nullo</strong></span> <span class='ocrx_word' id='word_1_370' title='bbox 1473 4034 1629 4089; x_wconf 93' lang='lat' dir='ltr'><strong>modo</strong></span> <span class='ocrx_word' id='word_1_371' title='bbox 1653 4037 1854 4094; x_wconf 87' lang='lat' dir='ltr'><strong>deleret</strong></span> 
     </span>
    </p>
   </div>
   <div class='ocr_carea' id='block_1_42' title="bbox 289 4117 1853 4193">
    <p class='ocr_par' dir='ltr' id='par_1_42' title="bbox 289 4117 1853 4193">
     <span class='ocr_line' id='line_1_42' title="bbox 289 4117 1853 4193; baseline 0.009 -24"><span class='ocrx_word' id='word_1_372' title='bbox 289 4117 457 4186; x_wconf 88' lang='lat' dir='ltr'><strong>ipsum</strong></span> <span class='ocrx_word' id='word_1_373' title='bbox 482 4159 496 4183; x_wconf 92' lang='lat'><strong>,</strong></span> <span class='ocrx_word' id='word_1_374' title='bbox 541 4117 697 4171; x_wconf 89' lang='lat' dir='ltr'><strong>etiam</strong></span> <span class='ocrx_word' id='word_1_375' title='bbox 740 4117 840 4172; x_wconf 89' lang='lat' dir='ltr'><strong>illis</strong></span> <span class='ocrx_word' id='word_1_376' title='bbox 879 4118 1003 4187; x_wconf 89' lang='lat' dir='ltr'><strong>ipsis</strong></span> <span class='ocrx_word' id='word_1_377' title='bbox 1042 4131 1278 4188; x_wconf 86' lang='lat' dir='ltr'><strong>parceret</strong></span> <span class='ocrx_word' id='word_1_378' title='bbox 1306 4131 1519 4192; x_wconf 89' lang='lat' dir='ltr'><strong>propter</strong></span> <span class='ocrx_word' id='word_1_379' title='bbox 1542 4125 1734 4193; x_wconf 90' lang='lat' dir='ltr'><strong>ipsum.</strong></span> <span class='ocrx_word' id='word_1_380' title='bbox 1767 4128 1853 4183; x_wconf 81' lang='lat' dir='ltr'><strong>Vi-</strong></span> 
     </span>
    </p>
   </div>
   <div class='ocr_carea' id='block_1_43' title="bbox 286 4210 1849 4289">
    <p class='ocr_par' dir='ltr' id='par_1_43' title="bbox 286 4210 1849 4289">
     <span class='ocr_line' id='line_1_43' title="bbox 286 4210 1849 4289; baseline 0.006 -25"><span class='ocrx_word' id='word_1_381' title='bbox 286 4210 505 4265; x_wconf 88' lang='lat' dir='ltr'><strong>deamus</strong></span> <span class='ocrx_word' id='word_1_382' title='bbox 544 4211 682 4263; x_wconf 91' lang='lat' dir='ltr'><strong>enim</strong></span> <span class='ocrx_word' id='word_1_383' title='bbox 722 4220 971 4279; x_wconf 87' lang='lat' dir='ltr'><strong>quantum</strong></span> <span class='ocrx_word' id='word_1_384' title='bbox 1016 4215 1346 4281; x_wconf 87' lang='lat' dir='ltr'><strong>pepercerit,</strong></span> <span class='ocrx_word' id='word_1_385' title='bbox 1379 4223 1433 4269; x_wconf 89' lang='lat' dir='ltr'><strong>et</strong></span> <span class='ocrx_word' id='word_1_386' title='bbox 1457 4215 1628 4272; x_wconf 88' lang='lat' dir='ltr'><strong>adhuc</strong></span> <span class='ocrx_word' id='word_1_387' title='bbox 1654 4232 1849 4289; x_wconf 86' lang='lat' dir='ltr'><strong>parcat.</strong></span> 
     </span>
    </p>
   </div>
   <div class='ocr_carea' id='block_1_44' title="bbox 285 4299 1851 4374">
    <p class='ocr_par' dir='ltr' id='par_1_44' title="bbox 285 4299 1851 4374">
     <span class='ocr_line' id='line_1_44' title="bbox 285 4299 1851 4374; baseline 0.01 -22"><span class='ocrx_word' id='word_1_388' title='bbox 285 4299 414 4353; x_wconf 89' lang='lat' dir='ltr'><strong>Nam</strong></span> <span class='ocrx_word' id='word_1_389' title='bbox 444 4300 728 4354; x_wconf 77' lang='lat' dir='ltr'><strong>introduxit</strong></span> <span class='ocrx_word' id='word_1_390' title='bbox 752 4314 844 4355; x_wconf 91' lang='lat' dir='ltr'><strong>eos</strong></span> <span class='ocrx_word' id='word_1_391' title='bbox 872 4300 923 4355; x_wconf 91' lang='lat' dir='ltr'><strong>in</strong></span> <span class='ocrx_word' id='word_1_392' title='bbox 951 4309 1142 4356; x_wconf 88' lang='lat' dir='ltr'><strong>terram</strong></span> <span class='ocrx_word' id='word_1_393' title='bbox 1172 4305 1534 4372; x_wconf 88' lang='lat' dir='ltr'><strong>promissionis</strong></span> <span class='ocrx_word' id='word_1_394' title='bbox 1557 4350 1572 4374; x_wconf 94' lang='lat'><strong>,</strong></span> <span class='ocrx_word' id='word_1_395' title='bbox 1599 4318 1652 4363; x_wconf 89' lang='lat' dir='ltr'><strong>et</strong></span> <span class='ocrx_word' id='word_1_396' title='bbox 1670 4324 1851 4366; x_wconf 85' lang='lat' dir='ltr'><strong>serva-</strong></span> 
     </span>
    </p>
   </div>
   <div class='ocr_carea' id='block_1_45' title="bbox 289 4390 1847 4468">
    <p class='ocr_par' dir='ltr' id='par_1_45' title="bbox 289 4390 1847 4468">
     <span class='ocr_line' id='line_1_45' title="bbox 289 4390 1847 4468; baseline 0.009 -27"><span class='ocrx_word' id='word_1_397' title='bbox 289 4390 361 4443; x_wconf 84' lang='lat' dir='ltr'><strong>vit</strong></span> <span class='ocrx_word' id='word_1_398' title='bbox 388 4406 502 4444; x_wconf 86' lang='lat' dir='ltr'><strong>eam</strong></span> <span class='ocrx_word' id='word_1_399' title='bbox 528 4398 734 4459; x_wconf 89' lang='lat' dir='ltr'><strong>gentem</strong></span> <span class='ocrx_word' id='word_1_400' title='bbox 764 4406 1034 4460; x_wconf 90' lang='lat' dir='ltr'><strong>quousque</strong></span> <span class='ocrx_word' id='word_1_401' title='bbox 1057 4407 1114 4447; x_wconf 86' lang='lat' dir='ltr'><strong>se</strong></span> <span class='ocrx_word' id='word_1_402' title='bbox 1132 4433 1146 4455; x_wconf 89' lang='lat'><strong>,</strong></span> <span class='ocrx_word' id='word_1_403' title='bbox 1168 4391 1429 4449; x_wconf 82' lang='lat' dir='ltr'><strong>Christum</strong></span> <span class='ocrx_word' id='word_1_404' title='bbox 1456 4395 1815 4455; x_wconf 79' lang='lat' dir='ltr'><strong>interficiendo</strong></span> <span class='ocrx_word' id='word_1_405' title='bbox 1832 4445 1847 4468; x_wconf 94' lang='lat'><strong>,</strong></span> 
     </span>
    </p>
   </div>
   <div class='ocr_carea' id='block_1_46' title="bbox 286 4480 1847 4558">
    <p class='ocr_par' dir='ltr' id='par_1_46' title="bbox 286 4480 1847 4558">
     <span class='ocr_line' id='line_1_46' title="bbox 286 4480 1847 4558; baseline 0.01 -25"><span class='ocrx_word' id='word_1_406' title='bbox 286 4481 473 4534; x_wconf 85' lang='lat' dir='ltr'><strong>sceleri</strong></span> <span class='ocrx_word' id='word_1_407' title='bbox 517 4480 750 4533; x_wconf 91' lang='lat' dir='ltr'><strong>omnium</strong></span> <span class='ocrx_word' id='word_1_408' title='bbox 795 4482 1021 4535; x_wconf 83' lang='lat' dir='ltr'><strong>maxime</strong></span> <span class='ocrx_word' id='word_1_409' title='bbox 1052 4483 1357 4553; x_wconf 89' lang='lat' dir='ltr'><strong>colligarent</strong></span> <span class='ocrx_word' id='word_1_410' title='bbox 1385 4504 1399 4538; x_wconf 86' lang='lat'><strong>:</strong></span> <span class='ocrx_word' id='word_1_411' title='bbox 1429 4496 1481 4540; x_wconf 90' lang='lat' dir='ltr'><strong>et</strong></span> <span class='ocrx_word' id='word_1_412' title='bbox 1504 4488 1643 4558; x_wconf 90' lang='lat' dir='ltr'><strong>quod</strong></span> <span class='ocrx_word' id='word_1_413' title='bbox 1670 4506 1760 4545; x_wconf 90' lang='lat' dir='ltr'><strong>eos</strong></span> <span class='ocrx_word' id='word_1_414' title='bbox 1785 4508 1847 4547; x_wconf 83' lang='lat' dir='ltr'><strong>ex</strong></span> 
     </span>
    </p>
   </div>
   <div class='ocr_carea' id='block_1_47' title="bbox 290 4571 1850 4649">
    <p class='ocr_par' dir='ltr' id='par_1_47' title="bbox 290 4571 1850 4649">
     <span class='ocr_line' id='line_1_47' title="bbox 290 4571 1850 4649; baseline 0.008 -24"><span class='ocrx_word' id='word_1_415' title='bbox 290 4574 375 4627; x_wconf 89' lang='lat' dir='ltr'><strong>illo</strong></span> <span class='ocrx_word' id='word_1_416' title='bbox 400 4586 562 4641; x_wconf 88' lang='lat' dir='ltr'><strong>regno</strong></span> <span class='ocrx_word' id='word_1_417' title='bbox 581 4571 874 4627; x_wconf 89' lang='lat' dir='ltr'><strong>eradicatos</strong></span> <span class='ocrx_word' id='word_1_418' title='bbox 895 4588 987 4641; x_wconf 89' lang='lat' dir='ltr'><strong>per</strong></span> <span class='ocrx_word' id='word_1_419' title='bbox 1006 4581 1190 4628; x_wconf 89' lang='lat' dir='ltr'><strong>cuncta</strong></span> <span class='ocrx_word' id='word_1_420' title='bbox 1211 4576 1443 4645; x_wconf 90' lang='lat' dir='ltr'><strong>gentium</strong></span> <span class='ocrx_word' id='word_1_421' title='bbox 1464 4593 1622 4649; x_wconf 85' lang='lat' dir='ltr'><strong>regna</strong></span> <span class='ocrx_word' id='word_1_422' title='bbox 1643 4580 1664 4611; x_wconf 87' lang='grc'>³</span> <span class='ocrx_word' id='word_1_423' title='bbox 1684 4581 1850 4639; x_wconf 85' lang='lat' dir='ltr'><strong>disse-</strong></span> 
     </span>
    </p>
   </div>
   <div class='ocr_carea' id='block_1_48' title="bbox 286 4662 1851 4743">
    <p class='ocr_par' dir='ltr' id='par_1_48' title="bbox 286 4662 1851 4743">
     <span class='ocr_line' id='line_1_48' title="bbox 286 4662 1851 4743; baseline 0.008 -26"><span class='ocrx_word' id='word_1_424' title='bbox 286 4664 504 4718; x_wconf 84' lang='lat' dir='ltr'><strong>miuavit</strong></span> <span class='ocrx_word' id='word_1_425' title='bbox 525 4704 540 4729; x_wconf 90' lang='lat'><strong>,</strong></span> <span class='ocrx_word' id='word_1_426' title='bbox 573 4679 676 4717; x_wconf 93' lang='lat' dir='ltr'><strong>non</strong></span> <span class='ocrx_word' id='word_1_427' title='bbox 702 4662 879 4734; x_wconf 90' lang='lat' dir='ltr'><strong>utique</strong></span> <span class='ocrx_word' id='word_1_428' title='bbox 902 4663 1131 4731; x_wconf 88' lang='lat' dir='ltr'><strong>delevit;</strong></span> <span class='ocrx_word' id='word_1_429' title='bbox 1155 4666 1248 4720; x_wconf 89' lang='lat' dir='ltr'><strong>sed</strong></span> <span class='ocrx_word' id='word_1_430' title='bbox 1271 4675 1446 4723; x_wconf 89' lang='lat' dir='ltr'><strong>manet</strong></span> <span class='ocrx_word' id='word_1_431' title='bbox 1469 4668 1606 4726; x_wconf 87' lang='lat' dir='ltr'><strong>idem</strong></span> <span class='ocrx_word' id='word_1_432' title='bbox 1631 4675 1851 4743; x_wconf 87' lang='lat' dir='ltr'><strong>populus</strong></span> 
     </span>
    </p>
   </div>
   <div class='ocr_carea' id='block_1_49' title="bbox 288 4756 1847 4834">
    <p class='ocr_par' dir='ltr' id='par_1_49' title="bbox 288 4756 1847 4834">
     <span class='ocr_line' id='line_1_49' title="bbox 288 4756 1847 4834; baseline 0.009 -27"><span class='ocrx_word' id='word_1_433' title='bbox 288 4757 446 4824; x_wconf 86' lang='lat' dir='ltr'><strong>prolis</strong></span> <span class='ocrx_word' id='word_1_434' title='bbox 471 4756 803 4810; x_wconf 88' lang='lat' dir='ltr'><strong>successione</strong></span> <span class='ocrx_word' id='word_1_435' title='bbox 828 4764 1066 4810; x_wconf 89' lang='lat' dir='ltr'><strong>servatus</strong></span> <span class='ocrx_word' id='word_1_436' title='bbox 1087 4799 1104 4825; x_wconf 91' lang='lat'><strong>,</strong></span> <span class='ocrx_word' id='word_1_437' title='bbox 1127 4758 1267 4812; x_wconf 86' lang='lat' dir='ltr'><strong>velut</strong></span> <span class='ocrx_word' id='word_1_438' title='bbox 1289 4758 1416 4814; x_wconf 87' lang='lat' dir='ltr'><strong>Cain</strong></span> <span class='ocrx_word' id='word_1_439' title='bbox 1444 4761 1593 4832; x_wconf 90' lang='lat' dir='ltr'><strong>signo</strong></span> <span class='ocrx_word' id='word_1_440' title='bbox 1611 4776 1847 4834; x_wconf 90' lang='lat' dir='ltr'><strong>accepto,</strong></span> 
     </span>
    </p>
   </div>
   <div class='ocr_carea' id='block_1_50' title="bbox 287 4845 1847 4928">
    <p class='ocr_par' dir='ltr' id='par_1_50' title="bbox 287 4845 1847 4928">
     <span class='ocr_line' id='line_1_50' title="bbox 287 4845 1847 4928; baseline 0.01 -29"><span class='ocrx_word' id='word_1_441' title='bbox 287 4861 351 4899; x_wconf 90' lang='lat' dir='ltr'><strong>ne</strong></span> <span class='ocrx_word' id='word_1_442' title='bbox 380 4845 498 4915; x_wconf 87' lang='lat' dir='ltr'><strong>quis</strong></span> <span class='ocrx_word' id='word_1_443' title='bbox 520 4860 637 4900; x_wconf 91' lang='lat' dir='ltr'><strong>eum</strong></span> <span class='ocrx_word' id='word_1_444' title='bbox 665 4846 868 4902; x_wconf 89' lang='lat' dir='ltr'><strong>occidat</strong></span> <span class='ocrx_word' id='word_1_445' title='bbox 889 4886 903 4908; x_wconf 91' lang='lat'><strong>,</strong></span> <span class='ocrx_word' id='word_1_446' title='bbox 932 4846 984 4901; x_wconf 88' lang='lat' dir='ltr'><strong>id</strong></span> <span class='ocrx_word' id='word_1_447' title='bbox 1006 4858 1087 4903; x_wconf 91' lang='lat' dir='ltr'><strong>est</strong></span> <span class='ocrx_word' id='word_1_448' title='bbox 1110 4890 1124 4913; x_wconf 94' lang='lat'><strong>,</strong></span> <span class='ocrx_word' id='word_1_449' title='bbox 1154 4851 1358 4919; x_wconf 89' lang='lat' dir='ltr'><strong>penitus</strong></span> <span class='ocrx_word' id='word_1_450' title='bbox 1378 4852 1561 4922; x_wconf 87' lang='lat' dir='ltr'><strong>perdat</strong></span> <span class='ocrx_word' id='word_1_451' title='bbox 1588 4854 1737 4928; x_wconf 78' lang='lat' dir='ltr'><strong>(Gen.</strong></span> <span class='ocrx_word' id='word_1_452' title='bbox 1758 4874 1811 4913; x_wconf 86' lang='lat' dir='ltr'><strong>tv</strong></span> <span class='ocrx_word' id='word_1_453' title='bbox 1830 4901 1847 4927; x_wconf 96' lang='lat'><strong>,</strong></span> 
     </span>
    </p>
   </div>
   <div class='ocr_carea' id='block_1_51' title="bbox 287 4937 1846 5012">
    <p class='ocr_par' dir='ltr' id='par_1_51' title="bbox 287 4937 1846 5012">
     <span class='ocr_line' id='line_1_51' title="bbox 287 4937 1846 5012; baseline 0.01 -21"><span class='ocrx_word' id='word_1_454' title='bbox 287 4937 395 5005; x_wconf 78' lang='lat' dir='ltr'><strong>t5).</strong></span> <span class='ocrx_word' id='word_1_455' title='bbox 429 4937 565 4992; x_wconf 86' lang='lat' dir='ltr'><strong>Ecce</strong></span> <span class='ocrx_word' id='word_1_456' title='bbox 590 4938 1033 5007; x_wconf 89' lang='lat' dir='ltr'><strong>quemadmodum</strong></span> <span class='ocrx_word' id='word_1_457' title='bbox 1062 4940 1305 5011; x_wconf 85' lang='lat' dir='ltr'><strong>impletur</strong></span> <span class='ocrx_word' id='word_1_458' title='bbox 1331 4944 1470 5012; x_wconf 91' lang='lat' dir='ltr'><strong>quod</strong></span> <span class='ocrx_word' id='word_1_459' title='bbox 1498 4945 1694 5003; x_wconf 90' lang='lat' dir='ltr'><strong>dictum</strong></span> <span class='ocrx_word' id='word_1_460' title='bbox 1719 4958 1801 5005; x_wconf 91' lang='lat' dir='ltr'><strong>est</strong></span> <span class='ocrx_word' id='word_1_461' title='bbox 1832 4970 1846 5007; x_wconf 90' lang='lat'><strong>:</strong></span> 
     </span>
    </p>
   </div>
   <div class='ocr_carea' id='block_1_52' title="bbox 289 5030 1848 5115">
    <p class='ocr_par' dir='ltr' id='par_1_52' title="bbox 289 5030 1848 5115">
     <span class='ocr_line' id='line_1_52' title="bbox 289 5030 1848 5115; baseline 0.012 -34"><span class='ocrx_word' id='word_1_462' title='bbox 289 5048 307 5081; x_wconf 70' lang='grc' dir='ltr'>ί</span> <span class='ocrx_word' id='word_1_463' title='bbox 343 5030 454 5100; x_wconf 86' lang='lat' dir='ltr'><strong>Ipse</strong></span> <span class='ocrx_word' id='word_1_464' title='bbox 476 5038 649 5083; x_wconf 89' lang='lat' dir='ltr'><strong>autem</strong></span> <span class='ocrx_word' id='word_1_465' title='bbox 675 5037 759 5085; x_wconf 90' lang='lat' dir='ltr'><strong>est</strong></span> <span class='ocrx_word' id='word_1_466' title='bbox 785 5031 1103 5097; x_wconf 88' lang='lat' dir='ltr'><strong>misericors,</strong></span> <span class='ocrx_word' id='word_1_467' title='bbox 1133 5043 1187 5089; x_wconf 90' lang='lat' dir='ltr'><strong>et</strong></span> <span class='ocrx_word' id='word_1_468' title='bbox 1215 5035 1469 5115; x_wconf 82' lang='lat' dir='ltr'><strong>propitius</strong></span> <span class='ocrx_word' id='word_1_469' title='bbox 1494 5040 1594 5094; x_wconf 91' lang='lat' dir='ltr'><strong>erit</strong></span> <span class='ocrx_word' id='word_1_470' title='bbox 1621 5044 1848 5111; x_wconf 87' lang='lat' dir='ltr'><strong>peccatis</strong></span> 
     </span>
    </p>
   </div>
   <div class='ocr_carea' id='block_1_53' title="bbox 284 5120 1849 5190">
    <p class='ocr_par' dir='ltr' id='par_1_53' title="bbox 284 5120 1849 5190">
     <span class='ocr_line' id='line_1_53' title="bbox 284 5120 1849 5190; baseline 0.012 -18"><span class='ocrx_word' id='word_1_471' title='bbox 284 5134 467 5172; x_wconf 83' lang='lat' dir='ltr'><strong>eorum</strong></span> <span class='ocrx_word' id='word_1_472' title='bbox 494 5158 507 5181; x_wconf 87' lang='lat'><strong>,</strong></span> <span class='ocrx_word' id='word_1_473' title='bbox 538 5126 591 5173; x_wconf 88' lang='lat' dir='ltr'><strong>et</strong></span> <span class='ocrx_word' id='word_1_474' title='bbox 621 5133 726 5172; x_wconf 90' lang='lat' dir='ltr'><strong>non</strong></span> <span class='ocrx_word' id='word_1_475' title='bbox 757 5120 945 5188; x_wconf 90' lang='lat' dir='ltr'><strong>perdet</strong></span> <span class='ocrx_word' id='word_1_476' title='bbox 984 5136 1112 5186; x_wconf 88' lang='lat' dir='ltr'><strong>eos;</strong></span> <span class='ocrx_word' id='word_1_477' title='bbox 1149 5133 1202 5178; x_wconf 91' lang='lat' dir='ltr'><strong>et</strong></span> <span class='ocrx_word' id='word_1_478' title='bbox 1238 5124 1520 5182; x_wconf 86' lang='lat' dir='ltr'><strong>abundabit</strong></span> <span class='ocrx_word' id='word_1_479' title='bbox 1555 5137 1611 5184; x_wconf 91' lang='lat' dir='ltr'><strong>ut</strong></span> <span class='ocrx_word' id='word_1_480' title='bbox 1645 5140 1849 5190; x_wconf 83' lang='lat' dir='ltr'><strong>avertat</strong></span> 
     </span>
    </p>
   </div>
   <div class='ocr_carea' id='block_1_54' title="bbox 283 5211 1846 5291">
    <p class='ocr_par' dir='ltr' id='par_1_54' title="bbox 283 5211 1846 5291">
     <span class='ocr_line' id='line_1_54' title="bbox 283 5211 1846 5291; baseline 0.008 -26"><span class='ocrx_word' id='word_1_481' title='bbox 283 5211 413 5265; x_wconf 89' lang='lat' dir='ltr'><strong>iram</strong></span> <span class='ocrx_word' id='word_1_482' title='bbox 432 5225 600 5275; x_wconf 90' lang='lat' dir='ltr'><strong>suam,</strong></span> <span class='ocrx_word' id='word_1_483' title='bbox 625 5219 675 5264; x_wconf 89' lang='lat' dir='ltr'><strong>et</strong></span> <span class='ocrx_word' id='word_1_484' title='bbox 698 5225 801 5265; x_wconf 88' lang='lat' dir='ltr'><strong>non</strong></span> <span class='ocrx_word' id='word_1_485' title='bbox 826 5213 1079 5268; x_wconf 89' lang='lat' dir='ltr'><strong>accendet</strong></span> <span class='ocrx_word' id='word_1_486' title='bbox 1101 5230 1310 5270; x_wconf 90' lang='lat' dir='ltr'><strong>omnem</strong></span> <span class='ocrx_word' id='word_1_487' title='bbox 1328 5215 1456 5271; x_wconf 88' lang='lat' dir='ltr'><strong>iram</strong></span> <span class='ocrx_word' id='word_1_488' title='bbox 1481 5231 1648 5274; x_wconf 86' lang='lat' dir='ltr'><strong>suam.</strong></span> <span class='ocrx_word' id='word_1_489' title='bbox 1671 5239 1689 5273; x_wconf 77' lang='grc' dir='ltr'><strong>ι</strong></span> <span class='ocrx_word' id='word_1_490' title='bbox 1715 5222 1846 5291; x_wconf 87' lang='lat' dir='ltr'><strong>Quia</strong></span> 
     </span>
    </p>
   </div>
   <div class='ocr_carea' id='block_1_55' title="bbox 280 5302 1846 5382">
    <p class='ocr_par' dir='ltr' id='par_1_55' title="bbox 280 5302 1846 5382">
     <span class='ocr_line' id='line_1_55' title="bbox 280 5302 1846 5382; baseline 0.011 -26"><span class='ocrx_word' id='word_1_491' title='bbox 280 5303 326 5357; x_wconf 91' lang='lat' dir='ltr'><strong>si</strong></span> <span class='ocrx_word' id='word_1_492' title='bbox 355 5303 524 5357; x_wconf 89' lang='lat' dir='ltr'><strong>omnis</strong></span> <span class='ocrx_word' id='word_1_493' title='bbox 553 5302 626 5356; x_wconf 87' lang='lat' dir='ltr'><strong>ira</strong></span> <span class='ocrx_word' id='word_1_494' title='bbox 654 5303 763 5373; x_wconf 63' lang='lat' dir='ltr'><strong>ejus</strong></span> <span class='ocrx_word' id='word_1_495' title='bbox 789 5344 804 5368; x_wconf 93' lang='lat'><strong>,</strong></span> <span class='ocrx_word' id='word_1_496' title='bbox 834 5303 883 5359; x_wconf 90' lang='lat' dir='ltr'><strong>id</strong></span> <span class='ocrx_word' id='word_1_497' title='bbox 910 5315 1022 5371; x_wconf 90' lang='lat' dir='ltr'><strong>est,</strong></span> <span class='ocrx_word' id='word_1_498' title='bbox 1049 5317 1297 5378; x_wconf 88' lang='lat' dir='ltr'><strong>quantum</strong></span> <span class='ocrx_word' id='word_1_499' title='bbox 1323 5309 1465 5382; x_wconf 89' lang='lat' dir='ltr'><strong>digni</strong></span> <span class='ocrx_word' id='word_1_500' title='bbox 1491 5321 1642 5381; x_wconf 91' lang='lat' dir='ltr'><strong>sunt,</strong></span> <span class='ocrx_word' id='word_1_501' title='bbox 1672 5316 1723 5369; x_wconf 87' lang='lat' dir='ltr'><strong>in</strong></span> <span class='ocrx_word' id='word_1_502' title='bbox 1753 5330 1846 5373; x_wconf 87' lang='lat' dir='ltr'><strong>eos</strong></span> 
     </span>
    </p>
   </div>
   <div class='ocr_carea' id='block_1_56' title="bbox 346 5454 1845 5523">
    <p class='ocr_par' dir='ltr' id='par_1_56' title="bbox 346 5454 1845 5523">
     <span class='ocr_line' id='line_1_56' title="bbox 346 5454 1845 5523; baseline 0.013 -21"><span class='ocrx_word' id='word_1_503' title='bbox 346 5455 362 5486; x_wconf 71' lang='grc'>⁸</span> <span class='ocrx_word' id='word_1_504' title='bbox 387 5454 459 5503; x_wconf 89' lang='lat' dir='ltr'><strong>Sic</strong></span> <span class='ocrx_word' id='word_1_505' title='bbox 495 5454 725 5523; x_wconf 79' lang='lat' dir='ltr'><strong>meliores</strong></span> <span class='ocrx_word' id='word_1_506' title='bbox 755 5461 861 5506; x_wconf 78' lang='lat' dir='ltr'><strong>Mss.</strong></span> <span class='ocrx_word' id='word_1_507' title='bbox 896 5457 1033 5519; x_wconf 81' lang='lat' dir='ltr'><strong>juxta</strong></span> <span class='ocrx_word' id='word_1_508' title='bbox 1055 5466 1180 5508; x_wconf 77' lang='lat' dir='ltr'><strong>Lxx.</strong></span> <span class='ocrx_word' id='word_1_509' title='bbox 1208 5468 1262 5523; x_wconf 68' lang='lat' dir='ltr'><strong>at</strong></span> <span class='ocrx_word' id='word_1_510' title='bbox 1286 5464 1484 5523; x_wconf 76' lang='lat' dir='ltr'><strong>Edd.,et</strong></span> <span class='ocrx_word' id='word_1_511' title='bbox 1521 5464 1775 5519; x_wconf 69' lang='lat' dir='ltr'><strong>abundavit</strong></span> <span class='ocrx_word' id='word_1_512' title='bbox 1794 5478 1845 5521; x_wconf 87' lang='lat' dir='ltr'><strong>ut</strong></span> 
     </span>
    </p>
   </div>
   <div class='ocr_carea' id='block_1_57' title="bbox 282 5514 1843 5605">
    <p class='ocr_par' dir='ltr' id='par_1_57' title="bbox 282 5514 1843 5605">
     <span class='ocr_line' id='line_1_57' title="bbox 282 5514 1843 5605; baseline 0.008 -48"><span class='ocrx_word' id='word_1_513' title='bbox 282 5514 832 5605; x_wconf 41' lang='lat' dir='ltr'><strong>piae-iteret</strong></span> <span class='ocrx_word' id='word_1_514' title='bbox 846 5514 929 5605; x_wconf 47' lang='grc' dir='ltr'><strong>,Λὲι</strong></span> <span class='ocrx_word' id='word_1_515' title='bbox 950 5533 1040 5569; x_wconf 82' lang='lat' dir='ltr'><strong>non</strong></span> <span class='ocrx_word' id='word_1_516' title='bbox 1050 5522 1292 5605; x_wconf 42' lang='lat' dir='ltr'><strong>facetia-it</strong></span> <span class='ocrx_word' id='word_1_517' title='bbox 1299 5537 1316 5574; x_wconf 86' lang='lat'><strong>.&#39;</strong></span> <span class='ocrx_word' id='word_1_518' title='bbox 1336 5514 1478 5605; x_wconf 70' lang='lat' dir='ltr'><strong>male,</strong></span> <span class='ocrx_word' id='word_1_519' title='bbox 1509 5514 1843 5605; x_wconf 33' lang='lat' dir='ltr'><strong>ngshaa‘fpi;</strong></span> 
     </span>
    </p>
   </div>
   <div class='ocr_carea' id='block_1_58' title="bbox 281 5577 1844 5686">
    <p class='ocr_par' dir='ltr' id='par_1_58' title="bbox 281 5577 1844 5686">
     <span class='ocr_line' id='line_1_58' title="bbox 281 5577 1844 5686; baseline 0.013 -63"><span class='ocrx_word' id='word_1_520' title='bbox 281 5578 377 5686; x_wconf 46' lang='lat' dir='ltr'><strong>ari</strong></span> <span class='ocrx_word' id='word_1_521' title='bbox 420 5577 646 5686; x_wconf 51' lang='lat' dir='ltr'><strong>tempogrgs</strong></span> <span class='ocrx_word' id='word_1_522' title='bbox 678 5578 816 5659; x_wconf 54' lang='lat' dir='ltr'><strong>tierba</strong></span> <span class='ocrx_word' id='word_1_523' title='bbox 863 5594 962 5631; x_wconf 83' lang='lat' dir='ltr'><strong>esse</strong></span> <span class='ocrx_word' id='word_1_524' title='bbox 981 5617 996 5641; x_wconf 94' lang='lat'><strong>,</strong></span> <span class='ocrx_word' id='word_1_525' title='bbox 1032 5583 1145 5633; x_wconf 86' lang='lat' dir='ltr'><strong>dicit</strong></span> <span class='ocrx_word' id='word_1_526' title='bbox 1180 5577 1477 5649; x_wconf 59' lang='lat' dir='ltr'><strong>augustinus&#39;</strong></span> <span class='ocrx_word' id='word_1_527' title='bbox 1507 5577 1657 5653; x_wconf 72' lang='lat' dir='ltr'><strong>infra,</strong></span> <span class='ocrx_word' id='word_1_528' title='bbox 1684 5577 1844 5657; x_wconf 27' lang='lat' dir='ltr'><strong>iliu&#39;jus</strong></span> 
     </span>
     <span class='ocr_line' id='line_1_59' title="bbox 347 5651 641 5686; baseline -0.003 0"><span class='ocrx_word' id='word_1_529' title='bbox 347 5651 440 5686; x_wconf 80' lang='lat' dir='ltr'><strong>arr.</strong></span> <span class='ocrx_word' id='word_1_530' title='bbox 474 5652 523 5686; x_wconf 82' lang='grc' dir='ltr'><strong>η.</strong></span> <span class='ocrx_word' id='word_1_531' title='bbox 631 5676 641 5685; x_wconf 93' lang='grc'><strong>.</strong></span> 
     </span>
    </p>
   </div>
   <div class='ocr_carea' id='block_1_59' title="bbox 347 5651 641 5686">
    <p class='ocr_par' dir='ltr' id='par_1_59' title="bbox 347 5651 641 5686">
     <span class='ocr_line' id='line_1_60' title="bbox 347 5651 641 5686; baseline -0.003 0"><span class='ocrx_word' id='word_1_532' title='bbox 347 5651 440 5686; x_wconf 56' lang='grc' dir='ltr'><strong>ξιτ.</strong></span> <span class='ocrx_word' id='word_1_533' title='bbox 474 5652 523 5686; x_wconf 89' lang='lat' dir='ltr'><strong>n.</strong></span> <span class='ocrx_word' id='word_1_534' title='bbox 564 5651 641 5686; x_wconf 68' lang='lat'><strong>‘20.</strong></span> 
     </span>
    </p>
   </div>
   <div class='ocr_carea' id='block_1_60' title="bbox 349 5701 1140 5765">
    <p class='ocr_par' dir='ltr' id='par_1_60' title="bbox 349 5701 1140 5765">
     <span class='ocr_line' id='line_1_61' title="bbox 349 5701 1140 5765; baseline 0.014 -21"><span class='ocrx_word' id='word_1_535' title='bbox 349 5704 368 5765; x_wconf 68' lang='grc' dir='ltr'><strong>ξ</strong></span> <span class='ocrx_word' id='word_1_536' title='bbox 401 5706 563 5756; x_wconf 69' lang='lat' dir='ltr'><strong>Abest,</strong></span> <span class='ocrx_word' id='word_1_537' title='bbox 586 5712 696 5758; x_wconf 85' lang='lat' dir='ltr'><strong>non,</strong></span> <span class='ocrx_word' id='word_1_538' title='bbox 720 5713 747 5765; x_wconf 83' lang='lat' dir='ltr'><strong>a</strong></span> <span class='ocrx_word' id='word_1_539' title='bbox 772 5701 1015 5765; x_wconf 77' lang='lat' dir='ltr'><strong>plerisque</strong></span> <span class='ocrx_word' id='word_1_540' title='bbox 1038 5711 1140 5755; x_wconf 59' lang='lat' dir='ltr'><strong>Ms.</strong></span> 
     </span>
    </p>
   </div>
   <div class='ocr_carea' id='block_1_61' title="bbox 348 5762 1013 5824">
    <p class='ocr_par' dir='ltr' id='par_1_61' title="bbox 348 5762 1013 5824">
     <span class='ocr_line' id='line_1_62' title="bbox 348 5762 1013 5824; baseline 0.008 -17"><span class='ocrx_word' id='word_1_541' title='bbox 348 5762 367 5792; x_wconf 83' lang='grc'>³</span> <span class='ocrx_word' id='word_1_542' title='bbox 390 5768 505 5821; x_wconf 78' lang='lat' dir='ltr'><strong>\‘ox,</strong></span> <span class='ocrx_word' id='word_1_543' title='bbox 522 5773 684 5824; x_wconf 80' lang='lat' dir='ltr'><strong>regna,</strong></span> <span class='ocrx_word' id='word_1_544' title='bbox 704 5763 844 5813; x_wconf 88' lang='lat' dir='ltr'><strong>abest</strong></span> <span class='ocrx_word' id='word_1_545' title='bbox 865 5778 892 5813; x_wconf 90' lang='lat' dir='ltr'><strong>a</strong></span> <span class='ocrx_word' id='word_1_546' title='bbox 910 5762 1013 5815; x_wconf 76' lang='lat' dir='ltr'><strong>Mss.</strong></span> 
     </span>
    </p>
   </div>
   <div class='ocr_carea' id='block_1_62' title="bbox 1319 368 2447 431">
    <p class='ocr_par' dir='ltr' id='par_1_62' title="bbox 1319 368 2447 431">
     <span class='ocr_line' id='line_1_63' title="bbox 1319 368 2447 431; baseline 0.004 -8"><span class='ocrx_word' id='word_1_547' title='bbox 1319 368 1704 425; x_wconf 74' lang='lat' dir='ltr'><strong>ENARRATIO</strong></span> <span class='ocrx_word' id='word_1_548' title='bbox 1739 369 1804 425; x_wconf 78' lang='lat' dir='ltr'><strong>IN</strong></span> <span class='ocrx_word' id='word_1_549' title='bbox 1840 369 2155 429; x_wconf 76' lang='lat' dir='ltr'><strong>PSALMUM</strong></span> <span class='ocrx_word' id='word_1_550' title='bbox 2194 375 2447 431; x_wconf 76' lang='lat' dir='ltr'><strong>LXXVII.</strong></span> 
     </span>
    </p>
   </div>
   <div class='ocr_carea' id='block_1_63' title="bbox 3426 383 3531 441">
    <p class='ocr_par' dir='ltr' id='par_1_63' title="bbox 3426 383 3531 441">
     <span class='ocr_line' id='line_1_64' title="bbox 3426 383 3531 441; baseline 0.019 -2"><span class='ocrx_word' id='word_1_551' title='bbox 3426 383 3531 441; x_wconf 68' lang='lat'><strong>998</strong></span> 
     </span>
    </p>
   </div>
   <div class='ocr_carea' id='block_1_64' title="bbox 1972 483 3531 562">
    <p class='ocr_par' dir='ltr' id='par_1_64' title="bbox 1972 483 3531 562">
     <span class='ocr_line' id='line_1_65' title="bbox 1972 483 3531 562; baseline 0.01 -27"><span class='ocrx_word' id='word_1_552' title='bbox 1972 483 2350 540; x_wconf 86' lang='lat' dir='ltr'><strong>accenderetur</strong></span> <span class='ocrx_word' id='word_1_553' title='bbox 2373 528 2387 551; x_wconf 94' lang='lat'><strong>,</strong></span> <span class='ocrx_word' id='word_1_554' title='bbox 2427 500 2555 556; x_wconf 91' lang='lat' dir='ltr'><strong>gens</strong></span> <span class='ocrx_word' id='word_1_555' title='bbox 2591 485 2676 541; x_wconf 91' lang='lat' dir='ltr'><strong>illa</strong></span> <span class='ocrx_word' id='word_1_556' title='bbox 2704 487 2842 542; x_wconf 89' lang='lat' dir='ltr'><strong>nulla</strong></span> <span class='ocrx_word' id='word_1_557' title='bbox 2866 487 3265 562; x_wconf 84' lang='lat' dir='ltr'><strong>relinqueretur.</strong></span> <span class='ocrx_word' id='word_1_558' title='bbox 3294 494 3365 548; x_wconf 87' lang='lat' dir='ltr'><strong>Ita</strong></span> <span class='ocrx_word' id='word_1_559' title='bbox 3394 497 3531 550; x_wconf 82' lang='lat' dir='ltr'><strong>Deus</strong></span> 
     </span>
    </p>
   </div>
   <div class='ocr_carea' id='block_1_65' title="bbox 1967 574 3529 652">
    <p class='ocr_par' dir='ltr' id='par_1_65' title="bbox 1967 574 3529 652">
     <span class='ocr_line' id='line_1_66' title="bbox 1967 574 3529 652; baseline 0.01 -26"><span class='ocrx_word' id='word_1_560' title='bbox 1967 574 2049 626; x_wconf 91' lang='lat' dir='ltr'><strong>cui</strong></span> <span class='ocrx_word' id='word_1_561' title='bbox 2074 584 2310 627; x_wconf 86' lang='lat' dir='ltr'><strong>cantatur</strong></span> <span class='ocrx_word' id='word_1_562' title='bbox 2336 577 2692 631; x_wconf 84' lang='lat' dir='ltr'><strong>misericordia</strong></span> <span class='ocrx_word' id='word_1_563' title='bbox 2718 587 2770 633; x_wconf 90' lang='lat' dir='ltr'><strong>et</strong></span> <span class='ocrx_word' id='word_1_564' title='bbox 2789 579 3038 647; x_wconf 87' lang='lat' dir='ltr'><strong>judicium</strong></span> <span class='ocrx_word' id='word_1_565' title='bbox 3066 581 3234 652; x_wconf 76' lang='lat' dir='ltr'><strong>(Psat.</strong></span> <span class='ocrx_word' id='word_1_566' title='bbox 3262 600 3291 638; x_wconf 92' lang='lat' dir='ltr'><strong>c</strong></span> <span class='ocrx_word' id='word_1_567' title='bbox 3311 625 3324 648; x_wconf 94' lang='lat'><strong>,</strong></span> <span class='ocrx_word' id='word_1_568' title='bbox 3356 588 3410 649; x_wconf 80' lang='grc'><strong>1)</strong></span> <span class='ocrx_word' id='word_1_569' title='bbox 3437 629 3449 645; x_wconf 86' lang='grc'><strong>.</strong></span> <span class='ocrx_word' id='word_1_570' title='bbox 3473 598 3529 641; x_wconf 85' lang='lat' dir='ltr'><strong>et</strong></span> 
     </span>
    </p>
   </div>
   <div class='ocr_carea' id='block_1_66' title="bbox 1966 662 3527 739">
    <p class='ocr_par' dir='ltr' id='par_1_66' title="bbox 1966 662 3527 739">
     <span class='ocr_line' id='line_1_67' title="bbox 1966 662 3527 739; baseline 0.01 -24"><span class='ocrx_word' id='word_1_571' title='bbox 1966 662 2018 715; x_wconf 90' lang='lat' dir='ltr'><strong>in</strong></span> <span class='ocrx_word' id='word_1_572' title='bbox 2046 662 2146 718; x_wconf 90' lang='lat' dir='ltr'><strong>isto</strong></span> <span class='ocrx_word' id='word_1_573' title='bbox 2165 664 2356 720; x_wconf 64' lang='lat' dir='ltr'><strong>saeculo</strong></span> <span class='ocrx_word' id='word_1_574' title='bbox 2375 681 2469 735; x_wconf 88' lang='lat' dir='ltr'><strong>per</strong></span> <span class='ocrx_word' id='word_1_575' title='bbox 2488 668 2894 724; x_wconf 85' lang='lat' dir='ltr'><strong>misericordiam</strong></span> <span class='ocrx_word' id='word_1_576' title='bbox 2922 672 3042 739; x_wconf 83' lang='lat' dir='ltr'><strong>facit</strong></span> <span class='ocrx_word' id='word_1_577' title='bbox 3069 674 3190 726; x_wconf 84' lang='lat' dir='ltr'><strong>oriri</strong></span> <span class='ocrx_word' id='word_1_578' title='bbox 3207 677 3358 728; x_wconf 80' lang='lat' dir='ltr'><strong>solem</strong></span> <span class='ocrx_word' id='word_1_579' title='bbox 3383 694 3527 731; x_wconf 77' lang='lat' dir='ltr'><strong>suum</strong></span> 
     </span>
    </p>
   </div>
   <div class='ocr_carea' id='block_1_67' title="bbox 1965 752 3526 832">
    <p class='ocr_par' dir='ltr' id='par_1_67' title="bbox 1965 752 3526 832">
     <span class='ocr_line' id='line_1_68' title="bbox 1965 752 3526 832; baseline 0.01 -29"><span class='ocrx_word' id='word_1_580' title='bbox 1965 767 2114 820; x_wconf 78' lang='lat' dir='ltr'><strong>super</strong></span> <span class='ocrx_word' id='word_1_581' title='bbox 2137 752 2287 807; x_wconf 80' lang='lat' dir='ltr'><strong>bonos</strong></span> <span class='ocrx_word' id='word_1_582' title='bbox 2315 765 2359 807; x_wconf 88' lang='lat' dir='ltr'><strong>et</strong></span> <span class='ocrx_word' id='word_1_583' title='bbox 2387 758 2545 811; x_wconf 75' lang='lat' dir='ltr'><strong>malas</strong></span> <span class='ocrx_word' id='word_1_584' title='bbox 2564 797 2578 823; x_wconf 93' lang='lat'><strong>,</strong></span> <span class='ocrx_word' id='word_1_585' title='bbox 2607 769 2659 813; x_wconf 92' lang='lat' dir='ltr'><strong>et</strong></span> <span class='ocrx_word' id='word_1_586' title='bbox 2678 760 2729 812; x_wconf 92' lang='lat' dir='ltr'><strong>in</strong></span> <span class='ocrx_word' id='word_1_587' title='bbox 2754 760 2856 815; x_wconf 80' lang='lat' dir='ltr'><strong>line</strong></span> <span class='ocrx_word' id='word_1_588' title='bbox 2878 762 3053 815; x_wconf 59' lang='lat' dir='ltr'><strong>saeculi</strong></span> <span class='ocrx_word' id='word_1_589' title='bbox 3079 778 3171 832; x_wconf 89' lang='lat' dir='ltr'><strong>per</strong></span> <span class='ocrx_word' id='word_1_590' title='bbox 3186 764 3437 830; x_wconf 88' lang='lat' dir='ltr'><strong>judicium</strong></span> <span class='ocrx_word' id='word_1_591' title='bbox 3460 769 3526 819; x_wconf 76' lang='lat' dir='ltr'><strong>ab</strong></span> 
     </span>
    </p>
   </div>
   <div class='ocr_carea' id='block_1_68' title="bbox 1965 842 3528 924">
    <p class='ocr_par' dir='ltr' id='par_1_68' title="bbox 1965 842 3528 924">
     <span class='ocr_line' id='line_1_69' title="bbox 1965 842 3528 924; baseline 0.012 -33"><span class='ocrx_word' id='word_1_592' title='bbox 1965 849 2160 893; x_wconf 63' lang='lat' dir='ltr'><strong>artema</strong></span> <span class='ocrx_word' id='word_1_593' title='bbox 2206 842 2322 896; x_wconf 88' lang='lat' dir='ltr'><strong>luce</strong></span> <span class='ocrx_word' id='word_1_594' title='bbox 2364 858 2455 898; x_wconf 90' lang='lat' dir='ltr'><strong>sua</strong></span> <span class='ocrx_word' id='word_1_595' title='bbox 2495 856 2799 916; x_wconf 88' lang='lat' dir='ltr'><strong>separatos,</strong></span> <span class='ocrx_word' id='word_1_596' title='bbox 2844 851 3333 908; x_wconf 72' lang='lat' dir='ltr'><strong>:eternistencbri&#39;s</strong></span> <span class='ocrx_word' id='word_1_597' title='bbox 3379 858 3528 924; x_wconf 88' lang='lat' dir='ltr'><strong>punit</strong></span> 
     </span>
    </p>
   </div>
   <div class='ocr_carea' id='block_1_69' title="bbox 1967 920 2153 983">
    <p class='ocr_par' dir='ltr' id='par_1_69' title="bbox 1967 920 2153 983">
     <span class='ocr_line' id='line_1_70' title="bbox 1967 920 2153 983; baseline 0.011 -2"><span class='ocrx_word' id='word_1_598' title='bbox 1967 920 2153 983; x_wconf 73' lang='lat' dir='ltr'><strong>n&#39;talos.</strong></span> 
     </span>
    </p>
   </div>
   <div class='ocr_carea' id='block_1_70' title="bbox 2034 1019 3525 1101">
    <p class='ocr_par' dir='ltr' id='par_1_70' title="bbox 2034 1019 3525 1101">
     <span class='ocr_line' id='line_1_71' title="bbox 2034 1019 3525 1101; baseline 0.011 -28"><span class='ocrx_word' id='word_1_599' title='bbox 2034 1019 2122 1073; x_wconf 76' lang='grc'><strong>25.</strong></span> <span class='ocrx_word' id='word_1_600' title='bbox 2159 1022 2351 1079; x_wconf 89' lang='lat' dir='ltr'><strong>Deinde</strong></span> <span class='ocrx_word' id='word_1_601' title='bbox 2381 1042 2445 1080; x_wconf 91' lang='lat' dir='ltr'><strong>ne</strong></span> <span class='ocrx_word' id='word_1_602' title='bbox 2473 1027 2576 1081; x_wconf 88' lang='lat' dir='ltr'><strong>vim</strong></span> <span class='ocrx_word' id='word_1_603' title='bbox 2600 1028 2790 1084; x_wconf 88' lang='lat' dir='ltr'><strong>divinis</strong></span> <span class='ocrx_word' id='word_1_604' title='bbox 2811 1031 2983 1086; x_wconf 80' lang='lat' dir='ltr'><strong>verbis</strong></span> <span class='ocrx_word' id='word_1_605' title='bbox 3012 1032 3204 1088; x_wconf 85' lang='lat' dir='ltr'><strong>inferre</strong></span> <span class='ocrx_word' id='word_1_606' title='bbox 3227 1035 3525 1101; x_wconf 86' lang='lat' dir='ltr'><strong>videamur,</strong></span> 
     </span>
    </p>
   </div>
   <div class='ocr_carea' id='block_1_71' title="bbox 1965 1111 3523 1190">
    <p class='ocr_par' dir='ltr' id='par_1_71' title="bbox 1965 1111 3523 1190">
     <span class='ocr_line' id='line_1_72' title="bbox 1965 1111 3523 1190; baseline 0.011 -26"><span class='ocrx_word' id='word_1_607' title='bbox 1965 1122 2018 1164; x_wconf 88' lang='lat' dir='ltr'><strong>et</strong></span> <span class='ocrx_word' id='word_1_608' title='bbox 2045 1111 2128 1165; x_wconf 92' lang='lat' dir='ltr'><strong>ubi</strong></span> <span class='ocrx_word' id='word_1_609' title='bbox 2156 1113 2455 1169; x_wconf 76' lang='lat' dir='ltr'><strong>dictum-est</strong></span> <span class='ocrx_word' id='word_1_610' title='bbox 2473 1158 2487 1181; x_wconf 94' lang='lat'><strong>,</strong></span> <span class='ocrx_word' id='word_1_611' title='bbox 2517 1117 2638 1172; x_wconf 87' lang='lat' dir='ltr'><strong>Non</strong></span> <span class='ocrx_word' id='word_1_612' title='bbox 2665 1122 2832 1188; x_wconf 83' lang='lat' dir='ltr'><strong>perdet</strong></span> <span class='ocrx_word' id='word_1_613' title='bbox 2860 1139 2941 1176; x_wconf 84' lang='lat' dir='ltr'><strong>eos</strong></span> <span class='ocrx_word' id='word_1_614' title='bbox 2959 1165 2973 1188; x_wconf 94' lang='lat'><strong>,</strong></span> <span class='ocrx_word' id='word_1_615' title='bbox 3005 1138 3099 1177; x_wconf 92' lang='lat' dir='ltr'><strong>nos</strong></span> <span class='ocrx_word' id='word_1_616' title='bbox 3118 1124 3353 1180; x_wconf 89' lang='lat' dir='ltr'><strong>dicamus</strong></span> <span class='ocrx_word' id='word_1_617' title='bbox 3374 1167 3389 1190; x_wconf 88' lang='lat'><strong>,</strong></span> <span class='ocrx_word' id='word_1_618' title='bbox 3420 1128 3523 1182; x_wconf 87' lang='lat' dir='ltr'><strong>Sed</strong></span> 
     </span>
    </p>
   </div>
   <div class='ocr_carea' id='block_1_72' title="bbox 1967 1204 3526 1285">
    <p class='ocr_par' dir='ltr' id='par_1_72' title="bbox 1967 1204 3526 1285">
     <span class='ocr_line' id='line_1_73' title="bbox 1967 1204 3526 1285; baseline 0.012 -32"><span class='ocrx_word' id='word_1_619' title='bbox 1967 1213 2144 1267; x_wconf 86' lang='lat' dir='ltr'><strong>postea</strong></span> <span class='ocrx_word' id='word_1_620' title='bbox 2186 1204 2367 1272; x_wconf 88' lang='lat' dir='ltr'><strong>perdet</strong></span> <span class='ocrx_word' id='word_1_621' title='bbox 2390 1221 2484 1260; x_wconf 90' lang='lat' dir='ltr'><strong>eos</strong></span> <span class='ocrx_word' id='word_1_622' title='bbox 2512 1224 2523 1259; x_wconf 94' lang='lat'>:</span> <span class='ocrx_word' id='word_1_623' title='bbox 2555 1208 2619 1263; x_wconf 91' lang='lat' dir='ltr'><strong>de</strong></span> <span class='ocrx_word' id='word_1_624' title='bbox 2648 1208 2747 1265; x_wconf 87' lang='lat' dir='ltr'><strong>hoc</strong></span> <span class='ocrx_word' id='word_1_625' title='bbox 2778 1212 2889 1280; x_wconf 91' lang='lat' dir='ltr'><strong>ipso</strong></span> <span class='ocrx_word' id='word_1_626' title='bbox 2917 1216 3156 1282; x_wconf 76' lang='lat' dir='ltr'><strong>pnesenti</strong></span> <span class='ocrx_word' id='word_1_627' title='bbox 3186 1217 3384 1285; x_wconf 84' lang='lat' dir='ltr'><strong>psalmo</strong></span> <span class='ocrx_word' id='word_1_628' title='bbox 3415 1219 3526 1272; x_wconf 91' lang='lat' dir='ltr'><strong>nsi-</strong></span> 
     </span>
    </p>
   </div>
   <div class='ocr_carea' id='block_1_73' title="bbox 1967 1292 3525 1372">
    <p class='ocr_par' dir='ltr' id='par_1_73' title="bbox 1967 1292 3525 1372">
     <span class='ocr_line' id='line_1_74' title="bbox 1967 1292 3525 1372; baseline 0.013 -28"><span class='ocrx_word' id='word_1_629' title='bbox 1967 1292 2274 1348; x_wconf 89' lang='lat' dir='ltr'><strong>tatissimam</strong></span> <span class='ocrx_word' id='word_1_630' title='bbox 2312 1295 2600 1367; x_wconf 68' lang='lat' dir='ltr'><strong>Scriptura:</strong></span> <span class='ocrx_word' id='word_1_631' title='bbox 2639 1300 2952 1363; x_wconf 87' lang='lat' dir='ltr'><strong>locutionem</strong></span> <span class='ocrx_word' id='word_1_632' title='bbox 2992 1303 3321 1362; x_wconf 84' lang='lat' dir='ltr'><strong>advertamus</strong></span> <span class='ocrx_word' id='word_1_633' title='bbox 3344 1350 3357 1372; x_wconf 93' lang='lat'><strong>,</strong></span> <span class='ocrx_word' id='word_1_634' title='bbox 3387 1312 3525 1366; x_wconf 86' lang='lat' dir='ltr'><strong>unde</strong></span> 
     </span>
    </p>
   </div>
   <div class='ocr_carea' id='block_1_74' title="bbox 1967 1382 3521 1467">
    <p class='ocr_par' dir='ltr' id='par_1_74' title="bbox 1967 1382 3521 1467">
     <span class='ocr_line' id='line_1_75' title="bbox 1967 1382 3521 1467; baseline 0.014 -33"><span class='ocrx_word' id='word_1_635' title='bbox 1967 1382 2067 1435; x_wconf 89' lang='lat' dir='ltr'><strong>ista</strong></span> <span class='ocrx_word' id='word_1_636' title='bbox 2118 1386 2336 1453; x_wconf 74' lang='lat' dir='ltr'><strong>qutestio</strong></span> <span class='ocrx_word' id='word_1_637' title='bbox 2393 1389 2558 1444; x_wconf 88' lang='lat' dir='ltr'><strong>multo</strong></span> <span class='ocrx_word' id='word_1_638' title='bbox 2611 1390 2909 1461; x_wconf 86' lang='lat' dir='ltr'><strong>diligentius</strong></span> <span class='ocrx_word' id='word_1_639' title='bbox 2950 1396 3227 1467; x_wconf 79' lang='lat' dir='ltr'><strong>veriusque</strong></span> <span class='ocrx_word' id='word_1_640' title='bbox 3268 1399 3521 1455; x_wconf 88' lang='lat' dir='ltr'><strong>solvatur.</strong></span> 
     </span>
    </p>
   </div>
   <div class='ocr_carea' id='block_1_75' title="bbox 1967 1472 3526 1555">
    <p class='ocr_par' dir='ltr' id='par_1_75' title="bbox 1967 1472 3526 1555">
     <span class='ocr_line' id='line_1_76' title="bbox 1967 1472 3526 1555; baseline 0.012 -28"><span class='ocrx_word' id='word_1_641' title='bbox 1967 1472 2120 1529; x_wconf 80' lang='lat' dir='ltr'><strong>Certe</strong></span> <span class='ocrx_word' id='word_1_642' title='bbox 2143 1475 2209 1531; x_wconf 89' lang='lat' dir='ltr'><strong>de</strong></span> <span class='ocrx_word' id='word_1_643' title='bbox 2234 1477 2313 1533; x_wconf 89' lang='lat' dir='ltr'><strong>bis</strong></span> <span class='ocrx_word' id='word_1_644' title='bbox 2335 1479 2460 1547; x_wconf 89' lang='lat' dir='ltr'><strong>ipsis</strong></span> <span class='ocrx_word' id='word_1_645' title='bbox 2482 1481 2698 1551; x_wconf 87' lang='lat' dir='ltr'><strong>loquens</strong></span> <span class='ocrx_word' id='word_1_646' title='bbox 2718 1485 2873 1553; x_wconf 88' lang='lat' dir='ltr'><strong>paulo</strong></span> <span class='ocrx_word' id='word_1_647' title='bbox 2894 1497 3010 1555; x_wconf 84' lang='lat' dir='ltr'><strong>post</strong></span> <span class='ocrx_word' id='word_1_648' title='bbox 3026 1527 3041 1553; x_wconf 93' lang='lat'><strong>,</strong></span> <span class='ocrx_word' id='word_1_649' title='bbox 3066 1504 3183 1541; x_wconf 91' lang='lat' dir='ltr'><strong>cum</strong></span> <span class='ocrx_word' id='word_1_650' title='bbox 3205 1504 3526 1547; x_wconf 83' lang='lat' dir='ltr'><strong>commemo-</strong></span> 
     </span>
    </p>
   </div>
   <div class='ocr_carea' id='block_1_76' title="bbox 1969 1575 3519 1651">
    <p class='ocr_par' dir='ltr' id='par_1_76' title="bbox 1969 1575 3519 1651">
     <span class='ocr_line' id='line_1_77' title="bbox 1969 1575 3519 1651; baseline 0.014 -34"><span class='ocrx_word' id='word_1_651' title='bbox 1969 1576 2136 1619; x_wconf 83' lang='lat' dir='ltr'><strong>rasset</strong></span> <span class='ocrx_word' id='word_1_652' title='bbox 2177 1583 2295 1637; x_wconf 75' lang='lat' dir='ltr'><strong>qua:</strong></span> <span class='ocrx_word' id='word_1_653' title='bbox 2340 1580 2552 1641; x_wconf 84' lang='lat' dir='ltr'><strong>propter</strong></span> <span class='ocrx_word' id='word_1_654' title='bbox 2597 1589 2687 1629; x_wconf 86' lang='lat' dir='ltr'><strong>eos</strong></span> <span class='ocrx_word' id='word_1_655' title='bbox 2726 1575 2956 1647; x_wconf 63' lang='lat' dir='ltr'><strong>Egyptii</strong></span> <span class='ocrx_word' id='word_1_656' title='bbox 3003 1582 3233 1650; x_wconf 85' lang='lat' dir='ltr'><strong>perpessi</strong></span> <span class='ocrx_word' id='word_1_657' title='bbox 3275 1582 3477 1639; x_wconf 82' lang='lat' dir='ltr'><strong>fuerant</strong></span> <span class='ocrx_word' id='word_1_658' title='bbox 3502 1627 3519 1651; x_wconf 92' lang='lat'><strong>,</strong></span> 
     </span>
    </p>
   </div>
   <div class='ocr_carea' id='block_1_77' title="bbox 1967 1664 3523 1741">
    <p class='ocr_par' dir='ltr' id='par_1_77' title="bbox 1967 1664 3523 1741">
     <span class='ocr_line' id='line_1_78' title="bbox 1967 1664 3523 1741; baseline 0.014 -33"><span class='ocrx_word' id='word_1_659' title='bbox 1967 1670 2382 1717; x_wconf 89' lang='lat' dir='ltr'><strong>commemorans</strong></span> <span class='ocrx_word' id='word_1_660' title='bbox 2403 1664 2634 1719; x_wconf 87' lang='lat' dir='ltr'><strong>ultimam</strong></span> <span class='ocrx_word' id='word_1_661' title='bbox 2663 1668 2863 1736; x_wconf 82' lang='lat' dir='ltr'><strong>plagam</strong></span> <span class='ocrx_word' id='word_1_662' title='bbox 2888 1710 2903 1734; x_wconf 92' lang='lat'><strong>,</strong></span> <span class='ocrx_word' id='word_1_663' title='bbox 2931 1689 2949 1721; x_wconf 67' lang='grc' dir='ltr'><em>ς</em></span> <span class='ocrx_word' id='word_1_664' title='bbox 2979 1672 3044 1725; x_wconf 87' lang='lat' dir='ltr'><strong>Et</strong></span> <span class='ocrx_word' id='word_1_665' title='bbox 3069 1675 3357 1741; x_wconf 86' lang='lat' dir='ltr'><strong>percussit,</strong></span> <span class='ocrx_word' id='word_1_666' title='bbox 3390 1694 3408 1727; x_wconf 72' lang='grc' dir='ltr'><strong><em>ι</em></strong></span> <span class='ocrx_word' id='word_1_667' title='bbox 3441 1677 3523 1731; x_wconf 83' lang='grc' dir='ltr'><strong>ἰη-</strong></span> 
     </span>
    </p>
   </div>
   <div class='ocr_carea' id='block_1_78' title="bbox 1966 1748 3526 1833">
    <p class='ocr_par' dir='ltr' id='par_1_78' title="bbox 1966 1748 3526 1833">
     <span class='ocr_line' id='line_1_79' title="bbox 1966 1748 3526 1833; baseline 0.015 -35"><span class='ocrx_word' id='word_1_668' title='bbox 1966 1748 2098 1814; x_wconf 85' lang='lat' dir='ltr'><strong>quit,</strong></span> <span class='ocrx_word' id='word_1_669' title='bbox 2126 1768 2143 1800; x_wconf 85' lang='grc'><strong>‹</strong></span> <span class='ocrx_word' id='word_1_670' title='bbox 2171 1764 2327 1807; x_wconf 88' lang='lat' dir='ltr'><strong>omne</strong></span> <span class='ocrx_word' id='word_1_671' title='bbox 2353 1755 2665 1822; x_wconf 85' lang='lat' dir='ltr'><strong>primitivum</strong></span> <span class='ocrx_word' id='word_1_672' title='bbox 2690 1758 2738 1810; x_wconf 91' lang='lat' dir='ltr'><strong>in</strong></span> <span class='ocrx_word' id='word_1_673' title='bbox 2763 1768 2899 1813; x_wconf 88' lang='lat' dir='ltr'><strong>terra</strong></span> <span class='ocrx_word' id='word_1_674' title='bbox 2920 1759 3149 1832; x_wconf 62' lang='lat' dir='ltr'><strong>IEgypti,</strong></span> <span class='ocrx_word' id='word_1_675' title='bbox 3176 1765 3428 1833; x_wconf 89' lang='lat' dir='ltr'><strong>primitias</strong></span> <span class='ocrx_word' id='word_1_676' title='bbox 3449 1767 3526 1822; x_wconf 83' lang='lat' dir='ltr'><strong>la-</strong></span> 
     </span>
    </p>
   </div>
   <div class='ocr_carea' id='block_1_79' title="bbox 1969 1838 3525 1914">
    <p class='ocr_par' dir='ltr' id='par_1_79' title="bbox 1969 1838 3525 1914">
     <span class='ocr_line' id='line_1_80' title="bbox 1969 1838 3525 1914; baseline 0.015 -24"><span class='ocrx_word' id='word_1_677' title='bbox 1969 1838 2111 1893; x_wconf 91' lang='lat' dir='ltr'><strong>boris</strong></span> <span class='ocrx_word' id='word_1_678' title='bbox 2148 1857 2328 1896; x_wconf 87' lang='lat' dir='ltr'><strong>eorum</strong></span> <span class='ocrx_word' id='word_1_679' title='bbox 2368 1844 2421 1898; x_wconf 91' lang='lat' dir='ltr'><strong>in</strong></span> <span class='ocrx_word' id='word_1_680' title='bbox 2460 1845 2805 1903; x_wconf 86' lang='lat' dir='ltr'><strong>tabernaculis</strong></span> <span class='ocrx_word' id='word_1_681' title='bbox 2839 1848 3024 1905; x_wconf 89' lang='lat' dir='ltr'><strong>Cham.</strong></span> <span class='ocrx_word' id='word_1_682' title='bbox 3059 1852 3123 1906; x_wconf 86' lang='lat' dir='ltr'><strong>Et</strong></span> <span class='ocrx_word' id='word_1_683' title='bbox 3150 1854 3362 1909; x_wconf 90' lang='lat' dir='ltr'><strong>abstulit</strong></span> <span class='ocrx_word' id='word_1_684' title='bbox 3389 1858 3525 1914; x_wconf 72' lang='lat' dir='ltr'><strong>sicut</strong></span> 
     </span>
    </p>
   </div>
   <div class='ocr_carea' id='block_1_80' title="bbox 1967 1933 3525 2019">
    <p class='ocr_par' dir='ltr' id='par_1_80' title="bbox 1967 1933 3525 2019">
     <span class='ocr_line' id='line_1_81' title="bbox 1967 1933 3525 2019; baseline 0.014 -36"><span class='ocrx_word' id='word_1_685' title='bbox 1967 1943 2092 1985; x_wconf 87' lang='lat' dir='ltr'><strong>oves</strong></span> <span class='ocrx_word' id='word_1_686' title='bbox 2117 1933 2363 2001; x_wconf 89' lang='lat' dir='ltr'><strong>populum</strong></span> <span class='ocrx_word' id='word_1_687' title='bbox 2384 1951 2534 1991; x_wconf 89' lang='lat' dir='ltr'><strong>suum</strong></span> <span class='ocrx_word' id='word_1_688' title='bbox 2559 1978 2574 1997; x_wconf 91' lang='lat'><strong>.</strong></span> <span class='ocrx_word' id='word_1_689' title='bbox 2597 1947 2651 1994; x_wconf 89' lang='lat' dir='ltr'><strong>et</strong></span> <span class='ocrx_word' id='word_1_690' title='bbox 2673 1940 2914 2009; x_wconf 84' lang='lat' dir='ltr'><strong>perduxit</strong></span> <span class='ocrx_word' id='word_1_691' title='bbox 2935 1958 3027 1997; x_wconf 87' lang='lat' dir='ltr'><strong>eos</strong></span> <span class='ocrx_word' id='word_1_692' title='bbox 3050 1952 3290 2015; x_wconf 89' lang='lat' dir='ltr'><strong>tanquam</strong></span> <span class='ocrx_word' id='word_1_693' title='bbox 3310 1962 3525 2019; x_wconf 85' lang='lat' dir='ltr'><strong>gregem</strong></span> 
     </span>
    </p>
   </div>
   <div class='ocr_carea' id='block_1_81' title="bbox 1969 2020 3522 2103">
    <p class='ocr_par' dir='ltr' id='par_1_81' title="bbox 1969 2020 3522 2103">
     <span class='ocr_line' id='line_1_82' title="bbox 1969 2020 3522 2103; baseline 0.014 -29"><span class='ocrx_word' id='word_1_694' title='bbox 1969 2020 2019 2074; x_wconf 94' lang='lat' dir='ltr'><strong>in</strong></span> <span class='ocrx_word' id='word_1_695' title='bbox 2044 2022 2274 2079; x_wconf 88' lang='lat' dir='ltr'><strong>deserto.</strong></span> <span class='ocrx_word' id='word_1_696' title='bbox 2301 2025 2370 2081; x_wconf 91' lang='lat' dir='ltr'><strong>Et</strong></span> <span class='ocrx_word' id='word_1_697' title='bbox 2395 2027 2612 2084; x_wconf 77' lang='lat' dir='ltr'><strong>deduxit</strong></span> <span class='ocrx_word' id='word_1_698' title='bbox 2634 2046 2727 2085; x_wconf 88' lang='lat' dir='ltr'><strong>eos</strong></span> <span class='ocrx_word' id='word_1_699' title='bbox 2756 2032 2805 2086; x_wconf 92' lang='lat' dir='ltr'><strong>in</strong></span> <span class='ocrx_word' id='word_1_700' title='bbox 2831 2048 2925 2103; x_wconf 90' lang='lat' dir='ltr'><strong>spe</strong></span> <span class='ocrx_word' id='word_1_701' title='bbox 2944 2075 2959 2101; x_wconf 90' lang='lat'><strong>,</strong></span> <span class='ocrx_word' id='word_1_702' title='bbox 2985 2045 3039 2092; x_wconf 81' lang='lat' dir='ltr'><strong>et</strong></span> <span class='ocrx_word' id='word_1_703' title='bbox 3068 2052 3171 2092; x_wconf 92' lang='lat' dir='ltr'><strong>non</strong></span> <span class='ocrx_word' id='word_1_704' title='bbox 3196 2038 3479 2095; x_wconf 89' lang='lat' dir='ltr'><strong>timuerunt</strong></span> <span class='ocrx_word' id='word_1_705' title='bbox 3506 2059 3522 2097; x_wconf 91' lang='lat'><strong>:</strong></span> 
     </span>
    </p>
   </div>
   <div class='ocr_carea' id='block_1_82' title="bbox 1966 2112 3526 2190">
    <p class='ocr_par' dir='ltr' id='par_1_82' title="bbox 1966 2112 3526 2190">
     <span class='ocr_line' id='line_1_83' title="bbox 1966 2112 3526 2190; baseline 0.015 -25"><span class='ocrx_word' id='word_1_706' title='bbox 1966 2119 2022 2167; x_wconf 89' lang='lat' dir='ltr'><strong>et</strong></span> <span class='ocrx_word' id='word_1_707' title='bbox 2055 2112 2294 2172; x_wconf 90' lang='lat' dir='ltr'><strong>inimicos</strong></span> <span class='ocrx_word' id='word_1_708' title='bbox 2334 2132 2515 2173; x_wconf 88' lang='lat' dir='ltr'><strong>eorum</strong></span> <span class='ocrx_word' id='word_1_709' title='bbox 2555 2123 2760 2190; x_wconf 89' lang='lat' dir='ltr'><strong>operuit</strong></span> <span class='ocrx_word' id='word_1_710' title='bbox 2794 2140 2960 2181; x_wconf 87' lang='lat' dir='ltr'><strong>mare.</strong></span> <span class='ocrx_word' id='word_1_711' title='bbox 3000 2127 3068 2182; x_wconf 87' lang='lat' dir='ltr'><strong>Et</strong></span> <span class='ocrx_word' id='word_1_712' title='bbox 3103 2129 3306 2185; x_wconf 84' lang='lat' dir='ltr'><strong>induxit</strong></span> <span class='ocrx_word' id='word_1_713' title='bbox 3343 2147 3435 2187; x_wconf 90' lang='lat' dir='ltr'><strong>eos</strong></span> <span class='ocrx_word' id='word_1_714' title='bbox 3473 2133 3526 2188; x_wconf 89' lang='lat' dir='ltr'><strong>in</strong></span> 
     </span>
    </p>
   </div>
   <div class='ocr_carea' id='block_1_83' title="bbox 1967 2212 3526 2294">
    <p class='ocr_par' dir='ltr' id='par_1_83' title="bbox 1967 2212 3526 2294">
     <span class='ocr_line' id='line_1_84' title="bbox 1967 2212 3526 2294; baseline 0.014 -36"><span class='ocrx_word' id='word_1_715' title='bbox 1967 2217 2198 2263; x_wconf 89' lang='lat' dir='ltr'><strong>montem</strong></span> <span class='ocrx_word' id='word_1_716' title='bbox 2236 2212 2660 2269; x_wconf 74' lang='lat' dir='ltr'><strong>sanctificationis</strong></span> <span class='ocrx_word' id='word_1_717' title='bbox 2683 2232 2830 2285; x_wconf 65' lang='lat' dir='ltr'><strong>suae;</strong></span> <span class='ocrx_word' id='word_1_718' title='bbox 2861 2230 3091 2276; x_wconf 88' lang='lat' dir='ltr'><strong>montem</strong></span> <span class='ocrx_word' id='word_1_719' title='bbox 3116 2238 3271 2294; x_wconf 87' lang='lat' dir='ltr'><strong>quem</strong></span> <span class='ocrx_word' id='word_1_720' title='bbox 3296 2225 3526 2294; x_wconf 86' lang='lat' dir='ltr'><strong>acquisi-</strong></span> 
     </span>
    </p>
   </div>
   <div class='ocr_carea' id='block_1_84' title="bbox 1966 2296 3529 2385">
    <p class='ocr_par' dir='ltr' id='par_1_84' title="bbox 1966 2296 3529 2385">
     <span class='ocr_line' id='line_1_85' title="bbox 1966 2296 3529 2385; baseline 0.014 -36"><span class='ocrx_word' id='word_1_721' title='bbox 1966 2296 2041 2350; x_wconf 88' lang='lat' dir='ltr'><strong>vit</strong></span> <span class='ocrx_word' id='word_1_722' title='bbox 2080 2297 2294 2354; x_wconf 79' lang='lat' dir='ltr'><strong>dextera</strong></span> <span class='ocrx_word' id='word_1_723' title='bbox 2335 2303 2470 2372; x_wconf 89' lang='lat' dir='ltr'><strong>ejus.</strong></span> <span class='ocrx_word' id='word_1_724' title='bbox 2504 2305 2571 2360; x_wconf 86' lang='lat' dir='ltr'><strong>Et</strong></span> <span class='ocrx_word' id='word_1_725' title='bbox 2604 2306 2761 2375; x_wconf 90' lang='lat' dir='ltr'><strong>ejecit</strong></span> <span class='ocrx_word' id='word_1_726' title='bbox 2798 2324 2828 2363; x_wconf 91' lang='lat' dir='ltr'><strong>a</strong></span> <span class='ocrx_word' id='word_1_727' title='bbox 2865 2311 2995 2367; x_wconf 83' lang='lat' dir='ltr'><strong>facie</strong></span> <span class='ocrx_word' id='word_1_728' title='bbox 3023 2328 3203 2368; x_wconf 88' lang='lat' dir='ltr'><strong>eorum</strong></span> <span class='ocrx_word' id='word_1_729' title='bbox 3231 2309 3447 2385; x_wconf 81' lang='lat' dir='ltr'><strong>gentes&#39;,</strong></span> <span class='ocrx_word' id='word_1_730' title='bbox 3475 2325 3529 2371; x_wconf 87' lang='lat' dir='ltr'><strong>et</strong></span> 
     </span>
    </p>
   </div>
   <div class='ocr_carea' id='block_1_85' title="bbox 1966 2390 3522 2465">
    <p class='ocr_par' dir='ltr' id='par_1_85' title="bbox 1966 2390 3522 2465">
     <span class='ocr_line' id='line_1_86' title="bbox 1966 2390 3522 2465; baseline 0.014 -24"><span class='ocrx_word' id='word_1_731' title='bbox 1966 2398 2108 2443; x_wconf 87' lang='lat' dir='ltr'><strong>sorte</strong></span> <span class='ocrx_word' id='word_1_732' title='bbox 2143 2390 2410 2448; x_wconf 85' lang='lat' dir='ltr'><strong>distribuit</strong></span> <span class='ocrx_word' id='word_1_733' title='bbox 2429 2396 2507 2449; x_wconf 86' lang='lat' dir='ltr'><strong>eis</strong></span> <span class='ocrx_word' id='word_1_734' title='bbox 2538 2404 2726 2453; x_wconf 88' lang='lat' dir='ltr'><strong>terram</strong></span> <span class='ocrx_word' id='word_1_735' title='bbox 2749 2400 2800 2454; x_wconf 92' lang='lat' dir='ltr'><strong>in</strong></span> <span class='ocrx_word' id='word_1_736' title='bbox 2826 2401 3059 2459; x_wconf 77' lang='lat' dir='ltr'><strong>funiculo</strong></span> <span class='ocrx_word' id='word_1_737' title='bbox 3081 2405 3478 2465; x_wconf 88' lang='lat' dir='ltr'><strong>distributionis.</strong></span> <span class='ocrx_word' id='word_1_738' title='bbox 3500 2428 3522 2463; x_wconf 71' lang='grc' dir='ltr'><strong><em>ι</em></strong></span> 
     </span>
    </p>
   </div>
   <div class='ocr_carea' id='block_1_86' title="bbox 1964 2478 3526 2567">
    <p class='ocr_par' dir='ltr' id='par_1_86' title="bbox 1964 2478 3526 2567">
     <span class='ocr_line' id='line_1_87' title="bbox 1964 2478 3526 2567; baseline 0.015 -34"><span class='ocrx_word' id='word_1_739' title='bbox 1964 2478 2019 2534; x_wconf 91' lang='lat' dir='ltr'><strong>Si</strong></span> <span class='ocrx_word' id='word_1_740' title='bbox 2056 2482 2173 2550; x_wconf 91' lang='lat' dir='ltr'><strong>quis</strong></span> <span class='ocrx_word' id='word_1_741' title='bbox 2214 2483 2281 2538; x_wconf 90' lang='lat' dir='ltr'><strong>ad</strong></span> <span class='ocrx_word' id='word_1_742' title='bbox 2311 2484 2424 2541; x_wconf 65' lang='lat' dir='ltr'><strong>haec</strong></span> <span class='ocrx_word' id='word_1_743' title='bbox 2452 2489 2610 2543; x_wconf 87' lang='lat' dir='ltr'><strong>verba</strong></span> <span class='ocrx_word' id='word_1_744' title='bbox 2639 2491 2790 2546; x_wconf 90' lang='lat' dir='ltr'><strong>nobis</strong></span> <span class='ocrx_word' id='word_1_745' title='bbox 2818 2493 3050 2567; x_wconf 75' lang='lat' dir='ltr'><strong>inferens</strong></span> <span class='ocrx_word' id='word_1_746' title='bbox 3074 2501 3416 2567; x_wconf 68' lang='lat' dir='ltr'><strong>quaestiOnem</strong></span> <span class='ocrx_word' id='word_1_747' title='bbox 3440 2504 3526 2557; x_wconf 86' lang='lat' dir='ltr'><strong>di-</strong></span> 
     </span>
    </p>
   </div>
   <div class='ocr_carea' id='block_1_87' title="bbox 1950 2572 3528 2647">
    <p class='ocr_par' dir='ltr' id='par_1_87' title="bbox 1950 2572 3528 2647">
     <span class='ocr_line' id='line_1_88' title="bbox 1950 2572 3528 2647; baseline 0.016 -24"><span class='ocrx_word' id='word_1_748' title='bbox 1950 2581 2049 2625; x_wconf 87' lang='lat' dir='ltr'><strong>cat</strong></span> <span class='ocrx_word' id='word_1_749' title='bbox 2076 2587 2090 2624; x_wconf 88' lang='lat'><strong>:</strong></span> <span class='ocrx_word' id='word_1_750' title='bbox 2119 2572 2393 2640; x_wconf 87' lang='lat' dir='ltr'><strong>Quomodo</strong></span> <span class='ocrx_word' id='word_1_751' title='bbox 2415 2579 2493 2634; x_wconf 86' lang='lat' dir='ltr'><strong>eis</strong></span> <span class='ocrx_word' id='word_1_752' title='bbox 2520 2579 2633 2635; x_wconf 59' lang='lat' dir='ltr'><strong>hare</strong></span> <span class='ocrx_word' id='word_1_753' title='bbox 2659 2584 2832 2639; x_wconf 90' lang='lat' dir='ltr'><strong>omnia</strong></span> <span class='ocrx_word' id='word_1_754' title='bbox 2855 2584 3046 2642; x_wconf 89' lang='lat' dir='ltr'><strong>collata</strong></span> <span class='ocrx_word' id='word_1_755' title='bbox 3069 2602 3187 2644; x_wconf 86' lang='lat' dir='ltr'><strong>esse</strong></span> <span class='ocrx_word' id='word_1_756' title='bbox 3209 2604 3528 2647; x_wconf 87' lang='lat' dir='ltr'><strong>commemo-</strong></span> 
     </span>
    </p>
   </div>
   <div class='ocr_carea' id='block_1_88' title="bbox 1961 2667 3529 2753">
    <p class='ocr_par' dir='ltr' id='par_1_88' title="bbox 1961 2667 3529 2753">
     <span class='ocr_line' id='line_1_89' title="bbox 1961 2667 3529 2753; baseline 0.016 -38"><span class='ocrx_word' id='word_1_757' title='bbox 1961 2671 2083 2731; x_wconf 86' lang='lat' dir='ltr'><strong>rat,</strong></span> <span class='ocrx_word' id='word_1_758' title='bbox 2122 2678 2244 2720; x_wconf 90' lang='lat' dir='ltr'><strong>cum</strong></span> <span class='ocrx_word' id='word_1_759' title='bbox 2275 2667 2372 2737; x_wconf 88' lang='lat' dir='ltr'><strong>ipsi</strong></span> <span class='ocrx_word' id='word_1_760' title='bbox 2398 2684 2498 2724; x_wconf 91' lang='lat' dir='ltr'><strong>non</strong></span> <span class='ocrx_word' id='word_1_761' title='bbox 2525 2670 2717 2728; x_wconf 84' lang='lat' dir='ltr'><strong>fuerint</strong></span> <span class='ocrx_word' id='word_1_762' title='bbox 2740 2676 2974 2745; x_wconf 90' lang='lat' dir='ltr'><strong>perducti</strong></span> <span class='ocrx_word' id='word_1_763' title='bbox 3003 2680 3052 2733; x_wconf 91' lang='lat' dir='ltr'><strong>in</strong></span> <span class='ocrx_word' id='word_1_764' title='bbox 3078 2689 3271 2736; x_wconf 86' lang='lat' dir='ltr'><strong>terram</strong></span> <span class='ocrx_word' id='word_1_765' title='bbox 3299 2686 3529 2753; x_wconf 80' lang='lat' dir='ltr'><strong>promis-</strong></span> 
     </span>
    </p>
   </div>
   <div class='ocr_carea' id='block_1_89' title="bbox 1964 2752 3526 2845">
    <p class='ocr_par' dir='ltr' id='par_1_89' title="bbox 1964 2752 3526 2845">
     <span class='ocr_line' id='line_1_90' title="bbox 1964 2752 3526 2845; baseline 0.019 -39"><span class='ocrx_word' id='word_1_766' title='bbox 1964 2752 2167 2822; x_wconf 89' lang='lat' dir='ltr'><strong>sionis,</strong></span> <span class='ocrx_word' id='word_1_767' title='bbox 2214 2758 2301 2827; x_wconf 87' lang='lat' dir='ltr'><strong>qui</strong></span> <span class='ocrx_word' id='word_1_768' title='bbox 2341 2759 2409 2814; x_wconf 88' lang='lat' dir='ltr'><strong>ab</strong></span> <span class='ocrx_word' id='word_1_769' title='bbox 2447 2761 2676 2834; x_wconf 63' lang='lat' dir='ltr'><strong>Egypto</strong></span> <span class='ocrx_word' id='word_1_770' title='bbox 2713 2766 2917 2825; x_wconf 90' lang='lat' dir='ltr'><strong>liberati</strong></span> <span class='ocrx_word' id='word_1_771' title='bbox 2956 2781 3116 2841; x_wconf 89' lang='lat' dir='ltr'><strong>sunt,</strong></span> <span class='ocrx_word' id='word_1_772' title='bbox 3159 2752 3405 2845; x_wconf 82' lang='lat' dir='ltr'><strong>queuiam</strong></span> <span class='ocrx_word' id='word_1_773' title='bbox 3448 2779 3526 2836; x_wconf 88' lang='lat' dir='ltr'><strong>illi</strong></span> 
     </span>
    </p>
   </div>
   <div class='ocr_carea' id='block_1_90' title="bbox 1965 2847 3522 2939">
    <p class='ocr_par' dir='ltr' id='par_1_90' title="bbox 1965 2847 3522 2939">
     <span class='ocr_line' id='line_1_91' title="bbox 1965 2847 3522 2939; baseline 0.019 -42"><span class='ocrx_word' id='word_1_774' title='bbox 1965 2847 2157 2901; x_wconf 91' lang='lat' dir='ltr'><strong>mortui</strong></span> <span class='ocrx_word' id='word_1_775' title='bbox 2196 2850 2355 2904; x_wconf 90' lang='lat' dir='ltr'><strong>sunt?</strong></span> <span class='ocrx_word' id='word_1_776' title='bbox 2380 2852 2505 2921; x_wconf 90' lang='lat' dir='ltr'><strong>quid</strong></span> <span class='ocrx_word' id='word_1_777' title='bbox 2530 2858 2962 2926; x_wconf 87' lang='lat' dir='ltr'><strong>respondebimus</strong></span> <span class='ocrx_word' id='word_1_778' title='bbox 2983 2904 2998 2928; x_wconf 92' lang='lat'><strong>,</strong></span> <span class='ocrx_word' id='word_1_779' title='bbox 3028 2864 3127 2919; x_wconf 91' lang='lat' dir='ltr'><strong>nisi</strong></span> <span class='ocrx_word' id='word_1_780' title='bbox 3157 2881 3248 2922; x_wconf 88' lang='lat' dir='ltr'><strong>eos</strong></span> <span class='ocrx_word' id='word_1_781' title='bbox 3271 2866 3442 2925; x_wconf 90' lang='lat' dir='ltr'><strong>dictos</strong></span> <span class='ocrx_word' id='word_1_782' title='bbox 3464 2872 3482 2902; x_wconf 84' lang='grc'>¹</span> <span class='ocrx_word' id='word_1_783' title='bbox 3506 2913 3522 2939; x_wconf 89' lang='grc'><em>,</em></span> 
     </span>
    </p>
   </div>
   <div class='ocr_carea' id='block_1_91' title="bbox 1963 2936 3526 3021">
    <p class='ocr_par' dir='ltr' id='par_1_91' title="bbox 1963 2936 3526 3021">
     <span class='ocr_line' id='line_1_92' title="bbox 1963 2936 3526 3021; baseline 0.019 -32"><span class='ocrx_word' id='word_1_784' title='bbox 1963 2936 2083 3005; x_wconf 92' lang='lat' dir='ltr'><strong>quia</strong></span> <span class='ocrx_word' id='word_1_785' title='bbox 2104 2937 2243 2994; x_wconf 88' lang='lat' dir='ltr'><strong>idem</strong></span> <span class='ocrx_word' id='word_1_786' title='bbox 2263 2941 2376 3011; x_wconf 89' lang='lat' dir='ltr'><strong>ipse</strong></span> <span class='ocrx_word' id='word_1_787' title='bbox 2393 2946 2619 3015; x_wconf 90' lang='lat' dir='ltr'><strong>populus</strong></span> <span class='ocrx_word' id='word_1_788' title='bbox 2639 2948 2732 3005; x_wconf 84' lang='lat' dir='ltr'><strong>fuit</strong></span> <span class='ocrx_word' id='word_1_789' title='bbox 2751 2967 2845 3021; x_wconf 89' lang='lat' dir='ltr'><strong>per</strong></span> <span class='ocrx_word' id='word_1_790' title='bbox 2862 2958 3246 3015; x_wconf 89' lang='lat' dir='ltr'><strong>successionem</strong></span> <span class='ocrx_word' id='word_1_791' title='bbox 3268 2936 3526 3019; x_wconf 68' lang='lat' dir='ltr'><strong>liliorum‘i</strong></span> 
     </span>
    </p>
   </div>
   <div class='ocr_carea' id='block_1_92' title="bbox 1962 3024 3525 3123">
    <p class='ocr_par' dir='ltr' id='par_1_92' title="bbox 1962 3024 3525 3123">
     <span class='ocr_line' id='line_1_93' title="bbox 1962 3024 3525 3123; baseline 0.018 -40"><span class='ocrx_word' id='word_1_792' title='bbox 1962 3024 2048 3083; x_wconf 89' lang='lat' dir='ltr'><strong>Sic</strong></span> <span class='ocrx_word' id='word_1_793' title='bbox 2074 3043 2226 3100; x_wconf 87' lang='lat' dir='ltr'><strong>ergo,</strong></span> <span class='ocrx_word' id='word_1_794' title='bbox 2258 3046 2376 3088; x_wconf 90' lang='lat' dir='ltr'><strong>cum</strong></span> <span class='ocrx_word' id='word_1_795' title='bbox 2400 3034 2640 3093; x_wconf 88' lang='lat' dir='ltr'><strong>audimus</strong></span> <span class='ocrx_word' id='word_1_796' title='bbox 2658 3082 2673 3105; x_wconf 92' lang='lat'><strong>,</strong></span> <span class='ocrx_word' id='word_1_797' title='bbox 2700 3043 2927 3100; x_wconf 86' lang='lat' dir='ltr'><strong>maxime</strong></span> <span class='ocrx_word' id='word_1_798' title='bbox 2948 3046 3070 3116; x_wconf 87' lang='lat' dir='ltr'><strong>quia</strong></span> <span class='ocrx_word' id='word_1_799' title='bbox 3096 3047 3250 3106; x_wconf 83' lang='lat' dir='ltr'><strong>futuri</strong></span> <span class='ocrx_word' id='word_1_800' title='bbox 3276 3057 3525 3123; x_wconf 86' lang='lat' dir='ltr'><strong>temporis</strong></span> 
     </span>
    </p>
   </div>
   <div class='ocr_carea' id='block_1_93' title="bbox 1962 3118 3523 3210">
    <p class='ocr_par' dir='ltr' id='par_1_93' title="bbox 1962 3118 3523 3210">
     <span class='ocr_line' id='line_1_94' title="bbox 1962 3118 3523 3210; baseline 0.02 -40"><span class='ocrx_word' id='word_1_801' title='bbox 1962 3118 2120 3173; x_wconf 87' lang='lat' dir='ltr'><strong>verba</strong></span> <span class='ocrx_word' id='word_1_802' title='bbox 2140 3130 2294 3187; x_wconf 90' lang='lat' dir='ltr'><strong>sunt,</strong></span> <span class='ocrx_word' id='word_1_803' title='bbox 2326 3142 2346 3176; x_wconf 84' lang='grc'><strong><em>‹</em></strong></span> <span class='ocrx_word' id='word_1_804' title='bbox 2377 3124 2445 3179; x_wconf 88' lang='lat' dir='ltr'><strong>Et</strong></span> <span class='ocrx_word' id='word_1_805' title='bbox 2467 3130 2721 3197; x_wconf 90' lang='lat' dir='ltr'><strong>propitius</strong></span> <span class='ocrx_word' id='word_1_806' title='bbox 2746 3132 2834 3187; x_wconf 84' lang='lat' dir='ltr'><strong>ﬁet</strong></span> <span class='ocrx_word' id='word_1_807' title='bbox 2854 3137 3080 3203; x_wconf 89' lang='lat' dir='ltr'><strong>peccatis</strong></span> <span class='ocrx_word' id='word_1_808' title='bbox 3099 3155 3280 3196; x_wconf 85' lang='lat' dir='ltr'><strong>eorum</strong></span> <span class='ocrx_word' id='word_1_809' title='bbox 3301 3184 3315 3210; x_wconf 93' lang='lat'><strong>,</strong></span> <span class='ocrx_word' id='word_1_810' title='bbox 3340 3118 3398 3198; x_wconf 77' lang='lat' dir='ltr'><strong>et</strong></span> <span class='ocrx_word' id='word_1_811' title='bbox 3414 3140 3523 3200; x_wconf 83' lang='lat' dir='ltr'><strong>non</strong></span> 
     </span>
    </p>
   </div>
   <div class='ocr_carea' id='block_1_94' title="bbox 1963 3211 3521 3299">
    <p class='ocr_par' dir='ltr' id='par_1_94' title="bbox 1963 3211 3521 3299">
     <span class='ocr_line' id='line_1_95' title="bbox 1963 3211 3521 3299; baseline 0.018 -35"><span class='ocrx_word' id='word_1_812' title='bbox 1963 3211 2144 3279; x_wconf 88' lang='lat' dir='ltr'><strong>perdet</strong></span> <span class='ocrx_word' id='word_1_813' title='bbox 2158 3225 2340 3280; x_wconf 88' lang='lat' dir='ltr'><strong>eos;et</strong></span> <span class='ocrx_word' id='word_1_814' title='bbox 2357 3217 2640 3275; x_wconf 91' lang='lat' dir='ltr'><strong>abundabit</strong></span> <span class='ocrx_word' id='word_1_815' title='bbox 2660 3234 2937 3281; x_wconf 85' lang='lat' dir='ltr'><strong>utavertat</strong></span> <span class='ocrx_word' id='word_1_816' title='bbox 2963 3229 3093 3284; x_wconf 88' lang='lat' dir='ltr'><strong>iram</strong></span> <span class='ocrx_word' id='word_1_817' title='bbox 3129 3246 3298 3299; x_wconf 90' lang='lat' dir='ltr'><strong>suam,</strong></span> <span class='ocrx_word' id='word_1_818' title='bbox 3329 3243 3383 3290; x_wconf 88' lang='lat' dir='ltr'><strong>et</strong></span> <span class='ocrx_word' id='word_1_819' title='bbox 3417 3252 3521 3292; x_wconf 92' lang='lat' dir='ltr'><strong>non</strong></span> 
     </span>
    </p>
   </div>
   <div class='ocr_carea' id='block_1_95' title="bbox 1959 3303 3568 3391">
    <p class='ocr_par' dir='ltr' id='par_1_95' title="bbox 1959 3303 3568 3391">
     <span class='ocr_line' id='line_1_96' title="bbox 1959 3303 3568 3391; baseline 0.019 -36"><span class='ocrx_word' id='word_1_820' title='bbox 1959 3303 2211 3359; x_wconf 74' lang='lat' dir='ltr'><strong>accendet</strong></span> <span class='ocrx_word' id='word_1_821' title='bbox 2228 3319 2437 3363; x_wconf 87' lang='lat' dir='ltr'><strong>omnem</strong></span> <span class='ocrx_word' id='word_1_822' title='bbox 2461 3310 2591 3366; x_wconf 90' lang='lat' dir='ltr'><strong>iram</strong></span> <span class='ocrx_word' id='word_1_823' title='bbox 2612 3329 2780 3381; x_wconf 88' lang='lat' dir='ltr'><strong>suam,</strong></span> <span class='ocrx_word' id='word_1_824' title='bbox 2807 3335 2826 3369; x_wconf 77' lang='grc' dir='ltr'><strong><em>ι</em></strong></span> <span class='ocrx_word' id='word_1_825' title='bbox 2861 3318 3284 3391; x_wconf 89' lang='lat' dir='ltr'><strong>intelligamus’in</strong></span> <span class='ocrx_word' id='word_1_826' title='bbox 3312 3327 3393 3384; x_wconf 89' lang='lat' dir='ltr'><strong>his</strong></span> <span class='ocrx_word' id='word_1_827' title='bbox 3420 3329 3523 3383; x_wconf 90' lang='lat' dir='ltr'><strong>im-</strong></span> <span class='ocrx_word' id='word_1_828' title='bbox 3558 3316 3568 3327; x_wconf 75' lang='grc'><em>’</em></span> 
     </span>
    </p>
   </div>
   <div class='ocr_carea' id='block_1_96' title="bbox 1959 3394 3522 3488">
    <p class='ocr_par' dir='ltr' id='par_1_96' title="bbox 1959 3394 3522 3488">
     <span class='ocr_line' id='line_1_97' title="bbox 1959 3394 3522 3488; baseline 0.022 -41"><span class='ocrx_word' id='word_1_829' title='bbox 1959 3394 2153 3463; x_wconf 90' lang='lat' dir='ltr'><strong>pletum</strong></span> <span class='ocrx_word' id='word_1_830' title='bbox 2179 3396 2247 3452; x_wconf 89' lang='lat' dir='ltr'><strong>de</strong></span> <span class='ocrx_word' id='word_1_831' title='bbox 2268 3400 2457 3470; x_wconf 86' lang='lat' dir='ltr'><strong>quibus</strong></span> <span class='ocrx_word' id='word_1_832' title='bbox 2479 3402 2607 3459; x_wconf 91' lang='lat' dir='ltr'><strong>dicit</strong></span> <span class='ocrx_word' id='word_1_833' title='bbox 2627 3407 2908 3477; x_wconf 88' lang='lat' dir='ltr'><strong>Apostolus</strong></span> <span class='ocrx_word' id='word_1_834' title='bbox 2934 3430 2948 3466; x_wconf 91' lang='lat'><strong>:</strong></span> <span class='ocrx_word' id='word_1_835' title='bbox 2976 3431 2995 3463; x_wconf 74' lang='grc' dir='ltr'>ι</span> <span class='ocrx_word' id='word_1_836' title='bbox 3025 3414 3112 3469; x_wconf 92' lang='lat' dir='ltr'><strong>Sic</strong></span> <span class='ocrx_word' id='word_1_837' title='bbox 3130 3432 3257 3488; x_wconf 88' lang='lat' dir='ltr'><strong>ergo</strong></span> <span class='ocrx_word' id='word_1_838' title='bbox 3276 3420 3398 3475; x_wconf 87' lang='lat' dir='ltr'><strong>etin</strong></span> <span class='ocrx_word' id='word_1_839' title='bbox 3421 3421 3522 3481; x_wconf 89' lang='lat' dir='ltr'><strong>hoc</strong></span> 
     </span>
    </p>
   </div>
   <div class='ocr_carea' id='block_1_97' title="bbox 1957 3490 3522 3572">
    <p class='ocr_par' dir='ltr' id='par_1_97' title="bbox 1957 3490 3522 3572">
     <span class='ocr_line' id='line_1_98' title="bbox 1957 3490 3522 3572; baseline 0.019 -34"><span class='ocrx_word' id='word_1_840' title='bbox 1957 3492 2196 3556; x_wconf 89' lang='lat' dir='ltr'><strong>tempore</strong></span> <span class='ocrx_word' id='word_1_841' title='bbox 2235 3490 2469 3560; x_wconf 69' lang='lat' dir='ltr'><strong>reliquis:</strong></span> <span class='ocrx_word' id='word_1_842' title='bbox 2504 3508 2600 3563; x_wconf 90' lang='lat' dir='ltr'><strong>per</strong></span> <span class='ocrx_word' id='word_1_843' title='bbox 2632 3496 2939 3554; x_wconf 89' lang='lat' dir='ltr'><strong>electionem</strong></span> <span class='ocrx_word' id='word_1_844' title='bbox 2974 3505 3157 3572; x_wconf 71' lang='lat' dir='ltr'><strong>gratiae</strong></span> <span class='ocrx_word' id='word_1_845' title='bbox 3188 3508 3348 3563; x_wconf 65' lang='lat' dir='ltr'><strong>salva:</strong></span> <span class='ocrx_word' id='word_1_846' title='bbox 3373 3511 3522 3569; x_wconf 73' lang='lat' dir='ltr'><strong>factze</strong></span> 
     </span>
    </p>
   </div>
   <div class='ocr_carea' id='block_1_98' title="bbox 1958 3576 3520 3668">
    <p class='ocr_par' dir='ltr' id='par_1_98' title="bbox 1958 3576 3520 3668">
     <span class='ocr_line' id='line_1_99' title="bbox 1958 3576 3520 3668; baseline 0.022 -41"><span class='ocrx_word' id='word_1_847' title='bbox 1958 3584 2098 3629; x_wconf 88' lang='lat' dir='ltr'><strong>sunt.</strong></span> <span class='ocrx_word' id='word_1_848' title='bbox 2132 3594 2153 3629; x_wconf 75' lang='grc' dir='ltr'><strong><em>ι</em></strong></span> <span class='ocrx_word' id='word_1_849' title='bbox 2197 3576 2347 3635; x_wconf 84' lang='lat' dir='ltr'><strong>Unde</strong></span> <span class='ocrx_word' id='word_1_850' title='bbox 2383 3582 2540 3637; x_wconf 89' lang='lat' dir='ltr'><strong>etiam</strong></span> <span class='ocrx_word' id='word_1_851' title='bbox 2587 3585 2714 3641; x_wconf 88' lang='lat' dir='ltr'><strong>dicit</strong></span> <span class='ocrx_word' id='word_1_852' title='bbox 2755 3606 2769 3641; x_wconf 91' lang='lat'><strong>:</strong></span> <span class='ocrx_word' id='word_1_853' title='bbox 2821 3608 2838 3640; x_wconf 76' lang='grc' dir='ltr'>ι</span> <span class='ocrx_word' id='word_1_854' title='bbox 2873 3590 3131 3663; x_wconf 88' lang='lat' dir='ltr'><strong>Numquid</strong></span> <span class='ocrx_word' id='word_1_855' title='bbox 3163 3600 3355 3668; x_wconf 90' lang='lat' dir='ltr'><strong>repulit</strong></span> <span class='ocrx_word' id='word_1_856' title='bbox 3383 3603 3520 3661; x_wconf 86' lang='lat' dir='ltr'><strong>Deus</strong></span> 
     </span>
    </p>
   </div>
   <div class='ocr_carea' id='block_1_99' title="bbox 1955 3664 3519 3763">
    <p class='ocr_par' dir='ltr' id='par_1_99' title="bbox 1955 3664 3519 3763">
     <span class='ocr_line' id='line_1_100' title="bbox 1955 3664 3519 3763; baseline 0.02 -45"><span class='ocrx_word' id='word_1_857' title='bbox 1955 3664 2163 3733; x_wconf 86' lang='lat' dir='ltr'><strong>plebem</strong></span> <span class='ocrx_word' id='word_1_858' title='bbox 2190 3682 2338 3724; x_wconf 90' lang='lat' dir='ltr'><strong>suam</strong></span> <span class='ocrx_word' id='word_1_859' title='bbox 2358 3672 2383 3724; x_wconf 88' lang='lat'><strong>?</strong></span> <span class='ocrx_word' id='word_1_860' title='bbox 2400 3673 2568 3728; x_wconf 83' lang='lat' dir='ltr'><strong>Absit.</strong></span> <span class='ocrx_word' id='word_1_861' title='bbox 2590 3675 2720 3730; x_wconf 88' lang='lat' dir='ltr'><strong>Nam</strong></span> <span class='ocrx_word' id='word_1_862' title='bbox 2742 3687 2794 3733; x_wconf 90' lang='lat' dir='ltr'><strong>et</strong></span> <span class='ocrx_word' id='word_1_863' title='bbox 2813 3694 2911 3750; x_wconf 85' lang='lat' dir='ltr'><strong>ego</strong></span> <span class='ocrx_word' id='word_1_864' title='bbox 2935 3682 3167 3741; x_wconf 83' lang='lat' dir='ltr'><strong>Israelita</strong></span> <span class='ocrx_word' id='word_1_865' title='bbox 3197 3664 3311 3743; x_wconf 78' lang='lat' dir='ltr'><strong>sum</strong></span> <span class='ocrx_word' id='word_1_866' title='bbox 3335 3706 3398 3746; x_wconf 82' lang='lat' dir='ltr'><strong>ex</strong></span> <span class='ocrx_word' id='word_1_867' title='bbox 3423 3708 3519 3763; x_wconf 82' lang='lat' dir='ltr'><strong>ge-</strong></span> 
     </span>
    </p>
   </div>
   <div class='ocr_carea' id='block_1_100' title="bbox 1956 3759 3513 3841">
    <p class='ocr_par' dir='ltr' id='par_1_100' title="bbox 1956 3759 3513 3841">
     <span class='ocr_line' id='line_1_101' title="bbox 1956 3759 3513 3841; baseline 0.019 -29"><span class='ocrx_word' id='word_1_868' title='bbox 1956 3773 2086 3815; x_wconf 86' lang='lat' dir='ltr'><strong>nere</strong></span> <span class='ocrx_word' id='word_1_869' title='bbox 2101 3759 2279 3828; x_wconf 86' lang='lat' dir='ltr'><strong>Israel,</strong></span> <span class='ocrx_word' id='word_1_870' title='bbox 2305 3762 2372 3819; x_wconf 91' lang='lat' dir='ltr'><strong>de</strong></span> <span class='ocrx_word' id='word_1_871' title='bbox 2391 3766 2529 3822; x_wconf 89' lang='lat' dir='ltr'><strong>tribu</strong></span> <span class='ocrx_word' id='word_1_872' title='bbox 2552 3768 2842 3838; x_wconf 87' lang='lat' dir='ltr'><strong>Benjatnin,</strong></span> <span class='ocrx_word' id='word_1_873' title='bbox 2870 3774 3122 3834; x_wconf 79' lang='lat' dir='ltr'><strong>Hebraeus</strong></span> <span class='ocrx_word' id='word_1_874' title='bbox 3144 3795 3208 3835; x_wconf 83' lang='lat' dir='ltr'><strong>ex</strong></span> <span class='ocrx_word' id='word_1_875' title='bbox 3235 3759 3470 3841; x_wconf 69' lang='lat' dir='ltr'><strong>llebrteis</strong></span> <span class='ocrx_word' id='word_1_876' title='bbox 3494 3808 3513 3840; x_wconf 76' lang='grc' dir='ltr'><strong><em>ι</em></strong></span> 
     </span>
    </p>
   </div>
   <div class='ocr_carea' id='block_1_101' title="bbox 1957 3848 3517 3944">
    <p class='ocr_par' dir='ltr' id='par_1_101' title="bbox 1957 3848 3517 3944">
     <span class='ocr_line' id='line_1_102' title="bbox 1957 3848 3517 3944; baseline 0.02 -42"><span class='ocrx_word' id='word_1_877' title='bbox 1957 3848 2130 3920; x_wconf 89' lang='lat' dir='ltr'><strong>(Rom.</strong></span> <span class='ocrx_word' id='word_1_878' title='bbox 2178 3868 2264 3919; x_wconf 82' lang='lat' dir='ltr'><strong>x1,</strong></span> <span class='ocrx_word' id='word_1_879' title='bbox 2305 3855 2371 3921; x_wconf 80' lang='lat'><strong>5,</strong></span> <span class='ocrx_word' id='word_1_880' title='bbox 2413 3857 2437 3911; x_wconf 76' lang='grc'><strong>1</strong></span> <span class='ocrx_word' id='word_1_881' title='bbox 2463 3899 2477 3924; x_wconf 92' lang='grc'>,</span> <span class='ocrx_word' id='word_1_882' title='bbox 2505 3868 2551 3913; x_wconf 89' lang='lat' dir='ltr'><strong>et</strong></span> <span class='ocrx_word' id='word_1_883' title='bbox 2578 3858 2802 3934; x_wconf 80' lang='lat' dir='ltr'><strong>Philipp.</strong></span> <span class='ocrx_word' id='word_1_884' title='bbox 2833 3880 2923 3931; x_wconf 85' lang='grc' dir='ltr'>ιιι,</span> <span class='ocrx_word' id='word_1_885' title='bbox 2951 3866 3028 3940; x_wconf 80' lang='grc'><strong>5).</strong></span> <span class='ocrx_word' id='word_1_886' title='bbox 3057 3868 3165 3926; x_wconf 83' lang='lat' dir='ltr'><strong>Hos</strong></span> <span class='ocrx_word' id='word_1_887' title='bbox 3193 3873 3349 3944; x_wconf 86' lang='lat' dir='ltr'><strong>igitur</strong></span> <span class='ocrx_word' id='word_1_888' title='bbox 3372 3876 3517 3933; x_wconf 83' lang='lat' dir='ltr'><strong>Scri-</strong></span> 
     </span>
    </p>
   </div>
   <div class='ocr_carea' id='block_1_102' title="bbox 1956 3946 3517 4039">
    <p class='ocr_par' dir='ltr' id='par_1_102' title="bbox 1956 3946 3517 4039">
     <span class='ocr_line' id='line_1_103' title="bbox 1956 3946 3517 4039; baseline 0.02 -44"><span class='ocrx_word' id='word_1_889' title='bbox 1956 3950 2105 4013; x_wconf 89' lang='lat' dir='ltr'><strong>ptura</strong></span> <span class='ocrx_word' id='word_1_890' title='bbox 2134 3946 2371 4015; x_wconf 72' lang='lat' dir='ltr'><strong>prtevidit</strong></span> <span class='ocrx_word' id='word_1_891' title='bbox 2395 3950 2480 4019; x_wconf 89' lang='lat' dir='ltr'><strong>qui</strong></span> <span class='ocrx_word' id='word_1_892' title='bbox 2509 3952 2560 4005; x_wconf 90' lang='lat' dir='ltr'><strong>in</strong></span> <span class='ocrx_word' id='word_1_893' title='bbox 2589 3953 2853 4011; x_wconf 85' lang='lat' dir='ltr'><strong>Christum</strong></span> <span class='ocrx_word' id='word_1_894' title='bbox 2880 3958 3086 4017; x_wconf 84' lang='lat' dir='ltr'><strong>fuerant</strong></span> <span class='ocrx_word' id='word_1_895' title='bbox 3112 3960 3301 4021; x_wconf 47' lang='lat' dir='ltr'><strong>ex&#39;isto</strong></span> <span class='ocrx_word' id='word_1_896' title='bbox 3324 3970 3517 4039; x_wconf 85' lang='lat' dir='ltr'><strong>populo</strong></span> 
     </span>
    </p>
   </div>
   <div class='ocr_carea' id='block_1_103' title="bbox 1955 4035 3517 4134">
    <p class='ocr_par' dir='ltr' id='par_1_103' title="bbox 1955 4035 3517 4134">
     <span class='ocr_line' id='line_1_104' title="bbox 1955 4035 3517 4134; baseline 0.02 -45"><span class='ocrx_word' id='word_1_897' title='bbox 1955 4035 2223 4102; x_wconf 88' lang='lat' dir='ltr'><strong>credituri,</strong></span> <span class='ocrx_word' id='word_1_898' title='bbox 2246 4048 2300 4115; x_wconf 77' lang='lat' dir='ltr'><strong>et</strong></span> <span class='ocrx_word' id='word_1_899' title='bbox 2317 4045 2577 4111; x_wconf 90' lang='lat' dir='ltr'><strong>accepturi</strong></span> <span class='ocrx_word' id='word_1_900' title='bbox 2598 4059 2929 4115; x_wconf 88' lang='lat' dir='ltr'><strong>peccatorum</strong></span> <span class='ocrx_word' id='word_1_901' title='bbox 2953 4035 3335 4127; x_wconf 72' lang='lat' dir='ltr'><strong>remissionem,</strong></span> <span class='ocrx_word' id='word_1_902' title='bbox 3352 4035 3517 4134; x_wconf 82' lang='lat' dir='ltr'><strong>usque</strong></span> 
     </span>
    </p>
   </div>
   <div class='ocr_carea' id='block_1_104' title="bbox 1955 4126 3517 4222">
    <p class='ocr_par' dir='ltr' id='par_1_104' title="bbox 1955 4126 3517 4222">
     <span class='ocr_line' id='line_1_105' title="bbox 1955 4126 3517 4222; baseline 0.02 -44"><span class='ocrx_word' id='word_1_903' title='bbox 1955 4136 2018 4178; x_wconf 80' lang='lat' dir='ltr'><strong>att</strong></span> <span class='ocrx_word' id='word_1_904' title='bbox 2044 4126 2166 4181; x_wconf 91' lang='lat' dir='ltr'><strong>illud</strong></span> <span class='ocrx_word' id='word_1_905' title='bbox 2188 4130 2468 4185; x_wconf 78' lang='lat' dir='ltr'><strong>maximum</strong></span> <span class='ocrx_word' id='word_1_906' title='bbox 2485 4150 2588 4204; x_wconf 92' lang='lat' dir='ltr'><strong>quo</strong></span> <span class='ocrx_word' id='word_1_907' title='bbox 2602 4135 2919 4197; x_wconf 88' lang='lat' dir='ltr'><strong>insanientes</strong></span> <span class='ocrx_word' id='word_1_908' title='bbox 2940 4142 3108 4212; x_wconf 91' lang='lat' dir='ltr'><strong>ipsum</strong></span> <span class='ocrx_word' id='word_1_909' title='bbox 3124 4126 3381 4206; x_wconf 90' lang='lat' dir='ltr'><strong>medicum</strong></span> <span class='ocrx_word' id='word_1_910' title='bbox 3397 4126 3517 4222; x_wconf 75' lang='lat' dir='ltr'><strong>pcr-</strong></span> 
     </span>
    </p>
   </div>
   <div class='ocr_carea' id='block_1_105' title="bbox 1954 4219 3514 4305">
    <p class='ocr_par' dir='ltr' id='par_1_105' title="bbox 1954 4219 3514 4305">
     <span class='ocr_line' id='line_1_106' title="bbox 1954 4219 3514 4305; baseline 0.02 -35"><span class='ocrx_word' id='word_1_911' title='bbox 1954 4226 2213 4273; x_wconf 87' lang='lat' dir='ltr'><strong>emerunt.</strong></span> <span class='ocrx_word' id='word_1_912' title='bbox 2266 4219 2393 4276; x_wconf 86' lang='lat' dir='ltr'><strong>Hinc</strong></span> <span class='ocrx_word' id='word_1_913' title='bbox 2418 4226 2629 4281; x_wconf 87' lang='lat' dir='ltr'><strong>omnino</strong></span> <span class='ocrx_word' id='word_1_914' title='bbox 2652 4228 2878 4297; x_wconf 89' lang='lat' dir='ltr'><strong>dictum,</strong></span> <span class='ocrx_word' id='word_1_915' title='bbox 2916 4250 2934 4284; x_wconf 68' lang='grc' dir='ltr'>α</span> <span class='ocrx_word' id='word_1_916' title='bbox 2968 4233 3083 4305; x_wconf 84' lang='lat' dir='ltr'><strong>Ipse</strong></span> <span class='ocrx_word' id='word_1_917' title='bbox 3106 4249 3279 4295; x_wconf 91' lang='lat' dir='ltr'><strong>autem</strong></span> <span class='ocrx_word' id='word_1_918' title='bbox 3307 4219 3514 4299; x_wconf 35' lang='lat' dir='ltr'><strong>est—mi-</strong></span> 
     </span>
    </p>
   </div>
   <div class='ocr_carea' id='block_1_106' title="bbox 1953 4309 3515 4405">
    <p class='ocr_par' dir='ltr' id='par_1_106' title="bbox 1953 4309 3515 4405">
     <span class='ocr_line' id='line_1_107' title="bbox 1953 4309 3515 4405; baseline 0.02 -45"><span class='ocrx_word' id='word_1_919' title='bbox 1953 4309 2178 4363; x_wconf 90' lang='lat' dir='ltr'><strong>sericors</strong></span> <span class='ocrx_word' id='word_1_920' title='bbox 2197 4349 2216 4377; x_wconf 91' lang='lat'><strong>,</strong></span> <span class='ocrx_word' id='word_1_921' title='bbox 2246 4321 2298 4366; x_wconf 89' lang='lat' dir='ltr'><strong>et</strong></span> <span class='ocrx_word' id='word_1_922' title='bbox 2323 4316 2573 4385; x_wconf 90' lang='lat' dir='ltr'><strong>propitius</strong></span> <span class='ocrx_word' id='word_1_923' title='bbox 2598 4319 2695 4373; x_wconf 91' lang='lat' dir='ltr'><strong>erit</strong></span> <span class='ocrx_word' id='word_1_924' title='bbox 2715 4323 2946 4391; x_wconf 89' lang='lat' dir='ltr'><strong>peccatis</strong></span> <span class='ocrx_word' id='word_1_925' title='bbox 2964 4339 3170 4398; x_wconf 86' lang='lat' dir='ltr'><strong>eorum,</strong></span> <span class='ocrx_word' id='word_1_926' title='bbox 3192 4340 3244 4385; x_wconf 88' lang='lat' dir='ltr'><strong>et</strong></span> <span class='ocrx_word' id='word_1_927' title='bbox 3263 4347 3367 4387; x_wconf 92' lang='lat' dir='ltr'><strong>non</strong></span> <span class='ocrx_word' id='word_1_928' title='bbox 3392 4350 3515 4405; x_wconf 87' lang='lat' dir='ltr'><strong>per-</strong></span> 
     </span>
    </p>
   </div>
   <div class='ocr_carea' id='block_1_107' title="bbox 1952 4396 3513 4495">
    <p class='ocr_par' dir='ltr' id='par_1_107' title="bbox 1952 4396 3513 4495">
     <span class='ocr_line' id='line_1_108' title="bbox 1952 4396 3513 4495; baseline 0.019 -45"><span class='ocrx_word' id='word_1_929' title='bbox 1952 4396 2043 4451; x_wconf 91' lang='lat' dir='ltr'><strong>det</strong></span> <span class='ocrx_word' id='word_1_930' title='bbox 2077 4413 2206 4464; x_wconf 87' lang='lat' dir='ltr'><strong>eos;</strong></span> <span class='ocrx_word' id='word_1_931' title='bbox 2246 4409 2298 4455; x_wconf 91' lang='lat' dir='ltr'><strong>et</strong></span> <span class='ocrx_word' id='word_1_932' title='bbox 2331 4403 2614 4462; x_wconf 88' lang='lat' dir='ltr'><strong>abundabit</strong></span> <span class='ocrx_word' id='word_1_933' title='bbox 2652 4419 2709 4464; x_wconf 93' lang='lat' dir='ltr'><strong>ut</strong></span> <span class='ocrx_word' id='word_1_934' title='bbox 2737 4422 2940 4468; x_wconf 89' lang='lat' dir='ltr'><strong>avertat</strong></span> <span class='ocrx_word' id='word_1_935' title='bbox 2963 4414 3093 4471; x_wconf 90' lang='lat' dir='ltr'><strong>iram</strong></span> <span class='ocrx_word' id='word_1_936' title='bbox 3119 4396 3306 4487; x_wconf 88' lang='lat' dir='ltr'><strong>suam;</strong></span> <span class='ocrx_word' id='word_1_937' title='bbox 3343 4441 3362 4475; x_wconf 76' lang='grc' dir='ltr'><strong><em>ι</em></strong></span> <span class='ocrx_word' id='word_1_938' title='bbox 3391 4396 3513 4495; x_wconf 81' lang='lat' dir='ltr'><strong>quia</strong></span> 
     </span>
    </p>
   </div>
   <div class='ocr_carea' id='block_1_108' title="bbox 1953 4486 3519 4581">
    <p class='ocr_par' dir='ltr' id='par_1_108' title="bbox 1953 4486 3519 4581">
     <span class='ocr_line' id='line_1_109' title="bbox 1953 4486 3519 4581; baseline 0.02 -42"><span class='ocrx_word' id='word_1_939' title='bbox 1953 4486 2108 4542; x_wconf 89' lang='lat' dir='ltr'><strong>etiam</strong></span> <span class='ocrx_word' id='word_1_940' title='bbox 2140 4490 2263 4544; x_wconf 91' lang='lat' dir='ltr'><strong>illud</strong></span> <span class='ocrx_word' id='word_1_941' title='bbox 2288 4494 2524 4561; x_wconf 89' lang='lat' dir='ltr'><strong>remisit,</strong></span> <span class='ocrx_word' id='word_1_942' title='bbox 2552 4498 2690 4567; x_wconf 91' lang='lat' dir='ltr'><strong>quod</strong></span> <span class='ocrx_word' id='word_1_943' title='bbox 2711 4500 2778 4555; x_wconf 90' lang='lat' dir='ltr'><strong>ab</strong></span> <span class='ocrx_word' id='word_1_944' title='bbox 2797 4502 2873 4558; x_wconf 90' lang='lat' dir='ltr'><strong>eis</strong></span> <span class='ocrx_word' id='word_1_945' title='bbox 2894 4504 3079 4561; x_wconf 86' lang='lat' dir='ltr'><strong>unicus</strong></span> <span class='ocrx_word' id='word_1_946' title='bbox 3103 4506 3265 4565; x_wconf 90' lang='lat' dir='ltr'><strong>Filius</strong></span> <span class='ocrx_word' id='word_1_947' title='bbox 3290 4486 3519 4581; x_wconf 40' lang='lat' dir='ltr'><strong>ejus&#39;oc-</strong></span> 
     </span>
    </p>
   </div>
   <div class='ocr_carea' id='block_1_109' title="bbox 1951 4579 3516 4675">
    <p class='ocr_par' dir='ltr' id='par_1_109' title="bbox 1951 4579 3516 4675">
     <span class='ocr_line' id='line_1_110' title="bbox 1951 4579 3516 4675; baseline 0.021 -45"><span class='ocrx_word' id='word_1_948' title='bbox 1951 4579 2092 4633; x_wconf 89' lang='lat' dir='ltr'><strong>cisus</strong></span> <span class='ocrx_word' id='word_1_949' title='bbox 2113 4588 2196 4635; x_wconf 87' lang='lat' dir='ltr'><strong>est</strong></span> <span class='ocrx_word' id='word_1_950' title='bbox 2221 4598 2235 4634; x_wconf 87' lang='lat'><strong>:</strong></span> <span class='ocrx_word' id='word_1_951' title='bbox 2261 4592 2305 4634; x_wconf 89' lang='lat' dir='ltr'><strong>et</strong></span> <span class='ocrx_word' id='word_1_952' title='bbox 2334 4600 2431 4637; x_wconf 85' lang='lat' dir='ltr'><strong>non</strong></span> <span class='ocrx_word' id='word_1_953' title='bbox 2459 4589 2691 4643; x_wconf 85' lang='lat' dir='ltr'><strong>accendet</strong></span> <span class='ocrx_word' id='word_1_954' title='bbox 2718 4607 2911 4647; x_wconf 89' lang='lat' dir='ltr'><strong>omnem</strong></span> <span class='ocrx_word' id='word_1_955' title='bbox 2934 4594 3063 4651; x_wconf 86' lang='lat' dir='ltr'><strong>iram</strong></span> <span class='ocrx_word' id='word_1_956' title='bbox 3088 4614 3230 4654; x_wconf 73' lang='lat' dir='ltr'><strong>suam</strong></span> <span class='ocrx_word' id='word_1_957' title='bbox 3250 4617 3272 4668; x_wconf 82' lang='lat'><strong>,°</strong></span> <span class='ocrx_word' id='word_1_958' title='bbox 3294 4579 3415 4675; x_wconf 73' lang='lat' dir='ltr'><strong>quia</strong></span> <span class='ocrx_word' id='word_1_959' title='bbox 3436 4622 3516 4663; x_wconf 81' lang='lat' dir='ltr'><strong>rc-</strong></span> 
     </span>
    </p>
   </div>
   <div class='ocr_carea' id='block_1_110' title="bbox 1953 4669 2606 4745">
    <p class='ocr_par' dir='ltr' id='par_1_110' title="bbox 1953 4669 2606 4745">
     <span class='ocr_line' id='line_1_111' title="bbox 1953 4669 2606 4745; baseline 0.018 -23"><span class='ocrx_word' id='word_1_960' title='bbox 1953 4669 2121 4740; x_wconf 79' lang='lat' dir='ltr'><strong>liquia:</strong></span> <span class='ocrx_word' id='word_1_961' title='bbox 2141 4671 2292 4728; x_wconf 74' lang='lat' dir='ltr'><strong>salva:</strong></span> <span class='ocrx_word' id='word_1_962' title='bbox 2312 4678 2458 4745; x_wconf 78' lang='lat' dir='ltr'><strong>facta:</strong></span> <span class='ocrx_word' id='word_1_963' title='bbox 2473 4689 2606 4734; x_wconf 78' lang='lat' dir='ltr'><strong>sunt.</strong></span> 
     </span>
    </p>
   </div>
   <div class='ocr_carea' id='block_1_111' title="bbox 1950 5124 3507 5221">
    <p class='ocr_par' dir='ltr' id='par_1_111' title="bbox 1950 5124 3507 5221">
     <span class='ocr_line' id='line_1_112' title="bbox 1950 5124 3507 5221; baseline 0.019 -42"><span class='ocrx_word' id='word_1_964' title='bbox 1950 5124 2135 5182; x_wconf 88' lang='lat' dir='ltr'><strong>bulans</strong></span> <span class='ocrx_word' id='word_1_965' title='bbox 2160 5134 2213 5182; x_wconf 86' lang='lat' dir='ltr'><strong>et</strong></span> <span class='ocrx_word' id='word_1_966' title='bbox 2235 5144 2337 5183; x_wconf 88' lang='lat' dir='ltr'><strong>non</strong></span> <span class='ocrx_word' id='word_1_967' title='bbox 2364 5142 2658 5201; x_wconf 87' lang='lat' dir='ltr'><strong>revertens,</strong></span> <span class='ocrx_word' id='word_1_968' title='bbox 2683 5148 2901 5208; x_wconf 87' lang='lat' dir='ltr'><strong>urgente</strong></span> <span class='ocrx_word' id='word_1_969' title='bbox 2926 5156 2984 5197; x_wconf 87' lang='lat' dir='ltr'><strong>se</strong></span> <span class='ocrx_word' id='word_1_970' title='bbox 3011 5144 3061 5199; x_wconf 92' lang='lat' dir='ltr'><strong>in</strong></span> <span class='ocrx_word' id='word_1_971' title='bbox 3090 5124 3189 5202; x_wconf 83' lang='lat' dir='ltr'><strong>ima</strong></span> <span class='ocrx_word' id='word_1_972' title='bbox 3212 5160 3367 5221; x_wconf 88' lang='lat' dir='ltr'><strong>atque</strong></span> <span class='ocrx_word' id='word_1_973' title='bbox 3394 5153 3507 5208; x_wconf 91' lang='lat' dir='ltr'><strong>lon-</strong></span> 
     </span>
    </p>
   </div>
   <div class='ocr_carea' id='block_1_112' title="bbox 1948 5216 3509 5309">
    <p class='ocr_par' dir='ltr' id='par_1_112' title="bbox 1948 5216 3509 5309">
     <span class='ocr_line' id='line_1_113' title="bbox 1948 5216 3509 5309; baseline 0.021 -41"><span class='ocrx_word' id='word_1_974' title='bbox 1948 5216 2138 5287; x_wconf 89' lang='lat' dir='ltr'><strong>ginqua</strong></span> <span class='ocrx_word' id='word_1_975' title='bbox 2165 5219 2417 5275; x_wconf 88' lang='lat' dir='ltr'><strong>malorum</strong></span> <span class='ocrx_word' id='word_1_976' title='bbox 2444 5224 2673 5291; x_wconf 90' lang='lat' dir='ltr'><strong>pondere</strong></span> <span class='ocrx_word' id='word_1_977' title='bbox 2700 5230 3022 5301; x_wconf 90' lang='lat' dir='ltr'><strong>meritorum,</strong></span> <span class='ocrx_word' id='word_1_978' title='bbox 3053 5237 3151 5293; x_wconf 90' lang='lat' dir='ltr'><strong>nisi</strong></span> <span class='ocrx_word' id='word_1_979' title='bbox 3180 5216 3509 5309; x_wconf 42' lang='lat' dir='ltr'><strong>per-electio-</strong></span> 
     </span>
    </p>
   </div>
   <div class='ocr_carea' id='block_1_113' title="bbox 1948 5311 3505 5395">
    <p class='ocr_par' dir='ltr' id='par_1_113' title="bbox 1948 5311 3505 5395">
     <span class='ocr_line' id='line_1_114' title="bbox 1948 5311 3505 5395; baseline 0.019 -33"><span class='ocrx_word' id='word_1_980' title='bbox 1948 5323 2067 5364; x_wconf 89' lang='lat' dir='ltr'><strong>nem</strong></span> <span class='ocrx_word' id='word_1_981' title='bbox 2096 5311 2318 5380; x_wconf 71' lang='lat' dir='ltr'><strong>gratite?</strong></span> <span class='ocrx_word' id='word_1_982' title='bbox 2354 5313 2479 5379; x_wconf 81' lang='lat' dir='ltr'><strong>Quae</strong></span> <span class='ocrx_word' id='word_1_983' title='bbox 2513 5331 2614 5371; x_wconf 92' lang='lat' dir='ltr'><strong>non</strong></span> <span class='ocrx_word' id='word_1_984' title='bbox 2646 5322 2844 5377; x_wconf 90' lang='lat' dir='ltr'><strong>meritis</strong></span> <span class='ocrx_word' id='word_1_985' title='bbox 2872 5333 3111 5395; x_wconf 87' lang='lat' dir='ltr'><strong>tanquam</strong></span> <span class='ocrx_word' id='word_1_986' title='bbox 3139 5346 3339 5387; x_wconf 88' lang='lat' dir='ltr'><strong>merces</strong></span> <span class='ocrx_word' id='word_1_987' title='bbox 3382 5336 3505 5391; x_wconf 87' lang='lat' dir='ltr'><strong>red-</strong></span> 
     </span>
    </p>
   </div>
   <div class='ocr_carea' id='block_1_114' title="bbox 1947 5399 3507 5490">
    <p class='ocr_par' dir='ltr' id='par_1_114' title="bbox 1947 5399 3507 5490">
     <span class='ocr_line' id='line_1_115' title="bbox 1947 5399 3507 5490; baseline 0.019 -37"><span class='ocrx_word' id='word_1_988' title='bbox 1947 5399 2120 5465; x_wconf 84' lang='lat' dir='ltr'><strong>ditur;</strong></span> <span class='ocrx_word' id='word_1_989' title='bbox 2150 5402 2240 5457; x_wconf 86' lang='lat' dir='ltr'><strong>sed</strong></span> <span class='ocrx_word' id='word_1_990' title='bbox 2269 5412 2507 5474; x_wconf 86' lang='lat' dir='ltr'><strong>tanquam</strong></span> <span class='ocrx_word' id='word_1_991' title='bbox 2536 5408 2726 5463; x_wconf 92' lang='lat' dir='ltr'><strong>donum</strong></span> <span class='ocrx_word' id='word_1_992' title='bbox 2752 5416 2910 5481; x_wconf 88' lang='lat' dir='ltr'><strong>gratis</strong></span> <span class='ocrx_word' id='word_1_993' title='bbox 2932 5418 3099 5483; x_wconf 80' lang='lat' dir='ltr'><strong>datur,</strong></span> <span class='ocrx_word' id='word_1_994' title='bbox 3127 5432 3180 5473; x_wconf 92' lang='lat' dir='ltr'><strong>ut</strong></span> <span class='ocrx_word' id='word_1_995' title='bbox 3193 5422 3507 5490; x_wconf 88' lang='lat' dir='ltr'><strong>justilicetur</strong></span> 
     </span>
    </p>
   </div>
   <div class='ocr_carea' id='block_1_115' title="bbox 1947 5489 3507 5574">
    <p class='ocr_par' dir='ltr' id='par_1_115' title="bbox 1947 5489 3507 5574">
     <span class='ocr_line' id='line_1_116' title="bbox 1947 5489 3507 5574; baseline 0.019 -32"><span class='ocrx_word' id='word_1_996' title='bbox 1947 5489 2153 5558; x_wconf 88' lang='lat' dir='ltr'><strong>impius,</strong></span> <span class='ocrx_word' id='word_1_997' title='bbox 2184 5501 2235 5545; x_wconf 90' lang='lat' dir='ltr'><strong>et</strong></span> <span class='ocrx_word' id='word_1_998' title='bbox 2261 5494 2437 5549; x_wconf 89' lang='lat' dir='ltr'><strong>redeat</strong></span> <span class='ocrx_word' id='word_1_999' title='bbox 2478 5498 2588 5552; x_wconf 92' lang='lat' dir='ltr'><strong>ovis</strong></span> <span class='ocrx_word' id='word_1_1000' title='bbox 2628 5501 2861 5569; x_wconf 89' lang='lat' dir='ltr'><strong>perdita;</strong></span> <span class='ocrx_word' id='word_1_1001' title='bbox 2890 5521 2990 5559; x_wconf 90' lang='lat' dir='ltr'><strong>non</strong></span> <span class='ocrx_word' id='word_1_1002' title='bbox 3019 5489 3204 5563; x_wconf 11' lang='lat' dir='ltr'><strong>tamen,</strong></span> <span class='ocrx_word' id='word_1_1003' title='bbox 3228 5510 3280 5566; x_wconf 85' lang='lat' dir='ltr'><strong>in</strong></span> <span class='ocrx_word' id='word_1_1004' title='bbox 3308 5516 3507 5574; x_wconf 87' lang='lat' dir='ltr'><strong>viribus</strong></span> 
     </span>
    </p>
   </div>
   <div class='ocr_carea' id='block_1_116' title="bbox 1946 5581 3504 5681">
    <p class='ocr_par' dir='ltr' id='par_1_116' title="bbox 1946 5581 3504 5681">
     <span class='ocr_line' id='line_1_117' title="bbox 1946 5581 3504 5681; baseline 0.02 -48"><span class='ocrx_word' id='word_1_1005' title='bbox 1946 5581 2074 5642; x_wconf 88' lang='lat' dir='ltr'><strong>suis.</strong></span> <span class='ocrx_word' id='word_1_1006' title='bbox 2104 5581 2195 5637; x_wconf 86' lang='lat' dir='ltr'><strong>sed</strong></span> <span class='ocrx_word' id='word_1_1007' title='bbox 2226 5584 2275 5638; x_wconf 90' lang='lat' dir='ltr'><strong>in</strong></span> <span class='ocrx_word' id='word_1_1008' title='bbox 2313 5584 2542 5642; x_wconf 86' lang='lat' dir='ltr'><strong>humeris</strong></span> <span class='ocrx_word' id='word_1_1009' title='bbox 2568 5602 2831 5659; x_wconf 70' lang='lat' dir='ltr'><strong>reportata</strong></span> <span class='ocrx_word' id='word_1_1010' title='bbox 2865 5599 3084 5665; x_wconf 86' lang='lat' dir='ltr'><strong>pastoris</strong></span> <span class='ocrx_word' id='word_1_1011' title='bbox 3110 5598 3256 5671; x_wconf 85' lang='lat' dir='ltr'><strong>(Luc.</strong></span> <span class='ocrx_word' id='word_1_1012' title='bbox 3300 5619 3394 5672; x_wconf 77' lang='lat' dir='ltr'><strong>xv,</strong></span> <span class='ocrx_word' id='word_1_1013' title='bbox 3424 5608 3504 5681; x_wconf 81' lang='lat'><strong>5),</strong></span> 
     </span>
    </p>
   </div>
   <div class='ocr_carea' id='block_1_117' title="bbox 1944 5676 3505 5760">
    <p class='ocr_par' dir='ltr' id='par_1_117' title="bbox 1944 5676 3505 5760">
     <span class='ocr_line' id='line_1_118' title="bbox 1944 5676 3505 5760; baseline 0.02 -34"><span class='ocrx_word' id='word_1_1014' title='bbox 1944 5688 2059 5743; x_wconf 76' lang='lat' dir='ltr'><strong>qua:</strong></span> <span class='ocrx_word' id='word_1_1015' title='bbox 2080 5688 2135 5729; x_wconf 92' lang='lat' dir='ltr'><strong>se</strong></span> <span class='ocrx_word' id='word_1_1016' title='bbox 2161 5676 2376 5744; x_wconf 89' lang='lat' dir='ltr'><strong>perdere</strong></span> <span class='ocrx_word' id='word_1_1017' title='bbox 2398 5682 2562 5749; x_wconf 87' lang='lat' dir='ltr'><strong>potuit</strong></span> <span class='ocrx_word' id='word_1_1018' title='bbox 2584 5682 2707 5737; x_wconf 91' lang='lat' dir='ltr'><strong>dum</strong></span> <span class='ocrx_word' id='word_1_1019' title='bbox 2730 5697 2914 5755; x_wconf 90' lang='lat' dir='ltr'><strong>sponte</strong></span> <span class='ocrx_word' id='word_1_1020' title='bbox 2934 5700 3223 5760; x_wconf 85' lang='lat' dir='ltr'><strong>vagaretur,</strong></span> <span class='ocrx_word' id='word_1_1021' title='bbox 3246 5707 3305 5752; x_wconf 84' lang='lat' dir='ltr'><strong>se</strong></span> <span class='ocrx_word' id='word_1_1022' title='bbox 3329 5676 3505 5759; x_wconf 70' lang='lat' dir='ltr'><strong>autem</strong></span> 
     </span>
    </p>
   </div>
   <div class='ocr_carea' id='block_1_118' title="bbox 2012 5783 2864 5846">
    <p class='ocr_par' dir='ltr' id='par_1_118' title="bbox 2012 5783 2864 5846">
     <span class='ocr_line' id='line_1_119' title="bbox 2012 5783 2864 5846; baseline 0.016 -15"><span class='ocrx_word' id='word_1_1023' title='bbox 2012 5783 2028 5815; x_wconf 76' lang='grc'><strong><em>⁸</em></strong></span> <span class='ocrx_word' id='word_1_1024' title='bbox 2055 5783 2127 5834; x_wconf 88' lang='lat' dir='ltr'><strong>Sic</strong></span> <span class='ocrx_word' id='word_1_1025' title='bbox 2148 5790 2218 5833; x_wconf 82' lang='lat' dir='ltr'><strong>Er.</strong></span> <span class='ocrx_word' id='word_1_1026' title='bbox 2246 5794 2295 5836; x_wconf 88' lang='lat' dir='ltr'><strong>et</strong></span> <span class='ocrx_word' id='word_1_1027' title='bbox 2320 5794 2424 5838; x_wconf 76' lang='lat' dir='ltr'><strong>Mss.</strong></span> <span class='ocrx_word' id='word_1_1028' title='bbox 2452 5797 2505 5839; x_wconf 81' lang='lat' dir='ltr'><strong>At</strong></span> <span class='ocrx_word' id='word_1_1029' title='bbox 2530 5798 2657 5846; x_wconf 67' lang='grc' dir='ltr'><strong>ιον..</strong></span> <span class='ocrx_word' id='word_1_1030' title='bbox 2684 5797 2864 5846; x_wconf 68' lang='lat' dir='ltr'><strong>ductos.</strong></span> 
     </span>
    </p>
   </div>
  </div>
