  <div class='ocr_page' id='page_1' title='image "/cluster/home/n/w/nwhite01/storage/ocr_20150623/36/hvd.32044096580584/507.png"; bbox 0 0 4020 6198; ppageno 0'>
   <div class='ocr_carea' id='block_1_1' title="bbox 602 335 705 394">
    <p class='ocr_par' dir='ltr' id='par_1_1' title="bbox 602 335 705 394">
     <span class='ocr_line' id='line_1_1' title="bbox 602 335 705 394; baseline 0 -1"><span class='ocrx_word' id='word_1_1' title='bbox 602 335 705 394; x_wconf 66' lang='grc' dir='ltr'><strong>ωε</strong></span> 
     </span>
    </p>
   </div>
   <div class='ocr_carea' id='block_1_2' title="bbox 600 446 2155 517">
    <p class='ocr_par' dir='ltr' id='par_1_2' title="bbox 600 446 2155 517">
     <span class='ocr_line' id='line_1_2' title="bbox 600 446 2155 517; baseline -0.001 -18"><span class='ocrx_word' id='word_1_2' title='bbox 600 448 835 505; x_wconf 88' lang='lat' dir='ltr'><strong>invenire</strong></span> <span class='ocrx_word' id='word_1_3' title='bbox 879 464 982 503; x_wconf 89' lang='lat' dir='ltr'><strong>non</strong></span> <span class='ocrx_word' id='word_1_4' title='bbox 1018 446 1216 517; x_wconf 80' lang='lat' dir='ltr'><strong>potuit,</strong></span> <span class='ocrx_word' id='word_1_5' title='bbox 1268 462 1363 501; x_wconf 87' lang='lat' dir='ltr'><strong>nec</strong></span> <span class='ocrx_word' id='word_1_6' title='bbox 1404 448 1614 501; x_wconf 89' lang='lat' dir='ltr'><strong>omnino</strong></span> <span class='ocrx_word' id='word_1_7' title='bbox 1668 447 2004 511; x_wconf 85' lang='lat' dir='ltr'><strong>inveniretur,</strong></span> <span class='ocrx_word' id='word_1_8' title='bbox 2060 449 2155 503; x_wconf 81' lang='lat' dir='ltr'><strong>nisi</strong></span> 
     </span>
    </p>
   </div>
   <div class='ocr_carea' id='block_1_3' title="bbox 601 539 2157 612">
    <p class='ocr_par' dir='ltr' id='par_1_3' title="bbox 601 539 2157 612">
     <span class='ocr_line' id='line_1_3' title="bbox 601 539 2157 612; baseline -0.001 -15"><span class='ocrx_word' id='word_1_9' title='bbox 601 542 825 612; x_wconf 77' lang='lat' dir='ltr'><strong>pastoris</strong></span> <span class='ocrx_word' id='word_1_10' title='bbox 864 540 1219 595; x_wconf 82' lang='lat' dir='ltr'><strong>misericordia</strong></span> <span class='ocrx_word' id='word_1_11' title='bbox 1262 550 1600 610; x_wconf 64' lang='lat' dir='ltr'><strong>quatrerctur.</strong></span> <span class='ocrx_word' id='word_1_12' title='bbox 1649 539 1761 594; x_wconf 78' lang='lat' dir='ltr'><strong>Non</strong></span> <span class='ocrx_word' id='word_1_13' title='bbox 1812 540 1949 594; x_wconf 90' lang='lat' dir='ltr'><strong>enim</strong></span> <span class='ocrx_word' id='word_1_14' title='bbox 1975 551 2030 595; x_wconf 89' lang='lat' dir='ltr'><strong>et</strong></span> <span class='ocrx_word' id='word_1_15' title='bbox 2072 541 2157 595; x_wconf 88' lang='lat' dir='ltr'><strong>ille</strong></span> 
     </span>
    </p>
   </div>
   <div class='ocr_carea' id='block_1_4' title="bbox 597 632 2155 703">
    <p class='ocr_par' dir='ltr' id='par_1_4' title="bbox 597 632 2155 703">
     <span class='ocr_line' id='line_1_4' title="bbox 597 632 2155 703; baseline 0.001 -16"><span class='ocrx_word' id='word_1_16' title='bbox 597 634 732 688; x_wconf 95' lang='lat' dir='ltr'><strong>ﬁlius</strong></span> <span class='ocrx_word' id='word_1_17' title='bbox 758 633 822 687; x_wconf 87' lang='lat' dir='ltr'><strong>ad</strong></span> <span class='ocrx_word' id='word_1_18' title='bbox 854 632 987 687; x_wconf 88' lang='lat' dir='ltr'><strong>hanc</strong></span> <span class='ocrx_word' id='word_1_19' title='bbox 1026 648 1176 688; x_wconf 73' lang='lat' dir='ltr'><strong>ovem</strong></span> <span class='ocrx_word' id='word_1_20' title='bbox 1207 649 1309 688; x_wconf 92' lang='lat' dir='ltr'><strong>nou</strong></span> <span class='ocrx_word' id='word_1_21' title='bbox 1340 633 1585 701; x_wconf 88' lang='lat' dir='ltr'><strong>pertinet,</strong></span> <span class='ocrx_word' id='word_1_22' title='bbox 1612 635 1698 703; x_wconf 90' lang='lat' dir='ltr'><strong>qui</strong></span> <span class='ocrx_word' id='word_1_23' title='bbox 1725 648 1965 689; x_wconf 90' lang='lat' dir='ltr'><strong>reversus</strong></span> <span class='ocrx_word' id='word_1_24' title='bbox 1989 633 2041 687; x_wconf 91' lang='lat' dir='ltr'><strong>in</strong></span> <span class='ocrx_word' id='word_1_25' title='bbox 2071 649 2155 689; x_wconf 52' lang='lat' dir='ltr'><strong>se-</strong></span> 
     </span>
    </p>
   </div>
   <div class='ocr_carea' id='block_1_5' title="bbox 595 722 2152 795">
    <p class='ocr_par' dir='ltr' id='par_1_5' title="bbox 595 722 2152 795">
     <span class='ocr_line' id='line_1_5' title="bbox 595 722 2152 795; baseline -0.001 -18"><span class='ocrx_word' id='word_1_26' title='bbox 595 723 873 792; x_wconf 81' lang='lat' dir='ltr'><strong>metipsutu</strong></span> <span class='ocrx_word' id='word_1_27' title='bbox 930 723 1101 778; x_wconf 79' lang='lat' dir='ltr'><strong>dixit:</strong></span> <span class='ocrx_word' id='word_1_28' title='bbox 1131 723 1368 795; x_wconf 81' lang='lat' dir='ltr'><strong>Surgam,</strong></span> <span class='ocrx_word' id='word_1_29' title='bbox 1410 733 1457 777; x_wconf 91' lang='lat' dir='ltr'><strong>et</strong></span> <span class='ocrx_word' id='word_1_30' title='bbox 1500 722 1580 776; x_wconf 79' lang='lat' dir='ltr'><strong>ibo</strong></span> <span class='ocrx_word' id='word_1_31' title='bbox 1633 724 1700 776; x_wconf 85' lang='lat' dir='ltr'><strong>ad</strong></span> <span class='ocrx_word' id='word_1_32' title='bbox 1747 734 1935 794; x_wconf 78' lang='lat' dir='ltr'><strong>patrem</strong></span> <span class='ocrx_word' id='word_1_33' title='bbox 1974 740 2152 776; x_wconf 86' lang='lat' dir='ltr'><strong>meum.</strong></span> 
     </span>
    </p>
   </div>
   <div class='ocr_carea' id='block_1_6' title="bbox 593 813 2205 886">
    <p class='ocr_par' dir='ltr' id='par_1_6' title="bbox 593 813 2205 886">
     <span class='ocr_line' id='line_1_6' title="bbox 593 813 2205 886; baseline -0.005 -16"><span class='ocrx_word' id='word_1_34' title='bbox 593 813 809 870; x_wconf 89' lang='lat' dir='ltr'><strong>Occulta</strong></span> <span class='ocrx_word' id='word_1_35' title='bbox 850 815 1024 886; x_wconf 91' lang='lat' dir='ltr'><strong>itaque</strong></span> <span class='ocrx_word' id='word_1_36' title='bbox 1074 816 1344 870; x_wconf 88' lang='lat' dir='ltr'><strong>vocatione</strong></span> <span class='ocrx_word' id='word_1_37' title='bbox 1390 824 1443 871; x_wconf 90' lang='lat' dir='ltr'><strong>et</strong></span> <span class='ocrx_word' id='word_1_38' title='bbox 1472 816 1807 884; x_wconf 87' lang='lat' dir='ltr'><strong>inspiratione</strong></span> <span class='ocrx_word' id='word_1_39' title='bbox 1844 815 2002 870; x_wconf 90' lang='lat' dir='ltr'><strong>etiam</strong></span> <span class='ocrx_word' id='word_1_40' title='bbox 2046 817 2154 881; x_wconf 89' lang='lat' dir='ltr'><strong>ipse</strong></span> <span class='ocrx_word' id='word_1_41' title='bbox 2196 856 2205 862; x_wconf 93' lang='lat'><strong>.</strong></span> 
     </span>
    </p>
   </div>
   <div class='ocr_carea' id='block_1_7' title="bbox 593 903 2152 976">
    <p class='ocr_par' dir='ltr' id='par_1_7' title="bbox 593 903 2152 976">
     <span class='ocr_line' id='line_1_7' title="bbox 593 903 2152 976; baseline -0.003 -15"><span class='ocrx_word' id='word_1_42' title='bbox 593 908 842 976; x_wconf 66' lang='lat' dir='ltr'><strong>quaesitus</strong></span> <span class='ocrx_word' id='word_1_43' title='bbox 863 917 945 961; x_wconf 91' lang='lat' dir='ltr'><strong>cst</strong></span> <span class='ocrx_word' id='word_1_44' title='bbox 967 915 1020 961; x_wconf 90' lang='lat' dir='ltr'><strong>et</strong></span> <span class='ocrx_word' id='word_1_45' title='bbox 1046 907 1404 970; x_wconf 70' lang='lat' dir='ltr'><strong>resuscitatus,</strong></span> <span class='ocrx_word' id='word_1_46' title='bbox 1434 906 1639 961; x_wconf 88' lang='lat' dir='ltr'><strong>nonnisi</strong></span> <span class='ocrx_word' id='word_1_47' title='bbox 1665 906 1732 960; x_wconf 88' lang='lat' dir='ltr'><strong>ab</strong></span> <span class='ocrx_word' id='word_1_48' title='bbox 1759 905 1846 959; x_wconf 90' lang='lat' dir='ltr'><strong>illo</strong></span> <span class='ocrx_word' id='word_1_49' title='bbox 1865 904 1956 974; x_wconf 88' lang='lat' dir='ltr'><strong>qui</strong></span> <span class='ocrx_word' id='word_1_50' title='bbox 1984 903 2152 957; x_wconf 88' lang='lat' dir='ltr'><strong>viviﬁ-</strong></span> 
     </span>
    </p>
   </div>
   <div class='ocr_carea' id='block_1_8' title="bbox 590 996 2153 1067">
    <p class='ocr_par' dir='ltr' id='par_1_8' title="bbox 590 996 2153 1067">
     <span class='ocr_line' id='line_1_8' title="bbox 590 996 2153 1067; baseline -0.003 -14"><span class='ocrx_word' id='word_1_51' title='bbox 590 1007 676 1053; x_wconf 89' lang='lat' dir='ltr'><strong>cat</strong></span> <span class='ocrx_word' id='word_1_52' title='bbox 701 998 911 1063; x_wconf 89' lang='lat' dir='ltr'><strong>omnia;</strong></span> <span class='ocrx_word' id='word_1_53' title='bbox 933 1008 987 1053; x_wconf 92' lang='lat' dir='ltr'><strong>et</strong></span> <span class='ocrx_word' id='word_1_54' title='bbox 1006 998 1266 1063; x_wconf 84' lang='lat' dir='ltr'><strong>inventus,</strong></span> <span class='ocrx_word' id='word_1_55' title='bbox 1297 1013 1328 1051; x_wconf 90' lang='lat' dir='ltr'><strong>a</strong></span> <span class='ocrx_word' id='word_1_56' title='bbox 1349 1012 1472 1067; x_wconf 90' lang='lat' dir='ltr'><strong>quo,</strong></span> <span class='ocrx_word' id='word_1_57' title='bbox 1496 997 1594 1052; x_wconf 92' lang='lat' dir='ltr'><strong>nisi</strong></span> <span class='ocrx_word' id='word_1_58' title='bbox 1617 997 1684 1050; x_wconf 90' lang='lat' dir='ltr'><strong>ab</strong></span> <span class='ocrx_word' id='word_1_59' title='bbox 1709 996 1798 1050; x_wconf 91' lang='lat' dir='ltr'><strong>illo</strong></span> <span class='ocrx_word' id='word_1_60' title='bbox 1814 996 1901 1065; x_wconf 92' lang='lat' dir='ltr'><strong>qui</strong></span> <span class='ocrx_word' id='word_1_61' title='bbox 1925 996 2153 1065; x_wconf 87' lang='lat' dir='ltr'><strong>perrexit</strong></span> 
     </span>
    </p>
   </div>
   <div class='ocr_carea' id='block_1_9' title="bbox 594 1086 2151 1159">
    <p class='ocr_par' dir='ltr' id='par_1_9' title="bbox 594 1086 2151 1159">
     <span class='ocr_line' id='line_1_9' title="bbox 594 1086 2151 1159; baseline -0.003 -15"><span class='ocrx_word' id='word_1_62' title='bbox 594 1089 800 1144; x_wconf 83' lang='lat' dir='ltr'><strong>salvare</strong></span> <span class='ocrx_word' id='word_1_63' title='bbox 850 1099 905 1143; x_wconf 91' lang='lat' dir='ltr'><strong>et</strong></span> <span class='ocrx_word' id='word_1_64' title='bbox 953 1104 1190 1159; x_wconf 70' lang='lat' dir='ltr'><strong>qumrere</strong></span> <span class='ocrx_word' id='word_1_65' title='bbox 1234 1088 1371 1157; x_wconf 89' lang='lat' dir='ltr'><strong>quod</strong></span> <span class='ocrx_word' id='word_1_66' title='bbox 1422 1088 1647 1156; x_wconf 85' lang='lat' dir='ltr'><strong>perierat</strong></span> <span class='ocrx_word' id='word_1_67' title='bbox 1679 1086 1803 1158; x_wconf 79' lang='lat' dir='ltr'><strong>(Luc</strong></span> <span class='ocrx_word' id='word_1_68' title='bbox 1846 1103 1989 1149; x_wconf 78' lang='lat' dir='ltr'><strong>xxix,</strong></span> <span class='ocrx_word' id='word_1_69' title='bbox 2020 1086 2151 1156; x_wconf 71' lang='lat'><strong>10)?</strong></span> 
     </span>
    </p>
   </div>
   <div class='ocr_carea' id='block_1_10' title="bbox 592 1178 2150 1248">
    <p class='ocr_par' dir='ltr' id='par_1_10' title="bbox 592 1178 2150 1248">
     <span class='ocr_line' id='line_1_10' title="bbox 592 1178 2150 1248; baseline -0.004 -12"><span class='ocrx_word' id='word_1_70' title='bbox 592 1183 826 1236; x_wconf 71' lang='lat' dir='ltr'><strong>Mortuus</strong></span> <span class='ocrx_word' id='word_1_71' title='bbox 852 1181 983 1235; x_wconf 86' lang='lat' dir='ltr'><strong>enim</strong></span> <span class='ocrx_word' id='word_1_72' title='bbox 1024 1193 1145 1243; x_wconf 80' lang='lat' dir='ltr'><strong>erat,</strong></span> <span class='ocrx_word' id='word_1_73' title='bbox 1179 1191 1227 1234; x_wconf 92' lang='lat' dir='ltr'><strong>et</strong></span> <span class='ocrx_word' id='word_1_74' title='bbox 1269 1180 1479 1242; x_wconf 55' lang='lat' dir='ltr'><strong>revixit;</strong></span> <span class='ocrx_word' id='word_1_75' title='bbox 1506 1183 1733 1248; x_wconf 81' lang='lat' dir='ltr'><strong>perierat,</strong></span> <span class='ocrx_word' id='word_1_76' title='bbox 1756 1187 1799 1231; x_wconf 89' lang='lat' dir='ltr'><strong>et</strong></span> <span class='ocrx_word' id='word_1_77' title='bbox 1834 1178 2056 1231; x_wconf 84' lang='lat' dir='ltr'><strong>inventus</strong></span> <span class='ocrx_word' id='word_1_78' title='bbox 2080 1187 2150 1231; x_wconf 85' lang='lat' dir='ltr'><strong>est</strong></span> 
     </span>
    </p>
   </div>
   <div class='ocr_carea' id='block_1_11' title="bbox 588 1266 2149 1342">
    <p class='ocr_par' dir='ltr' id='par_1_11' title="bbox 588 1266 2149 1342">
     <span class='ocr_line' id='line_1_11' title="bbox 588 1266 2149 1342; baseline -0.003 -16"><span class='ocrx_word' id='word_1_79' title='bbox 588 1270 697 1342; x_wconf 86' lang='lat' dir='ltr'><strong>(Id.</strong></span> <span class='ocrx_word' id='word_1_80' title='bbox 738 1288 828 1339; x_wconf 81' lang='lat' dir='ltr'><strong>xv,</strong></span> <span class='ocrx_word' id='word_1_81' title='bbox 878 1272 964 1335; x_wconf 83' lang='lat' dir='ltr'><strong>l8,</strong></span> <span class='ocrx_word' id='word_1_82' title='bbox 1010 1272 1122 1340; x_wconf 70' lang='grc'><strong>24).</strong></span> <span class='ocrx_word' id='word_1_83' title='bbox 1171 1273 1297 1324; x_wconf 80' lang='lat' dir='ltr'><strong>Nam</strong></span> <span class='ocrx_word' id='word_1_84' title='bbox 1326 1278 1379 1325; x_wconf 91' lang='lat' dir='ltr'><strong>et</strong></span> <span class='ocrx_word' id='word_1_85' title='bbox 1409 1267 1494 1325; x_wconf 89' lang='lat' dir='ltr'><strong>illa</strong></span> <span class='ocrx_word' id='word_1_86' title='bbox 1525 1284 1628 1322; x_wconf 88' lang='lat' dir='ltr'><strong>non</strong></span> <span class='ocrx_word' id='word_1_87' title='bbox 1657 1268 1785 1322; x_wconf 89' lang='lat' dir='ltr'><strong>levis</strong></span> <span class='ocrx_word' id='word_1_88' title='bbox 1811 1268 1887 1322; x_wconf 90' lang='lat' dir='ltr'><strong>sic</strong></span> <span class='ocrx_word' id='word_1_89' title='bbox 1931 1266 2149 1322; x_wconf 83' lang='lat' dir='ltr'><strong>solvitur</strong></span> 
     </span>
    </p>
   </div>
   <div class='ocr_carea' id='block_1_12' title="bbox 590 1357 2145 1435">
    <p class='ocr_par' dir='ltr' id='par_1_12' title="bbox 590 1357 2145 1435">
     <span class='ocr_line' id='line_1_12' title="bbox 590 1357 2145 1435; baseline -0.003 -20"><span class='ocrx_word' id='word_1_90' title='bbox 590 1365 830 1435; x_wconf 67' lang='lat' dir='ltr'><strong>quaestio,</strong></span> <span class='ocrx_word' id='word_1_91' title='bbox 853 1362 991 1431; x_wconf 87' lang='lat' dir='ltr'><strong>quod</strong></span> <span class='ocrx_word' id='word_1_92' title='bbox 1014 1364 1064 1415; x_wconf 92' lang='lat' dir='ltr'><strong>in</strong></span> <span class='ocrx_word' id='word_1_93' title='bbox 1095 1361 1390 1416; x_wconf 82' lang='lat' dir='ltr'><strong>Proverbiis</strong></span> <span class='ocrx_word' id='word_1_94' title='bbox 1411 1360 1659 1428; x_wconf 80' lang='lat' dir='ltr'><strong>scriptum</strong></span> <span class='ocrx_word' id='word_1_95' title='bbox 1699 1367 1800 1421; x_wconf 88' lang='lat' dir='ltr'><strong>est,</strong></span> <span class='ocrx_word' id='word_1_96' title='bbox 1826 1372 1944 1412; x_wconf 90' lang='lat' dir='ltr'><strong>cum</strong></span> <span class='ocrx_word' id='word_1_97' title='bbox 1971 1357 2036 1411; x_wconf 90' lang='lat' dir='ltr'><strong>de</strong></span> <span class='ocrx_word' id='word_1_98' title='bbox 2066 1358 2145 1411; x_wconf 73' lang='lat' dir='ltr'><strong>tia</strong></span> 
     </span>
    </p>
   </div>
   <div class='ocr_carea' id='block_1_13' title="bbox 593 1447 2146 1524">
    <p class='ocr_par' dir='ltr' id='par_1_13' title="bbox 593 1447 2146 1524">
     <span class='ocr_line' id='line_1_13' title="bbox 593 1447 2146 1524; baseline -0.007 -14"><span class='ocrx_word' id='word_1_99' title='bbox 593 1453 880 1524; x_wconf 77' lang='lat' dir='ltr'><strong>iniquitatis</strong></span> <span class='ocrx_word' id='word_1_100' title='bbox 899 1452 1169 1522; x_wconf 84' lang='lat' dir='ltr'><strong>Scriptura</strong></span> <span class='ocrx_word' id='word_1_101' title='bbox 1189 1453 1490 1519; x_wconf 89' lang='lat' dir='ltr'><strong>loqueretur</strong></span> <span class='ocrx_word' id='word_1_102' title='bbox 1520 1468 1533 1503; x_wconf 91' lang='lat'><strong>:</strong></span> <span class='ocrx_word' id='word_1_103' title='bbox 1569 1447 1750 1502; x_wconf 83' lang='lat' dir='ltr'><strong>Omnes</strong></span> <span class='ocrx_word' id='word_1_104' title='bbox 1774 1449 1858 1517; x_wconf 82' lang='lat' dir='ltr'><strong>qui</strong></span> <span class='ocrx_word' id='word_1_105' title='bbox 1890 1447 2146 1502; x_wconf 82' lang='lat' dir='ltr'><strong>ambulant</strong></span> 
     </span>
    </p>
   </div>
   <div class='ocr_carea' id='block_1_14' title="bbox 583 1538 2159 1612">
    <p class='ocr_par' dir='ltr' id='par_1_14' title="bbox 583 1538 2159 1612">
     <span class='ocr_line' id='line_1_14' title="bbox 583 1538 2159 1612; baseline -0.004 -12"><span class='ocrx_word' id='word_1_106' title='bbox 583 1547 638 1600; x_wconf 86' lang='lat' dir='ltr'><strong>in</strong></span> <span class='ocrx_word' id='word_1_107' title='bbox 663 1563 742 1611; x_wconf 89' lang='lat' dir='ltr'><strong>ea,</strong></span> <span class='ocrx_word' id='word_1_108' title='bbox 774 1562 873 1599; x_wconf 87' lang='lat' dir='ltr'><strong>non</strong></span> <span class='ocrx_word' id='word_1_109' title='bbox 899 1552 1200 1599; x_wconf 78' lang='lat' dir='ltr'><strong>revertentur</strong></span> <span class='ocrx_word' id='word_1_110' title='bbox 1232 1540 1410 1612; x_wconf 84' lang='lat' dir='ltr'><strong>(Prov.</strong></span> <span class='ocrx_word' id='word_1_111' title='bbox 1432 1557 1486 1605; x_wconf 90' lang='grc' dir='ltr'><strong>ιι,</strong></span> <span class='ocrx_word' id='word_1_112' title='bbox 1517 1539 1627 1611; x_wconf 80' lang='grc'><strong>19).</strong></span> <span class='ocrx_word' id='word_1_113' title='bbox 1659 1539 1748 1596; x_wconf 90' lang='lat' dir='ltr'><strong>Sic</strong></span> <span class='ocrx_word' id='word_1_114' title='bbox 1784 1539 1922 1594; x_wconf 86' lang='lat' dir='ltr'><strong>enim</strong></span> <span class='ocrx_word' id='word_1_115' title='bbox 1947 1538 2159 1594; x_wconf 81' lang='lat' dir='ltr'><strong>dictum&#39;</strong></span> 
     </span>
    </p>
   </div>
   <div class='ocr_carea' id='block_1_15' title="bbox 582 1626 2142 1705">
    <p class='ocr_par' dir='ltr' id='par_1_15' title="bbox 582 1626 2142 1705">
     <span class='ocr_line' id='line_1_15' title="bbox 582 1626 2142 1705; baseline -0.004 -14"><span class='ocrx_word' id='word_1_116' title='bbox 582 1626 683 1697; x_wconf 83' lang='lat' dir='ltr'><strong>est,</strong></span> <span class='ocrx_word' id='word_1_117' title='bbox 710 1635 858 1705; x_wconf 88' lang='lat' dir='ltr'><strong>quasi</strong></span> <span class='ocrx_word' id='word_1_118' title='bbox 885 1634 953 1690; x_wconf 92' lang='lat' dir='ltr'><strong>de</strong></span> <span class='ocrx_word' id='word_1_119' title='bbox 981 1634 1168 1704; x_wconf 91' lang='lat' dir='ltr'><strong>iniquis</strong></span> <span class='ocrx_word' id='word_1_120' title='bbox 1195 1632 1435 1687; x_wconf 89' lang='lat' dir='ltr'><strong>omnibus</strong></span> <span class='ocrx_word' id='word_1_121' title='bbox 1459 1630 1839 1701; x_wconf 84' lang='lat' dir='ltr'><strong>desperandum</strong></span> <span class='ocrx_word' id='word_1_122' title='bbox 1868 1630 1936 1684; x_wconf 88' lang='lat' dir='ltr'><strong>sit</strong></span> <span class='ocrx_word' id='word_1_123' title='bbox 1961 1647 1974 1683; x_wconf 95' lang='lat'>:</span> <span class='ocrx_word' id='word_1_124' title='bbox 2002 1629 2142 1685; x_wconf 87' lang='lat' dir='ltr'><strong>Scri-</strong></span> 
     </span>
    </p>
   </div>
   <div class='ocr_carea' id='block_1_16' title="bbox 583 1721 2137 1798">
    <p class='ocr_par' dir='ltr' id='par_1_16' title="bbox 583 1721 2137 1798">
     <span class='ocr_line' id='line_1_16' title="bbox 583 1721 2137 1798; baseline -0.006 -15"><span class='ocrx_word' id='word_1_125' title='bbox 583 1737 736 1798; x_wconf 87' lang='lat' dir='ltr'><strong>ptura</strong></span> <span class='ocrx_word' id='word_1_126' title='bbox 778 1742 905 1784; x_wconf 88' lang='lat' dir='ltr'><strong>vero</strong></span> <span class='ocrx_word' id='word_1_127' title='bbox 928 1727 1145 1797; x_wconf 76' lang='lat' dir='ltr'><strong>gratiam</strong></span> <span class='ocrx_word' id='word_1_128' title='bbox 1185 1723 1602 1789; x_wconf 84' lang='lat' dir='ltr'><strong>commendavit;</strong></span> <span class='ocrx_word' id='word_1_129' title='bbox 1632 1722 1750 1793; x_wconf 88' lang='lat' dir='ltr'><strong>quia</strong></span> <span class='ocrx_word' id='word_1_130' title='bbox 1781 1737 1875 1793; x_wconf 88' lang='lat' dir='ltr'><strong>per</strong></span> <span class='ocrx_word' id='word_1_131' title='bbox 1909 1721 2137 1791; x_wconf 86' lang='lat' dir='ltr'><strong>seipsum</strong></span> 
     </span>
    </p>
   </div>
   <div class='ocr_carea' id='block_1_17' title="bbox 583 1816 2140 1890">
    <p class='ocr_par' dir='ltr' id='par_1_17' title="bbox 583 1816 2140 1890">
     <span class='ocr_line' id='line_1_17' title="bbox 583 1816 2140 1890; baseline -0.003 -18"><span class='ocrx_word' id='word_1_132' title='bbox 583 1821 742 1874; x_wconf 84' lang='lat' dir='ltr'><strong>homo</strong></span> <span class='ocrx_word' id='word_1_133' title='bbox 768 1828 941 1890; x_wconf 88' lang='lat' dir='ltr'><strong>potest</strong></span> <span class='ocrx_word' id='word_1_134' title='bbox 983 1818 1036 1873; x_wconf 91' lang='lat' dir='ltr'><strong>in</strong></span> <span class='ocrx_word' id='word_1_135' title='bbox 1066 1818 1153 1873; x_wconf 88' lang='lat' dir='ltr'><strong>illa</strong></span> <span class='ocrx_word' id='word_1_136' title='bbox 1187 1816 1473 1879; x_wconf 83' lang='lat' dir='ltr'><strong>ambulare,</strong></span> <span class='ocrx_word' id='word_1_137' title='bbox 1516 1829 1623 1870; x_wconf 90' lang='lat' dir='ltr'><strong>non</strong></span> <span class='ocrx_word' id='word_1_138' title='bbox 1653 1822 1824 1885; x_wconf 68' lang='lat' dir='ltr'><strong>potest</strong></span> <span class='ocrx_word' id='word_1_139' title='bbox 1842 1822 2014 1869; x_wconf 86' lang='lat' dir='ltr'><strong>autem</strong></span> <span class='ocrx_word' id='word_1_140' title='bbox 2046 1828 2140 1883; x_wconf 90' lang='lat' dir='ltr'><strong>per</strong></span> 
     </span>
    </p>
   </div>
   <div class='ocr_carea' id='block_1_18' title="bbox 579 1910 1663 1982">
    <p class='ocr_par' dir='ltr' id='par_1_18' title="bbox 579 1910 1663 1982">
     <span class='ocr_line' id='line_1_18' title="bbox 579 1910 1663 1982; baseline -0.005 -15"><span class='ocrx_word' id='word_1_141' title='bbox 579 1910 808 1982; x_wconf 88' lang='lat' dir='ltr'><strong>seipsum</strong></span> <span class='ocrx_word' id='word_1_142' title='bbox 829 1910 1023 1977; x_wconf 78' lang='lat' dir='ltr'><strong>redire,</strong></span> <span class='ocrx_word' id='word_1_143' title='bbox 1053 1911 1154 1965; x_wconf 88' lang='lat' dir='ltr'><strong>nisi</strong></span> <span class='ocrx_word' id='word_1_144' title='bbox 1176 1910 1342 1981; x_wconf 86' lang='lat' dir='ltr'><strong>gratia</strong></span> <span class='ocrx_word' id='word_1_145' title='bbox 1370 1919 1663 1965; x_wconf 87' lang='lat' dir='ltr'><strong>revocatus.</strong></span> 
     </span>
    </p>
   </div>
   <div class='ocr_carea' id='block_1_19' title="bbox 650 1999 2134 2074">
    <p class='ocr_par' dir='ltr' id='par_1_19' title="bbox 650 1999 2134 2074">
     <span class='ocr_line' id='line_1_19' title="bbox 650 1999 2134 2074; baseline -0.004 -15"><span class='ocrx_word' id='word_1_146' title='bbox 650 2002 741 2059; x_wconf 69' lang='grc'><strong>25.</strong></span> <span class='ocrx_word' id='word_1_147' title='bbox 782 2001 929 2074; x_wconf 78' lang='lat' dir='ltr'><strong>[vers.</strong></span> <span class='ocrx_word' id='word_1_148' title='bbox 957 2000 1172 2073; x_wconf 65' lang='lat'><strong>40-51.]</strong></span> <span class='ocrx_word' id='word_1_149' title='bbox 1210 2001 1272 2055; x_wconf 83' lang='lat' dir='ltr'><strong>Hi</strong></span> <span class='ocrx_word' id='word_1_150' title='bbox 1309 2015 1436 2070; x_wconf 81' lang='lat' dir='ltr'><strong>ergo</strong></span> <span class='ocrx_word' id='word_1_151' title='bbox 1486 2000 1629 2069; x_wconf 87' lang='lat' dir='ltr'><strong>pravi</strong></span> <span class='ocrx_word' id='word_1_152' title='bbox 1671 2006 1726 2054; x_wconf 89' lang='lat' dir='ltr'><strong>et</strong></span> <span class='ocrx_word' id='word_1_153' title='bbox 1769 1999 2134 2064; x_wconf 86' lang='lat' dir='ltr'><strong>amaricantes,</strong></span> 
     </span>
    </p>
   </div>
   <div class='ocr_carea' id='block_1_20' title="bbox 583 2090 2138 2159">
    <p class='ocr_par' dir='ltr' id='par_1_20' title="bbox 583 2090 2138 2159">
     <span class='ocr_line' id='line_1_20' title="bbox 583 2090 2138 2159; baseline -0.003 -10"><span class='ocrx_word' id='word_1_154' title='bbox 583 2094 784 2159; x_wconf 81' lang='lat' dir='ltr'><strong>Quoties</strong></span> <span class='ocrx_word' id='word_1_155' title='bbox 810 2094 1220 2148; x_wconf 69' lang='lat' dir='ltr'><strong>exacerbaoerunt</strong></span> <span class='ocrx_word' id='word_1_156' title='bbox 1244 2107 1356 2146; x_wconf 85' lang='lat' dir='ltr'><strong>eum</strong></span> <span class='ocrx_word' id='word_1_157' title='bbox 1374 2092 1425 2145; x_wconf 86' lang='lat' dir='ltr'><strong>in</strong></span> <span class='ocrx_word' id='word_1_158' title='bbox 1445 2090 1656 2157; x_wconf 81' lang='lat' dir='ltr'><strong>deserto,</strong></span> <span class='ocrx_word' id='word_1_159' title='bbox 1685 2099 1733 2144; x_wconf 91' lang='lat' dir='ltr'><strong>et</strong></span> <span class='ocrx_word' id='word_1_160' title='bbox 1759 2090 1811 2143; x_wconf 90' lang='lat' dir='ltr'><strong>in</strong></span> <span class='ocrx_word' id='word_1_161' title='bbox 1829 2090 1957 2143; x_wconf 89' lang='lat' dir='ltr'><strong>iram</strong></span> <span class='ocrx_word' id='word_1_162' title='bbox 1980 2090 2138 2145; x_wconf 83' lang='lat' dir='ltr'><strong>conci-</strong></span> 
     </span>
    </p>
   </div>
   <div class='ocr_carea' id='block_1_21' title="bbox 579 2180 2135 2254">
    <p class='ocr_par' dir='ltr' id='par_1_21' title="bbox 579 2180 2135 2254">
     <span class='ocr_line' id='line_1_21' title="bbox 579 2180 2135 2254; baseline -0.003 -16"><span class='ocrx_word' id='word_1_163' title='bbox 579 2194 802 2238; x_wconf 75' lang='lat' dir='ltr'><strong>taverunt</strong></span> <span class='ocrx_word' id='word_1_164' title='bbox 827 2199 938 2239; x_wconf 75' lang='lat' dir='ltr'><strong>eum</strong></span> <span class='ocrx_word' id='word_1_165' title='bbox 962 2183 1017 2237; x_wconf 86' lang='lat' dir='ltr'><strong>in</strong></span> <span class='ocrx_word' id='word_1_166' title='bbox 1037 2182 1316 2254; x_wconf 68' lang='grc' dir='ltr'><strong>ἐπασκοεοί</strong></span> <span class='ocrx_word' id='word_1_167' title='bbox 1343 2180 1410 2235; x_wconf 87' lang='lat' dir='ltr'><strong>Et</strong></span> <span class='ocrx_word' id='word_1_168' title='bbox 1436 2182 1652 2235; x_wconf 81' lang='lat' dir='ltr'><strong>conversi</strong></span> <span class='ocrx_word' id='word_1_169' title='bbox 1674 2190 1810 2247; x_wconf 81' lang='lat' dir='ltr'><strong>sunt,</strong></span> <span class='ocrx_word' id='word_1_170' title='bbox 1839 2190 1884 2235; x_wconf 91' lang='lat' dir='ltr'><strong>et</strong></span> <span class='ocrx_word' id='word_1_171' title='bbox 1916 2189 2135 2236; x_wconf 68' lang='lat' dir='ltr'><strong>tantane-</strong></span> 
     </span>
    </p>
   </div>
   <div class='ocr_carea' id='block_1_22' title="bbox 576 2270 2133 2341">
    <p class='ocr_par' dir='ltr' id='par_1_22' title="bbox 576 2270 2133 2341">
     <span class='ocr_line' id='line_1_22' title="bbox 576 2270 2133 2341; baseline -0.003 -11"><span class='ocrx_word' id='word_1_172' title='bbox 576 2285 696 2330; x_wconf 82' lang='lat' dir='ltr'><strong>runt</strong></span> <span class='ocrx_word' id='word_1_173' title='bbox 713 2274 893 2341; x_wconf 85' lang='lat' dir='ltr'><strong>Deum,</strong></span> <span class='ocrx_word' id='word_1_174' title='bbox 920 2283 965 2329; x_wconf 87' lang='lat' dir='ltr'><strong>et</strong></span> <span class='ocrx_word' id='word_1_175' title='bbox 983 2282 1208 2329; x_wconf 83' lang='lat' dir='ltr'><strong>sanctum</strong></span> <span class='ocrx_word' id='word_1_176' title='bbox 1228 2272 1389 2328; x_wconf 85' lang='lat' dir='ltr'><strong>Israel</strong></span> <span class='ocrx_word' id='word_1_177' title='bbox 1416 2270 1843 2327; x_wconf 57' lang='lat' dir='ltr'><strong>exacerbaverat.</strong></span> <span class='ocrx_word' id='word_1_178' title='bbox 1881 2271 2133 2327; x_wconf 87' lang='lat' dir='ltr'><strong>Eamdem</strong></span> 
     </span>
    </p>
   </div>
   <div class='ocr_carea' id='block_1_23' title="bbox 577 2362 2135 2434">
    <p class='ocr_par' dir='ltr' id='par_1_23' title="bbox 577 2362 2135 2434">
     <span class='ocr_line' id='line_1_23' title="bbox 577 2362 2135 2434; baseline -0.003 -14"><span class='ocrx_word' id='word_1_179' title='bbox 577 2365 786 2420; x_wconf 84' lang='lat' dir='ltr'><strong>illorum</strong></span> <span class='ocrx_word' id='word_1_180' title='bbox 815 2363 1170 2419; x_wconf 81' lang='lat' dir='ltr'><strong>inﬁdelitatem</strong></span> <span class='ocrx_word' id='word_1_181' title='bbox 1197 2363 1385 2434; x_wconf 82' lang='lat' dir='ltr'><strong>repetit</strong></span> <span class='ocrx_word' id='word_1_182' title='bbox 1408 2377 1563 2433; x_wconf 88' lang='lat' dir='ltr'><strong>quam</strong></span> <span class='ocrx_word' id='word_1_183' title='bbox 1591 2362 1831 2432; x_wconf 89' lang='lat' dir='ltr'><strong>superius</strong></span> <span class='ocrx_word' id='word_1_184' title='bbox 1851 2362 1961 2432; x_wconf 85' lang='lat' dir='ltr'><strong>jam</strong></span> <span class='ocrx_word' id='word_1_185' title='bbox 1990 2376 2135 2417; x_wconf 80' lang='lat' dir='ltr'><strong>com-</strong></span> 
     </span>
    </p>
   </div>
   <div class='ocr_carea' id='block_1_24' title="bbox 575 2453 2133 2525">
    <p class='ocr_par' dir='ltr' id='par_1_24' title="bbox 575 2453 2133 2525">
     <span class='ocr_line' id='line_1_24' title="bbox 575 2453 2133 2525; baseline -0.001 -15"><span class='ocrx_word' id='word_1_186' title='bbox 575 2465 991 2521; x_wconf 89' lang='lat' dir='ltr'><strong>memoraverat;</strong></span> <span class='ocrx_word' id='word_1_187' title='bbox 1019 2455 1109 2512; x_wconf 87' lang='lat' dir='ltr'><strong>sed</strong></span> <span class='ocrx_word' id='word_1_188' title='bbox 1135 2453 1403 2525; x_wconf 83' lang='lat' dir='ltr'><strong>repetendi</strong></span> <span class='ocrx_word' id='word_1_189' title='bbox 1428 2468 1581 2510; x_wconf 87' lang='lat' dir='ltr'><strong>causa</strong></span> <span class='ocrx_word' id='word_1_190' title='bbox 1603 2461 1704 2517; x_wconf 88' lang='lat' dir='ltr'><strong>est,</strong></span> <span class='ocrx_word' id='word_1_191' title='bbox 1737 2464 1792 2509; x_wconf 93' lang='lat' dir='ltr'><strong>ut</strong></span> <span class='ocrx_word' id='word_1_192' title='bbox 1814 2468 2133 2509; x_wconf 89' lang='lat' dir='ltr'><strong>commemo-</strong></span> 
     </span>
    </p>
   </div>
   <div class='ocr_carea' id='block_1_25' title="bbox 575 2545 2129 2619">
    <p class='ocr_par' dir='ltr' id='par_1_25' title="bbox 575 2545 2129 2619">
     <span class='ocr_line' id='line_1_25' title="bbox 575 2545 2129 2619; baseline -0.002 -16"><span class='ocrx_word' id='word_1_193' title='bbox 575 2557 756 2603; x_wconf 85' lang='lat' dir='ltr'><strong>rentur</strong></span> <span class='ocrx_word' id='word_1_194' title='bbox 787 2558 841 2603; x_wconf 91' lang='lat' dir='ltr'><strong>et</strong></span> <span class='ocrx_word' id='word_1_195' title='bbox 868 2547 1032 2619; x_wconf 69' lang='lat' dir='ltr'><strong>plaga:</strong></span> <span class='ocrx_word' id='word_1_196' title='bbox 1051 2561 1181 2617; x_wconf 89' lang='lat' dir='ltr'><strong>quas</strong></span> <span class='ocrx_word' id='word_1_197' title='bbox 1212 2545 1397 2602; x_wconf 80' lang='lat' dir='ltr'><strong>inﬂixit</strong></span> <span class='ocrx_word' id='word_1_198' title='bbox 1435 2545 1695 2617; x_wconf 60' lang='lat' dir='ltr'><strong>Egyptiis</strong></span> <span class='ocrx_word' id='word_1_199' title='bbox 1735 2555 1948 2617; x_wconf 86' lang='lat' dir='ltr'><strong>propter</strong></span> <span class='ocrx_word' id='word_1_200' title='bbox 1968 2545 2084 2601; x_wconf 91' lang='lat' dir='ltr'><strong>illos</strong></span> <span class='ocrx_word' id='word_1_201' title='bbox 2114 2564 2129 2600; x_wconf 90' lang='lat'><strong>:</strong></span> 
     </span>
    </p>
   </div>
   <div class='ocr_carea' id='block_1_26' title="bbox 546 2637 2130 2710">
    <p class='ocr_par' dir='ltr' id='par_1_26' title="bbox 546 2637 2130 2710">
     <span class='ocr_line' id='line_1_26' title="bbox 546 2637 2130 2710; baseline 0.001 -20"><span class='ocrx_word' id='word_1_202' title='bbox 546 2654 698 2710; x_wconf 70' lang='lat' dir='ltr'><strong>.qute</strong></span> <span class='ocrx_word' id='word_1_203' title='bbox 715 2639 889 2694; x_wconf 87' lang='lat' dir='ltr'><strong>omnia</strong></span> <span class='ocrx_word' id='word_1_204' title='bbox 915 2641 1096 2708; x_wconf 88' lang='lat' dir='ltr'><strong>utique</strong></span> <span class='ocrx_word' id='word_1_205' title='bbox 1123 2638 1385 2694; x_wconf 88' lang='lat' dir='ltr'><strong>recordari</strong></span> <span class='ocrx_word' id='word_1_206' title='bbox 1412 2637 1717 2702; x_wconf 84' lang='lat' dir='ltr'><strong>debuerant,</strong></span> <span class='ocrx_word' id='word_1_207' title='bbox 1745 2651 1915 2707; x_wconf 93' lang='lat' dir='ltr'><strong>neque</strong></span> <span class='ocrx_word' id='word_1_208' title='bbox 1936 2637 2130 2692; x_wconf 81' lang='lat' dir='ltr'><strong>existe-</strong></span> 
     </span>
    </p>
   </div>
   <div class='ocr_carea' id='block_1_27' title="bbox 577 2720 2132 2802">
    <p class='ocr_par' dir='ltr' id='par_1_27' title="bbox 577 2720 2132 2802">
     <span class='ocr_line' id='line_1_27' title="bbox 577 2720 2132 2802; baseline -0.005 -14"><span class='ocrx_word' id='word_1_209' title='bbox 577 2747 636 2788; x_wconf 84' lang='lat' dir='ltr'><strong>re</strong></span> <span class='ocrx_word' id='word_1_210' title='bbox 662 2720 868 2802; x_wconf 77' lang='lat' dir='ltr'><strong>ingrati.</strong></span> <span class='ocrx_word' id='word_1_211' title='bbox 898 2730 1130 2800; x_wconf 88' lang='lat' dir='ltr'><strong>Denique</strong></span> <span class='ocrx_word' id='word_1_212' title='bbox 1153 2728 1277 2800; x_wconf 88' lang='lat' dir='ltr'><strong>quid</strong></span> <span class='ocrx_word' id='word_1_213' title='bbox 1302 2728 1575 2800; x_wconf 86' lang='lat' dir='ltr'><strong>sequitur?</strong></span> <span class='ocrx_word' id='word_1_214' title='bbox 1602 2727 1723 2782; x_wconf 81' lang='lat' dir='ltr'><strong>Non</strong></span> <span class='ocrx_word' id='word_1_215' title='bbox 1750 2738 1864 2781; x_wconf 80' lang='lat' dir='ltr'><strong>sunt</strong></span> <span class='ocrx_word' id='word_1_216' title='bbox 1888 2727 2132 2781; x_wconf 77' lang='lat' dir='ltr'><strong>recordati</strong></span> 
     </span>
    </p>
   </div>
   <div class='ocr_carea' id='block_1_28' title="bbox 577 2818 2133 2894">
    <p class='ocr_par' dir='ltr' id='par_1_28' title="bbox 577 2818 2133 2894">
     <span class='ocr_line' id='line_1_28' title="bbox 577 2818 2133 2894; baseline -0.001 -18"><span class='ocrx_word' id='word_1_217' title='bbox 577 2839 755 2877; x_wconf 82' lang='lat' dir='ltr'><strong>manus</strong></span> <span class='ocrx_word' id='word_1_218' title='bbox 779 2823 904 2894; x_wconf 85' lang='lat' dir='ltr'><strong>ejus,</strong></span> <span class='ocrx_word' id='word_1_219' title='bbox 929 2822 1008 2876; x_wconf 89' lang='lat' dir='ltr'><strong>die</strong></span> <span class='ocrx_word' id='word_1_220' title='bbox 1029 2837 1129 2890; x_wconf 83' lang='lat' dir='ltr'><strong>qua</strong></span> <span class='ocrx_word' id='word_1_221' title='bbox 1152 2821 1354 2875; x_wconf 86' lang='lat' dir='ltr'><strong>redemit</strong></span> <span class='ocrx_word' id='word_1_222' title='bbox 1378 2836 1459 2875; x_wconf 78' lang='lat' dir='ltr'><strong>eos</strong></span> <span class='ocrx_word' id='word_1_223' title='bbox 1478 2820 1539 2874; x_wconf 87' lang='lat' dir='ltr'><strong>de</strong></span> <span class='ocrx_word' id='word_1_224' title='bbox 1566 2833 1715 2873; x_wconf 82' lang='lat' dir='ltr'><strong>manu</strong></span> <span class='ocrx_word' id='word_1_225' title='bbox 1738 2818 2037 2873; x_wconf 80' lang='lat' dir='ltr'><strong>tribulantis.</strong></span> <span class='ocrx_word' id='word_1_226' title='bbox 2068 2819 2133 2874; x_wconf 88' lang='lat' dir='ltr'><strong>Et</strong></span> 
     </span>
    </p>
   </div>
   <div class='ocr_carea' id='block_1_29' title="bbox 573 2902 2132 2984">
    <p class='ocr_par' dir='ltr' id='par_1_29' title="bbox 573 2902 2132 2984">
     <span class='ocr_line' id='line_1_29' title="bbox 573 2902 2132 2984; baseline -0.004 -16"><span class='ocrx_word' id='word_1_227' title='bbox 573 2914 757 2984; x_wconf 87' lang='lat' dir='ltr'><strong>incipit</strong></span> <span class='ocrx_word' id='word_1_228' title='bbox 778 2912 955 2969; x_wconf 90' lang='lat' dir='ltr'><strong>dicere</strong></span> <span class='ocrx_word' id='word_1_229' title='bbox 989 2929 1106 2983; x_wconf 74' lang='lat' dir='ltr'><strong>qua:</strong></span> <span class='ocrx_word' id='word_1_230' title='bbox 1144 2912 1264 2966; x_wconf 81' lang='lat' dir='ltr'><strong>fecit</strong></span> <span class='ocrx_word' id='word_1_231' title='bbox 1288 2910 1547 2982; x_wconf 67' lang='lat' dir='ltr'><strong>sEgyptﬁs</strong></span> <span class='ocrx_word' id='word_1_232' title='bbox 1577 2926 1591 2962; x_wconf 89' lang='lat'><strong>:</strong></span> <span class='ocrx_word' id='word_1_233' title='bbox 1621 2908 1798 2963; x_wconf 80' lang='lat' dir='ltr'><strong>Posuit</strong></span> <span class='ocrx_word' id='word_1_234' title='bbox 1829 2902 1880 2962; x_wconf 80' lang='lat' dir='ltr'><strong>in</strong></span> <span class='ocrx_word' id='word_1_235' title='bbox 1904 2906 2132 2978; x_wconf 62' lang='lat' dir='ltr'><strong>Egypto</strong></span> 
     </span>
    </p>
   </div>
   <div class='ocr_carea' id='block_1_30' title="bbox 571 2998 2132 3076">
    <p class='ocr_par' dir='ltr' id='par_1_30' title="bbox 571 2998 2132 3076">
     <span class='ocr_line' id='line_1_30' title="bbox 571 2998 2132 3076; baseline -0.006 -15"><span class='ocrx_word' id='word_1_236' title='bbox 571 3007 716 3076; x_wconf 81' lang='lat' dir='ltr'><strong>signa</strong></span> <span class='ocrx_word' id='word_1_237' title='bbox 734 3022 847 3072; x_wconf 74' lang='lat' dir='ltr'><strong>sua,</strong></span> <span class='ocrx_word' id='word_1_238' title='bbox 892 3014 938 3060; x_wconf 89' lang='lat' dir='ltr'><strong>et</strong></span> <span class='ocrx_word' id='word_1_239' title='bbox 963 3004 1192 3076; x_wconf 84' lang='lat' dir='ltr'><strong>prodigia</strong></span> <span class='ocrx_word' id='word_1_240' title='bbox 1227 3020 1321 3058; x_wconf 83' lang='lat' dir='ltr'><strong>sua</strong></span> <span class='ocrx_word' id='word_1_241' title='bbox 1345 3003 1398 3057; x_wconf 85' lang='lat' dir='ltr'><strong>in</strong></span> <span class='ocrx_word' id='word_1_242' title='bbox 1425 3018 1601 3073; x_wconf 82' lang='lat' dir='ltr'><strong>campo</strong></span> <span class='ocrx_word' id='word_1_243' title='bbox 1624 3001 1872 3055; x_wconf 82' lang='lat' dir='ltr'><strong>Titaneos.</strong></span> <span class='ocrx_word' id='word_1_244' title='bbox 1921 2998 1987 3054; x_wconf 82' lang='lat' dir='ltr'><strong>Et</strong></span> <span class='ocrx_word' id='word_1_245' title='bbox 2015 3016 2132 3053; x_wconf 81' lang='lat' dir='ltr'><strong>ran-</strong></span> 
     </span>
    </p>
   </div>
   <div class='ocr_carea' id='block_1_31' title="bbox 573 3092 2132 3165">
    <p class='ocr_par' dir='ltr' id='par_1_31' title="bbox 573 3092 2132 3165">
     <span class='ocr_line' id='line_1_31' title="bbox 573 3092 2132 3165; baseline -0.003 -15"><span class='ocrx_word' id='word_1_246' title='bbox 573 3097 713 3150; x_wconf 75' lang='lat' dir='ltr'><strong>rcrtit</strong></span> <span class='ocrx_word' id='word_1_247' title='bbox 736 3097 786 3149; x_wconf 88' lang='lat' dir='ltr'><strong>in</strong></span> <span class='ocrx_word' id='word_1_248' title='bbox 814 3096 1105 3165; x_wconf 73' lang='lat' dir='ltr'><strong>sanguinem</strong></span> <span class='ocrx_word' id='word_1_249' title='bbox 1131 3095 1341 3164; x_wconf 81' lang='lat' dir='ltr'><strong>ﬂumina</strong></span> <span class='ocrx_word' id='word_1_250' title='bbox 1368 3110 1559 3158; x_wconf 83' lang='lat' dir='ltr'><strong>eorum,</strong></span> <span class='ocrx_word' id='word_1_251' title='bbox 1585 3102 1629 3147; x_wconf 89' lang='lat' dir='ltr'><strong>et</strong></span> <span class='ocrx_word' id='word_1_252' title='bbox 1658 3092 1837 3147; x_wconf 78' lang='lat' dir='ltr'><strong>imbres</strong></span> <span class='ocrx_word' id='word_1_253' title='bbox 1857 3108 2030 3146; x_wconf 86' lang='lat' dir='ltr'><strong>eorum</strong></span> <span class='ocrx_word' id='word_1_254' title='bbox 2071 3108 2132 3145; x_wconf 88' lang='lat' dir='ltr'><strong>ne</strong></span> 
     </span>
    </p>
   </div>
   <div class='ocr_carea' id='block_1_32' title="bbox 573 3183 2129 3253">
    <p class='ocr_par' dir='ltr' id='par_1_32' title="bbox 573 3183 2129 3253">
     <span class='ocr_line' id='line_1_32' title="bbox 573 3183 2129 3253; baseline -0.003 -15"><span class='ocrx_word' id='word_1_255' title='bbox 573 3186 827 3249; x_wconf 87' lang='lat' dir='ltr'><strong>biberent;</strong></span> <span class='ocrx_word' id='word_1_256' title='bbox 851 3185 931 3240; x_wconf 87' lang='lat' dir='ltr'><strong>vel</strong></span> <span class='ocrx_word' id='word_1_257' title='bbox 959 3185 1146 3253; x_wconf 83' lang='lat' dir='ltr'><strong>potius,</strong></span> <span class='ocrx_word' id='word_1_258' title='bbox 1191 3185 1494 3237; x_wconf 86' lang='lat' dir='ltr'><strong>manationes</strong></span> <span class='ocrx_word' id='word_1_259' title='bbox 1520 3199 1782 3252; x_wconf 84' lang='lat' dir='ltr'><strong>aquarum,</strong></span> <span class='ocrx_word' id='word_1_260' title='bbox 1821 3183 1957 3237; x_wconf 92' lang='lat' dir='ltr'><strong>sicut</strong></span> <span class='ocrx_word' id='word_1_261' title='bbox 1996 3198 2129 3235; x_wconf 90' lang='lat' dir='ltr'><strong>non-</strong></span> 
     </span>
    </p>
   </div>
   <div class='ocr_carea' id='block_1_33' title="bbox 492 3273 2132 3343">
    <p class='ocr_par' dir='ltr' id='par_1_33' title="bbox 492 3273 2132 3343">
     <span class='ocr_line' id='line_1_33' title="bbox 492 3273 2132 3343; baseline -0.001 -14"><span class='ocrx_word' id='word_1_262' title='bbox 492 3273 505 3287; x_wconf 82' lang='lat'><strong>&#39;</strong></span> <span class='ocrx_word' id='word_1_263' title='bbox 575 3274 700 3329; x_wconf 93' lang='lat' dir='ltr'><strong>nulli</strong></span> <span class='ocrx_word' id='word_1_264' title='bbox 727 3273 913 3329; x_wconf 91' lang='lat' dir='ltr'><strong>melius</strong></span> <span class='ocrx_word' id='word_1_265' title='bbox 940 3274 1233 3343; x_wconf 87' lang='lat' dir='ltr'><strong>intelligunt</strong></span> <span class='ocrx_word' id='word_1_266' title='bbox 1260 3273 1399 3340; x_wconf 92' lang='lat' dir='ltr'><strong>quod</strong></span> <span class='ocrx_word' id='word_1_267' title='bbox 1425 3288 1596 3342; x_wconf 74' lang='lat' dir='ltr'><strong>graece</strong></span> <span class='ocrx_word' id='word_1_268' title='bbox 1634 3273 1883 3340; x_wconf 83' lang='lat' dir='ltr'><strong>scriptum</strong></span> <span class='ocrx_word' id='word_1_269' title='bbox 1928 3282 2035 3338; x_wconf 90' lang='lat' dir='ltr'><strong>est,</strong></span> <span class='ocrx_word' id='word_1_270' title='bbox 2069 3281 2132 3327; x_wconf 76' lang='grc' dir='ltr'><strong>τὸ,</strong></span> 
     </span>
    </p>
   </div>
   <div class='ocr_carea' id='block_1_34' title="bbox 570 3363 2130 3438">
    <p class='ocr_par' dir='ltr' id='par_1_34' title="bbox 570 3363 2130 3438">
     <span class='ocr_line' id='line_1_34' title="bbox 570 3363 2130 3438; baseline -0.003 -16"><span class='ocrx_word' id='word_1_271' title='bbox 570 3373 883 3438; x_wconf 74' lang='grc' dir='ltr'><strong>ὂμσρήματα,</strong></span> <span class='ocrx_word' id='word_1_272' title='bbox 913 3380 1043 3436; x_wconf 90' lang='lat' dir='ltr'><strong>quas</strong></span> <span class='ocrx_word' id='word_1_273' title='bbox 1069 3365 1227 3421; x_wconf 87' lang='lat' dir='ltr'><strong>latine</strong></span> <span class='ocrx_word' id='word_1_274' title='bbox 1254 3364 1594 3435; x_wconf 81' lang='lat' dir='ltr'><strong>scaturigines</strong></span> <span class='ocrx_word' id='word_1_275' title='bbox 1634 3363 1854 3418; x_wconf 91' lang='lat' dir='ltr'><strong>dicimus</strong></span> <span class='ocrx_word' id='word_1_276' title='bbox 1872 3405 1887 3427; x_wconf 93' lang='lat'><strong>,</strong></span> <span class='ocrx_word' id='word_1_277' title='bbox 1917 3363 1984 3417; x_wconf 89' lang='lat' dir='ltr'><strong>ab</strong></span> <span class='ocrx_word' id='word_1_278' title='bbox 2024 3363 2130 3417; x_wconf 91' lang='lat' dir='ltr'><strong>imo</strong></span> 
     </span>
    </p>
   </div>
   <div class='ocr_carea' id='block_1_35' title="bbox 570 3453 2128 3526">
    <p class='ocr_par' dir='ltr' id='par_1_35' title="bbox 570 3453 2128 3526">
     <span class='ocr_line' id='line_1_35' title="bbox 570 3453 2128 3526; baseline -0.003 -15"><span class='ocrx_word' id='word_1_279' title='bbox 570 3473 731 3526; x_wconf 82' lang='lat' dir='ltr'><strong>aquas</strong></span> <span class='ocrx_word' id='word_1_280' title='bbox 755 3456 1082 3512; x_wconf 87' lang='lat' dir='ltr'><strong>ebullientes.</strong></span> <span class='ocrx_word' id='word_1_281' title='bbox 1110 3455 1374 3510; x_wconf 84' lang='lat' dir='ltr'><strong>Fuderunt</strong></span> <span class='ocrx_word' id='word_1_282' title='bbox 1395 3456 1534 3510; x_wconf 76' lang='lat' dir='ltr'><strong>eiiim</strong></span> <span class='ocrx_word' id='word_1_283' title='bbox 1561 3453 1814 3526; x_wconf 59' lang='lat' dir='ltr'><strong>AEgyptii,</strong></span> <span class='ocrx_word' id='word_1_284' title='bbox 1843 3463 1897 3509; x_wconf 89' lang='lat' dir='ltr'><strong>et</strong></span> <span class='ocrx_word' id='word_1_285' title='bbox 1916 3454 2128 3524; x_wconf 88' lang='lat' dir='ltr'><strong>sangui-</strong></span> 
     </span>
    </p>
   </div>
   <div class='ocr_carea' id='block_1_36' title="bbox 573 3532 2124 3619">
    <p class='ocr_par' dir='ltr' id='par_1_36' title="bbox 573 3532 2124 3619">
     <span class='ocr_line' id='line_1_36' title="bbox 573 3532 2124 3619; baseline -0.003 -15"><span class='ocrx_word' id='word_1_286' title='bbox 573 3564 693 3604; x_wconf 90' lang='lat' dir='ltr'><strong>nem</strong></span> <span class='ocrx_word' id='word_1_287' title='bbox 716 3563 810 3618; x_wconf 91' lang='lat' dir='ltr'><strong>pro</strong></span> <span class='ocrx_word' id='word_1_288' title='bbox 844 3548 995 3619; x_wconf 80' lang='lat' dir='ltr'><strong>aquis</strong></span> <span class='ocrx_word' id='word_1_289' title='bbox 1019 3551 1345 3603; x_wconf 85' lang='lat' dir='ltr'><strong>invenerunt.</strong></span> <span class='ocrx_word' id='word_1_290' title='bbox 1379 3532 1398 3598; x_wconf 59' lang='grc' dir='ltr'><em>ά</em></span> <span class='ocrx_word' id='word_1_291' title='bbox 1428 3546 1569 3602; x_wconf 79' lang='lat' dir='ltr'><strong>Misit</strong></span> <span class='ocrx_word' id='word_1_292' title='bbox 1588 3546 1637 3600; x_wconf 92' lang='lat' dir='ltr'><strong>in</strong></span> <span class='ocrx_word' id='word_1_293' title='bbox 1657 3561 1752 3602; x_wconf 90' lang='lat' dir='ltr'><strong>eos</strong></span> <span class='ocrx_word' id='word_1_294' title='bbox 1774 3545 2124 3617; x_wconf 83' lang='lat' dir='ltr'><strong>cynomyiam,</strong></span> 
     </span>
    </p>
   </div>
   <div class='ocr_carea' id='block_1_37' title="bbox 567 3636 2129 3706">
    <p class='ocr_par' dir='ltr' id='par_1_37' title="bbox 567 3636 2129 3706">
     <span class='ocr_line' id='line_1_37' title="bbox 567 3636 2129 3706; baseline -0.001 -14"><span class='ocrx_word' id='word_1_295' title='bbox 567 3648 622 3692; x_wconf 87' lang='lat' dir='ltr'><strong>et</strong></span> <span class='ocrx_word' id='word_1_296' title='bbox 644 3637 870 3694; x_wconf 85' lang='lat' dir='ltr'><strong>comedit</strong></span> <span class='ocrx_word' id='word_1_297' title='bbox 894 3653 1024 3703; x_wconf 85' lang='lat' dir='ltr'><strong>eos;</strong></span> <span class='ocrx_word' id='word_1_298' title='bbox 1055 3647 1109 3693; x_wconf 92' lang='lat' dir='ltr'><strong>et</strong></span> <span class='ocrx_word' id='word_1_299' title='bbox 1131 3653 1332 3704; x_wconf 82' lang='lat' dir='ltr'><strong>ranam,</strong></span> <span class='ocrx_word' id='word_1_300' title='bbox 1361 3646 1416 3693; x_wconf 90' lang='lat' dir='ltr'><strong>et</strong></span> <span class='ocrx_word' id='word_1_301' title='bbox 1437 3636 1745 3706; x_wconf 88' lang='lat' dir='ltr'><strong>disperdidit</strong></span> <span class='ocrx_word' id='word_1_302' title='bbox 1762 3651 1872 3691; x_wconf 89' lang='lat' dir='ltr'><strong>eos.</strong></span> <span class='ocrx_word' id='word_1_303' title='bbox 1900 3636 1969 3691; x_wconf 89' lang='lat' dir='ltr'><strong>Et</strong></span> <span class='ocrx_word' id='word_1_304' title='bbox 1984 3636 2129 3691; x_wconf 82' lang='lat' dir='ltr'><strong>dedit</strong></span> 
     </span>
    </p>
   </div>
   <div class='ocr_carea' id='block_1_38' title="bbox 568 3726 2121 3798">
    <p class='ocr_par' dir='ltr' id='par_1_38' title="bbox 568 3726 2121 3798">
     <span class='ocr_line' id='line_1_38' title="bbox 568 3726 2121 3798; baseline 0 -17"><span class='ocrx_word' id='word_1_305' title='bbox 568 3727 793 3798; x_wconf 89' lang='lat' dir='ltr'><strong>rubigini</strong></span> <span class='ocrx_word' id='word_1_306' title='bbox 816 3730 832 3759; x_wconf 81' lang='grc'>¹</span> <span class='ocrx_word' id='word_1_307' title='bbox 858 3726 1085 3783; x_wconf 89' lang='lat' dir='ltr'><strong>fructum</strong></span> <span class='ocrx_word' id='word_1_308' title='bbox 1115 3742 1318 3794; x_wconf 91' lang='lat' dir='ltr'><strong>eorum,</strong></span> <span class='ocrx_word' id='word_1_309' title='bbox 1348 3738 1402 3782; x_wconf 89' lang='lat' dir='ltr'><strong>et</strong></span> <span class='ocrx_word' id='word_1_310' title='bbox 1417 3727 1624 3783; x_wconf 90' lang='lat' dir='ltr'><strong>labores</strong></span> <span class='ocrx_word' id='word_1_311' title='bbox 1665 3743 1844 3783; x_wconf 89' lang='lat' dir='ltr'><strong>eorum</strong></span> <span class='ocrx_word' id='word_1_312' title='bbox 1888 3728 2121 3783; x_wconf 75' lang='lat' dir='ltr'><strong>locustm.</strong></span> 
     </span>
    </p>
   </div>
   <div class='ocr_carea' id='block_1_39' title="bbox 568 3817 2126 3889">
    <p class='ocr_par' dir='ltr' id='par_1_39' title="bbox 568 3817 2126 3889">
     <span class='ocr_line' id='line_1_39' title="bbox 568 3817 2126 3889; baseline 0.001 -18"><span class='ocrx_word' id='word_1_313' title='bbox 568 3817 836 3873; x_wconf 77' lang='lat' dir='ltr'><strong>Etoccidit</strong></span> <span class='ocrx_word' id='word_1_314' title='bbox 858 3818 908 3872; x_wconf 93' lang='lat' dir='ltr'><strong>in</strong></span> <span class='ocrx_word' id='word_1_315' title='bbox 929 3817 1180 3889; x_wconf 79' lang='lat' dir='ltr'><strong>grandine</strong></span> <span class='ocrx_word' id='word_1_316' title='bbox 1193 3818 1371 3872; x_wconf 88' lang='lat' dir='ltr'><strong>vineas</strong></span> <span class='ocrx_word' id='word_1_317' title='bbox 1390 3832 1588 3881; x_wconf 89' lang='lat' dir='ltr'><strong>eorum,</strong></span> <span class='ocrx_word' id='word_1_318' title='bbox 1612 3826 1666 3873; x_wconf 90' lang='lat' dir='ltr'><strong>et</strong></span> <span class='ocrx_word' id='word_1_319' title='bbox 1681 3831 1857 3873; x_wconf 89' lang='lat' dir='ltr'><strong>moros</strong></span> <span class='ocrx_word' id='word_1_320' title='bbox 1870 3833 2050 3873; x_wconf 89' lang='lat' dir='ltr'><strong>eorum</strong></span> <span class='ocrx_word' id='word_1_321' title='bbox 2074 3819 2126 3873; x_wconf 92' lang='lat' dir='ltr'><strong>in</strong></span> 
     </span>
    </p>
   </div>
   <div class='ocr_carea' id='block_1_40' title="bbox 566 3908 2123 3980">
    <p class='ocr_par' dir='ltr' id='par_1_40' title="bbox 566 3908 2123 3980">
     <span class='ocr_line' id='line_1_40' title="bbox 566 3908 2123 3980; baseline 0.004 -22"><span class='ocrx_word' id='word_1_322' title='bbox 566 3909 768 3977; x_wconf 86' lang='lat' dir='ltr'><strong>pruina.</strong></span> <span class='ocrx_word' id='word_1_323' title='bbox 797 3908 1115 3964; x_wconf 84' lang='lat' dir='ltr'><strong>Et‘tradidit</strong></span> <span class='ocrx_word' id='word_1_324' title='bbox 1147 3908 1382 3979; x_wconf 90' lang='lat' dir='ltr'><strong>grandini</strong></span> <span class='ocrx_word' id='word_1_325' title='bbox 1421 3910 1649 3979; x_wconf 79' lang='lat' dir='ltr'><strong>iumenta</strong></span> <span class='ocrx_word' id='word_1_326' title='bbox 1674 3924 1879 3977; x_wconf 91' lang='lat' dir='ltr'><strong>eorum,</strong></span> <span class='ocrx_word' id='word_1_327' title='bbox 1923 3920 1976 3965; x_wconf 90' lang='lat' dir='ltr'><strong>et</strong></span> <span class='ocrx_word' id='word_1_328' title='bbox 2001 3926 2123 3980; x_wconf 85' lang='lat' dir='ltr'><strong>pos-</strong></span> 
     </span>
    </p>
   </div>
   <div class='ocr_carea' id='block_1_41' title="bbox 564 4000 2125 4071">
    <p class='ocr_par' dir='ltr' id='par_1_41' title="bbox 564 4000 2125 4071">
     <span class='ocr_line' id='line_1_41' title="bbox 564 4000 2125 4071; baseline 0.002 -17"><span class='ocrx_word' id='word_1_329' title='bbox 564 4002 853 4057; x_wconf 87' lang='lat' dir='ltr'><strong>sessionem</strong></span> <span class='ocrx_word' id='word_1_330' title='bbox 879 4016 1058 4056; x_wconf 89' lang='lat' dir='ltr'><strong>eorum</strong></span> <span class='ocrx_word' id='word_1_331' title='bbox 1082 4000 1205 4071; x_wconf 86' lang='lat' dir='ltr'><strong>igni.</strong></span> <span class='ocrx_word' id='word_1_332' title='bbox 1236 4001 1371 4056; x_wconf 82' lang='lat' dir='ltr'><strong>Misit</strong></span> <span class='ocrx_word' id='word_1_333' title='bbox 1398 4001 1450 4056; x_wconf 90' lang='lat' dir='ltr'><strong>in</strong></span> <span class='ocrx_word' id='word_1_334' title='bbox 1477 4015 1571 4057; x_wconf 90' lang='lat' dir='ltr'><strong>eos</strong></span> <span class='ocrx_word' id='word_1_335' title='bbox 1589 4002 1719 4056; x_wconf 89' lang='lat' dir='ltr'><strong>iram</strong></span> <span class='ocrx_word' id='word_1_336' title='bbox 1756 4000 2125 4071; x_wconf 87' lang='lat' dir='ltr'><strong>indignationis</strong></span> 
     </span>
    </p>
   </div>
   <div class='ocr_carea' id='block_1_42' title="bbox 562 4091 2122 4163">
    <p class='ocr_par' dir='ltr' id='par_1_42' title="bbox 562 4091 2122 4163">
     <span class='ocr_line' id='line_1_42' title="bbox 562 4091 2122 4163; baseline -0.001 -16"><span class='ocrx_word' id='word_1_337' title='bbox 562 4107 705 4157; x_wconf 61' lang='lat' dir='ltr'><strong>sane;</strong></span> <span class='ocrx_word' id='word_1_338' title='bbox 737 4091 1161 4163; x_wconf 76' lang='lat' dir='ltr'><strong>indignationem,</strong></span> <span class='ocrx_word' id='word_1_339' title='bbox 1204 4102 1256 4147; x_wconf 92' lang='lat' dir='ltr'><strong>et</strong></span> <span class='ocrx_word' id='word_1_340' title='bbox 1291 4094 1443 4159; x_wconf 89' lang='lat' dir='ltr'><strong>iram,</strong></span> <span class='ocrx_word' id='word_1_341' title='bbox 1469 4102 1523 4147; x_wconf 90' lang='lat' dir='ltr'><strong>et</strong></span> <span class='ocrx_word' id='word_1_342' title='bbox 1563 4093 1967 4158; x_wconf 86' lang='lat' dir='ltr'><strong>tribulationem,</strong></span> <span class='ocrx_word' id='word_1_343' title='bbox 2023 4093 2122 4147; x_wconf 90' lang='lat' dir='ltr'><strong>im-</strong></span> 
     </span>
    </p>
   </div>
   <div class='ocr_carea' id='block_1_43' title="bbox 562 4183 2123 4255">
    <p class='ocr_par' dir='ltr' id='par_1_43' title="bbox 562 4183 2123 4255">
     <span class='ocr_line' id='line_1_43' title="bbox 562 4183 2123 4255; baseline 0 -16"><span class='ocrx_word' id='word_1_344' title='bbox 562 4185 865 4240; x_wconf 86' lang='lat' dir='ltr'><strong>missionem</strong></span> <span class='ocrx_word' id='word_1_345' title='bbox 896 4199 989 4255; x_wconf 89' lang='lat' dir='ltr'><strong>per</strong></span> <span class='ocrx_word' id='word_1_346' title='bbox 1013 4183 1227 4254; x_wconf 80' lang='lat' dir='ltr'><strong>angelos</strong></span> <span class='ocrx_word' id='word_1_347' title='bbox 1258 4184 1445 4239; x_wconf 87' lang='lat' dir='ltr'><strong>malos.</strong></span> <span class='ocrx_word' id='word_1_348' title='bbox 1484 4184 1631 4239; x_wconf 77' lang='lat' dir='ltr'><strong>Viam</strong></span> <span class='ocrx_word' id='word_1_349' title='bbox 1661 4184 1782 4238; x_wconf 89' lang='lat' dir='ltr'><strong>fecit</strong></span> <span class='ocrx_word' id='word_1_350' title='bbox 1805 4185 2004 4238; x_wconf 64' lang='lat' dir='ltr'><strong>semita:</strong></span> <span class='ocrx_word' id='word_1_351' title='bbox 2031 4185 2123 4239; x_wconf 77' lang='lat' dir='ltr'><strong>ira:</strong></span> 
     </span>
    </p>
   </div>
   <div class='ocr_carea' id='block_1_44' title="bbox 560 4276 2123 4345">
    <p class='ocr_par' dir='ltr' id='par_1_44' title="bbox 560 4276 2123 4345">
     <span class='ocr_line' id='line_1_44' title="bbox 560 4276 2123 4345; baseline 0.001 -15"><span class='ocrx_word' id='word_1_352' title='bbox 560 4291 692 4339; x_wconf 63' lang='lat' dir='ltr'><strong>suae.</strong></span> <span class='ocrx_word' id='word_1_353' title='bbox 720 4285 774 4333; x_wconf 87' lang='lat' dir='ltr'><strong>et</strong></span> <span class='ocrx_word' id='word_1_354' title='bbox 815 4289 916 4331; x_wconf 90' lang='lat' dir='ltr'><strong>non</strong></span> <span class='ocrx_word' id='word_1_355' title='bbox 965 4277 1197 4345; x_wconf 87' lang='lat' dir='ltr'><strong>pepercit</strong></span> <span class='ocrx_word' id='word_1_356' title='bbox 1236 4290 1265 4328; x_wconf 91' lang='lat' dir='ltr'><strong>a</strong></span> <span class='ocrx_word' id='word_1_357' title='bbox 1309 4283 1477 4330; x_wconf 87' lang='lat' dir='ltr'><strong>morte</strong></span> <span class='ocrx_word' id='word_1_358' title='bbox 1505 4276 1793 4329; x_wconf 87' lang='lat' dir='ltr'><strong>animarum</strong></span> <span class='ocrx_word' id='word_1_359' title='bbox 1818 4290 2020 4339; x_wconf 89' lang='lat' dir='ltr'><strong>eorum,</strong></span> <span class='ocrx_word' id='word_1_360' title='bbox 2069 4286 2123 4331; x_wconf 89' lang='lat' dir='ltr'><strong>et</strong></span> 
     </span>
    </p>
   </div>
   <div class='ocr_carea' id='block_1_45' title="bbox 555 4366 2121 4437">
    <p class='ocr_par' dir='ltr' id='par_1_45' title="bbox 555 4366 2121 4437">
     <span class='ocr_line' id='line_1_45' title="bbox 555 4366 2121 4437; baseline 0.001 -16"><span class='ocrx_word' id='word_1_361' title='bbox 555 4367 790 4437; x_wconf 74' lang='lat' dir='ltr'><strong>iumenta</strong></span> <span class='ocrx_word' id='word_1_362' title='bbox 810 4380 991 4422; x_wconf 90' lang='lat' dir='ltr'><strong>eorum</strong></span> <span class='ocrx_word' id='word_1_363' title='bbox 1023 4367 1072 4420; x_wconf 93' lang='lat' dir='ltr'><strong>in</strong></span> <span class='ocrx_word' id='word_1_364' title='bbox 1104 4377 1273 4421; x_wconf 90' lang='lat' dir='ltr'><strong>morte</strong></span> <span class='ocrx_word' id='word_1_365' title='bbox 1300 4367 1570 4421; x_wconf 88' lang='lat' dir='ltr'><strong>conclusit.</strong></span> <span class='ocrx_word' id='word_1_366' title='bbox 1596 4366 1660 4420; x_wconf 86' lang='lat' dir='ltr'><strong>Et</strong></span> <span class='ocrx_word' id='word_1_367' title='bbox 1687 4366 1941 4435; x_wconf 89' lang='lat' dir='ltr'><strong>percussit</strong></span> <span class='ocrx_word' id='word_1_368' title='bbox 1965 4382 2121 4422; x_wconf 90' lang='lat' dir='ltr'><strong>omne</strong></span> 
     </span>
    </p>
   </div>
   <div class='ocr_carea' id='block_1_46' title="bbox 561 4455 2119 4528">
    <p class='ocr_par' dir='ltr' id='par_1_46' title="bbox 561 4455 2119 4528">
     <span class='ocr_line' id='line_1_46' title="bbox 561 4455 2119 4528; baseline 0.001 -17"><span class='ocrx_word' id='word_1_369' title='bbox 561 4457 879 4528; x_wconf 84' lang='lat' dir='ltr'><strong>primitivum</strong></span> <span class='ocrx_word' id='word_1_370' title='bbox 904 4458 956 4511; x_wconf 90' lang='lat' dir='ltr'><strong>in</strong></span> <span class='ocrx_word' id='word_1_371' title='bbox 985 4465 1118 4511; x_wconf 77' lang='lat' dir='ltr'><strong>terra</strong></span> <span class='ocrx_word' id='word_1_372' title='bbox 1145 4455 1379 4527; x_wconf 65' lang='lat' dir='ltr'><strong>Egypti,</strong></span> <span class='ocrx_word' id='word_1_373' title='bbox 1399 4456 1654 4528; x_wconf 87' lang='lat' dir='ltr'><strong>primitias</strong></span> <span class='ocrx_word' id='word_1_374' title='bbox 1678 4457 1911 4513; x_wconf 87' lang='lat' dir='ltr'><strong>laborum</strong></span> <span class='ocrx_word' id='word_1_375' title='bbox 1937 4471 2119 4512; x_wconf 89' lang='lat' dir='ltr'><strong>eorum</strong></span> 
     </span>
    </p>
   </div>
   <div class='ocr_carea' id='block_1_47' title="bbox 557 4547 1221 4606">
    <p class='ocr_par' dir='ltr' id='par_1_47' title="bbox 557 4547 1221 4606">
     <span class='ocr_line' id='line_1_47' title="bbox 557 4547 1221 4606; baseline -0.005 -2"><span class='ocrx_word' id='word_1_376' title='bbox 557 4547 611 4604; x_wconf 91' lang='lat' dir='ltr'><strong>in</strong></span> <span class='ocrx_word' id='word_1_377' title='bbox 642 4548 986 4606; x_wconf 84' lang='lat' dir='ltr'><strong>tabernaculis</strong></span> <span class='ocrx_word' id='word_1_378' title='bbox 1006 4549 1221 4605; x_wconf 62' lang='lat' dir='ltr'><strong>Cliama</strong></span> 
     </span>
    </p>
   </div>
   <div class='ocr_carea' id='block_1_48' title="bbox 626 4639 2119 4711">
    <p class='ocr_par' dir='ltr' id='par_1_48' title="bbox 626 4639 2119 4711">
     <span class='ocr_line' id='line_1_48' title="bbox 626 4639 2119 4711; baseline 0.001 -16"><span class='ocrx_word' id='word_1_379' title='bbox 626 4640 717 4695; x_wconf 72' lang='lat'><strong>26.</strong></span> <span class='ocrx_word' id='word_1_380' title='bbox 758 4641 850 4697; x_wconf 74' lang='lat' dir='ltr'><strong>Ha:</strong></span> <span class='ocrx_word' id='word_1_381' title='bbox 879 4655 1062 4696; x_wconf 90' lang='lat' dir='ltr'><strong>omnes</strong></span> <span class='ocrx_word' id='word_1_382' title='bbox 1090 4639 1450 4711; x_wconf 67' lang='lat' dir='ltr'><strong>Aigyptiorum</strong></span> <span class='ocrx_word' id='word_1_383' title='bbox 1477 4655 1645 4711; x_wconf 68' lang='lat' dir='ltr'><strong>poena:</strong></span> <span class='ocrx_word' id='word_1_384' title='bbox 1664 4640 1937 4710; x_wconf 80' lang='lat' dir='ltr'><strong>allegorica</strong></span> <span class='ocrx_word' id='word_1_385' title='bbox 1960 4640 2119 4696; x_wconf 89' lang='lat' dir='ltr'><strong>inter—</strong></span> 
     </span>
    </p>
   </div>
   <div class='ocr_carea' id='block_1_49' title="bbox 562 4731 2120 4803">
    <p class='ocr_par' dir='ltr' id='par_1_49' title="bbox 562 4731 2120 4803">
     <span class='ocr_line' id='line_1_49' title="bbox 562 4731 2120 4803; baseline 0.001 -18"><span class='ocrx_word' id='word_1_386' title='bbox 562 4732 851 4799; x_wconf 87' lang='lat' dir='ltr'><strong>pretatione</strong></span> <span class='ocrx_word' id='word_1_387' title='bbox 876 4731 1065 4803; x_wconf 80' lang='lat' dir='ltr'><strong>exponi</strong></span> <span class='ocrx_word' id='word_1_388' title='bbox 1096 4743 1334 4801; x_wconf 90' lang='lat' dir='ltr'><strong>possunt,</strong></span> <span class='ocrx_word' id='word_1_389' title='bbox 1364 4740 1519 4801; x_wconf 91' lang='lat' dir='ltr'><strong>prout</strong></span> <span class='ocrx_word' id='word_1_390' title='bbox 1536 4746 1598 4786; x_wconf 86' lang='lat' dir='ltr'><strong>ea</strong></span> <span class='ocrx_word' id='word_1_391' title='bbox 1618 4733 1838 4802; x_wconf 86' lang='lat' dir='ltr'><strong>quisque</strong></span> <span class='ocrx_word' id='word_1_392' title='bbox 1863 4732 2120 4801; x_wconf 82' lang='lat' dir='ltr'><strong>intellige-</strong></span> 
     </span>
    </p>
   </div>
   <div class='ocr_carea' id='block_1_50' title="bbox 559 4824 2118 4903">
    <p class='ocr_par' dir='ltr' id='par_1_50' title="bbox 559 4824 2118 4903">
     <span class='ocr_line' id='line_1_50' title="bbox 559 4824 2118 4903; baseline 0.003 -27"><span class='ocrx_word' id='word_1_393' title='bbox 559 4837 635 4888; x_wconf 87' lang='lat' dir='ltr'><strong>re,</strong></span> <span class='ocrx_word' id='word_1_394' title='bbox 663 4832 719 4878; x_wconf 90' lang='lat' dir='ltr'><strong>et</strong></span> <span class='ocrx_word' id='word_1_395' title='bbox 741 4825 898 4880; x_wconf 89' lang='lat' dir='ltr'><strong>rebus</strong></span> <span class='ocrx_word' id='word_1_396' title='bbox 934 4825 999 4880; x_wconf 91' lang='lat' dir='ltr'><strong>ad</strong></span> <span class='ocrx_word' id='word_1_397' title='bbox 1025 4840 1154 4895; x_wconf 83' lang='lat' dir='ltr'><strong>quas</strong></span> <span class='ocrx_word' id='word_1_398' title='bbox 1182 4824 1468 4880; x_wconf 68' lang='lat' dir='ltr'><strong>referendm</strong></span> <span class='ocrx_word' id='word_1_399' title='bbox 1508 4834 1650 4903; x_wconf 72' lang='lat' dir='ltr'><strong>sunt,</strong></span> <span class='ocrx_word' id='word_1_400' title='bbox 1689 4840 1994 4894; x_wconf 87' lang='lat' dir='ltr'><strong>comparare</strong></span> <span class='ocrx_word' id='word_1_401' title='bbox 2023 4841 2118 4880; x_wconf 82' lang='lat' dir='ltr'><strong>vo-</strong></span> 
     </span>
    </p>
   </div>
   <div class='ocr_carea' id='block_1_51' title="bbox 559 4910 2119 4987">
    <p class='ocr_par' dir='ltr' id='par_1_51' title="bbox 559 4910 2119 4987">
     <span class='ocr_line' id='line_1_51' title="bbox 559 4910 2119 4987; baseline 0.002 -20"><span class='ocrx_word' id='word_1_402' title='bbox 559 4910 736 4968; x_wconf 86' lang='lat' dir='ltr'><strong>luerit.</strong></span> <span class='ocrx_word' id='word_1_403' title='bbox 785 4914 933 4981; x_wconf 87' lang='lat' dir='ltr'><strong>Quod</strong></span> <span class='ocrx_word' id='word_1_404' title='bbox 980 4931 1077 4971; x_wconf 92' lang='lat' dir='ltr'><strong>nos</strong></span> <span class='ocrx_word' id='word_1_405' title='bbox 1116 4932 1325 4987; x_wconf 88' lang='lat' dir='ltr'><strong>quoque</strong></span> <span class='ocrx_word' id='word_1_406' title='bbox 1369 4915 1537 4970; x_wconf 84' lang='lat' dir='ltr'><strong>facere</strong></span> <span class='ocrx_word' id='word_1_407' title='bbox 1575 4916 1919 4974; x_wconf 84' lang='lat' dir='ltr'><strong>tentabimus;</strong></span> <span class='ocrx_word' id='word_1_408' title='bbox 1975 4925 2119 4970; x_wconf 88' lang='lat' dir='ltr'><strong>tanto</strong></span> 
     </span>
    </p>
   </div>
   <div class='ocr_carea' id='block_1_52' title="bbox 560 5002 2114 5077">
    <p class='ocr_par' dir='ltr' id='par_1_52' title="bbox 560 5002 2114 5077">
     <span class='ocr_line' id='line_1_52' title="bbox 560 5002 2114 5077; baseline 0.002 -21"><span class='ocrx_word' id='word_1_409' title='bbox 560 5002 734 5072; x_wconf 87' lang='lat' dir='ltr'><strong>aptius</strong></span> <span class='ocrx_word' id='word_1_410' title='bbox 759 5002 964 5072; x_wconf 85' lang='lat' dir='ltr'><strong>facturi,</strong></span> <span class='ocrx_word' id='word_1_411' title='bbox 989 5019 1182 5077; x_wconf 90' lang='lat' dir='ltr'><strong>quanto</strong></span> <span class='ocrx_word' id='word_1_412' title='bbox 1208 5007 1372 5077; x_wconf 88' lang='lat' dir='ltr'><strong>magis</strong></span> <span class='ocrx_word' id='word_1_413' title='bbox 1391 5006 1638 5060; x_wconf 86' lang='lat' dir='ltr'><strong>divinitus</strong></span> <span class='ocrx_word' id='word_1_414' title='bbox 1659 5005 1906 5061; x_wconf 81' lang='lat' dir='ltr'><strong>fuerimus</strong></span> <span class='ocrx_word' id='word_1_415' title='bbox 1933 5008 2114 5075; x_wconf 86' lang='lat' dir='ltr'><strong>adjuti.</strong></span> 
     </span>
    </p>
   </div>
   <div class='ocr_carea' id='block_1_53' title="bbox 560 5091 2113 5167">
    <p class='ocr_par' dir='ltr' id='par_1_53' title="bbox 560 5091 2113 5167">
     <span class='ocr_line' id='line_1_53' title="bbox 560 5091 2113 5167; baseline 0.002 -19"><span class='ocrx_word' id='word_1_416' title='bbox 560 5092 643 5148; x_wconf 82' lang='lat' dir='ltr'><strong>Ad</strong></span> <span class='ocrx_word' id='word_1_417' title='bbox 680 5091 784 5149; x_wconf 88' lang='lat' dir='ltr'><strong>hoc</strong></span> <span class='ocrx_word' id='word_1_418' title='bbox 828 5096 964 5149; x_wconf 88' lang='lat' dir='ltr'><strong>enim</strong></span> <span class='ocrx_word' id='word_1_419' title='bbox 1008 5097 1191 5165; x_wconf 84' lang='lat' dir='ltr'><strong>psalmi</strong></span> <span class='ocrx_word' id='word_1_420' title='bbox 1217 5096 1370 5167; x_wconf 85' lang='lat' dir='ltr'><strong>hujus</strong></span> <span class='ocrx_word' id='word_1_421' title='bbox 1398 5097 1484 5153; x_wconf 89' lang='lat' dir='ltr'><strong>illa</strong></span> <span class='ocrx_word' id='word_1_422' title='bbox 1532 5097 1689 5151; x_wconf 88' lang='lat' dir='ltr'><strong>verba</strong></span> <span class='ocrx_word' id='word_1_423' title='bbox 1735 5098 2113 5167; x_wconf 85' lang='lat' dir='ltr'><strong>constringunt,</strong></span> 
     </span>
    </p>
   </div>
   <div class='ocr_carea' id='block_1_54' title="bbox 556 5184 2118 5259">
    <p class='ocr_par' dir='ltr' id='par_1_54' title="bbox 556 5184 2118 5259">
     <span class='ocr_line' id='line_1_54' title="bbox 556 5184 2118 5259; baseline -0.001 -17"><span class='ocrx_word' id='word_1_424' title='bbox 556 5186 646 5242; x_wconf 86' lang='lat' dir='ltr'><strong>ubi</strong></span> <span class='ocrx_word' id='word_1_425' title='bbox 670 5184 866 5240; x_wconf 85' lang='lat' dir='ltr'><strong>dictum</strong></span> <span class='ocrx_word' id='word_1_426' title='bbox 891 5193 991 5251; x_wconf 86' lang='lat' dir='ltr'><strong>est,</strong></span> <span class='ocrx_word' id='word_1_427' title='bbox 1020 5189 1251 5254; x_wconf 81' lang='lat' dir='ltr'><strong>Aperiam</strong></span> <span class='ocrx_word' id='word_1_428' title='bbox 1273 5190 1322 5242; x_wconf 87' lang='lat' dir='ltr'><strong>in</strong></span> <span class='ocrx_word' id='word_1_429' title='bbox 1340 5188 1590 5259; x_wconf 81' lang='lat' dir='ltr'><strong>parabolis</strong></span> <span class='ocrx_word' id='word_1_430' title='bbox 1618 5204 1673 5241; x_wconf 85' lang='lat' dir='ltr'><strong>os</strong></span> <span class='ocrx_word' id='word_1_431' title='bbox 1694 5204 1854 5241; x_wconf 85' lang='lat' dir='ltr'><strong>meum</strong></span> <span class='ocrx_word' id='word_1_432' title='bbox 1876 5204 1896 5251; x_wconf 80' lang='lat'><strong>,&#39;</strong></span> <span class='ocrx_word' id='word_1_433' title='bbox 1916 5188 2118 5256; x_wconf 84' lang='lat' dir='ltr'><strong>eloquar</strong></span> 
     </span>
    </p>
   </div>
   <div class='ocr_carea' id='block_1_55' title="bbox 557 5273 2114 5348">
    <p class='ocr_par' dir='ltr' id='par_1_55' title="bbox 557 5273 2114 5348">
     <span class='ocr_line' id='line_1_55' title="bbox 557 5273 2114 5348; baseline 0 -17"><span class='ocrx_word' id='word_1_434' title='bbox 557 5274 917 5346; x_wconf 78' lang='lat' dir='ltr'><strong>propositiones</strong></span> <span class='ocrx_word' id='word_1_435' title='bbox 935 5273 996 5327; x_wconf 89' lang='lat' dir='ltr'><strong>ab</strong></span> <span class='ocrx_word' id='word_1_436' title='bbox 1019 5275 1175 5329; x_wconf 85' lang='lat' dir='ltr'><strong>initio.</strong></span> <span class='ocrx_word' id='word_1_437' title='bbox 1195 5277 1412 5347; x_wconf 85' lang='lat' dir='ltr'><strong>Propter</strong></span> <span class='ocrx_word' id='word_1_438' title='bbox 1433 5278 1529 5332; x_wconf 90' lang='lat' dir='ltr'><strong>hoc</strong></span> <span class='ocrx_word' id='word_1_439' title='bbox 1551 5279 1743 5348; x_wconf 86' lang='lat' dir='ltr'><strong>quippe</strong></span> <span class='ocrx_word' id='word_1_440' title='bbox 1767 5278 1923 5331; x_wconf 87' lang='lat' dir='ltr'><strong>etiam</strong></span> <span class='ocrx_word' id='word_1_441' title='bbox 1945 5277 2114 5348; x_wconf 80' lang='lat' dir='ltr'><strong>aliqua</strong></span> 
     </span>
    </p>
   </div>
   <div class='ocr_carea' id='block_1_56' title="bbox 555 5367 2115 5441">
    <p class='ocr_par' dir='ltr' id='par_1_56' title="bbox 555 5367 2115 5441">
     <span class='ocr_line' id='line_1_56' title="bbox 555 5367 2115 5441; baseline -0.001 -15"><span class='ocrx_word' id='word_1_442' title='bbox 555 5368 643 5426; x_wconf 91' lang='lat' dir='ltr'><strong>hic</strong></span> <span class='ocrx_word' id='word_1_443' title='bbox 668 5367 807 5424; x_wconf 86' lang='lat' dir='ltr'><strong>dicta</strong></span> <span class='ocrx_word' id='word_1_444' title='bbox 830 5376 972 5431; x_wconf 87' lang='lat' dir='ltr'><strong>sunt,</strong></span> <span class='ocrx_word' id='word_1_445' title='bbox 994 5382 1111 5436; x_wconf 73' lang='lat' dir='ltr'><strong>qtae</strong></span> <span class='ocrx_word' id='word_1_446' title='bbox 1131 5369 1343 5424; x_wconf 88' lang='lat' dir='ltr'><strong>omnino</strong></span> <span class='ocrx_word' id='word_1_447' title='bbox 1362 5369 1613 5425; x_wconf 90' lang='lat' dir='ltr'><strong>accidisse</strong></span> <span class='ocrx_word' id='word_1_448' title='bbox 1632 5368 1755 5441; x_wconf 62' lang='grc' dir='ltr'><strong>Δίς)</strong></span> <span class='ocrx_word' id='word_1_449' title='bbox 1768 5369 1887 5438; x_wconf 88' lang='lat' dir='ltr'><strong>ptiis</strong></span> <span class='ocrx_word' id='word_1_450' title='bbox 1904 5384 2008 5423; x_wconf 92' lang='lat' dir='ltr'><strong>non</strong></span> <span class='ocrx_word' id='word_1_451' title='bbox 2035 5369 2115 5425; x_wconf 92' lang='lat' dir='ltr'><strong>le-</strong></span> 
     </span>
    </p>
   </div>
   <div class='ocr_carea' id='block_1_57' title="bbox 557 5462 2114 5534">
    <p class='ocr_par' dir='ltr' id='par_1_57' title="bbox 557 5462 2114 5534">
     <span class='ocr_line' id='line_1_57' title="bbox 557 5462 2114 5534; baseline -0.001 -19"><span class='ocrx_word' id='word_1_452' title='bbox 557 5462 748 5530; x_wconf 83' lang='lat' dir='ltr'><strong>gimus,</strong></span> <span class='ocrx_word' id='word_1_453' title='bbox 775 5476 894 5517; x_wconf 85' lang='lat' dir='ltr'><strong>cum</strong></span> <span class='ocrx_word' id='word_1_454' title='bbox 920 5473 1104 5514; x_wconf 87' lang='lat' dir='ltr'><strong>onmes</strong></span> <span class='ocrx_word' id='word_1_455' title='bbox 1124 5475 1303 5515; x_wconf 90' lang='lat' dir='ltr'><strong>eorum</strong></span> <span class='ocrx_word' id='word_1_456' title='bbox 1331 5463 1492 5533; x_wconf 71' lang='lat' dir='ltr'><strong>plaga:</strong></span> <span class='ocrx_word' id='word_1_457' title='bbox 1520 5463 1571 5517; x_wconf 90' lang='lat' dir='ltr'><strong>in</strong></span> <span class='ocrx_word' id='word_1_458' title='bbox 1616 5464 1795 5518; x_wconf 79' lang='lat' dir='ltr'><strong>Exodo</strong></span> <span class='ocrx_word' id='word_1_459' title='bbox 1821 5462 2114 5534; x_wconf 85' lang='lat' dir='ltr'><strong>diligentis-</strong></span> 
     </span>
    </p>
   </div>
   <div class='ocr_carea' id='block_1_58' title="bbox 553 5553 2113 5625">
    <p class='ocr_par' dir='ltr' id='par_1_58' title="bbox 553 5553 2113 5625">
     <span class='ocr_line' id='line_1_58' title="bbox 553 5553 2113 5625; baseline 0 -16"><span class='ocrx_word' id='word_1_460' title='bbox 553 5553 690 5611; x_wconf 84' lang='lat' dir='ltr'><strong>sime</strong></span> <span class='ocrx_word' id='word_1_461' title='bbox 718 5569 784 5609; x_wconf 77' lang='lat' dir='ltr'><strong>ex</strong></span> <span class='ocrx_word' id='word_1_462' title='bbox 814 5553 999 5609; x_wconf 87' lang='lat' dir='ltr'><strong>ordine</strong></span> <span class='ocrx_word' id='word_1_463' title='bbox 1027 5560 1405 5617; x_wconf 79' lang='lat' dir='ltr'><strong>contexanlur;</strong></span> <span class='ocrx_word' id='word_1_464' title='bbox 1439 5562 1496 5609; x_wconf 91' lang='lat' dir='ltr'><strong>ut</strong></span> <span class='ocrx_word' id='word_1_465' title='bbox 1522 5557 1764 5624; x_wconf 88' lang='lat' dir='ltr'><strong>quoniam</strong></span> <span class='ocrx_word' id='word_1_466' title='bbox 1794 5555 1843 5609; x_wconf 88' lang='lat' dir='ltr'><strong>id</strong></span> <span class='ocrx_word' id='word_1_467' title='bbox 1874 5556 2009 5625; x_wconf 90' lang='lat' dir='ltr'><strong>quod</strong></span> <span class='ocrx_word' id='word_1_468' title='bbox 2042 5555 2113 5609; x_wconf 88' lang='lat' dir='ltr'><strong>ibi</strong></span> 
     </span>
    </p>
   </div>
   <div class='ocr_carea' id='block_1_59' title="bbox 614 5666 2113 5732">
    <p class='ocr_par' dir='ltr' id='par_1_59' title="bbox 614 5666 2113 5732">
     <span class='ocr_line' id='line_1_59' title="bbox 614 5666 2113 5732; baseline -0.008 -14"><span class='ocrx_word' id='word_1_469' title='bbox 614 5667 793 5732; x_wconf 37' lang='lat' dir='ltr'><strong>iw”</strong></span> <span class='ocrx_word' id='word_1_470' title='bbox 815 5666 1034 5732; x_wconf 75' lang='lat' dir='ltr'><strong>terugim&#39;.</strong></span> <span class='ocrx_word' id='word_1_471' title='bbox 1051 5673 1116 5732; x_wconf 76' lang='lat' dir='ltr'><strong>_Al</strong></span> <span class='ocrx_word' id='word_1_472' title='bbox 1136 5667 1346 5728; x_wconf 86' lang='lat' dir='ltr'><strong>potiores</strong></span> <span class='ocrx_word' id='word_1_473' title='bbox 1378 5672 1506 5721; x_wconf 70' lang='grc'><strong>188..</strong></span> <span class='ocrx_word' id='word_1_474' title='bbox 1780 5682 1796 5717; x_wconf 89' lang='lat'><strong><em>:</em></strong></span> <span class='ocrx_word' id='word_1_475' title='bbox 1829 5681 1971 5730; x_wconf 84' lang='lat' dir='ltr'><strong>quam</strong></span> <span class='ocrx_word' id='word_1_476' title='bbox 1992 5681 2113 5717; x_wconf 82' lang='lat' dir='ltr'><strong>non.</strong></span> 
     </span>
    </p>
   </div>
   <div class='ocr_carea' id='block_1_60' title="bbox 553 5728 2114 5792">
    <p class='ocr_par' dir='ltr' id='par_1_60' title="bbox 553 5728 2114 5792">
     <span class='ocr_line' id='line_1_60' title="bbox 553 5728 2114 5792; baseline 0.001 -15"><span class='ocrx_word' id='word_1_477' title='bbox 553 5728 712 5792; x_wconf 81' lang='lat' dir='ltr'><strong>nullos</strong></span> <span class='ocrx_word' id='word_1_478' title='bbox 742 5728 1007 5792; x_wconf 72' lang='lat' dir='ltr'><strong>aeruginem</strong></span> <span class='ocrx_word' id='word_1_479' title='bbox 1048 5730 1387 5792; x_wconf 77' lang='lat' dir='ltr'><strong>interpretatos</strong></span> <span class='ocrx_word' id='word_1_480' title='bbox 1418 5742 1530 5780; x_wconf 70' lang='lat' dir='ltr'><strong>esse</strong></span> <span class='ocrx_word' id='word_1_481' title='bbox 1553 5728 1685 5781; x_wconf 77' lang='lat' dir='ltr'><strong>notat</strong></span> <span class='ocrx_word' id='word_1_482' title='bbox 1708 5728 2011 5792; x_wconf 75' lang='lat' dir='ltr'><strong>sugusuaus,</strong></span> <span class='ocrx_word' id='word_1_483' title='bbox 2044 5732 2114 5779; x_wconf 83' lang='lat' dir='ltr'><strong>in-</strong></span> 
     </span>
    </p>
   </div>
   <div class='ocr_carea' id='block_1_61' title="bbox 552 5789 2027 5855">
    <p class='ocr_par' dir='ltr' id='par_1_61' title="bbox 552 5789 2027 5855">
     <span class='ocr_line' id='line_1_61' title="bbox 552 5789 2027 5855; baseline -0.001 -15"><span class='ocrx_word' id='word_1_484' title='bbox 552 5789 643 5854; x_wconf 83' lang='lat' dir='ltr'><strong>fra,</strong></span> <span class='ocrx_word' id='word_1_485' title='bbox 660 5790 801 5855; x_wconf 81' lang='lat' dir='ltr'><strong>hujus</strong></span> <span class='ocrx_word' id='word_1_486' title='bbox 815 5789 973 5842; x_wconf 74' lang='lat' dir='ltr'><strong>Enarr.</strong></span> <span class='ocrx_word' id='word_1_487' title='bbox 998 5804 1047 5841; x_wconf 89' lang='grc' dir='ltr'>ιι.</span> <span class='ocrx_word' id='word_1_488' title='bbox 1072 5790 1150 5839; x_wconf 74' lang='lat' dir='ltr'><strong>S7.</strong></span> <span class='ocrx_word' id='word_1_489' title='bbox 1177 5789 1188 5791; x_wconf 14' lang='grc' dir='ltr'>ἡ</span> <span class='ocrx_word' id='word_1_490' title='bbox 1780 5789 1800 5792; x_wconf 77' lang='grc'><strong><em>“</em></strong></span> <span class='ocrx_word' id='word_1_491' title='bbox 2000 5789 2027 5829; x_wconf 63' lang='grc'><strong>⁷.</strong></span> 
     </span>
    </p>
   </div>
   <div class='ocr_carea' id='block_1_62' title="bbox 1819 336 2601 397">
    <p class='ocr_par' dir='ltr' id='par_1_62' title="bbox 1819 336 2601 397">
     <span class='ocr_line' id='line_1_62' title="bbox 1819 336 2601 397; baseline 0.006 -6"><span class='ocrx_word' id='word_1_492' title='bbox 1819 336 1859 391; x_wconf 89' lang='lat' dir='ltr'><strong>S</strong></span> <span class='ocrx_word' id='word_1_493' title='bbox 1915 336 2270 394; x_wconf 76' lang='lat' dir='ltr'><strong>AUGUSTINI</strong></span> <span class='ocrx_word' id='word_1_494' title='bbox 2306 341 2601 397; x_wconf 78' lang='lat' dir='ltr'><strong>EPISCOPI</strong></span> 
     </span>
    </p>
   </div>
   <div class='ocr_carea' id='block_1_63' title="bbox 3692 349 3827 403">
    <p class='ocr_par' dir='ltr' id='par_1_63' title="bbox 3692 349 3827 403">
     <span class='ocr_line' id='line_1_63' title="bbox 3692 349 3827 403; baseline -0.03 -4"><span class='ocrx_word' id='word_1_495' title='bbox 3692 349 3827 403; x_wconf 65' lang='lat' dir='ltr'><strong>li‘flO</strong></span> 
     </span>
    </p>
   </div>
   <div class='ocr_carea' id='block_1_64' title="bbox 2269 452 3825 515">
    <p class='ocr_par' dir='ltr' id='par_1_64' title="bbox 2269 452 3825 515">
     <span class='ocr_line' id='line_1_64' title="bbox 2269 452 3825 515; baseline 0.002 -11"><span class='ocrx_word' id='word_1_496' title='bbox 2269 467 2372 506; x_wconf 90' lang='lat' dir='ltr'><strong>non</strong></span> <span class='ocrx_word' id='word_1_497' title='bbox 2397 453 2590 507; x_wconf 80' lang='lat' dir='ltr'><strong>dictum</strong></span> <span class='ocrx_word' id='word_1_498' title='bbox 2645 464 2746 515; x_wconf 73' lang='lat' dir='ltr'><strong>est;</strong></span> <span class='ocrx_word' id='word_1_499' title='bbox 2792 469 2894 509; x_wconf 86' lang='lat' dir='ltr'><strong>non</strong></span> <span class='ocrx_word' id='word_1_500' title='bbox 2925 454 3115 508; x_wconf 78' lang='lat' dir='ltr'><strong>frustra</strong></span> <span class='ocrx_word' id='word_1_501' title='bbox 3148 455 3194 506; x_wconf 89' lang='lat' dir='ltr'><strong>in</strong></span> <span class='ocrx_word' id='word_1_502' title='bbox 3225 452 3434 507; x_wconf 82' lang='lat' dir='ltr'><strong>Psalmo</strong></span> <span class='ocrx_word' id='word_1_503' title='bbox 3483 452 3675 509; x_wconf 84' lang='lat' dir='ltr'><strong>dictum</strong></span> <span class='ocrx_word' id='word_1_504' title='bbox 3706 472 3825 507; x_wconf 59' lang='lat' dir='ltr'><strong>casse</strong></span> 
     </span>
    </p>
   </div>
   <div class='ocr_carea' id='block_1_65' title="bbox 2266 543 3826 614">
    <p class='ocr_par' dir='ltr' id='par_1_65' title="bbox 2266 543 3826 614">
     <span class='ocr_line' id='line_1_65' title="bbox 2266 543 3826 614; baseline -0.001 -20"><span class='ocrx_word' id='word_1_505' title='bbox 2266 543 2391 595; x_wconf 80' lang='lat' dir='ltr'><strong>certi</strong></span> <span class='ocrx_word' id='word_1_506' title='bbox 2418 558 2614 607; x_wconf 87' lang='lat' dir='ltr'><strong>sumus,</strong></span> <span class='ocrx_word' id='word_1_507' title='bbox 2639 559 2807 614; x_wconf 89' lang='lat' dir='ltr'><strong>neque</strong></span> <span class='ocrx_word' id='word_1_508' title='bbox 2831 545 2880 598; x_wconf 89' lang='lat' dir='ltr'><strong>id</strong></span> <span class='ocrx_word' id='word_1_509' title='bbox 2912 544 3241 614; x_wconf 81' lang='lat' dir='ltr'><strong>interpretari</strong></span> <span class='ocrx_word' id='word_1_510' title='bbox 3268 544 3367 597; x_wconf 86' lang='lat' dir='ltr'><strong>nisi</strong></span> <span class='ocrx_word' id='word_1_511' title='bbox 3397 546 3612 610; x_wconf 81' lang='lat' dir='ltr'><strong>ﬁgurate</strong></span> <span class='ocrx_word' id='word_1_512' title='bbox 3642 562 3826 613; x_wconf 63' lang='grc' dir='ltr'>ικνκςιι-</span> 
     </span>
    </p>
   </div>
   <div class='ocr_carea' id='block_1_66' title="bbox 2263 633 3827 704">
    <p class='ocr_par' dir='ltr' id='par_1_66' title="bbox 2263 633 3827 704">
     <span class='ocr_line' id='line_1_66' title="bbox 2263 633 3827 704; baseline 0.005 -20"><span class='ocrx_word' id='word_1_513' title='bbox 2263 648 2398 695; x_wconf 78' lang='lat' dir='ltr'><strong>mus,</strong></span> <span class='ocrx_word' id='word_1_514' title='bbox 2425 633 2576 686; x_wconf 88' lang='lat' dir='ltr'><strong>simul</strong></span> <span class='ocrx_word' id='word_1_515' title='bbox 2609 635 2957 704; x_wconf 82' lang='lat' dir='ltr'><strong>intelligamus</strong></span> <span class='ocrx_word' id='word_1_516' title='bbox 2981 635 3137 691; x_wconf 87' lang='lat' dir='ltr'><strong>etiam</strong></span> <span class='ocrx_word' id='word_1_517' title='bbox 3167 644 3354 688; x_wconf 64' lang='lat' dir='ltr'><strong>cetera</strong></span> <span class='ocrx_word' id='word_1_518' title='bbox 3382 651 3497 703; x_wconf 83' lang='lat' dir='ltr'><strong>qua:</strong></span> <span class='ocrx_word' id='word_1_519' title='bbox 3538 636 3671 689; x_wconf 79' lang='lat' dir='ltr'><strong>facta</strong></span> <span class='ocrx_word' id='word_1_520' title='bbox 3705 650 3827 692; x_wconf 48' lang='lat' dir='ltr'><strong>esse</strong></span> 
     </span>
    </p>
   </div>
   <div class='ocr_carea' id='block_1_67' title="bbox 2260 725 3824 796">
    <p class='ocr_par' dir='ltr' id='par_1_67' title="bbox 2260 725 3824 796">
     <span class='ocr_line' id='line_1_67' title="bbox 2260 725 3824 796; baseline 0.002 -20"><span class='ocrx_word' id='word_1_521' title='bbox 2260 733 2482 786; x_wconf 79' lang='lat' dir='ltr'><strong>Constat,</strong></span> <span class='ocrx_word' id='word_1_522' title='bbox 2522 725 2590 778; x_wconf 88' lang='lat' dir='ltr'><strong>ob</strong></span> <span class='ocrx_word' id='word_1_523' title='bbox 2632 726 2854 793; x_wconf 76' lang='lat' dir='ltr'><strong>aliquam</strong></span> <span class='ocrx_word' id='word_1_524' title='bbox 2898 729 3167 796; x_wconf 87' lang='lat' dir='ltr'><strong>liguratam</strong></span> <span class='ocrx_word' id='word_1_525' title='bbox 3190 725 3630 795; x_wconf 87' lang='lat' dir='ltr'><strong>signiﬁcationem</strong></span> <span class='ocrx_word' id='word_1_526' title='bbox 3689 726 3824 779; x_wconf 60' lang='lat' dir='ltr'><strong>facta</strong></span> 
     </span>
    </p>
   </div>
   <div class='ocr_carea' id='block_1_68' title="bbox 2260 814 3827 885">
    <p class='ocr_par' dir='ltr' id='par_1_68' title="bbox 2260 814 3827 885">
     <span class='ocr_line' id='line_1_68' title="bbox 2260 814 3827 885; baseline 0.003 -20"><span class='ocrx_word' id='word_1_527' title='bbox 2260 814 2339 867; x_wconf 89' lang='lat' dir='ltr'><strong>vel</strong></span> <span class='ocrx_word' id='word_1_528' title='bbox 2389 816 2702 884; x_wconf 84' lang='lat' dir='ltr'><strong>conscripta.</strong></span> <span class='ocrx_word' id='word_1_529' title='bbox 2758 814 3067 871; x_wconf 82' lang='lat' dir='ltr'><strong>Facitenint</strong></span> <span class='ocrx_word' id='word_1_530' title='bbox 3121 816 3220 870; x_wconf 85' lang='lat' dir='ltr'><strong>hoc</strong></span> <span class='ocrx_word' id='word_1_531' title='bbox 3263 815 3533 885; x_wconf 84' lang='lat' dir='ltr'><strong>Scriptura</strong></span> <span class='ocrx_word' id='word_1_532' title='bbox 3562 815 3612 869; x_wconf 90' lang='lat' dir='ltr'><strong>in</strong></span> <span class='ocrx_word' id='word_1_533' title='bbox 3644 816 3827 870; x_wconf 83' lang='lat' dir='ltr'><strong>multis</strong></span> 
     </span>
    </p>
   </div>
   <div class='ocr_carea' id='block_1_69' title="bbox 2259 904 3826 977">
    <p class='ocr_par' dir='ltr' id='par_1_69' title="bbox 2259 904 3826 977">
     <span class='ocr_line' id='line_1_69' title="bbox 2259 904 3826 977; baseline 0.001 -19"><span class='ocrx_word' id='word_1_534' title='bbox 2259 904 2386 959; x_wconf 89' lang='lat' dir='ltr'><strong>locis</strong></span> <span class='ocrx_word' id='word_1_535' title='bbox 2406 906 2832 976; x_wconf 81' lang='lat' dir='ltr'><strong>Propheticorum</strong></span> <span class='ocrx_word' id='word_1_536' title='bbox 2858 907 3200 977; x_wconf 86' lang='lat' dir='ltr'><strong>eloquiorum.</strong></span> <span class='ocrx_word' id='word_1_537' title='bbox 3227 907 3360 961; x_wconf 92' lang='lat' dir='ltr'><strong>Dicit</strong></span> <span class='ocrx_word' id='word_1_538' title='bbox 3384 906 3576 976; x_wconf 74' lang='lat' dir='ltr'><strong>aliquid</strong></span> <span class='ocrx_word' id='word_1_539' title='bbox 3601 906 3743 976; x_wconf 85' lang='lat' dir='ltr'><strong>quod</strong></span> <span class='ocrx_word' id='word_1_540' title='bbox 3774 908 3826 959; x_wconf 84' lang='lat' dir='ltr'><strong>iu</strong></span> 
     </span>
    </p>
   </div>
   <div class='ocr_carea' id='block_1_70' title="bbox 2257 994 3823 1066">
    <p class='ocr_par' dir='ltr' id='par_1_70' title="bbox 2257 994 3823 1066">
     <span class='ocr_line' id='line_1_70' title="bbox 2257 994 3823 1066; baseline 0.003 -20"><span class='ocrx_word' id='word_1_541' title='bbox 2257 994 2343 1048; x_wconf 89' lang='lat' dir='ltr'><strong>illa</strong></span> <span class='ocrx_word' id='word_1_542' title='bbox 2375 1011 2430 1050; x_wconf 88' lang='lat' dir='ltr'><strong>re</strong></span> <span class='ocrx_word' id='word_1_543' title='bbox 2452 1006 2622 1066; x_wconf 84' lang='lat' dir='ltr'><strong>gesta,</strong></span> <span class='ocrx_word' id='word_1_544' title='bbox 2652 1012 2809 1065; x_wconf 89' lang='lat' dir='ltr'><strong>quam</strong></span> <span class='ocrx_word' id='word_1_545' title='bbox 2835 997 3040 1052; x_wconf 88' lang='lat' dir='ltr'><strong>videtur</strong></span> <span class='ocrx_word' id='word_1_546' title='bbox 3059 1011 3491 1061; x_wconf 87' lang='lat' dir='ltr'><strong>commemorare,</strong></span> <span class='ocrx_word' id='word_1_547' title='bbox 3536 1013 3641 1051; x_wconf 90' lang='lat' dir='ltr'><strong>non</strong></span> <span class='ocrx_word' id='word_1_548' title='bbox 3676 998 3823 1050; x_wconf 80' lang='lat' dir='ltr'><strong>iuve-</strong></span> 
     </span>
    </p>
   </div>
   <div class='ocr_carea' id='block_1_71' title="bbox 2255 1088 3825 1158">
    <p class='ocr_par' dir='ltr' id='par_1_71' title="bbox 2255 1088 3825 1158">
     <span class='ocr_line' id='line_1_71' title="bbox 2255 1088 3825 1158; baseline 0.002 -18"><span class='ocrx_word' id='word_1_549' title='bbox 2255 1088 2414 1153; x_wconf 88' lang='lat' dir='ltr'><strong>nitur,</strong></span> <span class='ocrx_word' id='word_1_550' title='bbox 2446 1090 2550 1142; x_wconf 88' lang='lat' dir='ltr'><strong>imo</strong></span> <span class='ocrx_word' id='word_1_551' title='bbox 2569 1100 2621 1144; x_wconf 90' lang='lat' dir='ltr'><strong>et</strong></span> <span class='ocrx_word' id='word_1_552' title='bbox 2641 1090 2792 1145; x_wconf 85' lang='lat' dir='ltr'><strong>aliter</strong></span> <span class='ocrx_word' id='word_1_553' title='bbox 2814 1090 3242 1155; x_wconf 86' lang='lat' dir='ltr'><strong>esseiuvenitur;</strong></span> <span class='ocrx_word' id='word_1_554' title='bbox 3275 1097 3333 1143; x_wconf 93' lang='lat' dir='ltr'><strong>ut</strong></span> <span class='ocrx_word' id='word_1_555' title='bbox 3359 1088 3478 1143; x_wconf 85' lang='lat' dir='ltr'><strong>hinc</strong></span> <span class='ocrx_word' id='word_1_556' title='bbox 3500 1089 3825 1158; x_wconf 80' lang='lat' dir='ltr'><strong>intelligatur</strong></span> 
     </span>
    </p>
   </div>
   <div class='ocr_carea' id='block_1_72' title="bbox 2254 1179 3827 1253">
    <p class='ocr_par' dir='ltr' id='par_1_72' title="bbox 2254 1179 3827 1253">
     <span class='ocr_line' id='line_1_72' title="bbox 2254 1179 3827 1253; baseline 0.004 -22"><span class='ocrx_word' id='word_1_557' title='bbox 2254 1193 2358 1232; x_wconf 93' lang='lat' dir='ltr'><strong>non</strong></span> <span class='ocrx_word' id='word_1_558' title='bbox 2387 1181 2487 1235; x_wconf 86' lang='lat' dir='ltr'><strong>hoc</strong></span> <span class='ocrx_word' id='word_1_559' title='bbox 2527 1180 2705 1235; x_wconf 88' lang='lat' dir='ltr'><strong>dicere</strong></span> <span class='ocrx_word' id='word_1_560' title='bbox 2742 1179 2881 1253; x_wconf 84' lang='lat' dir='ltr'><strong>quod</strong></span> <span class='ocrx_word' id='word_1_561' title='bbox 2924 1189 3095 1249; x_wconf 86' lang='lat' dir='ltr'><strong>potest</strong></span> <span class='ocrx_word' id='word_1_562' title='bbox 3141 1180 3331 1249; x_wconf 88' lang='lat' dir='ltr'><strong>putari,</strong></span> <span class='ocrx_word' id='word_1_563' title='bbox 3362 1179 3457 1235; x_wconf 87' lang='lat' dir='ltr'><strong>sed</strong></span> <span class='ocrx_word' id='word_1_564' title='bbox 3489 1180 3609 1234; x_wconf 91' lang='lat' dir='ltr'><strong>illud</strong></span> <span class='ocrx_word' id='word_1_565' title='bbox 3647 1182 3827 1248; x_wconf 81' lang='lat' dir='ltr'><strong>potius</strong></span> 
     </span>
    </p>
   </div>
   <div class='ocr_carea' id='block_1_73' title="bbox 2250 1267 3822 1339">
    <p class='ocr_par' dir='ltr' id='par_1_73' title="bbox 2250 1267 3822 1339">
     <span class='ocr_line' id='line_1_73' title="bbox 2250 1267 3822 1339; baseline 0.001 -19"><span class='ocrx_word' id='word_1_566' title='bbox 2250 1269 2387 1339; x_wconf 88' lang='lat' dir='ltr'><strong>quod</strong></span> <span class='ocrx_word' id='word_1_567' title='bbox 2416 1269 2580 1339; x_wconf 88' lang='lat' dir='ltr'><strong>magis</strong></span> <span class='ocrx_word' id='word_1_568' title='bbox 2605 1269 2761 1324; x_wconf 84' lang='lat' dir='ltr'><strong>debet</strong></span> <span class='ocrx_word' id='word_1_569' title='bbox 2793 1269 2997 1325; x_wconf 87' lang='lat' dir='ltr'><strong>adverti</strong></span> <span class='ocrx_word' id='word_1_570' title='bbox 3029 1290 3042 1325; x_wconf 92' lang='lat'><strong>:</strong></span> <span class='ocrx_word' id='word_1_571' title='bbox 3070 1270 3205 1324; x_wconf 91' lang='lat' dir='ltr'><strong>sicut</strong></span> <span class='ocrx_word' id='word_1_572' title='bbox 3232 1279 3312 1323; x_wconf 91' lang='lat' dir='ltr'><strong>est</strong></span> <span class='ocrx_word' id='word_1_573' title='bbox 3337 1268 3483 1335; x_wconf 91' lang='lat' dir='ltr'><strong>illud,</strong></span> <span class='ocrx_word' id='word_1_574' title='bbox 3512 1267 3822 1322; x_wconf 80' lang='lat' dir='ltr'><strong>Dominabi-</strong></span> 
     </span>
    </p>
   </div>
   <div class='ocr_carea' id='block_1_74' title="bbox 2251 1353 3821 1430">
    <p class='ocr_par' dir='ltr' id='par_1_74' title="bbox 2251 1353 3821 1430">
     <span class='ocr_line' id='line_1_74' title="bbox 2251 1353 3821 1430; baseline 0.001 -19"><span class='ocrx_word' id='word_1_575' title='bbox 2251 1368 2332 1412; x_wconf 86' lang='lat' dir='ltr'><strong>tur</strong></span> <span class='ocrx_word' id='word_1_576' title='bbox 2349 1375 2380 1411; x_wconf 89' lang='lat' dir='ltr'><strong>a</strong></span> <span class='ocrx_word' id='word_1_577' title='bbox 2401 1360 2529 1412; x_wconf 87' lang='lat' dir='ltr'><strong>mari</strong></span> <span class='ocrx_word' id='word_1_578' title='bbox 2546 1376 2699 1427; x_wconf 83' lang='lat' dir='ltr'><strong>usque</strong></span> <span class='ocrx_word' id='word_1_579' title='bbox 2714 1360 2781 1412; x_wconf 84' lang='lat' dir='ltr'><strong>ad</strong></span> <span class='ocrx_word' id='word_1_580' title='bbox 2807 1376 2962 1423; x_wconf 88' lang='lat' dir='ltr'><strong>mare,</strong></span> <span class='ocrx_word' id='word_1_581' title='bbox 2984 1370 3029 1414; x_wconf 90' lang='lat' dir='ltr'><strong>et</strong></span> <span class='ocrx_word' id='word_1_582' title='bbox 3047 1377 3078 1413; x_wconf 90' lang='lat' dir='ltr'><strong>a</strong></span> <span class='ocrx_word' id='word_1_583' title='bbox 3096 1353 3301 1430; x_wconf 69' lang='lat' dir='ltr'><strong>[lumine</strong></span> <span class='ocrx_word' id='word_1_584' title='bbox 3328 1374 3477 1428; x_wconf 83' lang='lat' dir='ltr'><strong>usque</strong></span> <span class='ocrx_word' id='word_1_585' title='bbox 3494 1359 3561 1411; x_wconf 90' lang='lat' dir='ltr'><strong>ad</strong></span> <span class='ocrx_word' id='word_1_586' title='bbox 3581 1361 3821 1412; x_wconf 80' lang='lat' dir='ltr'><strong>terminos</strong></span> 
     </span>
    </p>
   </div>
   <div class='ocr_carea' id='block_1_75' title="bbox 2248 1449 3822 1521">
    <p class='ocr_par' dir='ltr' id='par_1_75' title="bbox 2248 1449 3822 1521">
     <span class='ocr_line' id='line_1_75' title="bbox 2248 1449 3822 1521; baseline 0.003 -18"><span class='ocrx_word' id='word_1_587' title='bbox 2248 1450 2379 1504; x_wconf 88' lang='lat' dir='ltr'><strong>orbis</strong></span> <span class='ocrx_word' id='word_1_588' title='bbox 2406 1461 2550 1505; x_wconf 74' lang='lat' dir='ltr'><strong>terra:</strong></span> <span class='ocrx_word' id='word_1_589' title='bbox 2578 1449 2745 1521; x_wconf 81' lang='lat' dir='ltr'><strong>(Psal.</strong></span> <span class='ocrx_word' id='word_1_590' title='bbox 2771 1467 2912 1519; x_wconf 79' lang='lat' dir='ltr'><strong>Lxxt,</strong></span> <span class='ocrx_word' id='word_1_591' title='bbox 2942 1452 3019 1521; x_wconf 89' lang='lat'><strong>8).</strong></span> <span class='ocrx_word' id='word_1_592' title='bbox 3061 1451 3209 1519; x_wconf 90' lang='lat' dir='ltr'><strong>Quod</strong></span> <span class='ocrx_word' id='word_1_593' title='bbox 3252 1452 3303 1506; x_wconf 89' lang='lat' dir='ltr'><strong>in</strong></span> <span class='ocrx_word' id='word_1_594' title='bbox 3335 1453 3472 1507; x_wconf 91' lang='lat' dir='ltr'><strong>illius</strong></span> <span class='ocrx_word' id='word_1_595' title='bbox 3514 1450 3822 1507; x_wconf 81' lang='lat' dir='ltr'><strong>Salomonis</strong></span> 
     </span>
    </p>
   </div>
   <div class='ocr_carea' id='block_1_76' title="bbox 2247 1544 3817 1615">
    <p class='ocr_par' dir='ltr' id='par_1_76' title="bbox 2247 1544 3817 1615">
     <span class='ocr_line' id='line_1_76' title="bbox 2247 1544 3817 1615; baseline 0.001 -19"><span class='ocrx_word' id='word_1_596' title='bbox 2247 1557 2408 1612; x_wconf 87' lang='lat' dir='ltr'><strong>regno</strong></span> <span class='ocrx_word' id='word_1_597' title='bbox 2452 1552 2658 1597; x_wconf 89' lang='lat' dir='ltr'><strong>constat</strong></span> <span class='ocrx_word' id='word_1_598' title='bbox 2702 1558 2802 1597; x_wconf 88' lang='lat' dir='ltr'><strong>noo</strong></span> <span class='ocrx_word' id='word_1_599' title='bbox 2832 1558 2951 1599; x_wconf 81' lang='lat' dir='ltr'><strong>esse</strong></span> <span class='ocrx_word' id='word_1_600' title='bbox 2993 1545 3332 1614; x_wconf 88' lang='lat' dir='ltr'><strong>completum,</strong></span> <span class='ocrx_word' id='word_1_601' title='bbox 3378 1544 3447 1599; x_wconf 90' lang='lat' dir='ltr'><strong>de</strong></span> <span class='ocrx_word' id='word_1_602' title='bbox 3494 1560 3601 1615; x_wconf 91' lang='lat' dir='ltr'><strong>quo</strong></span> <span class='ocrx_word' id='word_1_603' title='bbox 3646 1547 3817 1615; x_wconf 86' lang='lat' dir='ltr'><strong>putari</strong></span> 
     </span>
    </p>
   </div>
   <div class='ocr_carea' id='block_1_77' title="bbox 2245 1632 3816 1704">
    <p class='ocr_par' dir='ltr' id='par_1_77' title="bbox 2245 1632 3816 1704">
     <span class='ocr_line' id='line_1_77' title="bbox 2245 1632 3816 1704; baseline 0.001 -20"><span class='ocrx_word' id='word_1_604' title='bbox 2245 1643 2420 1700; x_wconf 85' lang='lat' dir='ltr'><strong>posset</strong></span> <span class='ocrx_word' id='word_1_605' title='bbox 2472 1635 2569 1688; x_wconf 88' lang='lat' dir='ltr'><strong>iste</strong></span> <span class='ocrx_word' id='word_1_606' title='bbox 2605 1634 2840 1703; x_wconf 90' lang='lat' dir='ltr'><strong>psalmus</strong></span> <span class='ocrx_word' id='word_1_607' title='bbox 2891 1634 3053 1704; x_wconf 88' lang='lat' dir='ltr'><strong>loqui,</strong></span> <span class='ocrx_word' id='word_1_608' title='bbox 3095 1650 3214 1689; x_wconf 90' lang='lat' dir='ltr'><strong>cum</strong></span> <span class='ocrx_word' id='word_1_609' title='bbox 3243 1634 3308 1690; x_wconf 91' lang='lat' dir='ltr'><strong>de</strong></span> <span class='ocrx_word' id='word_1_610' title='bbox 3350 1632 3561 1689; x_wconf 86' lang='lat' dir='ltr'><strong>Christo</strong></span> <span class='ocrx_word' id='word_1_611' title='bbox 3592 1634 3816 1689; x_wconf 85' lang='lat' dir='ltr'><strong>Domino</strong></span> 
     </span>
    </p>
   </div>
   <div class='ocr_carea' id='block_1_78' title="bbox 2245 1722 3812 1795">
    <p class='ocr_par' dir='ltr' id='par_1_78' title="bbox 2245 1722 3812 1795">
     <span class='ocr_line' id='line_1_78' title="bbox 2245 1722 3812 1795; baseline 0.004 -22"><span class='ocrx_word' id='word_1_612' title='bbox 2245 1722 2565 1792; x_wconf 88' lang='lat' dir='ltr'><strong>loqueretur.</strong></span> <span class='ocrx_word' id='word_1_613' title='bbox 2591 1723 2645 1778; x_wconf 91' lang='lat' dir='ltr'><strong>In</strong></span> <span class='ocrx_word' id='word_1_614' title='bbox 2679 1724 2841 1794; x_wconf 85' lang='lat' dir='ltr'><strong>plagis</strong></span> <span class='ocrx_word' id='word_1_615' title='bbox 2869 1739 2996 1794; x_wconf 85' lang='lat' dir='ltr'><strong>ergo</strong></span> <span class='ocrx_word' id='word_1_616' title='bbox 3018 1723 3410 1795; x_wconf 64' lang='lat' dir='ltr'><strong>Egyptiorum,</strong></span> <span class='ocrx_word' id='word_1_617' title='bbox 3456 1740 3574 1795; x_wconf 73' lang='lat' dir='ltr'><strong>qua:</strong></span> <span class='ocrx_word' id='word_1_618' title='bbox 3601 1735 3731 1779; x_wconf 88' lang='lat' dir='ltr'><strong>sunt</strong></span> <span class='ocrx_word' id='word_1_619' title='bbox 3765 1727 3812 1779; x_wconf 89' lang='lat' dir='ltr'><strong>in</strong></span> 
     </span>
    </p>
   </div>
   <div class='ocr_carea' id='block_1_79' title="bbox 2244 1813 3810 1884">
    <p class='ocr_par' dir='ltr' id='par_1_79' title="bbox 2244 1813 3810 1884">
     <span class='ocr_line' id='line_1_79' title="bbox 2244 1813 3810 1884; baseline 0.003 -18"><span class='ocrx_word' id='word_1_620' title='bbox 2244 1813 2381 1869; x_wconf 87' lang='lat' dir='ltr'><strong>libro</strong></span> <span class='ocrx_word' id='word_1_621' title='bbox 2421 1814 2510 1884; x_wconf 90' lang='lat' dir='ltr'><strong>qui</strong></span> <span class='ocrx_word' id='word_1_622' title='bbox 2560 1813 2773 1869; x_wconf 83' lang='lat' dir='ltr'><strong>Exodus</strong></span> <span class='ocrx_word' id='word_1_623' title='bbox 2821 1815 3139 1879; x_wconf 82' lang='lat' dir='ltr'><strong>nominatur,</strong></span> <span class='ocrx_word' id='word_1_624' title='bbox 3180 1814 3263 1868; x_wconf 89' lang='lat' dir='ltr'><strong>ubi</strong></span> <span class='ocrx_word' id='word_1_625' title='bbox 3292 1815 3518 1868; x_wconf 81' lang='lat' dir='ltr'><strong>maxime</strong></span> <span class='ocrx_word' id='word_1_626' title='bbox 3546 1815 3810 1884; x_wconf 84' lang='lat' dir='ltr'><strong>Scriptura</strong></span> 
     </span>
    </p>
   </div>
   <div class='ocr_carea' id='block_1_80' title="bbox 2240 1905 3808 1977">
    <p class='ocr_par' dir='ltr' id='par_1_80' title="bbox 2240 1905 3808 1977">
     <span class='ocr_line' id='line_1_80' title="bbox 2240 1905 3808 1977; baseline 0.002 -17"><span class='ocrx_word' id='word_1_627' title='bbox 2240 1906 2442 1961; x_wconf 76' lang='lat' dir='ltr'><strong>curavit</strong></span> <span class='ocrx_word' id='word_1_628' title='bbox 2463 1914 2599 1960; x_wconf 92' lang='lat' dir='ltr'><strong>utea</strong></span> <span class='ocrx_word' id='word_1_629' title='bbox 2618 1907 2808 1977; x_wconf 90' lang='lat' dir='ltr'><strong>quibus</strong></span> <span class='ocrx_word' id='word_1_630' title='bbox 2833 1905 3011 1961; x_wconf 85' lang='lat' dir='ltr'><strong>amicti</strong></span> <span class='ocrx_word' id='word_1_631' title='bbox 3035 1918 3158 1961; x_wconf 89' lang='lat' dir='ltr'><strong>sunt</strong></span> <span class='ocrx_word' id='word_1_632' title='bbox 3180 1909 3353 1962; x_wconf 89' lang='lat' dir='ltr'><strong>omnia</strong></span> <span class='ocrx_word' id='word_1_633' title='bbox 3376 1924 3439 1963; x_wconf 80' lang='lat' dir='ltr'><strong>ex</strong></span> <span class='ocrx_word' id='word_1_634' title='bbox 3459 1907 3649 1964; x_wconf 88' lang='lat' dir='ltr'><strong>ordine</strong></span> <span class='ocrx_word' id='word_1_635' title='bbox 3676 1910 3808 1963; x_wconf 82' lang='lat' dir='ltr'><strong>dice-</strong></span> 
     </span>
    </p>
   </div>
   <div class='ocr_carea' id='block_1_81' title="bbox 2239 1997 3806 2068">
    <p class='ocr_par' dir='ltr' id='par_1_81' title="bbox 2239 1997 3806 2068">
     <span class='ocr_line' id='line_1_81' title="bbox 2239 1997 3806 2068; baseline 0.003 -19"><span class='ocrx_word' id='word_1_636' title='bbox 2239 2006 2440 2060; x_wconf 89' lang='lat' dir='ltr'><strong>rentur,</strong></span> <span class='ocrx_word' id='word_1_637' title='bbox 2469 2013 2573 2052; x_wconf 90' lang='lat' dir='ltr'><strong>non</strong></span> <span class='ocrx_word' id='word_1_638' title='bbox 2605 1997 2869 2052; x_wconf 90' lang='lat' dir='ltr'><strong>invenitur</strong></span> <span class='ocrx_word' id='word_1_639' title='bbox 2917 1997 3055 2067; x_wconf 91' lang='lat' dir='ltr'><strong>quod</strong></span> <span class='ocrx_word' id='word_1_640' title='bbox 3103 1998 3257 2053; x_wconf 85' lang='lat' dir='ltr'><strong>habet</strong></span> <span class='ocrx_word' id='word_1_641' title='bbox 3306 1998 3404 2053; x_wconf 86' lang='lat' dir='ltr'><strong>iste</strong></span> <span class='ocrx_word' id='word_1_642' title='bbox 3445 1999 3697 2068; x_wconf 88' lang='lat' dir='ltr'><strong>psalmus,</strong></span> <span class='ocrx_word' id='word_1_643' title='bbox 3743 2000 3806 2054; x_wconf 83' lang='lat' dir='ltr'><strong>Et</strong></span> 
     </span>
    </p>
   </div>
   <div class='ocr_carea' id='block_1_82' title="bbox 2237 2082 3801 2159">
    <p class='ocr_par' dir='ltr' id='par_1_82' title="bbox 2237 2082 3801 2159">
     <span class='ocr_line' id='line_1_82' title="bbox 2237 2082 3801 2159; baseline 0.003 -21"><span class='ocrx_word' id='word_1_644' title='bbox 2237 2082 2372 2139; x_wconf 79' lang='lat' dir='ltr'><strong>dedit</strong></span> <span class='ocrx_word' id='word_1_645' title='bbox 2396 2087 2610 2159; x_wconf 80' lang='lat' dir='ltr'><strong>rubigini</strong></span> <span class='ocrx_word' id='word_1_646' title='bbox 2628 2091 2820 2157; x_wconf 81' lang='lat' dir='ltr'><strong>fructus</strong></span> <span class='ocrx_word' id='word_1_647' title='bbox 2841 2104 3027 2142; x_wconf 84' lang='lat' dir='ltr'><strong>eorum.</strong></span> <span class='ocrx_word' id='word_1_648' title='bbox 3057 2088 3186 2143; x_wconf 91' lang='lat' dir='ltr'><strong>lllud</strong></span> <span class='ocrx_word' id='word_1_649' title='bbox 3216 2089 3558 2158; x_wconf 87' lang='lat' dir='ltr'><strong>etiamquod,</strong></span> <span class='ocrx_word' id='word_1_650' title='bbox 3590 2103 3705 2143; x_wconf 88' lang='lat' dir='ltr'><strong>cum</strong></span> <span class='ocrx_word' id='word_1_651' title='bbox 3728 2090 3801 2144; x_wconf 86' lang='lat' dir='ltr'><strong>di-</strong></span> 
     </span>
    </p>
   </div>
   <div class='ocr_carea' id='block_1_83' title="bbox 2238 2177 3800 2250">
    <p class='ocr_par' dir='ltr' id='par_1_83' title="bbox 2238 2177 3800 2250">
     <span class='ocr_line' id='line_1_83' title="bbox 2238 2177 3800 2250; baseline 0.003 -20"><span class='ocrx_word' id='word_1_652' title='bbox 2238 2178 2423 2242; x_wconf 82' lang='lat' dir='ltr'><strong>xisset,</strong></span> <span class='ocrx_word' id='word_1_653' title='bbox 2451 2177 2519 2231; x_wconf 84' lang='lat' dir='ltr'><strong>Et</strong></span> <span class='ocrx_word' id='word_1_654' title='bbox 2543 2178 2750 2232; x_wconf 83' lang='lat' dir='ltr'><strong>tradidit</strong></span> <span class='ocrx_word' id='word_1_655' title='bbox 2776 2180 3014 2250; x_wconf 85' lang='lat' dir='ltr'><strong>grandiui</strong></span> <span class='ocrx_word' id='word_1_656' title='bbox 3029 2181 3259 2249; x_wconf 84' lang='lat' dir='ltr'><strong>jumenta</strong></span> <span class='ocrx_word' id='word_1_657' title='bbox 3286 2196 3479 2239; x_wconf 83' lang='lat' dir='ltr'><strong>eorum,</strong></span> <span class='ocrx_word' id='word_1_658' title='bbox 3510 2181 3719 2239; x_wconf 84' lang='lat' dir='ltr'><strong>addidit.</strong></span> <span class='ocrx_word' id='word_1_659' title='bbox 3740 2180 3800 2234; x_wconf 77' lang='lat' dir='ltr'><strong>Et</strong></span> 
     </span>
    </p>
   </div>
   <div class='ocr_carea' id='block_1_84' title="bbox 2238 2260 3799 2340">
    <p class='ocr_par' dir='ltr' id='par_1_84' title="bbox 2238 2260 3799 2340">
     <span class='ocr_line' id='line_1_84' title="bbox 2238 2260 3799 2340; baseline 0.001 -20"><span class='ocrx_word' id='word_1_660' title='bbox 2238 2267 2591 2335; x_wconf 79' lang='lat' dir='ltr'><strong>possessionem</strong></span> <span class='ocrx_word' id='word_1_661' title='bbox 2611 2284 2779 2321; x_wconf 83' lang='lat' dir='ltr'><strong>eorum</strong></span> <span class='ocrx_word' id='word_1_662' title='bbox 2808 2260 2915 2340; x_wconf 82' lang='lat' dir='ltr'><strong>igni</strong></span> <span class='ocrx_word' id='word_1_663' title='bbox 2937 2285 2954 2323; x_wconf 90' lang='lat'><strong><em>:</em></strong></span> <span class='ocrx_word' id='word_1_664' title='bbox 2974 2268 3040 2324; x_wconf 90' lang='lat' dir='ltr'><strong>de</strong></span> <span class='ocrx_word' id='word_1_665' title='bbox 3062 2270 3315 2339; x_wconf 88' lang='lat' dir='ltr'><strong>jumentis</strong></span> <span class='ocrx_word' id='word_1_666' title='bbox 3339 2269 3596 2338; x_wconf 74' lang='lat' dir='ltr'><strong>grandine</strong></span> <span class='ocrx_word' id='word_1_667' title='bbox 3619 2271 3799 2324; x_wconf 84' lang='lat' dir='ltr'><strong>occisis</strong></span> 
     </span>
    </p>
   </div>
   <div class='ocr_carea' id='block_1_85' title="bbox 2239 2359 3798 2431">
    <p class='ocr_par' dir='ltr' id='par_1_85' title="bbox 2239 2359 3798 2431">
     <span class='ocr_line' id='line_1_85' title="bbox 2239 2359 3798 2431; baseline 0.001 -19"><span class='ocrx_word' id='word_1_668' title='bbox 2239 2359 2428 2428; x_wconf 87' lang='lat' dir='ltr'><strong>legitur</strong></span> <span class='ocrx_word' id='word_1_669' title='bbox 2456 2360 2508 2413; x_wconf 91' lang='lat' dir='ltr'><strong>in</strong></span> <span class='ocrx_word' id='word_1_670' title='bbox 2550 2359 2733 2415; x_wconf 78' lang='lat' dir='ltr'><strong>Exodo</strong></span> <span class='ocrx_word' id='word_1_671' title='bbox 2767 2359 2959 2431; x_wconf 73' lang='lat' dir='ltr'><strong>(Exod.</strong></span> <span class='ocrx_word' id='word_1_672' title='bbox 2989 2376 3065 2425; x_wconf 70' lang='grc' dir='ltr'>ιχ,</span> <span class='ocrx_word' id='word_1_673' title='bbox 3096 2360 3227 2431; x_wconf 73' lang='lat'><strong>25);</strong></span> <span class='ocrx_word' id='word_1_674' title='bbox 3276 2360 3416 2430; x_wconf 88' lang='lat' dir='ltr'><strong>quod</strong></span> <span class='ocrx_word' id='word_1_675' title='bbox 3444 2376 3572 2415; x_wconf 83' lang='lat' dir='ltr'><strong>vero</strong></span> <span class='ocrx_word' id='word_1_676' title='bbox 3601 2376 3798 2430; x_wconf 74' lang='lat' dir='ltr'><strong>posses-</strong></span> 
     </span>
    </p>
   </div>
   <div class='ocr_carea' id='block_1_86' title="bbox 2236 2454 3791 2524">
    <p class='ocr_par' dir='ltr' id='par_1_86' title="bbox 2236 2454 3791 2524">
     <span class='ocr_line' id='line_1_86' title="bbox 2236 2454 3791 2524; baseline 0 -19"><span class='ocrx_word' id='word_1_677' title='bbox 2236 2454 2315 2506; x_wconf 90' lang='lat' dir='ltr'><strong>sio</strong></span> <span class='ocrx_word' id='word_1_678' title='bbox 2360 2467 2541 2507; x_wconf 92' lang='lat' dir='ltr'><strong>eorum</strong></span> <span class='ocrx_word' id='word_1_679' title='bbox 2588 2454 2706 2524; x_wconf 90' lang='lat' dir='ltr'><strong>igne</strong></span> <span class='ocrx_word' id='word_1_680' title='bbox 2758 2463 2986 2509; x_wconf 85' lang='lat' dir='ltr'><strong>cremata</strong></span> <span class='ocrx_word' id='word_1_681' title='bbox 3036 2454 3121 2518; x_wconf 90' lang='lat' dir='ltr'><strong>sit,</strong></span> <span class='ocrx_word' id='word_1_682' title='bbox 3171 2454 3388 2509; x_wconf 88' lang='lat' dir='ltr'><strong>omnino</strong></span> <span class='ocrx_word' id='word_1_683' title='bbox 3440 2468 3543 2507; x_wconf 90' lang='lat' dir='ltr'><strong>non</strong></span> <span class='ocrx_word' id='word_1_684' title='bbox 3598 2454 3791 2519; x_wconf 73' lang='lat' dir='ltr'><strong>ligitur.</strong></span> 
     </span>
    </p>
   </div>
   <div class='ocr_carea' id='block_1_87' title="bbox 2235 2542 3796 2614">
    <p class='ocr_par' dir='ltr' id='par_1_87' title="bbox 2235 2542 3796 2614">
     <span class='ocr_line' id='line_1_87' title="bbox 2235 2542 3796 2614; baseline -0.001 -17"><span class='ocrx_word' id='word_1_685' title='bbox 2235 2542 2483 2611; x_wconf 83' lang='lat' dir='ltr'><strong>Quamvis</strong></span> <span class='ocrx_word' id='word_1_686' title='bbox 2512 2559 2667 2600; x_wconf 75' lang='lat' dir='ltr'><strong>voces</strong></span> <span class='ocrx_word' id='word_1_687' title='bbox 2707 2553 2760 2600; x_wconf 91' lang='lat' dir='ltr'><strong>et</strong></span> <span class='ocrx_word' id='word_1_688' title='bbox 2786 2544 2932 2614; x_wconf 83' lang='lat' dir='ltr'><strong>ignes</strong></span> <span class='ocrx_word' id='word_1_689' title='bbox 2973 2560 3090 2599; x_wconf 89' lang='lat' dir='ltr'><strong>cum</strong></span> <span class='ocrx_word' id='word_1_690' title='bbox 3128 2543 3381 2613; x_wconf 81' lang='lat' dir='ltr'><strong>grandine</strong></span> <span class='ocrx_word' id='word_1_691' title='bbox 3425 2544 3633 2607; x_wconf 84' lang='lat' dir='ltr'><strong>ﬁerent,</strong></span> <span class='ocrx_word' id='word_1_692' title='bbox 3670 2543 3796 2597; x_wconf 66' lang='lat' dir='ltr'><strong>sicut</strong></span> 
     </span>
    </p>
   </div>
   <div class='ocr_carea' id='block_1_88' title="bbox 2237 2636 3793 2707">
    <p class='ocr_par' dir='ltr' id='par_1_88' title="bbox 2237 2636 3793 2707">
     <span class='ocr_line' id='line_1_88' title="bbox 2237 2636 3793 2707; baseline -0.003 -15"><span class='ocrx_word' id='word_1_693' title='bbox 2237 2637 2460 2692; x_wconf 89' lang='lat' dir='ltr'><strong>tonitrua</strong></span> <span class='ocrx_word' id='word_1_694' title='bbox 2489 2652 2606 2692; x_wconf 90' lang='lat' dir='ltr'><strong>cum</strong></span> <span class='ocrx_word' id='word_1_695' title='bbox 2634 2636 2926 2707; x_wconf 85' lang='lat' dir='ltr'><strong>fulgoribus</strong></span> <span class='ocrx_word' id='word_1_696' title='bbox 2950 2638 3155 2699; x_wconf 89' lang='lat' dir='ltr'><strong>solent;</strong></span> <span class='ocrx_word' id='word_1_697' title='bbox 3200 2650 3304 2691; x_wconf 91' lang='lat' dir='ltr'><strong>non</strong></span> <span class='ocrx_word' id='word_1_698' title='bbox 3336 2645 3512 2691; x_wconf 90' lang='lat' dir='ltr'><strong>tamen</strong></span> <span class='ocrx_word' id='word_1_699' title='bbox 3551 2636 3793 2707; x_wconf 86' lang='lat' dir='ltr'><strong>scriptum</strong></span> 
     </span>
    </p>
   </div>
   <div class='ocr_carea' id='block_1_89' title="bbox 2234 2726 3793 2800">
    <p class='ocr_par' dir='ltr' id='par_1_89' title="bbox 2234 2726 3793 2800">
     <span class='ocr_line' id='line_1_89' title="bbox 2234 2726 3793 2800; baseline -0.003 -18"><span class='ocrx_word' id='word_1_700' title='bbox 2234 2735 2315 2782; x_wconf 90' lang='lat' dir='ltr'><strong>est</strong></span> <span class='ocrx_word' id='word_1_701' title='bbox 2340 2727 2535 2800; x_wconf 89' lang='lat' dir='ltr'><strong>aliquid</strong></span> <span class='ocrx_word' id='word_1_702' title='bbox 2558 2726 2801 2782; x_wconf 91' lang='lat' dir='ltr'><strong>traditum</strong></span> <span class='ocrx_word' id='word_1_703' title='bbox 2832 2728 2938 2798; x_wconf 87' lang='lat' dir='ltr'><strong>igni</strong></span> <span class='ocrx_word' id='word_1_704' title='bbox 2978 2736 3034 2781; x_wconf 89' lang='lat' dir='ltr'><strong>ut</strong></span> <span class='ocrx_word' id='word_1_705' title='bbox 3067 2727 3303 2783; x_wconf 88' lang='lat' dir='ltr'><strong>arderet.</strong></span> <span class='ocrx_word' id='word_1_706' title='bbox 3353 2729 3585 2797; x_wconf 88' lang='lat' dir='ltr'><strong>Denique</strong></span> <span class='ocrx_word' id='word_1_707' title='bbox 3626 2726 3793 2780; x_wconf 74' lang='lat' dir='ltr'><strong>mollia</strong></span> 
     </span>
    </p>
   </div>
   <div class='ocr_carea' id='block_1_90' title="bbox 2233 2802 3796 2889">
    <p class='ocr_par' dir='ltr' id='par_1_90' title="bbox 2233 2802 3796 2889">
     <span class='ocr_line' id='line_1_90' title="bbox 2233 2802 3796 2889; baseline 0.001 -18"><span class='ocrx_word' id='word_1_708' title='bbox 2233 2833 2351 2889; x_wconf 62' lang='lat' dir='ltr'><strong>qua:</strong></span> <span class='ocrx_word' id='word_1_709' title='bbox 2397 2817 2587 2873; x_wconf 70' lang='lat' dir='ltr'><strong>lmdere</strong></span> <span class='ocrx_word' id='word_1_710' title='bbox 2628 2819 2830 2889; x_wconf 89' lang='lat' dir='ltr'><strong>grando</strong></span> <span class='ocrx_word' id='word_1_711' title='bbox 2858 2833 2961 2874; x_wconf 91' lang='lat' dir='ltr'><strong>non</strong></span> <span class='ocrx_word' id='word_1_712' title='bbox 3007 2828 3232 2888; x_wconf 83' lang='lat' dir='ltr'><strong>poterat,</strong></span> <span class='ocrx_word' id='word_1_713' title='bbox 3256 2802 3510 2873; x_wconf 69' lang='lat' dir='ltr'><strong>dicuntur</strong></span> <span class='ocrx_word' id='word_1_714' title='bbox 3546 2834 3646 2873; x_wconf 89' lang='lat' dir='ltr'><strong>non</strong></span> <span class='ocrx_word' id='word_1_715' title='bbox 3678 2833 3796 2873; x_wconf 84' lang='lat' dir='ltr'><strong>esse</strong></span> 
     </span>
    </p>
   </div>
   <div class='ocr_carea' id='block_1_91' title="bbox 2233 2910 3793 2983">
    <p class='ocr_par' dir='ltr' id='par_1_91' title="bbox 2233 2910 3793 2983">
     <span class='ocr_line' id='line_1_91' title="bbox 2233 2910 3793 2983; baseline 0.001 -19"><span class='ocrx_word' id='word_1_716' title='bbox 2233 2924 2499 2979; x_wconf 86' lang='lat' dir='ltr'><strong>percussa,</strong></span> <span class='ocrx_word' id='word_1_717' title='bbox 2524 2911 2573 2966; x_wconf 92' lang='lat' dir='ltr'><strong>id</strong></span> <span class='ocrx_word' id='word_1_718' title='bbox 2602 2921 2702 2975; x_wconf 75' lang='lat' dir='ltr'><strong>est,</strong></span> <span class='ocrx_word' id='word_1_719' title='bbox 2734 2910 2877 2966; x_wconf 90' lang='lat' dir='ltr'><strong>duris</strong></span> <span class='ocrx_word' id='word_1_720' title='bbox 2898 2911 3088 2967; x_wconf 90' lang='lat' dir='ltr'><strong>ictibus</strong></span> <span class='ocrx_word' id='word_1_721' title='bbox 3116 2911 3274 2979; x_wconf 75' lang='lat' dir='ltr'><strong>lmsa;</strong></span> <span class='ocrx_word' id='word_1_722' title='bbox 3305 2928 3417 2983; x_wconf 68' lang='lat' dir='ltr'><strong>qua:</strong></span> <span class='ocrx_word' id='word_1_723' title='bbox 3445 2923 3619 2981; x_wconf 75' lang='lat' dir='ltr'><strong>postea</strong></span> <span class='ocrx_word' id='word_1_724' title='bbox 3643 2928 3793 2965; x_wconf 82' lang='lat' dir='ltr'><strong>eom-</strong></span> 
     </span>
    </p>
   </div>
   <div class='ocr_carea' id='block_1_92' title="bbox 2232 3001 3793 3074">
    <p class='ocr_par' dir='ltr' id='par_1_92' title="bbox 2232 3001 3793 3074">
     <span class='ocr_line' id='line_1_92' title="bbox 2232 3001 3793 3074; baseline 0 -18"><span class='ocrx_word' id='word_1_725' title='bbox 2232 3002 2341 3056; x_wconf 91' lang='lat' dir='ltr'><strong>edit</strong></span> <span class='ocrx_word' id='word_1_726' title='bbox 2390 3002 2588 3058; x_wconf 77' lang='lat' dir='ltr'><strong>locusta</strong></span> <span class='ocrx_word' id='word_1_727' title='bbox 2637 3001 2744 3074; x_wconf 85' lang='lat' dir='ltr'><strong>(Id.</strong></span> <span class='ocrx_word' id='word_1_728' title='bbox 2801 3018 2856 3069; x_wconf 68' lang='grc' dir='ltr'><strong>ι,</strong></span> <span class='ocrx_word' id='word_1_729' title='bbox 2902 3001 3075 3074; x_wconf 79' lang='grc'><strong>1-15).</strong></span> <span class='ocrx_word' id='word_1_730' title='bbox 3113 3001 3241 3056; x_wconf 90' lang='lat' dir='ltr'><strong>ltem</strong></span> <span class='ocrx_word' id='word_1_731' title='bbox 3285 3002 3414 3074; x_wconf 89' lang='lat' dir='ltr'><strong>quod</strong></span> <span class='ocrx_word' id='word_1_732' title='bbox 3455 3002 3540 3057; x_wconf 87' lang='lat' dir='ltr'><strong>hic</strong></span> <span class='ocrx_word' id='word_1_733' title='bbox 3578 3002 3793 3066; x_wconf 82' lang='lat' dir='ltr'><strong>dicitur,</strong></span> 
     </span>
    </p>
   </div>
   <div class='ocr_carea' id='block_1_93' title="bbox 2232 3090 3793 3165">
    <p class='ocr_par' dir='ltr' id='par_1_93' title="bbox 2232 3090 3793 3165">
     <span class='ocr_line' id='line_1_93' title="bbox 2232 3090 3793 3165; baseline -0.001 -15"><span class='ocrx_word' id='word_1_734' title='bbox 2232 3096 2301 3150; x_wconf 82' lang='lat' dir='ltr'><strong>Et</strong></span> <span class='ocrx_word' id='word_1_735' title='bbox 2319 3112 2483 3150; x_wconf 86' lang='lat' dir='ltr'><strong>moros</strong></span> <span class='ocrx_word' id='word_1_736' title='bbox 2512 3112 2679 3149; x_wconf 81' lang='lat' dir='ltr'><strong>eorum</strong></span> <span class='ocrx_word' id='word_1_737' title='bbox 2696 3095 2749 3148; x_wconf 86' lang='lat' dir='ltr'><strong>in</strong></span> <span class='ocrx_word' id='word_1_738' title='bbox 2780 3094 2982 3165; x_wconf 86' lang='lat' dir='ltr'><strong>pruina,</strong></span> <span class='ocrx_word' id='word_1_739' title='bbox 3014 3090 3117 3149; x_wconf 78' lang='lat' dir='ltr'><strong>nun</strong></span> <span class='ocrx_word' id='word_1_740' title='bbox 3140 3104 3224 3150; x_wconf 89' lang='lat' dir='ltr'><strong>est</strong></span> <span class='ocrx_word' id='word_1_741' title='bbox 3250 3096 3299 3149; x_wconf 89' lang='lat' dir='ltr'><strong>in</strong></span> <span class='ocrx_word' id='word_1_742' title='bbox 3329 3094 3508 3150; x_wconf 77' lang='lat' dir='ltr'><strong>Exodo</strong></span> <span class='ocrx_word' id='word_1_743' title='bbox 3535 3111 3547 3147; x_wconf 91' lang='lat'>:</span> <span class='ocrx_word' id='word_1_744' title='bbox 3574 3095 3793 3148; x_wconf 83' lang='lat' dir='ltr'><strong>multant</strong></span> 
     </span>
    </p>
   </div>
   <div class='ocr_carea' id='block_1_94' title="bbox 2231 3184 3791 3255">
    <p class='ocr_par' dir='ltr' id='par_1_94' title="bbox 2231 3184 3791 3255">
     <span class='ocr_line' id='line_1_94' title="bbox 2231 3184 3791 3255; baseline -0.003 -13"><span class='ocrx_word' id='word_1_745' title='bbox 2231 3189 2369 3242; x_wconf 85' lang='lat' dir='ltr'><strong>enim</strong></span> <span class='ocrx_word' id='word_1_746' title='bbox 2400 3187 2581 3255; x_wconf 86' lang='lat' dir='ltr'><strong>pruina</strong></span> <span class='ocrx_word' id='word_1_747' title='bbox 2610 3186 2766 3241; x_wconf 90' lang='lat' dir='ltr'><strong>distat</strong></span> <span class='ocrx_word' id='word_1_748' title='bbox 2790 3200 2821 3239; x_wconf 92' lang='lat' dir='ltr'><strong>a</strong></span> <span class='ocrx_word' id='word_1_749' title='bbox 2849 3184 3136 3255; x_wconf 84' lang='lat' dir='ltr'><strong>grandine;</strong></span> <span class='ocrx_word' id='word_1_750' title='bbox 3169 3201 3288 3239; x_wconf 89' lang='lat' dir='ltr'><strong>nam</strong></span> <span class='ocrx_word' id='word_1_751' title='bbox 3333 3187 3536 3241; x_wconf 89' lang='lat' dir='ltr'><strong>serenis</strong></span> <span class='ocrx_word' id='word_1_752' title='bbox 3559 3185 3791 3239; x_wconf 63' lang='lat' dir='ltr'><strong>trientali-</strong></span> 
     </span>
    </p>
   </div>
   <div class='ocr_carea' id='block_1_95' title="bbox 2232 3276 3242 3346">
    <p class='ocr_par' dir='ltr' id='par_1_95' title="bbox 2232 3276 3242 3346">
     <span class='ocr_line' id='line_1_95' title="bbox 2232 3276 3242 3346; baseline -0.002 -15"><span class='ocrx_word' id='word_1_753' title='bbox 2232 3278 2328 3333; x_wconf 91' lang='lat' dir='ltr'><strong>bus</strong></span> <span class='ocrx_word' id='word_1_754' title='bbox 2353 3278 2593 3331; x_wconf 88' lang='lat' dir='ltr'><strong>noctibus</strong></span> <span class='ocrx_word' id='word_1_755' title='bbox 2622 3277 2810 3346; x_wconf 85' lang='lat' dir='ltr'><strong>pruina</strong></span> <span class='ocrx_word' id='word_1_756' title='bbox 2830 3284 2967 3330; x_wconf 88' lang='lat' dir='ltr'><strong>terra</strong></span> <span class='ocrx_word' id='word_1_757' title='bbox 2994 3276 3242 3332; x_wconf 85' lang='lat' dir='ltr'><strong>canescit.</strong></span> 
     </span>
    </p>
   </div>
   <div class='ocr_carea' id='block_1_96' title="bbox 2299 3364 3791 3436">
    <p class='ocr_par' dir='ltr' id='par_1_96' title="bbox 2299 3364 3791 3436">
     <span class='ocr_line' id='line_1_96' title="bbox 2299 3364 3791 3436; baseline -0.001 -16"><span class='ocrx_word' id='word_1_758' title='bbox 2299 3367 2388 3421; x_wconf 76' lang='lat'><strong>‘27.</strong></span> <span class='ocrx_word' id='word_1_759' title='bbox 2441 3366 2577 3433; x_wconf 87' lang='lat' dir='ltr'><strong>Quid</strong></span> <span class='ocrx_word' id='word_1_760' title='bbox 2626 3380 2752 3436; x_wconf 89' lang='lat' dir='ltr'><strong>ergo</strong></span> <span class='ocrx_word' id='word_1_761' title='bbox 2782 3366 2880 3420; x_wconf 83' lang='lat' dir='ltr'><strong>ista</strong></span> <span class='ocrx_word' id='word_1_762' title='bbox 2920 3365 3235 3436; x_wconf 86' lang='lat' dir='ltr'><strong>signiﬁcent,</strong></span> <span class='ocrx_word' id='word_1_763' title='bbox 3282 3364 3424 3421; x_wconf 88' lang='lat' dir='ltr'><strong>dicat</strong></span> <span class='ocrx_word' id='word_1_764' title='bbox 3471 3376 3718 3421; x_wconf 80' lang='lat' dir='ltr'><strong>tractator</strong></span> <span class='ocrx_word' id='word_1_765' title='bbox 3742 3378 3791 3420; x_wconf 90' lang='lat' dir='ltr'><strong>ut</strong></span> 
     </span>
    </p>
   </div>
   <div class='ocr_carea' id='block_1_97' title="bbox 2200 3461 3786 3532">
    <p class='ocr_par' dir='ltr' id='par_1_97' title="bbox 2200 3461 3786 3532">
     <span class='ocr_line' id='line_1_97' title="bbox 2200 3461 3786 3532; baseline -0.001 -19"><span class='ocrx_word' id='word_1_766' title='bbox 2200 3473 2429 3532; x_wconf 49' lang='lat' dir='ltr'><strong>,potest;</strong></span> <span class='ocrx_word' id='word_1_767' title='bbox 2452 3461 2650 3532; x_wconf 89' lang='lat' dir='ltr'><strong>judicet</strong></span> <span class='ocrx_word' id='word_1_768' title='bbox 2673 3462 2838 3517; x_wconf 88' lang='lat' dir='ltr'><strong>lector</strong></span> <span class='ocrx_word' id='word_1_769' title='bbox 2864 3471 2917 3517; x_wconf 92' lang='lat' dir='ltr'><strong>et</strong></span> <span class='ocrx_word' id='word_1_770' title='bbox 2956 3461 3163 3515; x_wconf 90' lang='lat' dir='ltr'><strong>auditor</strong></span> <span class='ocrx_word' id='word_1_771' title='bbox 3207 3470 3265 3515; x_wconf 92' lang='lat' dir='ltr'><strong>ut</strong></span> <span class='ocrx_word' id='word_1_772' title='bbox 3280 3461 3483 3530; x_wconf 88' lang='lat' dir='ltr'><strong>justum</strong></span> <span class='ocrx_word' id='word_1_773' title='bbox 3510 3470 3606 3515; x_wconf 89' lang='lat' dir='ltr'><strong>est.</strong></span> <span class='ocrx_word' id='word_1_774' title='bbox 3643 3464 3786 3530; x_wconf 75' lang='lat' dir='ltr'><strong>Aqua</strong></span> 
     </span>
    </p>
   </div>
   <div class='ocr_carea' id='block_1_98' title="bbox 2229 3549 3791 3622">
    <p class='ocr_par' dir='ltr' id='par_1_98' title="bbox 2229 3549 3791 3622">
     <span class='ocr_line' id='line_1_98' title="bbox 2229 3549 3791 3622; baseline -0.003 -15"><span class='ocrx_word' id='word_1_775' title='bbox 2229 3554 2284 3607; x_wconf 85' lang='lat' dir='ltr'><strong>in</strong></span> <span class='ocrx_word' id='word_1_776' title='bbox 2306 3553 2614 3622; x_wconf 81' lang='lat' dir='ltr'><strong>sanguinem</strong></span> <span class='ocrx_word' id='word_1_777' title='bbox 2639 3566 2915 3617; x_wconf 89' lang='lat' dir='ltr'><strong>conversa,</strong></span> <span class='ocrx_word' id='word_1_778' title='bbox 2939 3552 3063 3605; x_wconf 85' lang='lat' dir='ltr'><strong>mihi</strong></span> <span class='ocrx_word' id='word_1_779' title='bbox 3084 3550 3295 3605; x_wconf 88' lang='lat' dir='ltr'><strong>videtur</strong></span> <span class='ocrx_word' id='word_1_780' title='bbox 3319 3550 3615 3619; x_wconf 87' lang='lat' dir='ltr'><strong>signiﬁcare</strong></span> <span class='ocrx_word' id='word_1_781' title='bbox 3639 3549 3703 3602; x_wconf 88' lang='lat' dir='ltr'><strong>de</strong></span> <span class='ocrx_word' id='word_1_782' title='bbox 3720 3564 3791 3603; x_wconf 86' lang='lat' dir='ltr'><strong>re-</strong></span> 
     </span>
    </p>
   </div>
   <div class='ocr_carea' id='block_1_99' title="bbox 2228 3641 3791 3713">
    <p class='ocr_par' dir='ltr' id='par_1_99' title="bbox 2228 3641 3791 3713">
     <span class='ocr_line' id='line_1_99' title="bbox 2228 3641 3791 3713; baseline -0.004 -14"><span class='ocrx_word' id='word_1_783' title='bbox 2228 3661 2343 3699; x_wconf 91' lang='lat' dir='ltr'><strong>rum</strong></span> <span class='ocrx_word' id='word_1_784' title='bbox 2365 3645 2538 3699; x_wconf 87' lang='lat' dir='ltr'><strong>causis</strong></span> <span class='ocrx_word' id='word_1_785' title='bbox 2566 3644 2765 3699; x_wconf 87' lang='lat' dir='ltr'><strong>sentire</strong></span> <span class='ocrx_word' id='word_1_786' title='bbox 2785 3642 3092 3698; x_wconf 88' lang='lat' dir='ltr'><strong>carnaliter.</strong></span> <span class='ocrx_word' id='word_1_787' title='bbox 3135 3641 3448 3713; x_wconf 80' lang='lat' dir='ltr'><strong>Cynomyia,</strong></span> <span class='ocrx_word' id='word_1_788' title='bbox 3479 3641 3651 3695; x_wconf 86' lang='lat' dir='ltr'><strong>canini</strong></span> <span class='ocrx_word' id='word_1_789' title='bbox 3680 3656 3791 3693; x_wconf 86' lang='lat' dir='ltr'><strong>mo-</strong></span> 
     </span>
    </p>
   </div>
   <div class='ocr_carea' id='block_1_100' title="bbox 2227 3733 3783 3805">
    <p class='ocr_par' dir='ltr' id='par_1_100' title="bbox 2227 3733 3783 3805">
     <span class='ocr_line' id='line_1_100' title="bbox 2227 3733 3783 3805; baseline -0.004 -15"><span class='ocrx_word' id='word_1_790' title='bbox 2227 3751 2314 3790; x_wconf 88' lang='lat' dir='ltr'><strong>res</strong></span> <span class='ocrx_word' id='word_1_791' title='bbox 2336 3744 2479 3799; x_wconf 90' lang='lat' dir='ltr'><strong>sunt,</strong></span> <span class='ocrx_word' id='word_1_792' title='bbox 2510 3735 2597 3805; x_wconf 91' lang='lat' dir='ltr'><strong>qui</strong></span> <span class='ocrx_word' id='word_1_793' title='bbox 2626 3750 2724 3790; x_wconf 87' lang='lat' dir='ltr'><strong>nec</strong></span> <span class='ocrx_word' id='word_1_794' title='bbox 2754 3742 2997 3804; x_wconf 88' lang='lat' dir='ltr'><strong>parentes</strong></span> <span class='ocrx_word' id='word_1_795' title='bbox 3019 3733 3229 3803; x_wconf 88' lang='lat' dir='ltr'><strong>quando</strong></span> <span class='ocrx_word' id='word_1_796' title='bbox 3259 3744 3571 3800; x_wconf 87' lang='lat' dir='ltr'><strong>nascuntur,</strong></span> <span class='ocrx_word' id='word_1_797' title='bbox 3599 3733 3783 3785; x_wconf 70' lang='lat' dir='ltr'><strong>vident</strong></span> 
     </span>
    </p>
   </div>
   <div class='ocr_carea' id='block_1_101' title="bbox 2228 3825 3787 3897">
    <p class='ocr_par' dir='ltr' id='par_1_101' title="bbox 2228 3825 3787 3897">
     <span class='ocr_line' id='line_1_101' title="bbox 2228 3825 3787 3897; baseline -0.003 -15"><span class='ocrx_word' id='word_1_798' title='bbox 2228 3828 2394 3892; x_wconf 84' lang='lat' dir='ltr'><strong>Rana,</strong></span> <span class='ocrx_word' id='word_1_799' title='bbox 2427 3836 2508 3882; x_wconf 92' lang='lat' dir='ltr'><strong>est</strong></span> <span class='ocrx_word' id='word_1_800' title='bbox 2534 3827 2899 3897; x_wconf 86' lang='lat' dir='ltr'><strong>loquacissima</strong></span> <span class='ocrx_word' id='word_1_801' title='bbox 2923 3827 3139 3880; x_wconf 82' lang='lat' dir='ltr'><strong>vanitas.</strong></span> <span class='ocrx_word' id='word_1_802' title='bbox 3163 3825 3365 3897; x_wconf 76' lang='lat' dir='ltr'><strong>Robigo</strong></span> <span class='ocrx_word' id='word_1_803' title='bbox 3383 3828 3593 3882; x_wconf 89' lang='lat' dir='ltr'><strong>occulte</strong></span> <span class='ocrx_word' id='word_1_804' title='bbox 3614 3838 3787 3888; x_wconf 73' lang='lat' dir='ltr'><strong>nocet;</strong></span> 
     </span>
    </p>
   </div>
   <div class='ocr_carea' id='block_1_102' title="bbox 2225 3918 3787 3989">
    <p class='ocr_par' dir='ltr' id='par_1_102' title="bbox 2225 3918 3787 3989">
     <span class='ocr_line' id='line_1_102' title="bbox 2225 3918 3787 3989; baseline 0.001 -18"><span class='ocrx_word' id='word_1_805' title='bbox 2225 3934 2380 3989; x_wconf 88' lang='lat' dir='ltr'><strong>quam</strong></span> <span class='ocrx_word' id='word_1_806' title='bbox 2401 3920 2558 3975; x_wconf 86' lang='lat' dir='ltr'><strong>etiam</strong></span> <span class='ocrx_word' id='word_1_807' title='bbox 2583 3919 2868 3988; x_wconf 74' lang='lat' dir='ltr'><strong>:eruginem</strong></span> <span class='ocrx_word' id='word_1_808' title='bbox 2893 3918 3127 3972; x_wconf 90' lang='lat' dir='ltr'><strong>nonnulli</strong></span> <span class='ocrx_word' id='word_1_809' title='bbox 3158 3919 3484 3987; x_wconf 82' lang='lat' dir='ltr'><strong>interpretati</strong></span> <span class='ocrx_word' id='word_1_810' title='bbox 3529 3932 3675 3983; x_wconf 88' lang='lat' dir='ltr'><strong>sunt,</strong></span> <span class='ocrx_word' id='word_1_811' title='bbox 3713 3920 3787 3973; x_wconf 84' lang='lat' dir='ltr'><strong>alii</strong></span> 
     </span>
    </p>
   </div>
   <div class='ocr_carea' id='block_1_103' title="bbox 2224 4009 3791 4079">
    <p class='ocr_par' dir='ltr' id='par_1_103' title="bbox 2224 4009 3791 4079">
     <span class='ocr_line' id='line_1_103' title="bbox 2224 4009 3791 4079; baseline -0.004 -11"><span class='ocrx_word' id='word_1_812' title='bbox 2224 4010 2518 4068; x_wconf 80' lang='lat' dir='ltr'><strong>caniculant</strong></span> <span class='ocrx_word' id='word_1_813' title='bbox 2545 4012 2562 4042; x_wconf 86' lang='grc'>¹</span> <span class='ocrx_word' id='word_1_814' title='bbox 2597 4009 2777 4079; x_wconf 89' lang='lat' dir='ltr'><strong>:quod</strong></span> <span class='ocrx_word' id='word_1_815' title='bbox 2805 4010 3000 4064; x_wconf 86' lang='lat' dir='ltr'><strong>malum</strong></span> <span class='ocrx_word' id='word_1_816' title='bbox 3039 4010 3122 4064; x_wconf 91' lang='lat' dir='ltr'><strong>cui</strong></span> <span class='ocrx_word' id='word_1_817' title='bbox 3148 4009 3389 4064; x_wconf 86' lang='lat' dir='ltr'><strong>vitiorum</strong></span> <span class='ocrx_word' id='word_1_818' title='bbox 3429 4014 3791 4079; x_wconf 20' lang='lat' dir='ltr'><strong>aptiusicmn-</strong></span> 
     </span>
    </p>
   </div>
   <div class='ocr_carea' id='block_1_104' title="bbox 2224 4100 3790 4171">
    <p class='ocr_par' dir='ltr' id='par_1_104' title="bbox 2224 4100 3790 4171">
     <span class='ocr_line' id='line_1_104' title="bbox 2224 4100 3790 4171; baseline 0 -16"><span class='ocrx_word' id='word_1_819' title='bbox 2224 4109 2457 4171; x_wconf 88' lang='lat' dir='ltr'><strong>paratur,</strong></span> <span class='ocrx_word' id='word_1_820' title='bbox 2477 4101 2576 4155; x_wconf 92' lang='lat' dir='ltr'><strong>nisi</strong></span> <span class='ocrx_word' id='word_1_821' title='bbox 2587 4100 2726 4170; x_wconf 89' lang='lat' dir='ltr'><strong>quod</strong></span> <span class='ocrx_word' id='word_1_822' title='bbox 2740 4101 3044 4155; x_wconf 83' lang='lat' dir='ltr'><strong>difﬁcillime</strong></span> <span class='ocrx_word' id='word_1_823' title='bbox 3058 4111 3292 4170; x_wconf 85' lang='lat' dir='ltr'><strong>apparet,</strong></span> <span class='ocrx_word' id='word_1_824' title='bbox 3311 4101 3460 4156; x_wconf 89' lang='lat' dir='ltr'><strong>sicuti</strong></span> <span class='ocrx_word' id='word_1_825' title='bbox 3473 4114 3558 4156; x_wconf 79' lang='lat' dir='ltr'><strong>est</strong></span> <span class='ocrx_word' id='word_1_826' title='bbox 3579 4106 3790 4157; x_wconf 79' lang='lat' dir='ltr'><strong>Itllllltlttl</strong></span> 
     </span>
    </p>
   </div>
   <div class='ocr_carea' id='block_1_105' title="bbox 2225 4190 3789 4263">
    <p class='ocr_par' dir='ltr' id='par_1_105' title="bbox 2225 4190 3789 4263">
     <span class='ocr_line' id='line_1_105' title="bbox 2225 4190 3789 4263; baseline 0 -15"><span class='ocrx_word' id='word_1_827' title='bbox 2225 4195 2293 4249; x_wconf 88' lang='lat' dir='ltr'><strong>de</strong></span> <span class='ocrx_word' id='word_1_828' title='bbox 2321 4208 2377 4248; x_wconf 88' lang='lat' dir='ltr'><strong>se</strong></span> <span class='ocrx_word' id='word_1_829' title='bbox 2401 4193 2605 4249; x_wconf 80' lang='lat' dir='ltr'><strong>fidere?</strong></span> <span class='ocrx_word' id='word_1_830' title='bbox 2634 4195 2774 4247; x_wconf 86' lang='lat' dir='ltr'><strong>Aura</strong></span> <span class='ocrx_word' id='word_1_831' title='bbox 2803 4204 2884 4249; x_wconf 89' lang='lat' dir='ltr'><strong>est</strong></span> <span class='ocrx_word' id='word_1_832' title='bbox 2908 4194 3046 4247; x_wconf 89' lang='lat' dir='ltr'><strong>enim</strong></span> <span class='ocrx_word' id='word_1_833' title='bbox 3069 4193 3243 4258; x_wconf 81' lang='lat' dir='ltr'><strong>noxia,</strong></span> <span class='ocrx_word' id='word_1_834' title='bbox 3271 4210 3387 4263; x_wconf 74' lang='lat' dir='ltr'><strong>qua:</strong></span> <span class='ocrx_word' id='word_1_835' title='bbox 3412 4194 3510 4247; x_wconf 87' lang='lat' dir='ltr'><strong>hoc</strong></span> <span class='ocrx_word' id='word_1_836' title='bbox 3532 4196 3588 4250; x_wconf 90' lang='lat' dir='ltr'><strong>in</strong></span> <span class='ocrx_word' id='word_1_837' title='bbox 3615 4190 3789 4250; x_wconf 86' lang='lat' dir='ltr'><strong>fructi-</strong></span> 
     </span>
    </p>
   </div>
   <div class='ocr_carea' id='block_1_106' title="bbox 2225 4284 3793 4353">
    <p class='ocr_par' dir='ltr' id='par_1_106' title="bbox 2225 4284 3793 4353">
     <span class='ocr_line' id='line_1_106' title="bbox 2225 4284 3793 4353; baseline 0.001 -15"><span class='ocrx_word' id='word_1_838' title='bbox 2225 4284 2322 4339; x_wconf 91' lang='lat' dir='ltr'><strong>bus</strong></span> <span class='ocrx_word' id='word_1_839' title='bbox 2350 4284 2573 4340; x_wconf 86' lang='lat' dir='ltr'><strong>latenter</strong></span> <span class='ocrx_word' id='word_1_840' title='bbox 2614 4294 2892 4353; x_wconf 88' lang='lat' dir='ltr'><strong>operatur;</strong></span> <span class='ocrx_word' id='word_1_841' title='bbox 2924 4285 3060 4339; x_wconf 86' lang='lat' dir='ltr'><strong>sicut</strong></span> <span class='ocrx_word' id='word_1_842' title='bbox 3108 4285 3160 4338; x_wconf 93' lang='lat' dir='ltr'><strong>in</strong></span> <span class='ocrx_word' id='word_1_843' title='bbox 3200 4286 3433 4339; x_wconf 83' lang='lat' dir='ltr'><strong>moribus</strong></span> <span class='ocrx_word' id='word_1_844' title='bbox 3451 4288 3667 4341; x_wconf 85' lang='lat' dir='ltr'><strong>occulta</strong></span> <span class='ocrx_word' id='word_1_845' title='bbox 3714 4304 3793 4341; x_wconf 89' lang='lat' dir='ltr'><strong>su-</strong></span> 
     </span>
    </p>
   </div>
   <div class='ocr_carea' id='block_1_107' title="bbox 2226 4374 3792 4446">
    <p class='ocr_par' dir='ltr' id='par_1_107' title="bbox 2226 4374 3792 4446">
     <span class='ocr_line' id='line_1_107' title="bbox 2226 4374 3792 4446; baseline 0 -16"><span class='ocrx_word' id='word_1_846' title='bbox 2226 4376 2422 4446; x_wconf 87' lang='lat' dir='ltr'><strong>perbia,</strong></span> <span class='ocrx_word' id='word_1_847' title='bbox 2453 4374 2663 4445; x_wconf 89' lang='lat' dir='ltr'><strong>quando</strong></span> <span class='ocrx_word' id='word_1_848' title='bbox 2691 4391 2748 4431; x_wconf 91' lang='lat' dir='ltr'><strong>se</strong></span> <span class='ocrx_word' id='word_1_849' title='bbox 2782 4375 3057 4446; x_wconf 89' lang='lat' dir='ltr'><strong>quisquam</strong></span> <span class='ocrx_word' id='word_1_850' title='bbox 3089 4385 3234 4445; x_wconf 86' lang='lat' dir='ltr'><strong>putat</strong></span> <span class='ocrx_word' id='word_1_851' title='bbox 3263 4376 3454 4445; x_wconf 89' lang='lat' dir='ltr'><strong>aliquid</strong></span> <span class='ocrx_word' id='word_1_852' title='bbox 3483 4392 3634 4441; x_wconf 88' lang='lat' dir='ltr'><strong>esse,</strong></span> <span class='ocrx_word' id='word_1_853' title='bbox 3678 4395 3792 4433; x_wconf 83' lang='lat' dir='ltr'><strong>cum</strong></span> 
     </span>
    </p>
   </div>
   <div class='ocr_carea' id='block_1_108' title="bbox 2224 4466 3791 4541">
    <p class='ocr_par' dir='ltr' id='par_1_108' title="bbox 2224 4466 3791 4541">
     <span class='ocr_line' id='line_1_108' title="bbox 2224 4466 3791 4541; baseline 0.001 -20"><span class='ocrx_word' id='word_1_854' title='bbox 2224 4468 2350 4521; x_wconf 84' lang='lat' dir='ltr'><strong>nihil</strong></span> <span class='ocrx_word' id='word_1_855' title='bbox 2378 4469 2444 4521; x_wconf 90' lang='lat' dir='ltr'><strong>sit</strong></span> <span class='ocrx_word' id='word_1_856' title='bbox 2468 4466 2606 4537; x_wconf 83' lang='lat' dir='ltr'><strong>(Gal.</strong></span> <span class='ocrx_word' id='word_1_857' title='bbox 2634 4483 2707 4532; x_wconf 74' lang='lat' dir='ltr'><strong>vr,</strong></span> <span class='ocrx_word' id='word_1_858' title='bbox 2734 4466 3056 4541; x_wconf 77' lang='lat' dir='ltr'><strong>3)._Locusta</strong></span> <span class='ocrx_word' id='word_1_859' title='bbox 3083 4476 3164 4521; x_wconf 90' lang='lat' dir='ltr'><strong>est</strong></span> <span class='ocrx_word' id='word_1_860' title='bbox 3194 4468 3385 4520; x_wconf 88' lang='lat' dir='ltr'><strong>malitia</strong></span> <span class='ocrx_word' id='word_1_861' title='bbox 3429 4482 3526 4522; x_wconf 88' lang='lat' dir='ltr'><strong>ore</strong></span> <span class='ocrx_word' id='word_1_862' title='bbox 3576 4469 3791 4533; x_wconf 65' lang='lat' dir='ltr'><strong>lardens,</strong></span> 
     </span>
    </p>
   </div>
   <div class='ocr_carea' id='block_1_109' title="bbox 2222 4555 3791 4626">
    <p class='ocr_par' dir='ltr' id='par_1_109' title="bbox 2222 4555 3791 4626">
     <span class='ocr_line' id='line_1_109' title="bbox 2222 4555 3791 4626; baseline -0.001 -13"><span class='ocrx_word' id='word_1_863' title='bbox 2222 4557 2419 4613; x_wconf 84' lang='lat' dir='ltr'><strong>inﬁdeli</strong></span> <span class='ocrx_word' id='word_1_864' title='bbox 2470 4558 2670 4612; x_wconf 89' lang='lat' dir='ltr'><strong>scilicet</strong></span> <span class='ocrx_word' id='word_1_865' title='bbox 2717 4555 3038 4612; x_wconf 90' lang='lat' dir='ltr'><strong>testimonio.</strong></span> <span class='ocrx_word' id='word_1_866' title='bbox 3071 4555 3283 4610; x_wconf 83' lang='lat' dir='ltr'><strong>Grande</strong></span> <span class='ocrx_word' id='word_1_867' title='bbox 3311 4566 3391 4610; x_wconf 90' lang='lat' dir='ltr'><strong>est</strong></span> <span class='ocrx_word' id='word_1_868' title='bbox 3431 4556 3692 4626; x_wconf 88' lang='lat' dir='ltr'><strong>iniquitas</strong></span> <span class='ocrx_word' id='word_1_869' title='bbox 3717 4574 3791 4613; x_wconf 78' lang='lat' dir='ltr'><strong>res</strong></span> 
     </span>
    </p>
   </div>
   <div class='ocr_carea' id='block_1_110' title="bbox 2221 4647 3791 4720">
    <p class='ocr_par' dir='ltr' id='par_1_110' title="bbox 2221 4647 3791 4720">
     <span class='ocr_line' id='line_1_110' title="bbox 2221 4647 3791 4720; baseline 0.001 -17"><span class='ocrx_word' id='word_1_870' title='bbox 2221 4649 2421 4705; x_wconf 88' lang='lat' dir='ltr'><strong>alienas</strong></span> <span class='ocrx_word' id='word_1_871' title='bbox 2447 4650 2725 4713; x_wconf 86' lang='lat' dir='ltr'><strong>auferens;</strong></span> <span class='ocrx_word' id='word_1_872' title='bbox 2745 4650 2882 4703; x_wconf 90' lang='lat' dir='ltr'><strong>unde</strong></span> <span class='ocrx_word' id='word_1_873' title='bbox 2908 4647 3062 4711; x_wconf 89' lang='lat' dir='ltr'><strong>furta,</strong></span> <span class='ocrx_word' id='word_1_874' title='bbox 3094 4651 3310 4717; x_wconf 77' lang='lat' dir='ltr'><strong>rapinzr,</strong></span> <span class='ocrx_word' id='word_1_875' title='bbox 3336 4649 3791 4720; x_wconf 61' lang='lat' dir='ltr'><strong>pratdationesque</strong></span> 
     </span>
    </p>
   </div>
   <div class='ocr_carea' id='block_1_111' title="bbox 2223 4741 3793 4811">
    <p class='ocr_par' dir='ltr' id='par_1_111' title="bbox 2223 4741 3793 4811">
     <span class='ocr_line' id='line_1_111' title="bbox 2223 4741 3793 4811; baseline 0 -16"><span class='ocrx_word' id='word_1_876' title='bbox 2223 4751 2507 4797; x_wconf 89' lang='lat' dir='ltr'><strong>nascuntur</strong></span> <span class='ocrx_word' id='word_1_877' title='bbox 2533 4759 2546 4794; x_wconf 90' lang='lat'><strong>:</strong></span> <span class='ocrx_word' id='word_1_878' title='bbox 2580 4741 2695 4811; x_wconf 89' lang='lat' dir='ltr'><strong>plus</strong></span> <span class='ocrx_word' id='word_1_879' title='bbox 2732 4752 2908 4796; x_wconf 84' lang='lat' dir='ltr'><strong>autem</strong></span> <span class='ocrx_word' id='word_1_880' title='bbox 2946 4741 3072 4795; x_wconf 89' lang='lat' dir='ltr'><strong>vitio</strong></span> <span class='ocrx_word' id='word_1_881' title='bbox 3098 4756 3192 4795; x_wconf 88' lang='lat' dir='ltr'><strong>suo</strong></span> <span class='ocrx_word' id='word_1_882' title='bbox 3223 4750 3450 4795; x_wconf 74' lang='lat' dir='ltr'><strong>vastatur</strong></span> <span class='ocrx_word' id='word_1_883' title='bbox 3473 4742 3597 4810; x_wconf 87' lang='lat' dir='ltr'><strong>ipse</strong></span> <span class='ocrx_word' id='word_1_884' title='bbox 3625 4754 3793 4797; x_wconf 75' lang='lat' dir='ltr'><strong>vasta-</strong></span> 
     </span>
    </p>
   </div>
   <div class='ocr_carea' id='block_1_112' title="bbox 2223 4830 3791 4905">
    <p class='ocr_par' dir='ltr' id='par_1_112' title="bbox 2223 4830 3791 4905">
     <span class='ocr_line' id='line_1_112' title="bbox 2223 4830 3791 4905; baseline -0.001 -19"><span class='ocrx_word' id='word_1_885' title='bbox 2223 4844 2327 4887; x_wconf 87' lang='lat' dir='ltr'><strong>tor.</strong></span> <span class='ocrx_word' id='word_1_886' title='bbox 2354 4833 2542 4887; x_wconf 73' lang='lat' dir='ltr'><strong>I‘ruina</strong></span> <span class='ocrx_word' id='word_1_887' title='bbox 2590 4832 2849 4899; x_wconf 72' lang='lat' dir='ltr'><strong>significat</strong></span> <span class='ocrx_word' id='word_1_888' title='bbox 2891 4830 3095 4905; x_wconf 73' lang='lat' dir='ltr'><strong>vitium,</strong></span> <span class='ocrx_word' id='word_1_889' title='bbox 3144 4847 3247 4902; x_wconf 89' lang='lat' dir='ltr'><strong>quo</strong></span> <span class='ocrx_word' id='word_1_890' title='bbox 3284 4831 3516 4885; x_wconf 73' lang='lat' dir='ltr'><strong>Charitas</strong></span> <span class='ocrx_word' id='word_1_891' title='bbox 3571 4834 3791 4903; x_wconf 77' lang='lat' dir='ltr'><strong>proximi</strong></span> 
     </span>
    </p>
   </div>
   <div class='ocr_carea' id='block_1_113' title="bbox 2221 4921 3787 4996">
    <p class='ocr_par' dir='ltr' id='par_1_113' title="bbox 2221 4921 3787 4996">
     <span class='ocr_line' id='line_1_113' title="bbox 2221 4921 3787 4996; baseline -0.001 -18"><span class='ocrx_word' id='word_1_892' title='bbox 2221 4923 2454 4978; x_wconf 70' lang='lat' dir='ltr'><strong>stultitia:</strong></span> <span class='ocrx_word' id='word_1_893' title='bbox 2484 4925 2713 4978; x_wconf 83' lang='lat' dir='ltr'><strong>tenebris</strong></span> <span class='ocrx_word' id='word_1_894' title='bbox 2762 4923 2905 4976; x_wconf 80' lang='lat' dir='ltr'><strong>velut</strong></span> <span class='ocrx_word' id='word_1_895' title='bbox 2937 4932 3197 4977; x_wconf 85' lang='lat' dir='ltr'><strong>nocturno</strong></span> <span class='ocrx_word' id='word_1_896' title='bbox 3225 4921 3417 4992; x_wconf 84' lang='lat' dir='ltr'><strong>frigore</strong></span> <span class='ocrx_word' id='word_1_897' title='bbox 3446 4926 3787 4996; x_wconf 80' lang='lat' dir='ltr'><strong>congelascit.</strong></span> 
     </span>
    </p>
   </div>
   <div class='ocr_carea' id='block_1_114' title="bbox 2221 5013 3791 5085">
    <p class='ocr_par' dir='ltr' id='par_1_114' title="bbox 2221 5013 3791 5085">
     <span class='ocr_line' id='line_1_114' title="bbox 2221 5013 3791 5085; baseline -0.001 -17"><span class='ocrx_word' id='word_1_898' title='bbox 2221 5014 2357 5085; x_wconf 81' lang='lat' dir='ltr'><strong>Ignis</strong></span> <span class='ocrx_word' id='word_1_899' title='bbox 2377 5030 2521 5077; x_wconf 85' lang='lat' dir='ltr'><strong>vero,</strong></span> <span class='ocrx_word' id='word_1_900' title='bbox 2549 5014 2592 5066; x_wconf 85' lang='lat' dir='ltr'><strong>si</strong></span> <span class='ocrx_word' id='word_1_901' title='bbox 2617 5030 2718 5067; x_wconf 89' lang='lat' dir='ltr'><strong>non</strong></span> <span class='ocrx_word' id='word_1_902' title='bbox 2750 5014 2835 5067; x_wconf 87' lang='lat' dir='ltr'><strong>ille</strong></span> <span class='ocrx_word' id='word_1_903' title='bbox 2873 5013 2959 5067; x_wconf 93' lang='lat' dir='ltr'><strong>hie</strong></span> <span class='ocrx_word' id='word_1_904' title='bbox 2987 5024 3427 5067; x_wconf 82' lang='lat' dir='ltr'><strong>commemoratur</strong></span> <span class='ocrx_word' id='word_1_905' title='bbox 3448 5015 3545 5083; x_wconf 91' lang='lat' dir='ltr'><strong>qui</strong></span> <span class='ocrx_word' id='word_1_906' title='bbox 3600 5025 3715 5069; x_wconf 82' lang='lat' dir='ltr'><strong>erat</strong></span> <span class='ocrx_word' id='word_1_907' title='bbox 3745 5016 3791 5067; x_wconf 89' lang='lat' dir='ltr'><strong>in</strong></span> 
     </span>
    </p>
   </div>
   <div class='ocr_carea' id='block_1_115' title="bbox 2219 5105 3790 5178">
    <p class='ocr_par' dir='ltr' id='par_1_115' title="bbox 2219 5105 3790 5178">
     <span class='ocr_line' id='line_1_115' title="bbox 2219 5105 3790 5178; baseline -0.001 -17"><span class='ocrx_word' id='word_1_908' title='bbox 2219 5108 2472 5178; x_wconf 88' lang='lat' dir='ltr'><strong>grandine</strong></span> <span class='ocrx_word' id='word_1_909' title='bbox 2498 5112 2561 5162; x_wconf 64' lang='lat' dir='ltr'><strong>eis</strong></span> <span class='ocrx_word' id='word_1_910' title='bbox 2586 5105 2967 5177; x_wconf 83' lang='lat' dir='ltr'><strong>fulgurantibus</strong></span> <span class='ocrx_word' id='word_1_911' title='bbox 2995 5106 3242 5172; x_wconf 89' lang='lat' dir='ltr'><strong>nubibus,</strong></span> <span class='ocrx_word' id='word_1_912' title='bbox 3260 5106 3507 5176; x_wconf 86' lang='lat' dir='ltr'><strong>quoniam</strong></span> <span class='ocrx_word' id='word_1_913' title='bbox 3536 5107 3627 5162; x_wconf 90' lang='lat' dir='ltr'><strong>hic</strong></span> <span class='ocrx_word' id='word_1_914' title='bbox 3644 5109 3790 5171; x_wconf 79' lang='lat' dir='ltr'><strong>dixit,</strong></span> 
     </span>
    </p>
   </div>
   <div class='ocr_carea' id='block_1_116' title="bbox 2225 5195 3786 5266">
    <p class='ocr_par' dir='ltr' id='par_1_116' title="bbox 2225 5195 3786 5266">
     <span class='ocr_line' id='line_1_116' title="bbox 2225 5195 3786 5266; baseline -0.002 -14"><span class='ocrx_word' id='word_1_915' title='bbox 2225 5198 2450 5252; x_wconf 83' lang='lat' dir='ltr'><strong>Tradidit</strong></span> <span class='ocrx_word' id='word_1_916' title='bbox 2482 5198 2838 5266; x_wconf 82' lang='lat' dir='ltr'><strong>possessionem</strong></span> <span class='ocrx_word' id='word_1_917' title='bbox 2882 5212 3053 5249; x_wconf 83' lang='lat' dir='ltr'><strong>eorum</strong></span> <span class='ocrx_word' id='word_1_918' title='bbox 3081 5197 3221 5265; x_wconf 80' lang='lat' dir='ltr'><strong>igni;</strong></span> <span class='ocrx_word' id='word_1_919' title='bbox 3258 5195 3341 5248; x_wconf 88' lang='lat' dir='ltr'><strong>ubi</strong></span> <span class='ocrx_word' id='word_1_920' title='bbox 3371 5210 3485 5249; x_wconf 85' lang='lat' dir='ltr'><strong>eam</strong></span> <span class='ocrx_word' id='word_1_921' title='bbox 3529 5198 3786 5266; x_wconf 77' lang='lat' dir='ltr'><strong>signiﬁcat</strong></span> 
     </span>
    </p>
   </div>
   <div class='ocr_carea' id='block_1_117' title="bbox 2219 5286 3784 5360">
    <p class='ocr_par' dir='ltr' id='par_1_117' title="bbox 2219 5286 3784 5360">
     <span class='ocr_line' id='line_1_117' title="bbox 2219 5286 3784 5360; baseline -0.003 -18"><span class='ocrx_word' id='word_1_922' title='bbox 2219 5290 2397 5358; x_wconf 90' lang='lat' dir='ltr'><strong>utique</strong></span> <span class='ocrx_word' id='word_1_923' title='bbox 2428 5289 2715 5351; x_wconf 86' lang='lat' dir='ltr'><strong>incensam,</strong></span> <span class='ocrx_word' id='word_1_924' title='bbox 2760 5287 2911 5360; x_wconf 42' lang='lat' dir='ltr'><strong>quod.</strong></span> <span class='ocrx_word' id='word_1_925' title='bbox 2965 5287 3097 5356; x_wconf 87' lang='lat' dir='ltr'><strong>ignis</strong></span> <span class='ocrx_word' id='word_1_926' title='bbox 3152 5286 3235 5341; x_wconf 88' lang='lat' dir='ltr'><strong>ille</strong></span> <span class='ocrx_word' id='word_1_927' title='bbox 3281 5286 3465 5341; x_wconf 81' lang='lat' dir='ltr'><strong>fecisse</strong></span> <span class='ocrx_word' id='word_1_928' title='bbox 3510 5304 3621 5342; x_wconf 84' lang='lat' dir='ltr'><strong>non</strong></span> <span class='ocrx_word' id='word_1_929' title='bbox 3669 5288 3784 5356; x_wconf 78' lang='lat' dir='ltr'><strong>legi-</strong></span> 
     </span>
    </p>
   </div>
   <div class='ocr_carea' id='block_1_118' title="bbox 2221 5378 3789 5449">
    <p class='ocr_par' dir='ltr' id='par_1_118' title="bbox 2221 5378 3789 5449">
     <span class='ocr_line' id='line_1_118' title="bbox 2221 5378 3789 5449; baseline -0.002 -14"><span class='ocrx_word' id='word_1_930' title='bbox 2221 5391 2303 5436; x_wconf 90' lang='lat' dir='ltr'><strong>tur</strong></span> <span class='ocrx_word' id='word_1_931' title='bbox 2330 5399 2342 5433; x_wconf 89' lang='lat'>:</span> <span class='ocrx_word' id='word_1_932' title='bbox 2369 5381 2743 5435; x_wconf 82' lang='lat' dir='ltr'><strong>immanitatem</strong></span> <span class='ocrx_word' id='word_1_933' title='bbox 2775 5394 2900 5449; x_wconf 79' lang='lat' dir='ltr'><strong>ergo</strong></span> <span class='ocrx_word' id='word_1_934' title='bbox 2930 5378 3216 5435; x_wconf 68' lang='lat' dir='ltr'><strong>iracundia)</strong></span> <span class='ocrx_word' id='word_1_935' title='bbox 3242 5378 3368 5432; x_wconf 88' lang='lat' dir='ltr'><strong>mihi</strong></span> <span class='ocrx_word' id='word_1_936' title='bbox 3393 5379 3612 5433; x_wconf 62' lang='lat' dir='ltr'><strong>ridetur</strong></span> <span class='ocrx_word' id='word_1_937' title='bbox 3628 5381 3789 5448; x_wconf 72' lang='lat' dir='ltr'><strong>signi-</strong></span> 
     </span>
    </p>
   </div>
   <div class='ocr_carea' id='block_1_119' title="bbox 2223 5462 3787 5541">
    <p class='ocr_par' dir='ltr' id='par_1_119' title="bbox 2223 5462 3787 5541">
     <span class='ocr_line' id='line_1_119' title="bbox 2223 5462 3787 5541; baseline -0.001 -14"><span class='ocrx_word' id='word_1_938' title='bbox 2223 5474 2414 5535; x_wconf 71' lang='lat' dir='ltr'><strong>ﬁcaret</strong></span> <span class='ocrx_word' id='word_1_939' title='bbox 2457 5487 2558 5541; x_wconf 89' lang='lat' dir='ltr'><strong>qua</strong></span> <span class='ocrx_word' id='word_1_940' title='bbox 2616 5479 2671 5524; x_wconf 92' lang='lat' dir='ltr'><strong>et</strong></span> <span class='ocrx_word' id='word_1_941' title='bbox 2732 5470 3067 5525; x_wconf 82' lang='lat' dir='ltr'><strong>homicidium</strong></span> <span class='ocrx_word' id='word_1_942' title='bbox 3112 5462 3313 5523; x_wconf 82' lang='lat' dir='ltr'><strong>admitti</strong></span> <span class='ocrx_word' id='word_1_943' title='bbox 3368 5479 3564 5539; x_wconf 86' lang='lat' dir='ltr'><strong>potest.</strong></span> <span class='ocrx_word' id='word_1_944' title='bbox 3618 5470 3787 5525; x_wconf 75' lang='lat' dir='ltr'><strong>Morte</strong></span> 
     </span>
    </p>
   </div>
   <div class='ocr_carea' id='block_1_120' title="bbox 2220 5552 3786 5633">
    <p class='ocr_par' dir='ltr' id='par_1_120' title="bbox 2220 5552 3786 5633">
     <span class='ocr_line' id='line_1_120' title="bbox 2220 5552 3786 5633; baseline -0.002 -17"><span class='ocrx_word' id='word_1_945' title='bbox 2220 5577 2468 5633; x_wconf 88' lang='lat' dir='ltr'><strong>pecorum</strong></span> <span class='ocrx_word' id='word_1_946' title='bbox 2510 5552 2782 5630; x_wconf 85' lang='lat' dir='ltr'><strong>ﬁguratum</strong></span> <span class='ocrx_word' id='word_1_947' title='bbox 2830 5573 2929 5625; x_wconf 89' lang='lat' dir='ltr'><strong>est,</strong></span> <span class='ocrx_word' id='word_1_948' title='bbox 2961 5569 3212 5629; x_wconf 88' lang='lat' dir='ltr'><strong>qnantmn</strong></span> <span class='ocrx_word' id='word_1_949' title='bbox 3253 5560 3501 5622; x_wconf 83' lang='lat' dir='ltr'><strong>arbitror,</strong></span> <span class='ocrx_word' id='word_1_950' title='bbox 3533 5560 3786 5616; x_wconf 85' lang='lat' dir='ltr'><strong>damnum</strong></span> 
     </span>
    </p>
   </div>
   <div class='ocr_carea' id='block_1_121' title="bbox 2221 5652 3786 5726">
    <p class='ocr_par' dir='ltr' id='par_1_121' title="bbox 2221 5652 3786 5726">
     <span class='ocr_line' id='line_1_121' title="bbox 2221 5652 3786 5726; baseline -0.001 -19"><span class='ocrx_word' id='word_1_951' title='bbox 2221 5656 2506 5726; x_wconf 73' lang='lat' dir='ltr'><strong>pudicitim.</strong></span> <span class='ocrx_word' id='word_1_952' title='bbox 2535 5654 3022 5723; x_wconf 86' lang='lat' dir='ltr'><strong>Concupiscentiam</strong></span> <span class='ocrx_word' id='word_1_953' title='bbox 3049 5653 3261 5725; x_wconf 79' lang='lat' dir='ltr'><strong>quippe,</strong></span> <span class='ocrx_word' id='word_1_954' title='bbox 3289 5666 3389 5723; x_wconf 80' lang='lat' dir='ltr'><strong>qua</strong></span> <span class='ocrx_word' id='word_1_955' title='bbox 3433 5652 3576 5707; x_wconf 80' lang='lat' dir='ltr'><strong>fetus</strong></span> <span class='ocrx_word' id='word_1_956' title='bbox 3607 5654 3786 5708; x_wconf 71' lang='lat' dir='ltr'><strong>exori-</strong></span> 
     </span>
    </p>
   </div>
   <div class='ocr_carea' id='block_1_122' title="bbox 2284 5785 2971 5852">
    <p class='ocr_par' dir='ltr' id='par_1_122' title="bbox 2284 5785 2971 5852">
     <span class='ocr_line' id='line_1_122' title="bbox 2284 5785 2971 5852; baseline -0.003 -13"><span class='ocrx_word' id='word_1_957' title='bbox 2284 5791 2301 5822; x_wconf 83' lang='grc'>¹</span> <span class='ocrx_word' id='word_1_958' title='bbox 2329 5789 2512 5852; x_wconf 77' lang='lat' dir='ltr'><strong>Aliquot</strong></span> <span class='ocrx_word' id='word_1_959' title='bbox 2537 5795 2664 5847; x_wconf 67' lang='lat' dir='ltr'><strong>Mss,</strong></span> <span class='ocrx_word' id='word_1_960' title='bbox 2688 5785 2971 5840; x_wconf 79' lang='lat' dir='ltr'><strong>cuniculum.</strong></span> 
     </span>
    </p>
   </div>
  </div>
