4020 6198
366 381 495 440 1001

364 508 472 564 tur,
496 509 835 552 communem
859 509 977 549 cum
1006 483 1285 563 pecoribus
1306 490 1582 546 habemus.
1609 492 1756 546 lianc
1774 492 1952 561 itaque

364 587 653 643 edomitam
685 587 882 641 habere
909 594 962 640 ct
999 584 1318 648 ordinatam,
1353 583 1619 653 pudicitia:
1651 585 1815 636 virtus
1850 591 1950 636 cst.

364 680 508 736 Mors
545 679 930 750 primitivorum
979 687 1061 732 est
1092 677 1308 730 amissio
1354 677 1518 745 ipsius
1553 675 1804 744 justitiae,
1850 689 1950 743 qua

365 772 590 841 quisque
621 769 856 824 humano
885 769 1065 839 generi
1097 767 1310 823 socialis
1341 777 1441 821 est.
1477 767 1583 821 Sed
1616 766 1728 821 sive
1774 765 1843 818 ita
1894 781 1952 818 se

366 860 597 916 habeant
637 861 822 914 harum
860 875 1038 914 rerum
1085 859 1321 928 ﬁguratae
1350 859 1788 928 significationes,
1838 857 1951 911 sive

365 951 520 1007 aliter
549 951 738 1006 melius
766 950 1154 1020 intelligantur;
1205 966 1361 1016 quem
1411 967 1514 1003 non
1557 957 1768 1004 moveat
1810 948 1948 1028 quod

365 1042 551 1097 decem
580 1041 748 1112 plagis
785 1042 1154 1110 percutiuntur
1194 1039 1453 1111 Egyptii,
1495 1049 1547 1094 et
1584 1040 1769 1095 decem
1817 1055 1947 1109 pra:-

366 1132 534 1200 ceptis
559 1132 861 1186 scribuntur
892 1130 1100 1196 tabulm,
1127 1130 1316 1199 quibus
1337 1139 1550 1201 regatur
1567 1131 1791 1200 populus
1820 1130 1950 1184 Dei?

369 1223 444 1278 De
473 1223 662 1293 quibus
703 1237 736 1278 e
772 1208 1040 1277 contrario
1075 1222 1212 1276 inter
1237 1236 1295 1276 se
1339 1221 1730 1292 comparandis,
1777 1220 1828 1274 id
1869 1230 1950 1277 est

367 1314 538 1384 plagis
565 1323 617 1368 et
643 1314 941 1384 pmceptis,
972 1314 1220 1382 queniam
1251 1313 1377 1368 alibi
1404 1313 1634 1368 diximus
1661 1314 1756 1386 (α),
1786 1329 1951 1382 expo-

307 1387 316 1394 ’
369 1405 616 1460 sitionem
663 1391 849 1475 psalmi
877 1405 1034 1474 hujus
1065 1407 1115 1458 in
1159 1406 1240 1460 bis
1269 1408 1496 1462 onerare
1537 1422 1641 1460 non
1667 1421 1800 1476 opus
1827 1416 1944 1461 est:

368 1504 570 1550 tantum
599 1495 945 1550 admonemus
965 1495 1086 1566 quia
1117 1506 1170 1550 et
1201 1496 1301 1558 hic,
1336 1497 1433 1551 etsi
1464 1512 1566 1550 non
1586 1496 1775 1552 eodem
1799 1495 1950 1550 ordi-

367 1604 454 1653 ne,
486 1588 672 1643 decem
701 1596 877 1642 tamen
926 1587 1294 1659 Egyptiorum
1330 1589 1494 1658 plaga:
1522 1578 1974 1643 commemoraui

369 1689 489 1743 tur;
511 1679 638 1734 dum
669 1693 764 1747 pro
792 1679 960 1734 tribus
989 1695 1106 1748 qua:
1134 1689 1260 1733 sunt
1289 1680 1338 1733 in
1367 1679 1554 1734 Exodo
1594 1678 1788 1750 (Exod.
1836 1695 1944 1742 vin,

368 1770 455 1834 17,
500 1783 575 1835 tx,
603 1768 691 1832 10,
737 1778 782 1822 et
810 1784 860 1833 Χ,
903 1767 1022 1840 22),
1050 1759 1103 1824 et
1151 1759 1238 1823 hic
1266 1776 1536 1834 ncn‘sunt,
1565 1769 1616 1823 id
1638 1777 1739 1832 est,
1783 1768 1946 1823 scini-

364 1859 515 1926 phes,
537 1858 736 1924 ulcera,
760 1859 1014 1923 tenebrae,
1041 1859 1158 1914 aliae
1188 1869 1296 1915 tres
1320 1867 1804 1914 commemorantur
1831 1875 1948 1929 qua:

363 1949 434 2002 ibi
463 1964 565 2004 non
596 1958 740 2016 sunt,
772 1949 823 2004 id
855 1958 958 2014 est,
987 1950 1195 2020 rubigo,
1227 1951 1414 2020 pruina
1441 1959 1496 2004 et
1526 1950 1682 2020 ignis,
1714 1965 1817 2003 non
1846 1952 1970 2003 ful-‘

362 2053 574 2108 gurum,
623 2037 716 2094 sed
763 2031 863 2093 cui
891 2039 1030 2094 dicta
1081 2047 1164 2094 est
1208 2039 1396 2094 tradita
1446 2038 1712 2109 possessio
1740 2054 1945 2105 eorum,

363 2128 502 2197 quod
526 2129 596 2184 ibi
621 2146 723 2184 non
751 2129 958 2201 legitur.

432 2221 524 2276 28.
566 2222 706 2277 Satis
725 2231 900 2277 autem
925 2223 1010 2277 hic
1031 2236 1343 2292 expressum
1367 2231 1468 2288 est,
1493 2221 1693 2292 judicio
1717 2222 1809 2277 Dei
1835 2221 1971 2276 ﬁcri'

364 2312 478 2367 haec
500 2313 551 2366 in
579 2313 680 2368 illis
705 2329 798 2383 per
817 2315 1035 2384 angelos
1057 2315 1246 2380 malos,
1271 2315 1321 2368 in
1347 2315 1448 2368 hoc
1470 2314 1668 2368 saeculo
1695 2316 1946 2382 maligno,

365 2409 613 2472 tanquam
640 2403 692 2457 in
719 2402 951 2476 Egypto
976 2415 1030 2459 et
1059 2404 1110 2458 in
1136 2418 1326 2473 campo
1354 2404 1623 2470 Thaueos,
1655 2403 1744 2458 ubi
1775 2402 1955 2456 Immi-

365 2495 440 2547 tes
472 2509 594 2550 esse
620 2495 898 2560 debemus,
931 2495 1102 2551 donec
1128 2495 1306 2550 veniat
1331 2494 1584 2550 saeculum
1616 2494 1703 2549 ubi
1726 2493 1950 2549 exaltari

363 2599 426 2640 cx
458 2585 557 2639 ista
585 2585 884 2642 humilitate
910 2602 1230 2642 mereamur.
1253 2587 1385 2642 Nam
1411 2586 1465 2642 et
1491 2586 1748 2657 Egyptus
1778 2586 1829 2641 in
1857 2585 1951 2640 hc-

367 2676 506 2729 braca
536 2677 712 2748 lingua
740 2677 1011 2732 Tenebras
1041 2678 1126 2732 vel
1156 2677 1550 2732 Tribulationes
1577 2677 1862 2748 signiﬁcat,
1898 2678 1949 2731 in

362 2781 466 2835 qua
491 2766 664 2837 lingua
687 2768 908 2836 Thanis,
937 2768 1074 2824 sicut
1100 2769 1538 2834 commemoravi,
1564 2768 1764 2823 humile
1790 2767 1950 2822 intel-

366 2855 547 2924 ligitur
575 2871 695 2912 esse
720 2857 1044 2912 Mandatum.
1089 2859 1164 2913 De
1191 2859 1394 2929 angelis
1427 2872 1555 2928 ergo
1582 2858 1735 2912 malis
1769 2857 1821 2910 in
1849 2856 1951 2911 isto

366 2946 588 3013 psalmo,
617 2961 738 3001 cum
769 2947 835 3002 de
865 2947 992 3018 ipsis
1016 2948 1182 3018 plagis
1212 2949 1538 3018 loqueretur,
1567 2947 1644 3002 sic
1671 2947 1952 3017 interposi-

367 3044 477 3088 tum
517 3045 636 3100 est,
681 3037 822 3105 quod
865 3053 968 3093 non
1017 3038 1320 3092 transitorie
1364 3036 1790 3106 przctereundum
1819 3045 1946 3092 est:

367 3120 511 3176 Misit
539 3125 591 3176 in
621 3140 704 3178 cos
723 3165 738 3189 ,
771 3124 972 3194 inquit,
1014 3127 1142 3180 iram
1170 3127 1530 3198 indignationis
1551 3141 1690 3192 sum;
1716 3127 1954 3194 indigna-

368 3212 551 3267 tionem
575 3223 622 3268 et
651 3215 802 3278 iram,
833 3223 876 3268 et
905 3217 1275 3271 tribulationem
1295 3260 1310 3284 ,
1339 3217 1716 3286 immissionem,
1744 3232 1834 3288 per
1854 3234 1952 3272 arv-

367 3306 504 3374 qelos
529 3305 708 3361 malos.
737 3307 870 3362 Esse
893 3317 1070 3365 autem
1096 3310 1361 3364 diabolum
1385 3319 1437 3365 et
1456 3309 1671 3380 angelos
1696 3309 1812 3380 ejus
1841 3317 1945 3364 tam

367 3395 535 3452 malos
565 3397 768 3468 utique,
798 3407 854 3452 ut
878 3400 955 3454 eis
983 3400 1116 3468 ignis
1146 3405 1471 3470 pr’mparetnr
1494 3407 1744 3465 aeternus,
1771 3399 1948 3453 nullus

367 3485 536 3541 ﬁdelis
563 3487 766 3558 ignorat
797 3505 811 3544 :
839 3489 931 3545 sed
961 3491 1170 3544 immitti
1203 3505 1296 3560 per
1325 3505 1415 3546 eos
1447 3490 1826 3545 immissionem
1853 3504 1947 3544 sue

367 3591 461 3643 per
483 3576 746 3646 quoslibet
772 3595 800 3632 a
834 3579 1058 3634 Domino
1089 3582 1236 3649 Deo,
1275 3596 1410 3651 quos
1438 3579 1538 3636 hac
1567 3597 1719 3649 parua
1744 3581 1947 3650 judicat

363 3663 550 3732 dignos
570 3705 585 3729 ,
619 3665 811 3720 durum
838 3667 1051 3724 videtur
1075 3671 1154 3725 eis
1181 3671 1268 3739 qui
1295 3672 1471 3725 minus
1497 3672 1672 3724 idonei
1700 3682 1824 3725 sunt
1850 3688 1944 3726 co-

371 3746 538 3814 gitare
564 3753 1010 3820 quemadmodum
1041 3769 1250 3809 summa
1277 3755 1365 3810 Dei
1391 3753 1594 3823 justitia
1622 3756 1757 3812 bene
1778 3765 1955 3822 utatur

369 3843 424 3890 et
447 3835 621 3890 malis.
667 3838 812 3905 Quos
836 3840 1049 3910 quidem
1073 3883 1088 3905 ,
1121 3851 1376 3911 quantum
1422 3843 1649 3912 pertinet
1673 3845 1738 3898 ad
1768 3859 1951 3900 eorum

368 3928 743 3995 substantiam,
788 3932 904 4001 quis
939 3932 1076 3986 alius
1105 3949 1262 4004 quam
1306 3934 1418 4005 ipse
1459 3935 1619 3990 fecit?
1654 3935 1758 3993 Sed
1785 3938 1952 3994 malos

367 4021 482 4089 ipse
509 4035 614 4074 non
645 4008 768 4076 fecit
799 4040 811 4075 :
842 4023 1005 4077 utitur
1035 4035 1209 4078 tamen
1241 4025 1341 4092 eis,
1370 4025 1619 4095 quoniam
1650 4028 1819 4082 bonus
1846 4037 1948 4094 est,

368 4108 526 4177 bene,
551 4109 603 4165 id
627 4121 708 4166 est
735 4113 1115 4168 convenienter
1141 4124 1196 4169 et
1211 4115 1389 4184 juste;
1421 4116 1558 4171 sicut
1582 4131 1620 4171 .e
1644 4124 1827 4171 contra
1853 4117 1950 4172 ini-

365 4200 455 4270 qui
484 4202 740 4257 creaturis
782 4203 897 4273 ejus
937 4202 1092 4259 bonis
1137 4213 1356 4260 utuntur
1399 4206 1556 4261 male.
1604 4206 1781 4263 Utitur
1821 4223 1951 4278 ergo

367 4291 506 4345 Deus
533 4291 737 4360 angelis
777 4295 928 4348 malis
948 4335 962 4358 ,
997 4311 1100 4349 non
1131 4297 1300 4350 solum
1331 4296 1396 4351 ad
1425 4297 1720 4367 puniendos
1748 4299 1947 4366 malos,

365 4380 518 4435 sicuti
536 4382 586 4436 in
606 4384 720 4438 istis
740 4385 986 4440 omnibus
1006 4386 1073 4441 de
1094 4387 1284 4456 quibus
1312 4389 1544 4459 loquitur
1560 4390 1822 4457 Psalmus,
1846 4393 1949 4448 sic-

366 4481 423 4526 ut
450 4473 498 4526 in
536 4488 658 4542 rege
691 4474 895 4541 Achab,
925 4492 1081 4547 quem
1125 4478 1340 4533 fallacia:
1368 4479 1584 4549 spiritus
1608 4497 1671 4536 ex
1711 4482 1801 4538 Dei
1852 4498 1942 4536 vo-

364 4559 564 4616 luntate
596 4563 806 4618 seduxit
832 4574 889 4619 ut
908 4565 1122 4621 caderet
1151 4567 1203 4621 in
1235 4567 1376 4623 bello
1403 4568 1490 4639 (Ill
1520 4569 1650 4640 Reg.
1673 4587 1801 4634 un,
1829 4571 1945 4643 22);

364 4669 548 4709 verum
577 4655 736 4710 etiam
767 4655 833 4710 ad
864 4657 1166 4727 probandos
1205 4667 1261 4713 et
1301 4659 1715 4716 manifestandos
1738 4662 1906 4717 bonos
1931 4704 1945 4727 ,

362 4747 518 4800 sicuti
546 4745 669 4802 fecit
695 4747 747 4801 in
776 4747 896 4802 Job.
925 4749 1076 4816 Quod
1104 4761 1279 4805 autem
1309 4753 1536 4821 pertinet
1559 4753 1625 4806 ad
1654 4753 1806 4808 istam
1837 4770 1949 4810 ma-

365 4836 550 4890 teriam
571 4839 901 4908 corporalem
925 4841 1208 4896 visibilium
1230 4841 1638 4916 elementorum,
1661 4853 1789 4913 puto
1809 4846 1948 4915 quod

367 4940 423 4978 ca
444 4936 665 4994 possunt
691 4929 766 4982 uti
794 4930 981 5000 Angeli
1001 4939 1053 4985 et
1083 4933 1205 4987 boni
1226 4941 1280 4988 et
1306 4934 1453 5000 mali,
1477 4941 1730 5016 quantum
1758 4937 1949 5006 cuique

366 5029 600 5086 potestas
620 5031 698 5077 est
720 5038 734 5086 ;
759 5023 1205 5093 quemadmodum
1228 5036 1282 5080 et
1305 5027 1546 5082 homines
1571 5027 1693 5082 boni
1720 5029 1948 5100 malique

367 5119 584 5164 ntnutur
614 5111 806 5166 talibus
826 5157 839 5175 ,
881 5126 1136 5184 quantum
1169 5129 1390 5185 possunt
1431 5134 1526 5187 pro
1554 5119 1768 5175 modulo
1797 5121 1944 5176 inﬁr-

363 5200 558 5254 mitatis
577 5201 839 5259 humanm.
865 5205 994 5261 Nam
1016 5218 1069 5262 et
1087 5218 1222 5263 terra
1245 5210 1458 5274 utimur,
1480 5220 1530 5264 et
1552 5227 1706 5280 aqua,
1729 5223 1782 5268 et
1801 5229 1944 5282 aere,

361 5301 415 5346 et
443 5293 583 5362 igne,
614 5309 718 5348 non
745 5297 917 5351 solum
945 5299 994 5352 in
1021 5300 1336 5354 necessariis
1363 5302 1524 5356 rebus
1544 5305 1946 5361 sustentationis

363 5392 580 5450 nostrae,
612 5401 794 5440 verum
823 5389 982 5442 etiam
1016 5390 1066 5443 in
1096 5391 1274 5446 multis
1302 5394 1583 5462 superfluis
1607 5404 1661 5450 et
1688 5397 1903 5453 ludicris
1928 5440 1945 5466 ,

361 5483 415 5528 et
444 5475 760 5532 mirabiliter
787 5479 1091 5535 artiﬁciosis
1120 5483 1388 5551 operibus.
1423 5485 1552 5539 Nam
1581 5487 1942 5544 innumerabi-

361 5564 428 5619 lia
465 5580 586 5636 qua:
622 5568 956 5636 appellantur
983 5583 1344 5640 μηχανήματα,
1389 5575 1472 5630 his
1510 5577 1788 5632 elementis
1829 5589 1945 5635 arte

361 5657 599 5712 tractatis
625 5657 1015 5715 modiﬁcantur.
1041 5661 1144 5717 Sed
1175 5663 1229 5716 in
1257 5662 1372 5719 hsce
1398 5666 1613 5738 Angelis
1640 5669 1793 5742 longe
1823 5685 1941 5725 am-

421 5812 498 5878 (α)
520 5821 670 5864 Serm.
693 5814 758 5864 de
791 5815 963 5866 decem
987 5815 1142 5881 Plagis
1163 5825 1213 5868 et
1234 5822 1505 5883 Prmeeptis.

590 5891 858 5952 PATROL.
898 5897 949 5954 Χ
962 5896 1016 5954 Χ
1028 5899 1076 5955 Χ
1091 5899 1187 5959 γι.

1394 345 1786 432 manuario
1823 378 1888 434 lN
1929 375 2252 433 esu.in
2294 378 2548 436 Lxxvu.

3512 395 3640 450 1009

2066 491 2202 560 plior
2226 502 2305 547 cst
2334 505 2587 564 potestas,
2621 507 2674 552 et
2701 497 2874 567 bouis,
2908 509 2960 555 et
2987 503 3160 568 malis,
3194 506 3433 575 quamvis
3465 511 3640 579 utique

2063 583 2231 651 major
2259 584 2447 650 bonis;
2479 587 2570 641 sed
2603 598 2854 658 quantum
2889 591 2982 646 Dei
3012 603 3138 648 nutu
3167 606 3324 666 atque
3349 600 3536 655 ordine
3557 601 3646 672 ju~

2062 673 2216 728 betur
2250 686 2341 730 aut
2369 678 2580 746 sinitur,
2627 680 2763 736 sicut
2788 690 2842 736 et
2885 685 3059 738 nobis.
3090 686 3270 757 Neque
3296 690 3436 743 enim
3479 693 3530 746 in
3564 695 3646 750 his

2060 766 2235 820 omnia
2263 783 2380 836 qua:
2407 771 2648 826 volumus
2675 787 2973 840 possumus.
3006 776 3060 830 In
3091 777 3225 832 libro
3246 787 3420 834 autem
3444 781 3642 838 ﬁdelis-

2060 857 2196 912 simo
2220 847 2444 930 legimus
2472 863 2740 918 diabolum
2766 867 3002 934 potuisse
3028 870 3185 923 etiam
3210 870 3275 925 de
3299 871 3438 927 coelo
3468 873 3654 944 ignem.

2061 951 2377 1021 immittere,
2409 955 2475 1009 ad
2517 957 2684 1010 sancti
2713 958 2810 1012 viri
2846 967 3047 1014 tantum
3080 977 3332 1032 pecorum
3365 980 3648 1021 numerum

2058 1042 2286 1097 mirabili
2331 1054 2384 1099 et
2434 1045 2700 1102 horrcndo
2749 1049 2948 1119 impetu
2997 1054 3454 1120 consumendum;
3504 1056 3641 1126 quod

2056 1132 2270 1203 diabolo
2299 1136 2533 1192 tribuere
2559 1153 2715 1194 nemo
2743 1140 2971 1194 ﬁdelium
3006 1141 3247 1198 fortassis
3273 1145 3512 1211 auderet,
3540 1148 3640 1202 nisi

2057 1234 2251 1279 sanctae
2282 1225 2571 1296 Scriptura:
2614 1232 2927 1286 auctoritate
2970 1233 3252 1303 legeretur.
3292 1236 3396 1292 Sed
3427 1238 3513 1293 ille
3539 1238 3640 1307 vir,

2058 1314 2149 1369 Dei
2181 1315 2322 1371 dono
2348 1318 2520 1386 justus
2541 1360 2555 1384 ,
2599 1329 2654 1375 et
2692 1319 2846 1375 fortis
2870 1363 2885 1388 ,
2927 1333 2980 1378 et
3014 1325 3100 1394 pic
3127 1327 3364 1394 peritus,
3397 1343 3500 1382 non
3531 1330 3638 1388 ait.

2059 1407 2311 1463 Dominus
2337 1409 2500 1472 dedit,
2530 1403 2770 1467 diabolus
2798 1413 3011 1469 abstulit
3034 1433 3047 1480 ;
3075 1417 3187 1478 sed.
3216 1417 3457 1474 Dominus
3479 1421 3638 1487 dedit,

2060 1496 2304 1554 Dominus
2347 1503 2551 1556 abstulit
2580 1503 2706 1574 (Job
2734 1520 2771 1568 ι,
2805 1506 2892 1571 16,
2916 1506 2977 1561 21
3006 1504 3063 1580 );
3096 1507 3294 1578 Optime
3319 1512 3494 1567 sciens
3522 1515 3640 1567 dia-

2056 1587 2249 1643 bolum-
2269 1591 2427 1645 etiam
2467 1595 2608 1662 quod
2651 1594 2823 1650 facere
2847 1596 2913 1652 de
2944 1598 3059 1653 istis
3094 1600 3371 1654 elementis
3402 1612 3634 1670 poterat,

2056 1695 2160 1734 non
2184 1691 2360 1737 tamen
2381 1699 2536 1739 servo
2559 1685 2675 1752 Dei,
2700 1687 2799 1741 nisi
2827 1687 2942 1757 ejus
2965 1689 3188 1744 Domino
3208 1691 3420 1748 volente
3437 1708 3501 1748 ac
3521 1709 3642 1764 per-

2057 1771 2298 1827 mittente
2324 1772 2489 1830 fuisse
2516 1774 2815 1844 facturum;
2845 1779 3097 1834 malitiam
3126 1781 3322 1837 diaboli
3349 1784 3640 1841 confundeo

2056 1863 2451 1934 bat‘,quoniam
2470 1866 2586 1936 quis
2605 1867 2691 1922 illa
2707 1869 2756 1922 in
2771 1883 2829 1923 se
2848 1871 3120 1938 probando
3139 1879 3395 1940 uteretur,
3416 1875 3636 1930 sciebat.

2056 1953 2110 2007 In
2131 1954 2394 2011 ﬁliisvero
2414 1956 2722 2022 difﬁdentia:
2746 1967 2990 2029 tanquam
3012 1962 3060 2015 in
3083 1963 3192 2018 suis
3213 1965 3488 2035 mancipiis
3507 1981 3640 2038 ope-

2056 2055 2200 2099 ratur
2221 2042 2433 2120 (Ep/tes.
2459 2064 2515 2112 ιι,
2541 2048 2620 2118 2),
2652 2050 3096 2120 quemadmodum
3128 2053 3372 2110 homines
3399 2056 3450 2110 in
3484 2072 3634 2126 peooo

2054 2136 2202 2192 ribus
2240 2139 2383 2205 suis;
2432 2149 2487 2195 et
2515 2141 2622 2196 illic
2649 2151 2825 2197 tamen
2865 2153 3118 2214 quantum
3150 2147 3243 2200 Dei
3269 2147 3414 2216 justo
3437 2149 3639 2219 judicio

2055 2232 2263 2285 sinitur.
2295 2233 2400 2288 Sed
2435 2235 2577 2289 aliud
2619 2244 2701 2291 est
2737 2237 2948 2306 quando
2979 2247 3214 2308 potestas
3256 2241 3374 2310 ejus
3407 2242 3567 2298 etiam
3607 2259 3636 2297 a

2055 2323 2184 2389 suis,
2207 2323 2344 2377 sicut
2364 2325 2412 2378 ei
2435 2325 2627 2394 placet,
2666 2329 2954 2384 tractandis
2989 2331 3189 2401 majore
3223 2340 3486 2403 potestate
3509 2348 3638 2403 pro-

2058 2413 2298 2481 hibetur;
2327 2417 2467 2471 aliud
2493 2419 2705 2488 quando
2731 2420 2778 2474 ei
2809 2430 3042 2488 potestas
3067 2424 3226 2479 etiam
3256 2425 3307 2481 in
3335 2440 3428 2483 eos
3453 2426 3543 2498 qui
3571 2427 3640 2486 ab

2057 2505 2146 2560 illo
2177 2507 2333 2562 alieni
2371 2517 2494 2563 sunt
2528 2509 2702 2566 datur.
2729 2511 2875 2566 Sicut
2903 2513 3064 2568 homo
3085 2515 3152 2570 de
3175 2531 3368 2585 pecore
3395 2534 3516 2585 suo,
3543 2536 3638 2591 pro

2058 2597 2289 2653 humano
2311 2611 2489 2670 captu,
2516 2600 2640 2657 facit
2663 2603 2803 2674 quod
2829 2605 2974 2671 vult;
3001 2622 3100 2663 nec
3123 2622 3251 2664 sane
3282 2610 3424 2675 facit,
3450 2613 3492 2667 si
3516 2628 3649 2683 pro-4

2057 2689 2302 2746 bibentur
2328 2708 2356 2745 a
2384 2702 2644 2763 potestate
2670 2696 2872 2767 majore
2903 2715 2914 2751 :
2943 2698 3011 2753 de
3035 2699 3210 2756 alieno
3240 2709 3416 2758 autem
3445 2719 3639 2774 pecore

2054 2791 2113 2835 ut
2140 2783 2326 2852 faciat,
2358 2796 2631 2855 exspectat
2657 2788 2756 2843 sibi
2787 2798 3104 2859 potestatem
3135 2791 3250 2846 dari
3278 2794 3345 2849 ab
3372 2795 3461 2849 illo
3487 2795 3640 2863 cujus

2057 2882 2158 2926 est.
2185 2873 2258 2928 lbi
2289 2890 2415 2945 ergo
2443 2885 2676 2946 potestas
2700 2895 2820 2950 qum
2848 2880 3039 2948 fuerat,
3067 2882 3411 2952 prohibetur;
3442 2886 3524 2942 hic
3545 2901 3640 2942 au-

2059 2970 2164 3017 tem
2193 2980 2312 3034 quce
2340 2982 2443 3021 non
2472 2967 2664 3037 fuerat,
2695 2971 2961 3027 tribuitur.

2126 3054 2216 3110 29.
2258 3057 2386 3126 Qua:
2413 3073 2531 3113 cum
2565 3061 2630 3114 ita
2659 3062 2764 3115 sint
2786 3106 2799 3129 ,
2831 3065 2873 3118 si
2921 3079 3014 3134 per
3038 3066 3256 3136 angelos
3286 3067 3454 3124 malos
3497 3068 3637 3124 Deus

2055 3147 2176 3203 illas
2199 3147 2381 3222 plagas
2407 3153 2599 3210 inﬂixit
2625 3153 2910 3228 Egyptiis,
2939 3160 3192 3232 numquid
3223 3161 3533 3220 audebimus
3553 3163 3637 3222 di-

2053 3253 2198 3307 cere,
2247 3251 2302 3298 et
2347 3258 2534 3315 aquam
2579 3248 2633 3303 in
2677 3249 2990 3319 sanguinem
3023 3266 3117 3320 per
3155 3253 3375 3308 eosdem
3419 3253 3634 3324 angelos

2053 3345 2260 3387 versam
2286 3374 2301 3398 ,
2330 3343 2384 3389 et
2407 3351 2562 3392 ranas
2592 3354 2686 3407 per
2710 3339 2925 3394 eosdem
2953 3341 3172 3411 angelos
3196 3343 3379 3409 l'actas,
3407 3359 3631 3413 quorum

2054 3419 2244 3474 similia
2287 3424 2444 3477 etiam
2489 3429 2626 3497 magi
2673 3429 2968 3484 Pharaonis
3016 3431 3286 3488 veneﬁciis
3315 3434 3427 3488 suis
3457 3433 3632 3490 facere

2052 3523 2372 3578 potuerunt;
2403 3526 2459 3570 ut
2484 3519 2656 3587 angeli
2695 3521 2816 3574 mali
2846 3536 2912 3574 ex
2947 3530 3168 3592 utraque
3205 3528 3352 3586 parte
3379 3518 3638 3574 conSiSlc-

2053 3610 2191 3665 rent,
2235 3602 2357 3657 hinc
2387 3605 2504 3659 illos
2526 3606 2840 3676 aiﬁigentes,
2880 3609 3006 3666 inde
3047 3605 3308 3672 fallentes.
3349 3609 3638 3665 secundum

2053 3687 2311 3758 judicium
2337 3699 2390 3746 et
2412 3691 2862 3762 dispensationem
2886 3696 2906 3722 ²
2926 3694 3202 3762 justissimi
3228 3705 3281 3750 et
3304 3699 3640 3769 omnipoten-

2061 3779 2248 3833 tissimi
2279 3781 2404 3848 Dei,
2431 3781 2574 3850 juste
2621 3783 2818 3838 utentis
2860 3784 3018 3838 etiam
3059 3785 3358 3854 iniquorum
3401 3790 3641 3847 malitia?

2058 3867 2174 3923 Non
2203 3870 2372 3925 audeo
2399 3873 2596 3928 dicere.
2638 3874 2790 3930 Unde
2815 3876 2956 3930 enim
2985 3877 3254 3948 sciniphes
3287 3880 3460 3936 facere
3502 3884 3636 3954 magi

2060 3958 2348 4015 Pharaonis
2380 3963 2598 4019 minime
2631 3975 2914 4034 potuerunt
2950 3967 3154 4039 (Exod.
3187 3986 3260 4025 vn
3283 4012 3298 4036 ,
3324 3970 3397 4026 20
3417 4013 3432 4038 ,
3458 3971 3560 4038 22,
3589 3984 3640 4028 et

2059 4070 2179 4119 vm,
2210 4055 2262 4122 6,
2293 4057 2341 4122 7,
2377 4057 2463 4120 17,
2495 4056 2639 4130 18)Ἰ
2677 4075 2742 4114 an
2772 4065 2894 4132 quia
2920 4060 3021 4117 hoc
3048 4063 3295 4132 permissi
3326 4064 3423 4134 ipsi
3463 4068 3639 4137 angeli

2058 4145 2182 4199 mali
2216 4161 2318 4201 non
2344 4157 2469 4202 sunt
2492 4149 2557 4203 '?
2585 4151 2688 4218 An,
2717 4151 2858 4222 quod
2888 4153 3064 4208 verius
3090 4153 3373 4210 dicendum
3399 4164 3514 4224 est,
3547 4171 3641 4212 oc-

2057 4240 2194 4294 culta
2223 4256 2380 4296 causa
2407 4251 2509 4309 est,
2536 4254 2591 4300 et
2615 4245 2758 4300 vires
2785 4257 2982 4302 nostrze
3012 4249 3367 4317 inquisitionis
3393 4252 3640 4309 excedit?

2057 4329 2186 4385 Nam
2215 4332 2259 4387 si
2287 4341 2564 4404 propterea
2596 4352 2692 4407 per
2715 4338 2883 4393 malOs
2904 4341 3122 4410 angelos
3149 4341 3233 4396 illa
3260 4342 3424 4398 Deum
3453 4343 3641 4401 fecisse

2059 4425 2439 4493 putaverimus,
2473 4428 2593 4496 quia
2627 4443 2798 4498 pmnce
2827 4428 3221 4501 inﬁigebautur,
3251 4449 3356 4488 non
3384 4433 3638 4491 beneﬁcia

2057 4518 2465 4587 praestabantur,
2499 4527 2750 4590 tanquam
2781 4523 2980 4577 nemini
3027 4523 3166 4578 Deus
3213 4539 3398 4594 poenas
3442 4526 3641 4598 irrogct

2055 4624 2152 4679 per
2180 4610 2411 4681 Angelos
2441 4611 2610 4666 bonos
2629 4652 2645 4679 ,
2686 4613 2778 4667 sed
2807 4628 2901 4682 per
2927 4613 3044 4668 illos
3071 4615 3217 4670 velut
3246 4617 3448 4671 militiae
3478 4619 3640 4674 cale-

2055 4701 2151 4753 stis
2173 4699 2485 4766 carniﬁces;
2516 4715 2847 4772 consequens
2872 4704 2973 4758 erit
2995 4716 3051 4758 ut
3065 4705 3224 4759 etiam
3241 4704 3525 4762 Sodomam
3546 4724 3639 4779 per

2055 4791 2224 4844 malos
2246 4793 2463 4862 angelos
2497 4807 2739 4848 eversam
2779 4808 2897 4848 esse
2933 4795 3232 4862 credamus,
3264 4805 3318 4851 et
3344 4799 3514 4855 malos
3540 4815 3634 4854 an-

2053 4883 2200 4952 gelos
2231 4884 2496 4938 Abraham
2525 4895 2579 4939 et
2612 4885 2712 4939 Lot
2737 4885 2966 4956 hospitio
2989 4889 3288 4958 suscepisse
3314 4891 3590 4948 videantur
3621 4912 3634 4950 :

2054 4976 2192 5046 quod
2223 4976 2361 5030 absit
2403 4986 2460 5030 ut
2488 4986 2682 5031 cutura
2713 4977 3014 5046 Scripturas
3047 4981 3407 5048 apertissimas
3443 4985 3642 5038 sentia-

2056 5084 2172 5123 mus
2201 5066 2363 5140 (Gen.
2397 5084 2528 5122 xvut
2568 5078 2612 5122 et
2644 5068 2782 5139 xix).
2825 5067 3002 5123 Claret
3027 5069 3183 5139 igitur
3210 5070 3310 5126 ista
3339 5072 3638 5130 hominibus

2057 5158 2165 5214 ﬁeri
2199 5175 2292 5228 per
2330 5159 2498 5214 bonos
2541 5169 2596 5214 et
2638 5159 2808 5213 malos
2854 5159 3072 5229 angelos
3119 5174 3274 5229 posse
3320 5178 3334 5213 :
3381 5160 3505 5229 quid
3547 5173 3634 5218 aut

2055 5253 2266 5322 quando
2297 5253 2410 5306 ﬁeri
2439 5262 2704 5321 oporteat,
2735 5267 2820 5306 me
2848 5252 3012 5317 latet;
3045 5251 3192 5305 illum
3219 5264 3347 5307 vero
3370 5251 3460 5320 qui
3491 5251 3634 5319 l’acit,

2055 5361 2160 5398 non
2183 5345 2329 5407 latet,
2356 5352 2409 5397 et
2428 5344 2511 5398 cui
2540 5342 2764 5397 voluerit
2789 5343 3046 5397 revelare.
3075 5341 3450 5396 Verumtamen
3471 5355 3631 5410 quan-

2057 5445 2164 5490 tum
2211 5444 2407 5491 nostra:
2453 5434 2734 5488 intentioni
2778 5432 3047 5502 Scriptura
3091 5431 3270 5486 divina
3308 5430 3633 5496 moderatur,

2122 5574 2137 5604 ί
2164 5572 2236 5621 Sic
2258 5569 2440 5633 aliquot
2460 5574 2566 5633 uss.
2604 5565 2712 5626 Alii,
2731 5565 2968 5633 malitimn
2990 5559 3180 5633 diabo_li_
3193 5560 3520 5633 contemnebat
3545 5574 3564 5633 ς
3585 5570 3637 5612 et

2087 5633 2272 5692 uidam,
2313 5621 2607 5693 obit/ﬁdenter
2645 5621 3003 5693 contemnebat;
3028 5633 3087 5693 {tt
3121 5622 3233 5672 edd.
3281 5621 3507 5676 ferebant
3523 5623 3629 5675 sic:

2087 5651 2272 5692 "luam,
2313 5651 2605 5693 συημιιεηιεῖ
2645 5651 2982 5679 ιυηιειηηευαι.
3028 5651 3080 5674 ru.
3121 5651 3167 5671 μ

2053 5651 2204 5761 ariete
2224 5696 2401 5757 [actam
2425 5691 2659 5761 malitiam
2671 5689 2859 5761 diaboli
2880 5684 3167 5750 conﬁdebat.

2117 5763 2137 5816 ξ
2163 5750 2328 5806 Plures
2347 5761 2476 5814 Mss,
2500 5750 2875 5816 dispositionem.

2119 5811 2138 5854 ί
2163 5818 2343 5880 Aliquot
2370 5811 2534 5879 probae
2555 5811 2680 5864 u'otm
2701 5820 2828 5872 Mss,
2857 5815 3066 5875 possunt.

2719 5895 3244 5996 (Trentecdeuxq
