4026 6200
448 356 587 413 1005

447 473 598 528 malis
627 483 811 541 pinnas
840 467 1062 537 irrogari
1087 474 1138 522 et
1165 479 1258 536 per
1286 466 1454 520 bonos
1482 465 1733 536 Angelos,
1766 472 1900 520 sicut
1929 467 2024 520 Su-

377 573 380 576 ’
444 563 679 628 domitis,
711 571 764 617 et
793 575 888 630 per
918 559 1086 613 malos
1121 557 1360 628 angelos,
1407 556 1544 612 sicut
1573 555 1861 628 Egyptiis,
1895 557 2024 624 legi-

445 669 562 710 mus
592 671 606 708 :
642 653 814 724 justos
847 665 972 706 vero
1005 649 1370 720 corporalibus
1401 647 1572 719 poenis
1599 664 1693 720 per
1717 648 1886 704 bonos
1916 651 2023 702 Λιι-

440 747 589 818 gelos
619 743 809 800 tentari
837 751 893 800 et
920 742 1152 812 probari,
1180 756 1287 796 non
1313 741 1439 796 mihi
1464 741 1714 797 occurrit.

425 859 431 866 ·
511 837 598 894 5θ.
628 835 779 904 Quod
806 849 934 890 vero
961 834 1191 904 pertinet
1216 833 1283 889 ad
1305 843 1619 904 pracSentem
1653 831 1839 903 psalmi
1867 832 2023 899 hujus

443 931 614 983 lo‘eum
641 945 654 981 :
682 927 730 983 si
757 940 820 981 ea
845 941 962 997 qua:
988 924 1298 980 mirabiliter
1322 923 1390 979 de
1415 924 1672 979 creaturis
1701 922 1836 978 facta
1863 934 1979 978 sunt
2005 965 2019 985 ,

441 1019 596 1074 malis
621 1017 823 1088 angelis
854 1015 1088 1072 tribuere
1125 1030 1229 1071 non
1258 1015 1516 1071 audemus
1535 1055 1551 1080 ,
1597 1015 1853 1069 habemus
1881 1016 2018 1084 quod

437 1111 516 1166 eis
546 1111 778 1165 tribuere
805 1109 919 1164 sine
942 1108 1268 1163 dubitatione
1293 1122 1606 1178 possumus;
1639 1115 1838 1162 mortes
1863 1122 2022 1176 pecu-

439 1218 578 1268 rum,
611 1211 812 1257 mortes
839 1200 1248 1278 primitivorum,
1277 1209 1332 1254 et
1359 1197 1485 1254 illud
1515 1197 1744 1252 maxime
1775 1197 1912 1252 unde
1939 1212 2022 1250 rc-

439 1296 594 1366 ligata
621 1305 744 1350 sunt
773 1294 950 1348 omnia
973 1334 989 1358 ,
1031 1290 1432 1346 obdurationem
1469 1288 1648 1344 cordis
1678 1289 1920 1352 illorum,
1965 1297 2022 1341 ut

439 1387 688 1458 populum
717 1387 808 1442 Dei
837 1386 1041 1440 nollent
1065 1384 1354 1439 dimittere.
1397 1383 1544 1438 Hanc
1574 1382 1716 1436 cnim
1748 1380 2016 1451 iniquissi-

437 1499 578 1538 mam
615 1492 671 1538 et
708 1479 1138 1551 malignissimam
1171 1476 1582 1532 obstinationem
1620 1476 1755 1530 Deus
1787 1490 1906 1529 cum
1944 1474 2019 1528 fa-

436 1591 559 1632 cere
587 1575 779 1630 dicitur
805 1573 998 1646 (Exod.
1029 1587 1103 1636 tv,
1142 1569 1256 1641 9.1),
1304 1584 1408 1624 non
1439 1566 1738 1638 instigando
1765 1574 1821 1622 et
1849 1567 2016 1634 inspi-

436 1667 624 1734 rando,
652 1664 748 1722 sed
785 1663 1079 1720 deserendo
1107 1661 1250 1728 facit,
1277 1670 1336 1715 ut
1374 1659 1449 1714 illi
1475 1669 1764 1730 Operentur
1803 1659 1855 1713 in
1895 1657 2016 1712 ﬁliis

434 1758 742 1814 diliidentia:
768 1755 980 1827 (Ep/tes.
1009 1771 1066 1817 ιι,
1098 1755 1180 1822 2),
1215 1752 1354 1823 quod
1395 1753 1533 1807 Deus
1567 1750 1743 1806 debite
1769 1750 2015 1820 justeque

435 1848 711 1919 permittit.
753 1847 884 1902 Nam
924 1855 980 1901 et
1019 1845 1144 1900 illud
1184 1843 1324 1915 quod
1365 1843 1526 1898 Isaias
1563 1841 1820 1913 propheta
1848 1840 2010 1904 dicit,

437 1940 672 2009 Domine,
697 1956 810 1996 ecce
832 1949 885 1994 tu
910 1940 1068 1993 iratus
1096 1955 1167 2004 es,
1194 1947 1242 1992 et
1267 1954 1357 1992 nos
1379 1938 1728 2009 peccavimus;
1751 1945 2014 2006 propterea

434 2036 708 2090 erravimus
729 2075 744 2097 ,
784 2045 831 2087 et
859 2033 979 2103 facti
1017 2048 1192 2086 sumus
1214 2031 1343 2084 sicut
1380 2029 1627 2084 immundi
1660 2046 1829 2084 omnes
1857 2028 2009 2100 (Isai.

435 2142 583 2192 utv,
625 2126 678 2192 5,
711 2123 810 2197 ϐ),
838 2139 900 2178 ea
939 2123 1142 2178 ratione
1183 2122 1488 2192 intelligitur
1516 2139 1531 2176 :
1565 2120 1840 2190 prmcessit
1866 2123 2007 2176 enim

433 2216 630 2289 aliquid
649 2261 664 2280 .
693 2217 835 2272 unde
867 2217 1004 2272 Deus
1031 2214 1319 2285 justissime
1347 2214 1511 2269 iratus
1540 2215 1607 2269 ab
1637 2214 1717 2270 eis
1745 2229 1898 2270 suum
1927 2214 2009 2269 lu-

433 2325 554 2364 men
583 2307 835 2372 auferret,
861 2317 918 2361 ut
946 2307 996 2361 in
1024 2316 1239 2376 peccata
1265 2320 1382 2376 quae
1407 2305 1547 2360 nulla
1576 2307 2010 2376 tergiversatione

431 2399 642 2456 defendi
682 2407 904 2470 possunt
941 2413 1045 2453 non
1087 2413 1206 2453 esse
1247 2407 1488 2468 peccata.
1527 2398 1738 2453 caecitas
1767 2400 2010 2454 humanm

433 2495 624 2548 mentis
643 2483 967 2556 'oﬁ‘enderet,
1005 2491 1072 2544 ab
1099 2490 1288 2545 itinere
1313 2490 1528 2558 justitiae
1564 2490 1824 2544 deviando
1844 2499 1897 2546 et
1917 2505 2007 2546 er—

432 2584 618 2640 ramio.
645 2585 709 2638 Et
727 2583 866 2654 quod
891 2583 940 2638 in
963 2582 1066 2636 alio
1088 2583 1292 2652 psalmo
1311 2581 1565 2652 scriptum
1587 2590 1670 2638 est
1688 2581 1754 2637 de
1778 2582 1858 2637 liis
1883 2583 2012 2652 ipsis

432 2676 696 2747 [Egyptiis
715 2719 728 2735 .
761 2674 902 2746 quod
930 2675 1069 2730 Deus
1090 2675 1412 2729 converterit
1441 2689 1535 2730 cor
1561 2689 1746 2730 eormn
1779 2684 1834 2728 ut
1862 2675 2004 2729 odis~

430 2778 548 2825 scut
587 2768 836 2838 populum
869 2767 983 2837 ejus
1003 2807 1016 2830 ,
1047 2775 1102 2822 et
1128 2765 1308 2820 dolum
1342 2765 1576 2821 facerent
1607 2767 1656 2819 in
1686 2780 1868 2821 servos
1894 2766 2006 2834 ejus

434 2857 620 2930 (Psal.
661 2871 772 2921 cw,
806 2857 933 2927 25),
965 2857 1098 2912 bene
1123 2855 1358 2911 creditur
1389 2857 1526 2910 Deus
1556 2855 1740 2911 fecisse
1771 2872 1864 2924 per
1889 2858 2009 2911 illus

428 2951 646 3022 angelos
673 2950 879 3014 malos;
907 2959 964 3004 ut
995 2949 1140 3018 iam,‘
1167 2949 1370 3004 vitiosae
1398 2958 1604 3004 mentes
1636 2948 1860 3003 ﬁliorum
1891 2949 2008 3003 inﬁ-

430 3041 663 3098 delitatis
697 3057 793 3112 per
829 3055 922 3097 eos
961 3041 1200 3111 angelos,
1243 3041 1434 3110 quibus
1475 3040 1660 3096 eadem
1690 3041 1857 3096 amica
1885 3050 2008 3094 sunt

429 3135 578 3200 vilia,
609 3133 967 3190 excitarentur
992 3135 1043 3188 in
1070 3133 1249 3189 odium
1277 3135 1452 3204 populi
1483 3134 1596 3198 Dei,
1625 3144 1783 3204 atque
1807 3134 1871 3189 ad
1904 3143 2003 3188 ter-

429 3225 625 3280 rendos
653 3236 710 3282 et
744 3225 1086 3296 corrigendos
1114 3225 1282 3280 bonos
1307 3225 1391 3280 illa
1422 3225 1681 3280 mirabilia
1711 3241 2007 3295 sequeren-

431 3331 534 3373 tur.
581 3317 672 3372 Illa
723 3318 881 3373 etiam
927 3317 1063 3372 mala
1097 3331 1326 3380 morum,
1373 3331 1490 3386 qua:
1537 3317 1615 3370 his
1641 3317 2006 3386 corporalibus

429 3411 596 3480 plagis
637 3409 930 3480 signiﬁcata
955 3423 1072 3463 esse
1102 3407 1332 3463 diximus
1351 3450 1364 3470 ,
1399 3416 1613 3478 prOpter
1638 3408 1775 3478 quod
1809 3408 2003 3478 pra-di-

427 3512 570 3556 ctum
613 3509 696 3556 est
715 3543 730 3567 ,
773 3502 1009 3570 Aperiam
1038 3501 1090 3552 in
1119 3498 1372 3570 parabolis
1407 3514 1462 3552 os
1489 3516 1684 3564 meum,
1715 3514 1810 3568 per
1835 3500 2003 3554 malos

427 3593 644 3662 angelos
667 3592 903 3647 exerceri
933 3591 984 3645 in
1017 3605 1112 3645 eos
1133 3591 1223 3662 qui
1256 3590 1360 3644 illis
1388 3590 1564 3644 divina
1595 3592 1840 3661 mquitatc
1875 3593 2004 3647 sub-

428 3687 642 3750 duntur,
671 3682 1174 3739 convenientissima
1205 3681 1457 3736 creditur.
1493 3681 1676 3751 Neque
1707 3682 1848 3736 enim
1885 3698 2003 3738 cum

433 3782 488 3831 tit
517 3776 656 3848 quod
687 3777 760 3830 ait
788 3774 1112 3846 Apostolus,
1155 3772 1388 3828 Tradidit
1414 3775 1528 3828 illos
1570 3773 1709 3828 Deus
1735 3776 1786 3829 in
1816 3792 2006 3830 conru-

430 3869 699 3937 pisrentias
719 3867 886 3922 cordis
923 3883 1114 3929 eorum,
1150 3875 1202 3918 ut
1232 3865 1422 3934 faciant
1448 3881 1560 3934 qua:
1579 3882 1678 3919 non
1712 3867 2003 3920 conveniunt

429 3962 603 4031 (Rom.
635 3976 671 4022 ι,
698 3959 812 4029 24),
843 3973 946 4014 non
989 3957 1097 4012 illic
1131 3957 1256 4011 mali
1283 3957 1452 4026 angeli
1483 3966 1728 4026 tanquam
1759 3957 1807 4010 in
1835 3966 2004 4011 mate-

428 4055 504 4106 ria
533 4052 613 4107 sui
639 4051 816 4121 operis
836 4058 1115 4104 versantur
1137 4058 1188 4103 et
1213 4047 1475 4117 gaudent;
1503 4048 1694 4118 quibus
1714 4047 2004 4117 justissima

427 4143 634 4198 subdita
659 4151 741 4197 est
760 4141 1018 4197 vitiositas
1047 4140 1296 4204 lutmaua,
1325 4149 1515 4206 przeter
1539 4153 1632 4193 eos
1659 4153 1792 4209 quos
1818 4137 2002 4194 liberat

425 4237 615 4306 gratia.
649 4233 714 4288 Et
735 4233 799 4287 ad
830 4232 946 4286 haec
971 4233 1088 4300 quis
1114 4230 1335 4284 idoneus
1360 4229 1424 4298 (ll
1446 4227 1562 4283 Cor.
1590 4245 1646 4292 ll,
1679 4226 1810 4300 16)?
1840 4229 2001 4290 unde.

427 4342 548 4381 cum
578 4325 820 4388 dixisset,
855 4321 997 4376 Misit
1025 4322 1074 4374 in
1097 4336 1179 4374 eos
1208 4320 1334 4371 iram
1370 4319 1729 4389 indignationis
1757 4335 1896 4384 suta;
1923 4321 1996 4373 in-

427 4419 768 4488 dignationem
791 4457 803 4476 ,
837 4425 882 4468 et
911 4413 1040 4466 iram
1060 4452 1076 4477 ,
1119 4420 1164 4463 et
1187 4411 1616 4472 tribulationem,
1649 4410 2004 4480 immissione":

429 4525 516 4576 per
557 4508 760 4580 angelos
789 4504 950 4558 malos
973 4545 988 4570 ,
1023 4503 1147 4557 iilud
1175 4502 1316 4573 quod
1342 4501 1564 4565 addidit,
1607 4500 1750 4555 Viam
1782 4502 1897 4572 fecit
1922 4518 1992 4555 se-

428 4597 563 4650 mila:
592 4597 682 4652 ira:
707 4597 852 4652 sine?
877 4595 1028 4664 cujus
1057 4593 1265 4648 tandem
1289 4593 1432 4647 acies
1456 4591 1651 4647 sufﬁcit
1688 4601 2000 4662 penetrare,

430 4702 486 4743 ut
514 4691 768 4760 intelligat
805 4691 1083 4760 capiatque
1109 4687 1425 4742 sententiam
1453 4686 1504 4740 in
1542 4694 1687 4740 tanta
1728 4686 1999 4755 profundi-

429 4793 536 4837 tale
589 4783 919 4837 latitantem?
975 4783 1098 4836 Erat
1147 4781 1288 4835 enim
1343 4779 1530 4834 semita
1578 4780 1671 4834 irae
1718 4779 1848 4839 Dci.
1901 4794 2000 4849 qua

382 4920 386 4924 .
429 4874 801 4946 .lEgyptiornm
848 4877 1170 4944 impietatem
1213 4872 1418 4928 occulta
1460 4873 1708 4942 (equitate
1756 4873 1997 4942 puniret;

427 4969 522 5026 sed
550 4967 722 5023 eidem
749 4969 952 5021 semitae
981 4968 1119 5021 viam
1147 4966 1269 5021 fecit
1288 5007 1302 5032 ,
1332 4975 1388 5020 ut
1413 4980 1507 5020 eos
1536 4976 1783 5035 tanquam
1813 4979 1878 5019 ex
1906 4963 1999 5018 ab-

432 5061 552 5114 t‘itis
593 5071 689 5128 per
727 5056 895 5110 malos
925 5057 1140 5126 angelos
1172 5057 1222 5110 in
1253 5055 1527 5110 manifesta
1571 5055 1772 5110 scelera
1806 5054 1998 5132 produ-

431 5169 554 5209 rens
574 5153 618 5217 ²,
649 5151 700 5205 in
733 5147 1158 5204 evidentissimos
1192 5150 1384 5218 impios
1416 5148 1808 5203 evidentissima
1830 5147 2017 5202 viridi-4

378 5249 386 5266 ‘
428 5254 592 5299 caret.
649 5242 732 5297 Ab
781 5239 879 5294 bac
923 5247 1186 5308 potestate
1233 5241 1494 5294 malorum
1539 5239 1846 5310 angelorum
1893 5256 1996 5298 non

429 5337 618 5391 liberat
647 5333 913 5387 hominem
941 5330 1039 5383 nisi
1066 5329 1232 5398 gratia
1264 5330 1376 5394 Dei,
1408 5330 1475 5385 de
1501 5346 1599 5400 qua
1624 5331 1751 5386 dicit
1778 5333 2006 5400 Aposto-

427 5430 530 5496 lus,
561 5429 660 5495 Qui
685 5426 811 5481 eruit
843 5440 932 5478 nos
956 5423 1018 5476 de
1047 5429 1286 5491 potestate
1312 5422 1646 5490 tenebrarum,
1677 5434 1725 5477 et
1748 5425 2006 5477 transtulit

426 5523 479 5575 in
503 5536 711 5592 regnum
741 5518 857 5571 Filii
888 5513 1148 5568 charitatis
1175 5512 1195 5542 ³
1221 5528 1328 5565 sua:
1366 5511 1576 5580 (Co/oss.
1609 5530 1622 5567 t
1647 5557 1660 5580 ,
1697 5513 1784 5588 13)
1812 5533 1823 5567 :
1854 5516 2003 5585 cujus

492 5699 510 5750 ξ
534 5696 607 5745 Sic
626 5701 732 5744 Mss.
761 5700 816 5744 At
835 5693 970 5750 Edd.,
993 5688 1153 5742 etiam.

496 5749 515 5777 ’
537 5757 669 5820 uid,
694 5749 977 5820 perducens.
998 5760 1201 5820 Attum,
1226 5749 1547 5820 produccas.._
1589 5809 1619 5820 Δ.

500 5821 518 5850 ³
534 5819 606 5867 stt.
623 5812 852 5867 meliores
872 5823 974 5866 Mss.
1006 5815 1087 5864 Alii
1125 5812 1234 5864 cum
1254 5812 1387 5874 Edd.,
1408 5812 1642 5862 claritatis
1663 5823 1780 5863 sata.

1677 352 1733 406 S.
1778 350 2142 406 AUGUSTI.“
2185 352 2220 406 Ε
2233 353 2481 410 PlSCOI’l

3593 378 3731 431 tum

2141 466 2215 521 rei
2247 469 2473 537 populus
2500 470 2598 526 iste
2628 469 2851 543 ﬁguram
2877 477 3115 545 gerebat,
3144 494 3264 535 cum
3289 493 3434 538 esset
3457 496 3640 540 erutus
3659 489 3733 544 do

2139 565 2396 624 potestate
2423 557 2816 632 Egyptiorum,
2846 576 2900 619 et
2926 571 3213 624 translatus
3234 569 3289 623 in
3321 589 3540 643 regnum
3565 585 3729 634 terrae

2135 650 2502 716 promissionis
2531 653 2743 711 ﬂuentis
2772 657 2853 713 lac
2877 667 2932 714 et
2961 660 3088 727 mcl,
3119 664 3258 732 quod
3288 668 3609 724 suavitatem
3643 671 3734 725 si-

2132 739 2348 808 gniﬁcat
2375 743 2579 811 gratim.

2201 829 2290 884 51.
2332 828 2482 903 [vers.
2511 831 2600 900 5‘2,
2628 834 2741 909 53.]
2781 836 3036 909 Sequitur
3061 857 3187 912 ergo
3220 855 3339 913 past
3376 861 3688 905 commento
3713 881 3726 891 -
3803 877 3812 884 -

2131 922 2391 978 rationem
2424 925 2696 996 plagarum
2729 929 3101 1002 Egyptiorum
3128 934 3399 1003 Psalmus,
3451 949 3505 994 et
3547 941 3677 996 dicit
3710 960 3726 996 :

2131 1012 2200 1067 Et
2239 1014 2446 1070 abstulit
2479 1019 2608 1072 sicut
2641 1037 2754 1074 oves
2797 1023 3042 1093 populant
3074 1041 3222 1079 suum
3243 1068 3256 1088 .
3289 1038 3334 1081 et
3364 1031 3595 1098 perduxit
3638 1051 3730 1086 eos

2129 1116 2370 1180 tanquam
2385 1127 2584 1182 gregem
2603 1113 2655 1166 in
2675 1115 2888 1169 deserto.
2917 1116 2980 1170 Et
3008 1117 3215 1173 deduxit
3241 1137 3322 1176 eos
3349 1123 3400 1176 in
3421 1141 3528 1193 spe,
3550 1135 3597 1179 et
3619 1145 3728 1181 non

2129 1200 2437 1266 timuerunt,
2471 1214 2517 1256 et
2558 1203 2786 1260 inimicos
2816 1223 2986 1261 eorum
3014 1212 3211 1278 operuit
3242 1229 3399 1267 mare.
3449 1215 3620 1272 Tanto
3661 1219 3727 1274 lit

2127 1291 2228 1348 hoc
2259 1294 2454 1350 melius
2479 1338 2494 1362 ,
2525 1307 2723 1366 quanto
2755 1300 3010 1368 interius,
3050 1305 3137 1359 ubi
3177 1307 3316 1361 eruti
3353 1308 3421 1364 de
3454 1319 3724 1380 potestate

2127 1383 2465 1440 tenebrarum
2511 1386 2564 1440 in
2609 1391 2977 1459 regnum-Dei
3027 1403 3204 1450 mente
3243 1397 3632 1469 transierimur,
3663 1413 3724 1457 et

2123 1477 2414 1531 secundum
2445 1493 2639 1547 pascua
2665 1481 2960 1550 spiritualia
2988 1484 3252 1542 efﬁcimur
3278 1503 3406 1544 oves
3434 1491 3527 1546 Dei
3547 1533 3565 1557 ,
3597 1509 3683 1548 aut
3701 1525 3722 1536 -

2122 1565 2367 1622 bulantes
2395 1568 2448 1622 in
2479 1569 2580 1625 ltoc
2606 1572 2803 1628 saeculo
2831 1575 2973 1629 velut
2998 1576 3049 1630 in
3075 1577 3307 1644 deserto,
3339 1583 3592 1652 quoniam
3620 1603 3724 1641 ne-

2122 1658 2250 1712 mini
2275 1667 2360 1714 est
2380 1661 2511 1717 ﬁdes
2534 1672 2714 1719 nostra
2735 1667 3049 1737 conspicua;
3073 1671 3215 1727 unde
3235 1672 3364 1728 dicit
3385 1676 3676 1746 Apostolus
3700 1698 3718 1734 :

2133 1747 2245 1802 Vita
2264 1759 2426 1812 vestra
2443 1753 2736 1809 abscondita
2753 1767 2822 1811 est
2839 1775 2951 1812 cum
2972 1758 3172 1816 Christo
3191 1763 3243 1816 in
3263 1762 3372 1820 Deo
3394 1766 3612 1837 (Coloss.
3635 1786 3720 1835 tit.

2121 1840 2198 1910 5).
2230 1841 2551 1899 Deducimur
2575 1855 2752 1902 autem
2781 1849 2832 1903 in
2863 1865 2993 1920 spe,
3022 1854 3273 1923 quoniam
3316 1873 3404 1927 spe
3431 1859 3559 1913 salvi
3585 1861 3718 1929 facti

2118 1945 2331 1986 sumus:
2362 1949 2459 1990 nec
2489 1936 2675 1993 timere
2700 1938 2994 2009 debemus;
3021 1945 3063 1998 si
3088 1946 3236 2001 enim
3258 1947 3398 2004 Deus
3423 1967 3515 2021 pro
3544 1954 3714 2020 nobis,

2117 2023 2229 2090 quis
2262 2034 2435 2079 contra
2469 2043 2561 2082 nos
2583 2027 2756 2102 (Rom.
2797 2047 2908 2098 vni,
2934 2033 3024 2098 24,
3063 2036 3195 2106 5i)?
3222 2039 3286 2094 Et
3329 2039 3578 2096 inimicos
3611 2060 3716 2098 no-

2117 2123 2258 2171 stros
2286 2119 2496 2188 operuit
2520 2136 2699 2182 mare;
2741 2123 2974 2180 abolevit
3007 2127 3058 2180 in
3092 2128 3359 2199 Baptismo
3388 2133 3711 2191 remissione

2051 2211 2060 2217 ’
2117 2219 2453 2278 peccaturum
2493 2213 2534 2263 ³.

2189 2299 2277 2353 52.
2321 2299 2468 2373 [vers.
2499 2300 2613 2374 54.]
2657 2304 2855 2361 Deinde
2882 2308 3119 2377 sequitur
3148 2327 3161 2363 :
3195 2309 3257 2363 Et
3289 2312 3492 2369 induxit
3528 2334 3611 2371 eos
3654 2320 3708 2372 in

2117 2401 2334 2446 montem
2354 2395 2768 2463 sanctiﬁcationis
2789 2414 2910 2452 suat.
2936 2401 3145 2469 Quanto
3169 2405 3362 2459 melius
3384 2408 3434 2460 in
3461 2421 3703 2466 sanctam

2118 2485 2462 2542 Ecclesiam?
2521 2488 2745 2544 Montem
2793 2509 2938 2562 quem
2993 2496 3256 2566 acquisivit
3311 2489 3519 2558 dextera
3575 2507 3707 2576 ejus.

2116 2576 2325 2644 Quanto
2363 2590 2442 2632 est
2473 2580 2710 2636 Ecclesia
2740 2584 3018 2639 sublimior
3055 2602 3212 2657 quam
3240 2591 3524 2659 acquisivit
3551 2596 3709 2651 Clu-i-

2116 2677 2250 2734 stus,
2283 2669 2350 2726 de
2379 2687 2482 2740 quo
2511 2670 2709 2726 dictum
2741 2683 2822 2728 est
2853 2692 2865 2727 :
2905 2674 2969 2728 Et
2997 2675 3259 2732 brachium
3282 2680 3490 2738 Domini
3510 2687 3594 2739 cui
3621 2705 3703 2741 re-

2115 2763 2334 2816 velatum
2357 2774 2430 2817 est
2455 2763 2602 2833 (Isai.
2629 2781 2739 2831 LIII,
2781 2765 2869 2838 1)?
2899 2765 2965 2821 Et
2987 2771 3130 2839 ejecit
3151 2789 3183 2823 a
3203 2771 3335 2841 [acie
3359 2789 3531 2831 eorum
3566 2777 3707 2834 Ceno

2117 2861 2188 2906 tes
2219 2867 2236 2906 :
2275 2862 2328 2908 et
2363 2868 2391 2906 a
2424 2853 2557 2909 facie
2587 2855 2820 2910 ﬁdelium
2861 2872 3110 2926 suorum;
3145 2877 3266 2916 nam
3308 2865 3703 2934 quodammudo

2115 2941 2314 2999 Gentes
2339 2955 2492 3011 sunt,
2522 2946 2796 3017 gentilium
2821 2963 3064 3004 errorum
3108 2952 3323 3023 maligni
3356 2957 3586 3024 spiritus.
3631 2958 3700 3014 Et

2112 3047 2244 3090 sorte
2275 3039 2441 3092 divisit
2471 3039 2539 3093 eis
2573 3051 2758 3094 terram
2793 3041 2844 3094 in
2875 3043 3105 3112 funiculo
3138 3045 3520 3102 distributionis.
3549 3050 3616 3106 Et
3641 3053 3697 3107 iit

2118 3128 2268 3182 nobis
2305 3129 2472 3181 omnia
2507 3139 2743 3201 operatur
2775 3149 2904 3186 unus
2933 3143 3082 3204 atque
3117 3135 3247 3190 idem
3283 3138 3536 3209 Spiritus,
3561 3144 3700 3197 diri-

2114 3219 2237 3274 dens
2264 3220 2470 3291 arepria
2495 3223 2764 3294 unicuique
2787 3235 2938 3295 prout
2961 3227 3066 3280 vult
3087 3227 3144 3298 (1
3169 3229 3288 3285 Cor.
3315 3247 3415 3298 xu,
3442 3234 3557 3305 11).

2189 3310 2275 3365 55.
2307 3309 2471 3384 [rers.
2505 3314 2698 3369 55-58.
2728 3313 2748 3387 ]
2781 3314 2850 3369 Et
2884 3315 3110 3371 habitare
3139 3323 3255 3390 fecit
3280 3323 3331 3376 in
3363 3324 3703 3383 tabernaculis

2116 3417 2285 3454 eorum
2316 3403 2473 3456 tribus
2501 3403 2686 3458 Israel.
2719 3406 2774 3460 In
2807 3406 3180 3475 tabernaculis,
3221 3412 3411 3483 inquit,
3448 3415 3699 3474 Gentium

2119 3492 2356 3556 habitare
2379 3493 2499 3547 fecit
2525 3495 2691 3551 tribus
2718 3495 2900 3552 Israel.
2928 3499 3080 3564 Quod
3112 3502 3460 3572 spiritualitcr
3484 3509 3561 3564 sic
3586 3526 3699 3564 ine-

2118 3585 2216 3639 lius
2244 3583 2609 3640 disserendum
2653 3595 2800 3656 puto,
2839 3599 2896 3644 ut
2920 3590 2987 3645 ad
3014 3592 3289 3650 ccelestem
3323 3597 3569 3668 gloriam,
3594 3617 3696 3655 IIII-

2115 3678 2182 3734 de
2204 3691 2480 3750 peccantes
2497 3684 2669 3753 angeli
2691 3684 2844 3754 ejecti
2863 3695 3022 3757 atque
3041 3685 3230 3757 dejecti
3257 3701 3402 3756 sunt,
3426 3707 3524 3762 per
3543 3694 3698 3749 Chri-

2115 3772 2179 3825 sti
2207 3775 2426 3840 gratiam
2453 3773 2828 3830 subveliamur.
2860 3776 2952 3831 Illa
2996 3779 3135 3833 enim
3162 3785 3417 3851 generatio
3462 3799 3618 3852 prora
3652 3799 3698 3841 et

2113 3866 2412 3928 amaricans,
2433 3866 2680 3935 quoniam
2717 3867 2830 3924 istis
2873 3868 3146 3927 beneﬁciis
3196 3875 3563 3943 corporalibus
3589 3894 3694 3934 non

2115 3955 2342 4025 ponebat
2371 3958 2598 4012 tunicam
2619 3961 2916 4024 vetustatis,
2963 3971 3275 4018 tentavcrunt
3300 3966 3474 4032 adhuc
3507 3979 3553 4022 et
3576 3986 3698 4024 era-

2114 4045 2432 4100 cerbaverunt
2460 4045 2622 4102 Deum
2647 4049 2914 4116 excelsum,
2957 4061 3003 4104 et
3031 4054 3312 4108 testimonia
3339 4058 3448 4127 ejus
3474 4075 3573 4112 non
3597 4078 3692 4115 ca-

2113 4139 2387 4192 stodierunt
2417 4155 2434 4192 :
2459 4149 2503 4193 et
2529 4151 2811 4196 averterunt
2829 4159 2899 4206 se,
2928 4152 2974 4197 et
2997 4161 3096 4198 non
3118 4161 3436 4203 servaverunt
3466 4163 3691 4222 pactum,

2110 4230 2530 4297 quemadmodum
2561 4241 2725 4299 patres
2771 4249 2942 4286 eorum
2968 4250 2986 4287 :
3008 4244 3159 4304 pacto
3207 4239 3346 4292 enim
3379 4242 3605 4309 quodam
3637 4257 3694 4298 ct

2110 4322 2304 4392 placito
2330 4322 2591 4387 dixerunt,
2628 4324 2810 4378 Omnia
2836 4341 2950 4396 qua!
2974 4325 3166 4382 locutus
3199 4340 3268 4382 est
3297 4329 3537 4386 Dominus
3557 4334 3616 4386 Ι),
3633 4351 3692 4389 us

2111 4422 2294 4479 noster,
2341 4414 2583 4482 faciemus
2611 4424 2656 4466 et
2683 4415 2944 4468 audiemus
2971 4416 2987 4484 (
3021 4413 3188 4470 Exod.
3222 4436 3328 4478 xix.
3362 4422 3393 4474 8
3426 4422 3462 4491 ).
3493 4422 3692 4476 Notan-

2109 4502 2233 4556 dum
2280 4517 2410 4557 sane
2463 4503 2604 4572 quod
2653 4506 2745 4571 ait,
2791 4506 3212 4575 quemadmodum
3256 4524 3421 4579 putres
3467 4530 3638 4568 eorum
3678 4533 3696 4570 :

2109 4611 2228 4650 cum
2258 4611 2351 4665 per
2373 4605 2538 4649 totum
2570 4579 2762 4650 Dsalmi
2788 4607 2986 4653 textum
3015 4607 3263 4670 tauqnant
3283 4604 3348 4658 de
3383 4605 3688 4668 hominibus

2108 4686 2308 4741 eisdem
2344 4686 2485 4756 loqui
2516 4685 2802 4753 videretur,
2839 4698 3059 4758 apparet
3084 4698 3261 4746 tamen
3313 4709 3452 4750 nunc
3480 4697 3546 4751 de
3578 4699 3686 4752 illis

2108 4777 2208 4830 dici
2237 4778 2324 4847 qui
2350 4776 2458 4847 jam
2484 4786 2637 4832 erant
2663 4777 2715 4832 in
2735 4787 2871 4833 terra
2899 4781 3286 4851 promissionis,
3308 4795 3359 4840 et
3389 4798 3563 4855 patres
3589 4804 3686 4843 eo-

2106 4884 2223 4922 rum
2245 4869 2414 4923 dictos
2439 4871 2525 4939 qui
2555 4870 2604 4923 in
2628 4871 3260 4928 eremoamaricaverunt.

2179 4964 2264 5020 5L
2294 4963 2528 5018 Conversi
2557 4974 2691 5030 sunt,
2749 4965 2936 5036 inquit,
2967 4968 3020 5020 in
3067 4984 3239 5021 arcum
3288 4986 3497 5037 pravum
3527 4988 3546 5024 :
3578 4973 3685 5039 vel,

2107 5053 2244 5109 sicut
2274 5055 2361 5109 alii
2385 5055 2596 5110 codices
2637 5055 2851 5120 habent,
2898 5058 2950 5110 in
2994 5073 3170 5111 arcum
3210 5073 3516 5128 perversum.
3549 5063 3685 5131 Quid

2107 5153 2282 5199 autem
2312 5144 2412 5222 hoc
2448 5145 2536 5210 sit,
2582 5146 2633 5199 in
2663 5161 2728 5200 eo
2758 5147 2896 5214 quod
2945 5149 3182 5216 sequitur
3227 5149 3392 5220 magis
3442 5167 3682 5221 apparet,

2109 5234 2194 5288 tibi
2222 5235 2293 5287 ait
2325 5252 2336 5288 :
2363 5232 2434 5287 Et
2463 5236 2513 5287 in
2534 5235 2661 5288 iram
2691 5237 3058 5290 concitaverunt
3095 5255 3204 5291 eum
3247 5239 3298 5292 in
3323 5240 3533 5296 collibus
3561 5245 3684 5298 suis.

2108 5328 2164 5382 ln
2191 5329 2538 5384 idololatriam
2571 5344 2664 5383 eos
2691 5329 2998 5399 prosiluisse
3041 5330 3322 5401 signiﬁcat.
3366 5335 3538 5389 Arcus
3563 5352 3690 5405 ergo

2109 5436 2390 5492 perversos
2427 5428 2538 5485 est,
2580 5435 2682 5474 non
2729 5434 2825 5489 pro
2864 5420 3080 5476 nomine
3119 5422 3346 5488 Domini,
3381 5424 3476 5479 sed
3505 5440 3680 5482 contra

2109 5528 2297 5568 nomen
2331 5512 2558 5576 Domini,
2588 5513 2675 5582 qui
2708 5512 2841 5567 dixit
2871 5513 3043 5568 eidem
3101 5514 3300 5583 populo
3331 5533 3345 5570 :
3375 5514 3498 5572 Non
3542 5529 3684 5571 erant

2108 5606 2196 5659 tibi
2211 5605 2282 5658 dii
2308 5603 2396 5658 alii
2416 5614 2596 5671 praeter
2633 5621 2712 5658 me
2745 5605 2763 5674 (
2791 5603 2875 5657 Id.
2899 5621 2990 5666 xx.
3027 5607 3060 5661 5
3089 5606 3127 5674 ).
3172 5606 3274 5662 Per
3298 5623 3480 5662 arcum
3510 5618 3679 5663 autem

2107 5696 2546 5769 signiﬁcatanimi
2577 5697 2945 5752 intentionem.
2983 5697 3092 5751 Hoc
3124 5699 3294 5767 ipsum
3334 5699 3562 5770 denique
3579 5700 3692 5770 pla-

2176 5812 2190 5842 ί
2219 5809 2438 5872 Plerique
2463 5816 2590 5874 5153.,
2617 5809 2850 5861 remissio.
2877 5812 3067 5874 Regius,
3088 5808 3361 5866 remissione
3381 5819 3596 5876 peccata.
