4020 6198
342 429 474 485 1063

335 543 453 594 nius
473 540 798 610 exprimens,
833 539 894 592 Et
922 542 972 592 in
991 539 1301 609 sculptilibus
1317 542 1441 605 suis,
1471 544 1660 613 inquit,
1679 544 1744 596 ad
1764 557 1910 596 tentu-

333 637 570 688 lationem
599 649 714 686 eum
739 645 1143 702 prouocauerunt.

521 723 687 796 [vers.
716 725 806 789 5t),
830 724 916 779 60.
941 723 960 798 j
991 725 1191 779 Audiuit
1222 726 1379 790 Deus,
1403 737 1446 780 et
1481 731 1664 797 sprevit
1696 745 1713 782 :
1737 729 1788 783 id
1809 739 1910 794 est,

332 816 582 879 advertit,
607 824 661 869 et
696 815 1002 869 vindicavit.
1045 815 1112 869 Et
1162 818 1231 868 ad
1271 816 1489 869 nihilum
1528 818 1716 888 redegit
1766 820 1913 873 nimis

337 910 522 963 Israel.
571 910 676 963 Deo
711 911 904 977 quippe
933 920 1220 978 spernente
1251 909 1376 978 quid
1407 921 1794 974 remanserunt,
1823 912 1909 980 qui

334 1002 442 1055 Deo
470 1000 754 1068 adjuvante
772 997 982 1054 luet-iiut
1029 999 1172 1068 quod
1222 999 1480 1054 fuerunt?
1511 1000 1768 1056 Nimirum
1817 1018 1912 1056 au—

332 1103 435 1146 tem
469 1107 580 1145 rem
633 1091 773 1145 illam
821 1100 1024 1162 gestam
1067 1103 1474 1158 commemorat,
1512 1093 1732 1162 quando
1785 1095 1910 1148 victi

327 1193 454 1238 sunt
477 1185 546 1239 ab
589 1183 888 1256 Allophylis
933 1194 1171 1253 tempore
1201 1185 1316 1239 Heli
1346 1185 1653 1246 sacerdotis.
1679 1196 1734 1241 et
1778 1190 1911 1242 Area

331 1273 541 1328 Domini
561 1283 714 1342 capta
745 1283 848 1340 est,
876 1283 932 1331 et
949 1290 1134 1344 magna
1159 1283 1335 1346 strage
1356 1277 1542 1331 vastati
1565 1286 1689 1332 sunt
1719 1277 1758 1350 (l
1783 1279 1908 1349 Reg.

329 1382 406 1430 tv,
435 1366 524 1432 10,
552 1363 662 1438 Η).
692 1365 806 1421 Iloc
825 1375 910 1422 est
951 1366 1091 1436 quod
1121 1367 1270 1433 dicit,
1302 1368 1363 1420 Et
1405 1370 1588 1439 repulit
1615 1371 1912 1423 tabernacu-

329 1462 438 1515 lum
468 1459 662 1525 Selom,
701 1459 1079 1514 tabernaculum
1121 1477 1266 1514 suum
1295 1461 1381 1515 ubi
1407 1462 1640 1515 habitavit
1666 1465 1717 1516 in
1748 1463 1912 1516 homi-

327 1554 493 1606 nibus.
520 1553 805 1624 Eleganter
832 1553 1080 1623 exposuit
1115 1568 1281 1623 quare
1319 1554 1576 1624 repulerit
1603 1555 1915 1610 tabernacu-

325 1642 434 1696 lum
460 1659 638 1709 suum,
662 1659 782 1698 cum
824 1643 917 1708 ait,
950 1643 1032 1697 ubi
1080 1643 1320 1698 habitavit
1347 1645 1400 1699 in
1429 1644 1728 1706 hominibus.
1780 1646 1912 1701 Cum

323 1747 455 1802 ergo
480 1733 624 1804 digni
675 1748 779 1787 non
813 1741 995 1788 essent
1033 1733 1086 1787 in
1128 1733 1321 1804 quibus
1348 1733 1625 1801 habitaret,
1674 1750 1770 1790 enr
1808 1753 1913 1792 non

324 1824 614 1894 repelleret
644 1823 1066 1889 tabernaculum,
1099 1824 1240 1893 quod
1268 1824 1448 1894 utique
1470 1839 1573 1878 non
1605 1836 1821 1895 propter
1849 1841 1910 1882 se

324 1915 650 1979 instituerat,
684 1914 777 1969 sed
810 1923 1027 1984 propter
1052 1915 1216 1984 ipsos,
1245 1915 1502 1985 quosjam
1539 1915 1811 1984 judicabat
1831 1916 1912 1970 in-

320 2005 512 2075 dignos
539 2006 588 2059 in
611 2006 802 2076 quibus
825 2005 1128 2060 habitaret?

395 2098 482 2153 '56.
515 2098 534 2169 [
563 2115 690 2152 vers.
719 2097 808 2152 6i.
831 2095 852 2170 ]
876 2095 944 2151 Et
988 2098 1201 2152 tradidit
1235 2100 1286 2152 in
1315 2099 1653 2166 captivitatem
1682 2099 1912 2153 virtutem

319 2197 521 2249 eorum,
572 2192 618 2236 et
671 2182 1099 2252 pulchritudinem
1141 2199 1314 2237 eorum
1366 2183 1420 2236 in
1473 2200 1651 2236 manus
1699 2185 1908 2238 inimici.

320 2276 493 2345 Ipsam
524 2278 713 2330 Arcam
743 2274 883 2330 unde
936 2276 1034 2330 sibi
1077 2275 1398 2330 videbantur
1447 2275 1644 2341 invicti,
1675 2286 1728 2329 et
1774 2275 1912 2330 unde

319 2366 424 2420 sibi
448 2367 769 2437 plaudebant
795 2367 835 2433 ⁸,
865 2367 1113 2421 virtutem
1155 2375 1210 2421 et
1237 2365 1686 2436 pulchritudinem
1719 2383 1907 2422 eorum

318 2456 470 2511 dicit.
516 2457 748 2528 Denique
776 2467 831 2513 et
859 2466 1040 2527 postea
1086 2457 1226 2513 male
1259 2458 1516 2520 viventes,
1549 2467 1602 2513 et
1624 2457 1689 2512 de
1716 2458 1912 2528 templo

321 2547 536 2601 Domini
576 2548 883 2617 gloriantes,
927 2558 1091 2602 terret
1135 2563 1230 2618 per
1279 2548 1612 2617 prophetam,
1665 2548 1896 2603 dicens:

333 2638 504 2692 Videte
527 2639 649 2709 quid
677 2639 984 2709 feciSelom,
1030 2641 1114 2694 ubi
1158 2649 1264 2693 erat
1315 2641 1690 2693 tabernaculum
1744 2657 1906 2693 meum

319 2731 338 2800 (
372 2728 561 2783 .lerem.
587 2747 678 2798 vn,
714 2731 780 2784 1?.
809 2732 848 2800 ).

392 2821 525 2894 57.[
554 2840 682 2878 vers.
713 2823 803 2887 6‘2,
835 2823 922 2878 65.
949 2821 970 2896 ]
1003 2821 1064 2876 Et
1094 2824 1336 2877 conclusit
1365 2824 1416 2876 in
1461 2824 1632 2895 gladio
1669 2826 1909 2895 populant

316 2932 486 2981 suum,
507 2926 555 2969 et
573 2915 912 2970 hatreditatem
933 2934 1074 2970 suam
1103 2917 1304 2986 sprevit.
1323 2915 1543 2971 Juvenes
1571 2933 1741 2970 eorum
1766 2935 1908 2971 com-

316 3007 420 3059 edit
445 3007 616 3078 ignis:
647 3007 697 3064 id
726 3016 826 3071 est,
862 3007 958 3062 ira.
992 3007 1058 3061 Et
1098 3009 1312 3078 virgines
1353 3024 1522 3060 eorum
1546 3025 1645 3062 non
1682 3018 1798 3064 sunt
1827 3009 1908 3063 la-

314 3109 552 3154 mentata:
583 3116 601 3154 :
632 3100 749 3170 quia
777 3099 1066 3170 I'iequehoc
1099 3101 1321 3154 vacabat
1343 3100 1392 3153 in
1425 3101 1599 3177 hostili
1617 3110 1786 3169 metu.

388 3191 477 3246 58.
503 3191 522 3263 [
553 3207 679 3245 vers.
709 3191 840 3265 64.]
870 3192 1170 3248 Sacerdotes
1220 3208 1390 3246 eorum
1433 3194 1484 3245 in
1528 3194 1698 3264 gladio
1718 3196 1908 3248 cecide-

310 3296 453 3346 runt,
482 3285 708 3338 etvidua:
731 3302 903 3339 eorum
931 3303 1028 3338 non
1049 3285 1398 3354 plorabantur.
1427 3284 1745 3340 Ceciderunt
1763 3288 1904 3341 enim

310 3378 370 3430 in
395 3376 571 3448 gladio
622 3376 712 3430 lilii
749 3376 884 3441 lleli,
920 3391 1144 3446 quorum
1196 3377 1350 3436 tutius
1399 3391 1538 3431 uxor
1574 3375 1805 3444 viduata,
1852 3387 1906 3434 et

311 3483 436 3521 inox
469 3468 518 3522 iu
549 3477 698 3536 partu
738 3478 966 3533 mortua,
993 3476 1210 3536 propter
1251 3467 1494 3522 eamdem
1548 3470 1903 3537 perturbatio-

311 3573 435 3610 nem
484 3559 656 3629 plangi
703 3574 808 3614 non
864 3559 1035 3629 potuit
1073 3559 1278 3615 honore
1337 3559 1618 3630 tutioris“
1648 3560 1775 3632 Reg.
1821 3579 1899 3629 IV,

314 3648 565 3716 19,90).

387 3738 473 3790 '50.
505 3735 674 3809 [vers
710 3738 799 3792 65.
828 3737 848 3810 ]
877 3738 940 3791 Et
991 3739 1237 3792 excitatus
1278 3749 1349 3794 est
1379 3750 1619 3810 tanquam
1649 3741 1901 3795 dormiens

312 3826 583 3882 Dominus.
640 3828 859 3906 Videtur
907 3829 1049 3884 enim
1089 3829 1342 3891 dormire,
1386 3832 1598 3901 quando
1643 3835 1898 3904 popuhun

309 3937 468 3975 suum
505 3922 594 3976 dat
619 3922 669 3974 in
699 3937 886 3975 manus
915 3938 1098 3976 corum
1116 3937 1250 3993 quos
1270 3923 1399 3986 odit,
1432 3925 1519 3977 ubi
1549 3925 1627 3988 eis
1650 3925 1855 3980 dicatur
1883 3947 1894 3980 :

322 4013 421 4067 Ubi
459 4022 531 4067 est
578 4011 716 4066 Deus
769 4023 882 4065 tuus
930 4014 1116 4085 (I’sal.
1148 4030 1253 4079 xu,
1284 4016 1340 4069 ll
1380 4015 1438 4086 )?
1465 4015 1730 4071 Excitatus
1774 4034 1898 4086 ergo

311 4114 383 4158 est
410 4113 646 4173 tanquam
695 4103 968 4171 dormiens,
1021 4115 1260 4175 tanquam
1310 4116 1484 4176 potens
1539 4110 1827 4179 crapulatus
1866 4129 1897 4165 a

310 4197 445 4250 vino.
478 4196 660 4250 Nullus
687 4195 787 4251 hoc
811 4195 878 4251 de
913 4197 1019 4250 Deo
1046 4197 1225 4254 dicere
1271 4199 1505 4264 auderet,
1536 4201 1635 4256 nisi
1671 4202 1895 4271 Spiritus

310 4285 444 4356 ejus.
473 4285 609 4339 Dixit
640 4285 959 4348 enim,sicut
1004 4287 1214 4342 videtur
1271 4289 1446 4358 impiis
1495 4277 1890 4356 insultantilms,

309 4375 450 4446 quod
479 4376 619 4431 velut
643 4376 820 4430 ebrius
850 4376 936 4430 diu
994 4377 1241 4444 dormiat,
1273 4379 1482 4448 quando
1512 4395 1616 4434 non
1664 4389 1767 4435 tam
1790 4384 1894 4437 cito

309 4481 466 4536 quam
494 4469 722 4535 putant’
752 4467 1015 4533 homines,
1047 4467 1311 4522 subvenit.

381 4559 472 4614 40,
505 4554 524 4631 [
553 4575 678 4612 vers.
705 4559 792 4614 66.
823 4558 844 4632 ]
868 4559 933 4613 Et
967 4561 1207 4630 percussit
1253 4561 1478 4616 inimicos
1503 4579 1620 4617 suos
1650 4565 1702 4617 in
1727 4577 1890 4635 poste-

307 4651 445 4705 riora
471 4667 490 4704 :
521 4651 638 4706 illos
683 4650 864 4720 utique
891 4652 978 4721 qni
1025 4651 1326 4721 gaudebant
1355 4652 1494 4721 quod
1545 4655 1734 4709 Arcam
1773 4657 1890 4726 ejus

306 4742 572 4810 eaptivare
627 4751 947 4811 potuerunt;
997 4743 1235 4812 percussi
1268 4744 1408 4798 enim
1439 4753 1562 4798 sunt
1593 4746 1642 4798 in
1673 4747 1887 4804 sedibus

303 4831 416 4884 suis
447 4831 506 4903 (Ι
533 4831 660 4902 Reg.
691 4847 742 4896 v,
775 4829 808 4885 6
835 4831 874 4900 ).
899 4831 1049 4898 Quod
1079 4836 1196 4901 ejus
1230 4849 1398 4903 poena:
1424 4835 1630 4904 signum
1651 4837 1778 4891 mihi
1806 4840 1887 4893 vi-

304 4921 479 4987 detur,
510 4938 611 4992 qua
641 4925 864 4993 quisque
901 4924 1242 4989 eruciabitur,
1274 4927 1316 4981 si
1369 4927 1418 4980 in
1466 4929 1755 4996 posteriora
1796 4947 1884 4986 re-

301 5012 569 5078 spexerit;
600 5029 739 5081 quae,
785 5015 921 5068 sicut
967 5015 1270 5083 Apostolus,
1331 5018 1597 5073 aestimare
1649 5007 1802 5075 debet
1829 5031 1886 5076 ut

300 5105 571 5173 stercora(
597 5103 825 5174 Philipp.
851 5119 924 5167 ιιι,
955 5103 1044 5175 8).
1074 5106 1171 5173 Qui
1201 5106 1339 5160 enim
1379 5109 1457 5160 sic
1486 5110 1777 5180 suscipiunt
1802 5121 1882 5168 te.

297 5204 618 5250 stamcntnm
650 5196 762 5259 Dei,
795 5204 850 5249 ut
870 5203 1051 5251 vetere
1077 5198 1311 5251 vanitate
1342 5213 1445 5252 non
1477 5214 1534 5254 se
1564 5212 1779 5267 exuant,
1805 5205 1880 5257 si-

297 5285 455 5340 miles
485 5266 609 5340 sunl
633 5286 911 5342 hostilibus
943 5287 1154 5356 populis
1199 5289 1288 5358 qui
1337 5289 1529 5344 Arcam
1579 5266 1879 5348 testamenti

292 5377 610 5442 eaptivatam
634 5377 786 5446 juxta
816 5392 910 5431 sua
941 5376 1079 5431 idola
1123 5388 1430 5447 posuerunt.
1462 5381 1527 5434 Et
1561 5381 1643 5435 illa
1667 5384 1877 5452 quidem

295 5477 472 5521 vetera
491 5468 648 5522 etiam
673 5469 775 5523 illis
811 5469 1115 5524 nolentibus
1146 5471 1359 5538 cadunt,
1411 5473 1530 5542 quia
1574 5477 1733 5528 omnis
1762 5493 1878 5532 caro

294 5558 486 5623 fenum,
512 5567 557 5612 et
585 5559 784 5612 claritas
810 5560 1026 5614 hominis
1068 5570 1124 5614 ut
1165 5562 1261 5631 [los
1287 5565 1408 5629 feni.
1439 5563 1635 5618 Fenum
1657 5569 1806 5632 aruit,
1831 5579 1876 5621 et

296 5647 392 5718 ﬂos
441 5650 626 5703 decidit
673 5665 692 5704 :
730 5652 867 5708 Area
899 5661 1066 5706 autem
1107 5651 1316 5709 Domini
1365 5666 1530 5711 manet
1550 5658 1602 5712 in
1635 5669 1874 5713 a’ternum

357 5806 373 5868 ξ
401 5801 627 5868 Plerique
649 5811 778 5866 uss,
796 5803 1064 5867 placebant.

356 5866 375 5896 ³
399 5872 499 5917 Duo
521 5866 652 5928 Mss,
671 5866 850 5931 petunt.

1375 429 1768 485 ENARRATK)
1809 429 1872 484 IN
1913 429 2238 489 PSALIilUM
2282 431 2534 490 LXXVII.

3470 445 3604 500 tuus

2029 545 2202 615 (Isai.
2229 564 2314 608 xc,
2341 548 2394 614 6,
2426 548 2502 622 7)
2538 565 2552 613 ;
2593 559 2858 605 secretum
2908 551 3110 608 scilicet
3161 559 3463 612 testamenti
3517 575 3608 612 re-

2019 641 2483 707 guumcm'orum.
2516 641 2602 697 ubi
2651 650 2732 698 cst
2781 653 3037 714 :pternum
3094 646 3307 703 Verbum
3340 650 3454 705 Dei.
3492 651 3600 706 Sed

2021 729 2095 784 illi
2159 731 2245 799 qui
2296 734 2588 800 posteriora
2644 735 2962 802 dilexerunt,
3005 755 3070 812 ex
3127 740 3256 809 ipsis
3301 741 3593 810 justissime

2019 821 2432 877 erneiabnntur:
2481 823 2819 895 Opprobrium
2863 830 3003 883 enim
3056 832 3412 902 sempiternum
3459 834 3596 887 dedit

2016 913 2137 967 illis.

2088 1005 2177 1059 41.
2211 1004 2376 1078 [υενδ.
2397 997 2601 1074 67,68.
2628 1009 2646 1082 ]
2678 1011 2739 1064 Et
2763 1013 2966 1083 repulit,
2997 1015 3185 1084 inquit,
3220 1017 3596 1072 tabernaculum

2017 1097 2228 1166 Joseph,
2271 1109 2316 1152 et
2347 1101 2528 1154 tribum
2563 1101 2808 1170 Epitra'm
2834 1123 2933 1160 non
2963 1107 3126 1178 elegit.
3155 1107 3222 1161 Et
3253 1110 3396 1180 elegit
3420 1113 3603 1166 tribum

2016 1187 2174 1242 Iuda.
2194 1189 2308 1243 Non
2358 1191 2507 1254 dixit,
2563 1193 2775 1263 Repulit
2823 1197 3219 1253 tabernaculum
3264 1200 3470 1266 Ruben,
3515 1204 3601 1274 qui

2021 1279 2115 1334 fuit
2158 1281 2538 1352 primogenitus
2579 1284 2779 1348 Jacob;
2807 1303 2904 1342 nec
2931 1305 3023 1343 eos
3067 1292 3154 1360 qui
3206 1302 3519 1361 sequuntur,
3553 1307 3604 1350 et

2017 1371 2205 1425 Judam
2237 1374 2502 1428 nascendo
2549 1376 2876 1445 prteeedunt,
2911 1389 2966 1432 ut
3015 1381 3116 1434 illis
3162 1383 3388 1452 repulsis
3419 1394 3467 1438 et
3498 1401 3603 1440 non

2018 1465 2221 1532 electis,
2252 1467 2419 1522 tribus
2448 1469 2580 1524 Jnda
2610 1472 2913 1541 eligeretur.
2951 1473 3161 1527 Poterat
3183 1458 3329 1530 enim
3353 1476 3456 1532 dici
3485 1493 3600 1532 me-

2017 1559 2120 1613 rito
2145 1559 2262 1613 illos
2292 1563 2554 1630 repulsos,
2588 1564 2710 1634 quia
2728 1573 2780 1620 et
2809 1566 2861 1619 in
2884 1565 3255 1623 benedictione
3274 1569 3460 1637 Jacob,
3493 1588 3594 1640 qua

2017 1663 2145 1705 suos
2170 1650 2306 1706 ﬁlios
2351 1652 2641 1722 benedixit,
2687 1666 2904 1725 peccata
2941 1673 3126 1713 eorum
3180 1675 3596 1719 commemorata

2017 1744 2246 1812 graviter
2296 1745 2590 1801 detestatur
2615 1748 2632 1818 (
2658 1747 2789 1802 Gen.
2860 1766 3006 1817 xux,
3042 1753 3132 1806 1-7
3163 1752 3179 1822 )
3211 1769 3225 1818 ;
3257 1757 3503 1822 quamvis
3545 1755 3599 1811 in

2019 1834 2098 1888 eis
2127 1835 2294 1891 tribus
2316 1837 2446 1892 Levi
2467 1838 2810 1894 sacerdotalis
2837 1842 3004 1896 tribus
3043 1858 3162 1898 esse
3194 1848 3467 1912 meruerit,
3501 1863 3600 1904 un-

2017 1924 2084 1979 de
2103 1927 2262 1981 etiam
2289 1927 2498 1999 Moyses
2525 1927 2661 1999 fuit(
2697 1929 2860 1983 Exod.
2894 1948 2950 1994 ιι,
2980 1935 3001 1987 l
3026 1934 3064 2003 ).
3107 1933 3217 1989 Nec
3242 1934 3394 1999 dixit,
3425 1936 3601 2007 Repu-

2018 2015 2078 2070 lit
2122 2007 2517 2073 tabernaculum
2573 2020 3015 2090 Benj:unin;vel,
3063 2024 3278 2081 Tribuni
3325 2028 3600 2098 Benjamin

2018 2121 2123 2160 non
2146 2106 2324 2176 elegit,
2355 2123 2418 2162 ex
2449 2124 2549 2178 qua
2601 2126 2695 2163 rex
2724 2126 2844 2166 esse
2869 2112 2978 2181 jam
3019 2126 3252 2184 cmpcrat
3284 2133 3299 2182 ;
3331 2134 3449 2172 nam
3481 2119 3602 2174 inde

2019 2196 2186 2252 fuerat
2213 2199 2416 2254 electus
2434 2200 2557 2255 Saul
2589 2200 2606 2271 (
2639 2201 2658 2255 Ι
2690 2202 2816 2273 Reg.
2877 2219 2952 2270 tx,
2979 2204 3032 2271 1,
3062 2203 3098 2258 2
3126 2205 3144 2276 )
3170 2225 3184 2260 :
3215 2208 3354 2263 unde
3399 2225 3462 2264 ex
3490 2210 3600 2280 ipsa

2018 2291 2282 2346 vicinitate
2327 2296 2600 2363 temporis,
2635 2297 2848 2365 quando
2894 2296 2982 2352 ille
3025 2301 3269 2368 repulsus
3313 2312 3396 2357 est
3441 2315 3600 2375 atque

2015 2383 2352 2452 reprobatus,
2375 2393 2429 2438 et
2459 2385 2618 2439 David
2647 2387 2849 2441 electus
2878 2387 3052 2457 (Ibid.
3079 2406 3192 2459 xw,
3227 2393 3280 2458 1,
3313 2395 3378 2448 15
3403 2393 3444 2464 ),
3473 2410 3600 2450 con.

2014 2475 2288 2530 venienter
2309 2485 2487 2545 posset
2509 2476 2608 2531 hoc
2637 2477 2740 2532 dici
2766 2495 2781 2540 ;
2813 2494 2912 2534 nec
2936 2489 3110 2537 tamen
3139 2482 3336 2537 dictum
3355 2493 3472 2540 est:
3503 2486 3598 2541 sed

2017 2582 2110 2621 eos
2139 2569 2468 2634 potissimum
2516 2570 2844 2636 nominavit,
2897 2573 2983 2642 qui
3036 2573 3348 2630 clarioribus
3397 2579 3600 2634 meritis

2017 2659 2331 2714 videbantur
2383 2661 2665 2716 excellere.
2713 2662 2846 2717 Nam
2888 2664 3085 2734 Joseph
3119 2667 3262 2736 pavit
3289 2669 3338 2721 in
3367 2668 3600 2742 JEgypto

2015 2760 2216 2818 patrem
2236 2761 2289 2805 et
2321 2750 2512 2807 fratres
2539 2767 2684 2820 suos,
2711 2764 2764 2808 et
2785 2754 2948 2826 impie
2980 2757 3249 2824 venditus,
3273 2761 3461 2815 merito
3486 2762 3602 2834 pie-

2016 2843 2156 2906 tatis,
2188 2842 2778 2914 castitatis,sapienti;n,
2820 2846 3118 2915 justissima
3165 2849 3480 2906 sublimatus
3515 2863 3599 2908 est

2015 2934 2032 3004 (
2063 2935 2188 2988 Gen.
2212 2952 2319 3000 xu,
2344 2937 2412 2992 40
2435 2937 2451 3006 )
2474 2955 2488 3003 ;
2515 2949 2568 2992 et
2597 2938 2843 3008 Ephrmm
2869 2941 3059 3009 majori
3104 2940 3249 2996 fratri
3278 2945 3360 2998 avi
3406 2944 3486 2999 sui
3509 2944 3598 3001 Ja-

2012 3027 2112 3081 coh
2142 3027 2510 3082 benedictione
2533 3030 2781 3098 przelatus
2821 3039 2902 3084 est
2933 3029 3041 3101 (Id.
3078 3048 3255 3097 vant,
3288 3033 3377 3105 19)
3404 3053 3415 3088 :
3447 3044 3500 3089 et
3522 3045 3597 3090 ta-

2012 3105 2133 3173 men
2187 3120 2326 3174 Deus
2379 3121 2564 3190 repulit
2619 3122 2998 3176 tabernaculum
3039 3123 3229 3196 Joseph
3256 3168 3271 3193 ,
3320 3136 3368 3180 et
3413 3129 3597 3182 tribum

2011 3207 2060 3262 Ε
2064 3210 2255 3278 ιιΙινωηι
2281 3227 2380 3263 non
2409 3210 2576 3281 elegit.
2605 3209 2707 3266 Ubi
2735 3228 2827 3281 per
2851 3213 2963 3267 haec
3003 3216 3242 3284 prteclari
3291 3218 3464 3272 meriti
3494 3235 3596 3273 no-

2011 3304 2170 3364 mina,
2201 3301 2325 3371 quid
2356 3303 2496 3357 aliud
2517 3320 2674 3373 quam
2707 3305 3009 3360 universum
3037 3309 3288 3378 populum
3321 3311 3467 3366 illum
3499 3329 3593 3369 ve-

2009 3401 2145 3446 tusla
2173 3392 2458 3462 cupiditate
2483 3408 2510 3446 a
2547 3393 2769 3448 Domino
2821 3404 3030 3451 terrena
3077 3400 3290 3466 prarmia
3318 3402 3595 3470 requiren-

2009 3495 2136 3549 tem,
2188 3486 2456 3554 repnlsum
2497 3496 2551 3540 ct
2598 3486 2935 3556 reprobatum
2971 3489 3588 3559 intelligimus;electam

2005 3586 2182 3630 autem
2230 3577 2420 3631 tribum
2474 3576 2628 3642 Juda,
2681 3594 2786 3630 non
2819 3593 2915 3646 pro
2957 3581 3160 3634 meritis
3209 3583 3376 3650 ipsius
3399 3583 3590 3639 ludat?

2005 3668 2188 3738 Longe
2214 3668 2408 3738 quippe
2438 3668 2638 3736 majora
2688 3676 2815 3722 sunt
2857 3671 3043 3723 merita
3095 3671 3294 3742 Joseph
3322 3690 3336 3739 ;
3368 3676 3459 3729 sed
3492 3692 3590 3746 per

2007 3758 2376 3825 tribnmJuda,
2427 3759 2675 3828 quoniam
2717 3759 2838 3814 inde
2877 3761 3078 3815 exstitit
3120 3761 3364 3819 Christus
3395 3781 3587 3820 secun-

2005 3850 2130 3902 dum
2159 3864 2394 3915 carnem,
2441 3864 2632 3904 novum
2663 3851 2912 3919 populum
2944 3849 3137 3906 Christi
3168 3853 3240 3907 illi
3267 3857 3462 3925 populo
3493 3874 3586 3913 ve-

2005 3943 2100 3996 teri
2145 3943 2418 4012 prrelatum
2465 3943 2733 4011 Scriptura
2776 3952 3016 4010 testatur,
3047 3946 3320 4015 aperiente
3365 3948 3585 4005 Domino

2003 4035 2054 4087 in
2087 4033 2349 4102 parabolis
2377 4048 2436 4088 os
2463 4048 2636 4088 suum.
2667 4033 2782 4088 Jam
2811 4033 2934 4089 inde
2971 4037 3128 4091 etiam
3156 4038 3295 4107 quod
3323 4041 3581 4110 sequitur,

2003 4124 2227 4178 Montem
2253 4125 2381 4179 Sion
2410 4142 2554 4196 quem
2583 4125 2778 4193 dilexit,
2807 4127 3100 4183 Ecclesium
3155 4129 3350 4185 Christi
3395 4134 3584 4188 melius
3661 4199 3674 4212 _

2003 4219 2364 4289 intelligimus,
2398 4234 2503 4273 non
2560 4227 2778 4288 propter
2827 4223 3105 4289 prmsentis
3137 4225 3387 4293 temporis
3416 4225 3573 4280 benc-

2001 4311 2112 4364 lieia
2143 4310 2370 4364 carnalia
2423 4310 2585 4363 Deum
2617 4311 2900 4378 colentem,
2945 4313 3036 4366 sed
3084 4312 3256 4368 futura
3301 4325 3356 4370 et
3382 4325 3577 4372 teterna

2001 4402 2211 4471 [triennia
2239 4401 2406 4456 oculis
2439 4401 2557 4455 fidei
2601 4403 2651 4455 lo
2689 4418 2754 4472 ge
2779 4404 3138 4473 speculantem
3172 4422 3184 4458 :
3215 4421 3335 4459 nam
3371 4417 3425 4462 et
3450 4407 3576 4462 Sion

1995 4494 2295 4563 Speculatio
2312 4493 2708 4562 interprrtatur.

2065 4584 2153 4638 42.
2186 4583 2346 4656 [vers
2381 4585 2469 4639 69.
2497 4583 2515 4656 ]
2545 4587 2777 4654 Denique
2803 4586 3058 4656 sequitur,
3090 4586 3159 4641 Et
3184 4589 3450 4656 wdi/icavit
3470 4592 3572 4645 sic-

1994 4687 2045 4730 ut
2093 4678 2485 4730 unicornuorum
2548 4676 2994 4745 sanctiﬁcatiouem
3041 4693 3230 4731 suam:
3280 4679 3383 4746 vel,
3432 4681 3572 4736 sicut

1992 4770 2202 4840 quidam
2233 4771 2547 4838 interpretes
2578 4770 2795 4823 verbum
2833 4785 3026 4823 novum
3060 4768 3316 4838 fecerunt,
3341 4775 3570 4843 sanctiﬁ-

1991 4863 2126 4916 cium
2168 4877 2330 4915 suunt.
2385 4860 2674 4914 Unieornui
2716 4869 2860 4914 recte
2907 4860 3290 4929 intelliguntur,
3342 4878 3567 4933 quorum

1990 4953 2139 5008 ﬁrma
2171 4968 2292 5022 spes
2326 4955 2374 5005 in
2405 4968 2566 5007 unum
2617 4950 2744 5006 illud
2774 4951 3012 5021 erigitur,
3052 4951 3118 5007 de
3147 4968 3252 5022 quo
3281 4952 3415 5010 alius
3443 4955 3570 5011 dicit

1990 5045 2270 5114 psalmus,
2323 5043 2488 5096 Unam
2545 5042 2692 5112 petivi
2744 5059 2774 5094 a
2823 5041 3086 5108 Domino;
3135 5044 3265 5098 hanc
3312 5048 3564 5116 requiram

1989 5135 2007 5207 (
2035 5133 2176 5188 Psal.
2202 5150 2347 5196 xxvr,
2373 5131 2464 5204 4).
2498 5133 2858 5188 Sanctilieium
2880 5149 3006 5188 vero
3034 5134 3123 5190 Dei
3148 5146 3247 5199 est,
3269 5137 3558 5192 secundum

1986 5224 2281 5295 apostolum
2315 5224 2547 5289 Petrum,
2597 5224 2859 5279 intellecta
2913 5223 3052 5293 plebs
3085 5236 3277 5294 sancta,
3325 5237 3370 5279 et
3399 5227 3566 5296 regale

1986 5317 2319 5371 sacerdotium
2351 5315 2418 5386 (Ι
2462 5315 2604 5370 Petr.
2651 5331 2708 5382 ιι,
2771 5315 2872 5386 9).
2920 5317 3071 5386 Quod
3125 5333 3253 5372 vero
3298 5318 3560 5386 sequitur,

1991 5405 2052 5460 In
2077 5418 2206 5460 terra
2228 5424 2376 5477 quam
2401 5407 2628 5476 fundavit
2652 5408 2703 5461 in
2733 5418 2972 5462 a’ternum
3002 5424 3022 5462 :
3047 5407 3184 5478 quod
3209 5407 3400 5462 habent
3421 5423 3560 5478 grte-

1985 5499 2029 5552 ci
2059 5498 2290 5563 codices,
2317 5509 2380 5559 ιῖς
2410 5507 2486 5552 τόν
2509 5499 2675 5559 aio-ova,
2700 5509 2872 5552 utrmn
2903 5500 2954 5552 in
2983 5508 3242 5560 aeternum,
3285 5512 3350 5550 an
3379 5497 3430 5549 in
3460 5514 3559 5550 sa:-

1982 5590 2149 5644 culum
2179 5591 2386 5644 dicatur
2415 5608 2442 5643 a
2477 5592 2646 5656 nobis,
2694 5593 2744 5644 in
2777 5592 3056 5645 latinorum
3089 5591 3432 5658 interpretmn
3465 5606 3563 5660 po-

1983 5689 2175 5734 testate
2197 5690 2296 5746 est,
2318 5683 2562 5750 quoniam
2591 5692 2876 5751 utrumque
2902 5677 3162 5749 signiﬁcat
3190 5670 3217 5743 ;“
3240 5687 3292 5733 et
3321 5679 3438 5735 ideo
3458 5680 3560 5735 hoc

1981 5774 2033 5827 in
2061 5773 2238 5826 latinis
2266 5773 2535 5828 codicibus
2556 5815 2570 5836 ,
2602 5773 2727 5826 illud
2775 5770 2828 5826 in
2861 5772 2975 5825 aliis
3019 5771 3300 5824 invenitur.
3350 5771 3561 5826 Habent.

1983 5867 2145 5936 aliqui
2175 5866 2333 5922 etiam
2362 5866 2651 5936 pluraliter,
2704 5864 2757 5919 id
2808 5873 2911 5932 est,
2965 5865 3019 5917 in
3061 5866 3276 5933 statuta;
3325 5870 3468 5936 quod
3504 5865 3558 5922 in
