4020 6198
401 372 539 432 10οἸ

407 488 597 560 graecis
635 500 767 557 quos
814 480 1113 547 habuimus,
1164 492 1271 533 non
1316 474 1636 530 invenimus.
1686 470 1817 538 Quis
1855 482 1983 524 vero

406 582 639 637 (idolium
667 577 868 632 dubitet
888 573 1202 634 Ecclesium,
1248 568 1455 625 etiamsi
1497 566 1617 621 aliis
1642 562 1981 629 abeuntibus,

404 670 525 729 aliis
548 668 899 733 venientibus,
928 681 994 721 ex
1034 664 1134 719 hac
1177 665 1282 717 vita
1329 659 1625 716 mortaliter
1663 654 1870 720 transit,
1904 658 1984 708 ta-

406 779 528 818 men
556 763 606 816 in
638 768 893 815 aeternum
915 771 1036 811 esse
1056 754 1324 809 fundatam
1354 752 1376 806 ?

477 856 565 910 45.
595 850 767 927 [vers.
801 850 888 911 70,
918 850 1006 902 7|.
1034 846 1055 919 ]
1082 846 1141 900 lit
1187 845 1335 915 elegit
1379 841 1546 896 David
1587 854 1784 894 servum
1817 851 1984 891 suum.

407 947 625 1002 Tribum
671 960 799 1014 ergo
851 941 984 998 Juda
1053 947 1273 1010 promer
1332 935 1537 1000 David;
1600 932 1765 987 David
1808 939 1986 985 autem

410 1048 625 1109 preptcr
649 1034 918 1092 Christum
945 1050 958 1087 :
990 1031 1184 1087 tribum
1214 1029 1371 1100 igitur
1409 1026 1544 1082 Juda
1589 1033 1804 1095 propter
1831 1020 1989 1112 Chri-

408 1142 572 1194 stum,
597 1143 703 1199 quo
725 1132 1035 1182 transeunte
1058 1123 1420 1178 ciamavernnt
1445 1117 1592 1182 eieci,
1650 1115 1994 1168 Miserereno-

414 1225 510 1288 bis,
535 1223 611 1292 ﬁli
643 1220 929 1286 David;et
956 1216 1209 1273 continuo
1236 1208 1596 1266 misericordia
1648 1205 1764 1276 ejus
1816 1205 1991 1259 lumen

411 1310 771 1384 receperunt(
809 1309 993 1364 Matth.
1042 1322 1137 1371 xx,
1180 1303 1269 1369 '50,
1315 1297 1592 1372 5i),qnia
1645 1312 1827 1350 verum
1881 1302 1991 1349 erat

411 1406 553 1479 quod
575 1406 960 1460 elamaverunt.
987 1399 1097 1453 lloc
1150 1396 1268 1449 ideo
1321 1409 1425 1446 non
1473 1385 1992 1479 transeunter

412 1475 505 1554 sed
537 1504 736 1553 attente
774 1489 1113 1547 Commendat
1172 1485 1478 1554 Apostolus,
1538 1479 1777 1534 scribens
1811 1475 1876 1531 ad
1906 1475 1996 1530 Τί-

413 1590 685 1646 motheum
721 1605 732 1640 :
777 1583 972 1638 Memor
1018 1589 1118 1635 esto
1150 1578 1404 1631 Christum
1458 1572 1633 1626 Jcsum
1663 1568 1993 1624 rcsurrexisse

412 1699 446 1734 η
497 1678 707 1734 mortuis
744 1693 805 1729 ea:
850 1674 1036 1728 semine
1078 1668 1248 1723 David
1277 1709 1289 1730 ,
1338 1663 1613 1719 secundum
1669 1660 1998 1731 Evangelium

414 1784 603 1831 meum,
636 1765 685 1817 in
715 1779 813 1829 quo
835 1761 1006 1815 laboro
1028 1772 1180 1827 usque
1200 1754 1267 1807 ad
1305 1751 1526 1815 vincula,
1569 1759 1809 1817 tanquam
1838 1746 1996 1799 male-

418 1857 644 1928 faciens;
673 1853 760 1908 sed
786 1867 947 1906 sermo
967 1848 1061 1902 Dei
1104 1863 1202 1901 non
1232 1853 1303 1899 est
1329 1840 1601 1913 alligatus(
1623 1839 1663 1893 ιι
1694 1837 1829 1892 Tim.
1855 1853 1913 1904 ιι,
1943 1836 1996 1901 8,

417 1951 519 2021 9).
553 1949 669 2019 Ipse
715 1947 892 2015 itaque
940 1942 1184 2004 Salvator
1236 1934 1527 1992 secundum
1572 1945 1788 1988 carnem
1833 1928 2002 2021 laetus

419 2059 485 2100 ex
510 2040 711 2097 semine
739 2035 923 2102 David,
956 2032 1210 2103 ﬁguratur
1231 2030 1281 2082 in
1308 2028 1408 2081 hoc
1434 2026 1551 2080 loco
1572 2023 1785 2077 nomine
1813 2020 1998 2085 David,

421 2132 694 2206 aperiente
710 2128 934 2182 Domino
959 2125 1011 2179 in
1048 2120 1314 2192 parabolis
1346 2134 1408 2174 os
1446 2133 1621 2172 suum.
1654 2114 1762 2206 Nec
1792 2122 2004 2206 moveat

420 2204 563 2295 quod
590 2236 711 2276 cum
741 2218 979 2282 dixisset,
1012 2214 1074 2267 Et
1089 2212 1236 2283 elegit
1262 2208 1449 2274 David,
1474 2222 1579 2278 quo
1611 2205 1826 2260 nomine
1852 2204 2002 2295 Chri-

422 2293 563 2368 stum
591 2307 923 2381 signiﬁcavit,
952 2302 1176 2369 addidit,
1226 2315 1421 2354 servum
1446 2313 1594 2352 suum
1618 2313 1638 2362 ;
1683 2310 1810 2361 non,
1839 2293 2003 2348 filium

423 2418 577 2459 suum
612 2418 625 2454 :
659 2401 767 2454 imo
800 2411 927 2452 vero
965 2394 1089 2448 hinc
1140 2402 1491 2463 agnoscamus
1514 2428 1529 2451 ,
1573 2402 1679 2440 non
1728 2385 1869 2439 Patri
1915 2398 2006 2438 eo-

428 2503 681 2549 aeternam
722 2485 989 2558 Unigeniti
1030 2481 1412 2546 substantiam,
1455 2477 1550 2534 sed
1596 2477 1818 2533 formam
1868 2475 2007 2531 servi

427 2591 725 2652 susceptam
759 2594 820 2634 ex
844 2577 1045 2633 semine
1075 2572 1260 2629 David.

498 2696 588 2751 M.
611 2693 677 2747 Et
715 2690 917 2747 sustulit
946 2687 1140 2744 eumde
1159 2685 1391 2758 gregibus
1441 2682 1653 2745 ovium;
1697 2680 1758 2734 de
1804 2688 1915 2750 post
1936 2679 2015 2748 fe-

433 2796 591 2842 tantes
615 2784 803 2855 accepit
830 2799 963 2847 eum,
998 2795 1201 2851 pascere
1241 2776 1404 2831 Jacob
1443 2791 1638 2829 servum
1667 2789 1831 2839 suum,
1857 2781 1902 2825 et
1924 2770 2012 2825 ls-

428 2880 535 2935 rael
560 2879 901 2933 hwreditatem
930 2888 1093 2928 suum.
1125 2869 1217 2926 Ille
1245 2868 1458 2939 quidem
1511 2865 1700 2931 David,
1750 2880 1817 2919 ex
1859 2862 2014 2933 cujus

429 2972 633 3028 semine
660 2984 788 3025 caro
813 2965 1008 3023 Christi
1037 2975 1138 3028 est,
1169 2961 1236 3016 ab
1265 2960 1443 3016 oﬂicio
1469 2957 1721 3029 pastorali
1762 2969 2010 3026 pecorum

430 3064 495 3116 ad
529 3061 802 3117 hominum
845 3072 1066 3129 regnum
1114 3055 1399 3109 translatus
1451 3060 1573 3107 est:
1610 3059 1789 3104 noster
1836 3056 2012 3102 autem

434 3153 617 3218 David,
649 3153 762 3222 ipse
790 3151 964 3215 Jesus,
984 3148 1050 3202 ab
1065 3146 1370 3201 hominibus
1382 3144 1447 3198 ad
1473 3143 1738 3207 homines,
1767 3156 1798 3195 a
1818 3139 2015 3195 Jttdmis

431 3246 499 3301 ad
528 3245 726 3301 Gentes
757 3260 771 3309 ;
820 3252 996 3296 tamen
1035 3236 1326 3293 secundum
1382 3234 1688 3305 parabolam
1734 3233 1800 3287 ab
1827 3231 2015 3286 ovibus

431 3337 498 3392 ad
525 3350 653 3392 oves
679 3335 885 3390 ablatus
911 3341 1070 3400 atque
1099 3328 1384 3397 translatus
1408 3336 1508 3382 est.
1552 3325 1665 3379 Non
1714 3334 1835 3378 sunt
1872 3324 2015 3379 enim

435 3429 595 3485 modo
623 3429 675 3482 in
705 3439 842 3483 terra
880 3424 967 3480 illa
1000 3422 1251 3478 Ecclesiae
1291 3419 1488 3476 Jnd:ea3
1528 3419 1580 3473 in
1620 3418 1851 3483 Christo,
1899 3432 2019 3488 qure

434 3520 650 3575 fuerunt
678 3514 1114 3572 circumeisorum
1159 3512 1359 3567 recenti
1402 3508 1647 3579 passione
1697 3516 1751 3563 et
1779 3522 2020 3563 resurre-

433 3614 612 3668 ctione
663 3609 868 3664 Domini
922 3607 1086 3662 nostri
1118 3623 1133 3671 ;
1166 3604 1233 3660 de
1279 3603 1472 3673 quibus
1506 3602 1636 3657 dicit
1680 3601 2012 3670 Apostolus:

437 3704 594 3758 Eram
631 3711 797 3755 autem
832 3701 1032 3771 ignotus
1058 3696 1186 3766 facie
1234 3692 1476 3748 Ecclesiis
1502 3691 1699 3746 Judtt'a:
1750 3706 1862 3762 quin
1902 3698 2019 3744 sunt

434 3797 486 3850 in
517 3792 716 3850 Christo
738 3807 757 3846 :
777 3800 971 3844 tantum
993 3796 1159 3842 autem
1178 3785 1445 3839 audiebant
1471 3784 1589 3852 quia
1607 3782 1651 3836 is
1671 3782 1754 3852 qui
1779 3781 2017 3850 aliquem-

422 3875 504 3939 do
551 3899 641 3937 nos
690 3878 1111 3952 persequebatur,
1154 3892 1288 3929 nunc
1318 3874 1623 3945 evangelth
1668 3873 1819 3942 ﬁdem
1870 3888 2019 3940 quam

433 3972 706 4044 aliquando
719 3972 940 4027 vastabat
966 3986 986 4037 ;
1013 3977 1060 4023 et
1086 3969 1140 4021 in
1181 3983 1259 4021 me
1309 3964 1694 4035 magniﬁcabant
1744 3962 2020 4018 Dominum

436 4066 454 4134 (
486 4061 603 4118 Gal.
636 4077 675 4130 ι,
704 4059 869 4116 22-24
891 4059 931 4130 ).
953 4057 1069 4115 Jam
1100 4057 1222 4112 hinc
1259 4056 1359 4111 illa:
1390 4055 1642 4111 Ecclesiae
1698 4056 2020 4110 transierunt

326 4176 337 4187 ·
434 4154 750 4226 pepulerunt
774 4150 1207 4207 circumeisorum
1236 4166 1250 4215 ;
1283 4163 1345 4202 ac
1370 4162 1462 4217 per
1490 4145 1590 4201 hoc
1620 4146 1671 4200 in
1694 4145 1872 4200 .ludaia
1898 4162 2018 4217 qua:

433 4246 596 4301 modo
621 4245 832 4300 interra
858 4248 960 4309 est,
1004 4258 1109 4296 non
1147 4250 1231 4297 est
1263 4239 1423 4295 modo
1480 4238 1720 4294 Christus
1751 4257 1763 4293 :
1809 4239 2018 4294 ablatus

436 4334 520 4393 est
545 4338 702 4403 inde;
745 4351 886 4391 nunc
914 4334 1160 4390 Gentium
1189 4348 1376 4404 greges
1407 4333 1594 4403 pascit.
1637 4332 1780 4388 Sane
1805 4333 1868 4387 de
1906 4342 2018 4404 post

436 4431 647 4499 [etantes
678 4428 801 4484 inde
823 4436 1071 4496 acceptus
1095 4435 1195 4480 est.
1244 4425 1353 4481 illa:
1369 4425 1561 4495 quippe
1583 4427 1785 4495 priores
1806 4425 2019 4481 fuerunt

437 4521 590 4585 tales,
616 4519 684 4575 de
708 4518 949 4589 qualibus
996 4516 1187 4571 dicitur
1227 4515 1279 4570 in
1305 4514 1524 4571 Cantico
1567 4516 1891 4571 canticorum
1928 4517 2017 4572 uni

438 4611 690 4668 Ecclesiae
718 4628 836 4683 quae
860 4620 1068 4666 constat
1099 4625 1165 4666 ex
1211 4610 1407 4676 multis,
1442 4610 1493 4665 id
1522 4618 1605 4665 est
1634 4614 1720 4666 uni
1747 4613 1892 4683 gregi
1921 4627 2017 4667 eu-

435 4701 521 4770 jus
537 4704 771 4756 memhra
798 4711 922 4757 sunt
948 4702 1096 4756 multi
1128 4716 1353 4772 greges;
1379 4700 1448 4757 de
1493 4700 1685 4756 talibus
1728 4718 1854 4774 ergo
1881 4703 2017 4759 diei-

440 4802 567 4846 tur:
615 4792 800 4847 Dentes
829 4795 923 4861 tui,
948 4793 998 4848 id
1025 4802 1126 4859 est,
1181 4808 1276 4863 per
1318 4807 1452 4863 quos
1510 4792 1763 4864 loqueris,
1814 4795 1897 4850 vel
1927 4813 2020 4866 per

438 4898 571 4954 quos
626 4887 680 4941 in
706 4899 900 4955 corpus
953 4894 1122 4952 tuum,
1174 4884 1318 4939 velut
1363 4883 1754 4953 manducando,
1795 4896 2017 4945 cmtcros

436 4976 635 5046 trajicis
660 4993 673 5039 ;
704 4975 803 5029 hoc
825 4976 997 5048 itaque
1022 4977 1376 5048 signiﬁcantes
1405 4978 1576 5031 dentes
1601 4980 1695 5043 tui,
1741 4980 1872 5034 sicut
1896 4998 2020 5052 grex

436 5068 758 5122 detonsarum
783 5068 1052 5122 ascendens
1094 5070 1155 5123 de
1196 5069 1416 5136 lavacro,
1462 5085 1577 5141 qua:
1604 5087 1772 5125 omnes
1796 5073 2019 5143 geminos

432 5169 625 5225 creant,
654 5166 698 5211 et
744 5158 929 5210 sterilis
966 5175 1066 5213 non
1117 5170 1188 5214 est
1216 5162 1267 5215 in
1297 5163 1410 5233 eis(
1439 5160 1587 5218 Cant.
1621 5179 1696 5227 tv,
1723 5165 1758 5218 2
1778 5163 1817 5236 ).
1851 5166 2020 5237 Depo-

435 5258 657 5305 suerunt
684 5249 826 5304 enim
846 5255 973 5303 tunc
994 5251 1136 5305 velut
1177 5253 1370 5307 vellera
1401 5269 1565 5309 onera
1619 5242 1819 5324 surculi,
1844 5275 2018 5328 quan-

432 5343 504 5397 do
533 5352 656 5397 ante
688 5341 849 5412 pedes
892 5341 1268 5411 Apostolorum
1299 5345 1628 5401 venditarum
1673 5364 1851 5403 rerum
1889 5365 2017 5404 sua~

431 5451 548 5489 rum
577 5436 744 5504 pretia
774 5440 1062 5505 posuerunt
1088 5434 1106 5504 (
1140 5432 1250 5486 Act.
1273 5450 1328 5500 It,
1360 5436 1448 5501 45,
1472 5447 1516 5491 et
1556 5455 1625 5504 IV,
1656 5441 1720 5496 5i
1750 5440 1796 5512 ),
1827 5456 2016 5498 ascen-

429 5526 617 5581 dentes
652 5524 720 5579 de
752 5526 961 5580 lavacro
987 5524 1095 5590 illo,
1123 5523 1190 5578 de
1213 5539 1319 5593 quo
1355 5540 1447 5580 eos
1472 5527 1722 5585 admonet
1747 5534 2018 5601 apostolus

431 5614 640 5671 Petrus.
673 5615 928 5671 sollicitos
968 5613 1110 5686 quod
1157 5613 1351 5669 Christi
1393 5618 1705 5686 sanguinem
1759 5622 2014 5695 fuderint,

428 5715 482 5761 et
509 5705 639 5761 dicit
665 5723 678 5759 :
717 5706 861 5776 Agite
886 5707 1247 5775 parnitentiam,
1291 5717 1336 5761 et
1383 5706 1658 5776 baptisetnr
1683 5715 2017 5785 unusquisque

430 5810 644 5855 uestrum
667 5802 718 5856 in
747 5804 947 5857 nomine
968 5802 1175 5857 Domini
1201 5801 1323 5858 Jesu
1363 5801 1567 5873 Christi,
1611 5814 1655 5858 et
1707 5805 2016 5864 dimittentur

1633 359 1688 414 S.
1730 348 2094 412 AUGUSTINI
2136 348 2432 406 EPISCOPI

3534 353 3680 412 1008

2091 465 2227 518 vobis
2243 473 2445 535 peccata
2473 471 2634 518 vestra
2658 462 2792 537 (Act.
2822 481 2877 529 ιι,
2903 463 2970 522 '58
2996 467 3034 536 ).
3064 465 3317 521 Geminos
3336 481 3514 525 autem
3534 486 3692 527 crea-

2088 563 2299 618 verunt,
2334 568 2493 624 opera
2520 554 2725 609 scilicet
2764 554 2991 610 duorum
3034 567 3418 627 praeceptorum
3450 562 3691 629 gemina:

2089 646 2388 709 charitatis,
2421 645 2718 701 dilectionis
2769 647 2887 713 Dei,
2942 657 2995 703 et
3046 647 3344 705 dilectionis
3402 654 3626 721 proximi
3671 670 3690 712 :

2092 735 2229 791 unde
2264 736 2463 791 sterilis
2494 752 2596 791 non
2636 747 2750 792 erat
2794 739 2846 792 in
2875 739 2975 794 eis.
3036 739 3112 795 De
3140 751 3258 811 post
3303 742 3396 797 has
3443 759 3574 799 oves
3601 745 3696 801 fe-

2093 836 2265 883 tantes
2298 827 2460 885 David
2492 835 2673 883 noster
2696 838 2965 898 acceptus.
3010 845 3150 885 nunc
3177 831 3308 886 alios
3352 848 3542 905 greges
3584 851 3696 905 pa-

2091 917 2191 971 scit
2220 917 2271 971 in
2302 916 2578 984 Gentibus,
2628 926 2681 973 ct
2718 919 2861 988 ipsos
2887 917 3052 974 Jacob
3080 930 3133 975 et
3157 919 3316 976 Israel
3350 940 3365 977 :
3414 925 3495 980 sic
3535 927 3696 981 enim

2093 1010 2293 1064 dictum
2323 1020 2426 1075 est,
2452 1008 2669 1065 Poscere
2691 1009 2851 1065 Iacob
2871 1028 3069 1066 servum
3091 1030 3258 1080 suum,
3289 1026 3334 1069 et
3381 1015 3545 1072 Israel
3572 1020 3695 1072 ha:-

2094 1101 2353 1155 reditatem
2406 1117 2570 1156 suam.
2616 1101 2730 1156 Non
2771 1102 2935 1169 enim,
2978 1104 3100 1173 quia
3148 1120 3216 1160 ex
3259 1105 3516 1163 Gentibus
3558 1120 3699 1164 sunt

2096 1193 2210 1247 istae
2239 1207 2386 1257 oves,
2421 1191 2541 1247 ideo
2579 1191 2764 1247 abillo
2814 1194 3019 1250 semine
3082 1196 3325 1251 alienata:
3365 1206 3509 1265 sunt,
3537 1199 3699 1269 quod

2096 1284 2358 1341 estlacob
2379 1294 2434 1339 et
2459 1285 2637 1339 isracl.
2671 1284 2861 1340 Semen
2886 1294 2965 1340 est
3015 1286 3158 1342 enim
3209 1287 3458 1355 Abrahae,
3496 1304 3699 1346 semen

2101 1379 2490 1448 promissionis,
2518 1378 2585 1433 de
2605 1395 2709 1448 quo
2737 1380 2786 1434 ei
2817 1379 3074 1434 Dominus
3122 1380 3254 1435 dixit
3285 1398 3299 1435 :
3331 1380 3396 1435 In
3422 1379 3576 1436 Isaac
3600 1399 3705 1437 vo-

2098 1470 2290 1523 cabitur
2322 1470 2410 1523 tibi
2458 1486 2625 1524 semen
2655 1473 2672 1540 (
2703 1469 2831 1525 Gen.
2874 1487 2985 1533 ut,
3023 1470 3157 1543 1'2).
3209 1471 3362 1540 Quod
3413 1488 3701 1545 exponens

2099 1563 2384 1632 Apostolus
2415 1581 2428 1616 :
2474 1560 2616 1629 Non,
2645 1564 2813 1632 inquit
2865 1563 2961 1632 ﬁlii
2987 1564 3172 1630 carnis,
3217 1564 3308 1618 sed
3350 1564 3445 1634 ﬁlii
3474 1567 3700 1636 promis-

2099 1660 2253 1714 sionis
2278 1660 2581 1728 deputantur
2602 1657 2653 1711 in
2672 1660 2856 1712 semine
2885 1660 2902 1723 (
2934 1658 3083 1712 Rom.
3115 1675 3187 1723 Ix,
3219 1659 3252 1714 8
3279 1658 3414 1728 ).Ex
3442 1660 3700 1731 gentibus

2101 1750 2240 1804 enim
2272 1758 2429 1804 erant
2458 1749 2639 1804 fideles
2668 1750 2857 1819 quibus
2878 1748 3108 1814 dieebat,
3143 1748 3205 1803 Si
3229 1759 3396 1803 autem
3420 1766 3507 1805 vos
3536 1750 3698 1806 Chri-

2102 1844 2186 1910 sti,
2218 1859 2335 1913 ergo
2355 1841 2572 1895 Abraha:
2591 1858 2758 1895 semen
2788 1841 2925 1908 estis,
2954 1841 3227 1895 secundum
3252 1843 3697 1911 repromissionem

2104 1935 2363 2004 hwredes(
2399 1930 2516 1988 Gal.
2548 1949 2625 2000 ιιι,
2654 1933 2724 1989 29
2753 1934 2770 2003 )
2798 1932 2820 1987 ?
2844 1932 2992 2001 Quod
3016 1948 3143 1988 vero
3162 1935 3254 2001 ait,
3291 1933 3449 1988 Iacob
3490 1951 3698 1989 mum

2103 2044 2271 2093 suum,
2295 2036 2340 2081 et
2368 2024 2534 2080 Israel
2563 2026 2906 2080 [nereditatem
2927 2042 3093 2091 suam,
3122 2042 3269 2081 more
3292 2041 3391 2081 suo
3418 2025 3695 2096 Scriptura

2107 2116 2349 2187 repetivit
2392 2117 2635 2171 eamdem
2691 2117 3031 2171 sententiam.
3078 2115 3187 2172 Nisi
3237 2116 3375 2172 forte
3425 2118 3693 2188 quispiam

2104 2209 2180 2262 sic
2207 2206 2532 2277 distinguere
2562 2206 2708 2272 velit,
2751 2214 2811 2261 ut
2853 2206 2954 2262 hoc
2975 2216 3211 2277 tempore
3237 2207 3403 2264 Jaeob
3444 2209 3650 2265 serviat
3678 2226 3696 2276 ;

2108 2311 2233 2355 tunc
2261 2309 2439 2353 autem
2456 2300 2745 2353 sitaeterna
2793 2298 3076 2353 haereditas
3119 2299 3211 2355 Dei
3251 2299 3467 2370 quando
3491 2301 3697 2357 videbit

2109 2393 2273 2446 Deum
2327 2391 2460 2447 faeie
2498 2391 2565 2447 ad
2612 2391 2822 2458 faciem,
2859 2393 2998 2448 unde
3040 2390 3203 2448 lsrael
3245 2409 3440 2449 nomen
3486 2395 3700 2466 accepit

2109 2488 2127 2555 (
2160 2484 2287 2540 Gen.
2312 2500 2481 2547 χχχιι,
2509 2484 2580 2540 28
2599 2481 2642 2557 ).
3324 2490 3358 2512 δ

2178 2576 2267 2632 45.
2300 2574 2449 2650 [rers.
2479 2574 2593 2649 72.]
2642 2572 2711 2630 Et
2758 2577 2894 2647 pavit
2918 2593 3003 2632 eos
3026 2620 3040 2645 ,
3073 2577 3274 2648 inquit,
3316 2579 3369 2633 in
3408 2579 3702 2635 innocentia

2111 2667 2279 2720 cordis
2308 2668 2404 2720 sui.
2428 2666 2562 2734 Quid
2591 2667 2680 2721 illo
2706 2667 3061 2734 innocentius,
3084 2669 3172 2739 qui
3200 2669 3367 2725 ullum
3396 2679 3702 2740 peccatum,

2090 2766 2214 2810 ‘non
2236 2757 2406 2811 solum
2436 2772 2467 2811 a
2488 2772 2591 2826 quo
2613 2758 2944 2825 vinceretur,
2972 2758 3066 2814 sed
3096 2759 3257 2815 etiam
3288 2760 3428 2829 quod
3460 2761 3703 2818 vinceret

2114 2862 2216 2905 non
2243 2847 2513 2903 habebat?
2538 2847 2606 2903 Et
2632 2849 2682 2903 in
2710 2849 2968 2905 intellectu
2995 2867 3235 2904 manuum
3258 2868 3459 2905 suarum
3482 2852 3699 2907 deduxit

2115 2956 2204 3000 eos
2227 2957 2246 2994 :
2274 2939 2355 2995 vel
2372 2980 2387 3005 ,
2420 2940 2557 2995 sicut
2582 2940 2747 3011 aliqui
2772 2941 2987 2998 codices
3013 2942 3212 2998 habent
3229 2986 3245 3010 ,
3273 2944 3325 2998 in
3362 2944 3699 3000 intellectibus

2116 3046 2355 3086 manuum
2383 3046 2608 3084 suarum.
2655 3031 2805 3086 Alius
2833 3041 3043 3102 putaret
3069 3033 3139 3088 ita
3186 3034 3557 3105 congruentius
3598 3050 3705 3106 po-

2117 3122 2282 3179 tuisse
2310 3122 2413 3178 diei
2435 3166 2449 3190 ,
2482 3122 2538 3178 In
2568 3124 2867 3180 innocentia
2897 3140 3150 3181 manuum
3200 3135 3255 3181 et
3280 3127 3553 3183 intellectu
3572 3142 3705 3193 rpr-

2115 3212 2230 3269 dis:
2260 3215 2346 3270 hic
2375 3226 2553 3271 autem
2580 3215 2670 3286 qui
2717 3216 2885 3287 magis
2913 3233 3070 3289 quam
3100 3218 3187 3272 alii
3215 3218 3340 3288 quid
3390 3219 3704 3290 loqueretur

2117 3305 2351 3372 sciebat,
2384 3306 2531 3360 cordi
2558 3308 2742 3361 maluit
2761 3308 3053 3379 adjungere
3075 3310 3431 3365 innocentiam
3453 3350 3469 3374 ,
3502 3318 3560 3365 et
3586 3327 3705 3372 ma-

2119 3394 2268 3449 nibus
2294 3396 2714 3467 intelligentiam.
2748 3397 2880 3453 illud
2921 3410 3236 3470 propterea,
3279 3410 3533 3472 quantum
3579 3404 3704 3458 exi-
3760 3422 3763 3425 ·

2117 3485 2295 3555 stimo,
2334 3487 2457 3557 quia
2485 3488 2636 3542 multi
2671 3489 2771 3543 sibi
2814 3489 3061 3546 videntur
3097 3492 3439 3560 innocentes,
3477 3493 3565 3564 qui
3589 3509 3699 3549 non

2119 3575 2315 3631 faciunt
2360 3578 2496 3632 mala
2518 3570 2545 3645 ,’
2574 3594 2694 3633 cum
2732 3580 2921 3635 timent
2964 3597 3030 3635 ne
3061 3583 3328 3651 patiantur
3356 3584 3402 3639 si
3437 3584 3700 3650 iecerint;

2118 3666 2315 3722 vellent
2339 3676 2516 3722 autem
2544 3667 2721 3724 facere
2740 3709 2754 3733 ,
2783 3670 2827 3723 si
2858 3670 3072 3739 impune
3087 3671 3402 3740 potuissent.
3432 3672 3590 3729 Tales
3616 3674 3705 3729 vi-

2119 3756 2230 3813 deri
2254 3767 2478 3826 possunt
2523 3759 2721 3815 habere
2763 3761 3121 3816 innocentiam
3174 3776 3462 3830 manuum,
3488 3780 3595 3819 non
3626 3775 3709 3820 ta-

2121 3865 2242 3904 men
2270 3850 2468 3905 cordis.
2512 3850 2581 3905 Et
2605 3868 2724 3922 quae
2745 3853 2957 3908 tandem
2985 3862 3075 3908 aut
3100 3854 3267 3925 qualis
3291 3866 3375 3911 est
3400 3857 3499 3911 ista
3543 3857 3708 3914 inno-

2119 3941 2326 4009 centia,
2360 3942 2404 3997 si
2434 3942 2612 3998 cordis
2653 3958 2759 3998 non
2788 3954 2901 4010 est,
2950 3946 3037 4000 ubi
3084 3946 3244 4001 homo
3300 3948 3367 4001 fat
3385 3958 3470 4003 tus
3504 3957 3589 4005 est
3637 3950 3709 4006 ad

2121 4031 2404 4101 imaginem
2438 4032 2571 4087 Dei?
2596 4033 2747 4101 Quod
2777 4049 2907 4089 vero
2933 4035 3037 4101 ait,
3069 4035 3138 4088 In
3184 4037 3468 4105 intellectu,
3509 4036 3593 4093 vel
3621 4039 3711 4093 in-

2119 4124 2395 4195 telligentia
2419 4141 2662 4178 manuum
2688 4142 2896 4180 suarum
2934 4127 3140 4181 deduxit
3168 4144 3252 4181 eos
3271 4170 3285 4194 ,
3335 4130 3545 4185 videtur
3570 4130 3711 4187 mihi

2118 4230 2235 4270 eam
2259 4216 2457 4272 dixisse
2486 4218 2884 4288 intelligentiam
2907 4235 3066 4290 quam
3094 4221 3207 4291 ipse
3233 4220 3363 4277 facit
3399 4224 3450 4278 in
3470 4224 3712 4279 creden-

2120 4308 2286 4375 tibus;
2318 4309 2437 4365 ideo
2465 4326 2706 4365 manuum
2727 4328 2975 4367 suarum:
3002 4314 3175 4369 facere
3199 4315 3396 4385 quippe
3421 4316 3485 4370 ad
3514 4308 3714 4373 manus

2121 4400 2394 4468 pertinet:
2426 4401 2520 4455 scd
2560 4403 2695 4457 sicut
2724 4404 2739 4434 ¹
2785 4411 3009 4473 possunt
3055 4405 3270 4477 intelligi
3321 4422 3509 4462 rnanus
3570 4409 3710 4475 Dei,

2118 4490 2239 4561 quia
2265 4500 2319 4546 et
2344 4490 2590 4548 Christus
2613 4494 2690 4549 sic
2720 4495 2879 4550 homo
2901 4538 2916 4563 ,
2943 4506 3000 4550 ut
3024 4497 3182 4551 etiam
3213 4497 3371 4552 Deus.
3404 4498 3517 4553 Hoc
3558 4508 3715 4556 certe

2120 4583 2209 4638 ille
2239 4583 2399 4639 David
2420 4626 2436 4652 ,
2459 4584 2525 4640 de
2544 4586 2694 4655 cujus
2714 4597 2796 4642 est
2819 4589 2917 4644 iste
2942 4589 3147 4645 semine
3167 4631 3182 4655 ,
3214 4588 3391 4646 facere
3425 4580 3530 4647 non
3556 4602 3718 4663 pote-

2118 4685 2202 4730 rat
2230 4676 2280 4731 in
2313 4678 2506 4747 populo
2535 4679 2617 4733 cui
2646 4679 2783 4735 sicut
2824 4679 2985 4736 homo
3010 4682 3301 4751 regnabat;
3354 4684 3449 4739 sed
3475 4684 3567 4738 ille
3606 4685 3716 4741 hoc

2123 4764 2271 4834 facit,
2304 4760 2387 4822 cui
2437 4777 2581 4824 recte
2622 4770 2797 4824 anima
2831 4771 3000 4827 fidelis
3023 4772 3205 4829 dicere
3246 4781 3455 4844 potest:
3503 4774 3713 4830 Intelli-

2119 4875 2234 4928 gere
2249 4876 2327 4912 me
2348 4860 2525 4932 facito,
2548 4870 2600 4915 et
2619 4862 2968 4933 perscrutabor
2993 4864 3152 4937 legem
3171 4873 3307 4919 luant
3325 4864 3494 4937 (Psal.
3506 4882 3714 4937 βεγιν,

2121 4949 2233 5022 '55).
2279 4951 2510 5007 Proinde
2532 4994 2547 5019 ,
2577 4970 2643 5009 ne
2672 4955 2740 5009 ab
2779 4955 2868 5009 illo
2908 4957 3185 5023 ciremus,
3213 4957 3339 5011 dum
3365 4958 3431 5013 de
3474 4968 3664 5015 nostra
3697 5003 3714 5027 ,

2121 5042 2264 5096 velut
2287 5058 2351 5096 ex
2380 5043 2530 5098 nobis
2559 5045 2657 5106 sit,
2689 5046 3033 5116 intelligentia
3062 5046 3275 5103 fidimus
3300 5091 3315 5113 ,
3370 5049 3486 5118 ejus
3538 5055 3719 5107 Inani-

2121 5134 2219 5188 hus
2248 5150 2346 5189 nos
2370 5135 2962 5192 eredendosubdamos.
2988 5138 3105 5209 Ipse
3127 5139 3181 5194 in
3209 5140 3362 5195 nobis
3383 5156 3502 5195 eam
3528 5140 3712 5207 faciat,

2123 5233 2179 5278 ut
2200 5224 2252 5278 in
2282 5225 2626 5296 intelligentia
2656 5243 2908 5283 manuum
2938 5245 3154 5285 suarum
3198 5246 3296 5286 nos
3322 5230 3555 5287 deducat
3584 5250 3714 5289 ero-

2122 5326 2204 5371 tos
2237 5317 2303 5370 ab
2329 5332 2512 5373 errore
2530 5361 2546 5384 ,
2576 5334 2746 5391 eoque
2769 5320 3022 5390 perducat
3043 5322 3129 5376 ubi
3153 5321 3264 5392 jam
3306 5338 3413 5377 non
3440 5325 3715 5393 possimus

2120 5423 2319 5464 errare.
2352 5410 2447 5464 llic
2469 5420 2552 5465 est
2578 5410 2776 5467 fruetus
2805 5414 2981 5483 populi
3012 5415 3135 5481 Dei,
3174 5414 3500 5471 attendentis
3531 5417 3713 5487 legem

2121 5497 2213 5552 Dei
2245 5538 2258 5563 ,
2290 5511 2345 5554 et
2367 5500 2668 5558 inclinantis
2714 5518 2898 5559 aurem
2929 5521 3077 5560 suam
3110 5506 3161 5561 in
3200 5507 3361 5562 verba
3405 5507 3518 5562 oris
3543 5508 3665 5576 ejus
3692 5546 3715 5575 ,

2120 5597 2179 5643 ut
2208 5589 2398 5662 dirigat
2423 5591 2472 5645 in
2501 5607 2567 5647 co
2592 5608 2686 5648 cor
2712 5609 2863 5649 suum
2890 5597 2910 5628 ²
2929 5636 2945 5663 ,
2977 5605 3031 5652 et
3055 5596 3126 5652 sit
3165 5612 3286 5653 cum
3336 5596 3427 5653 illo
3468 5597 3716 5653 creditus

2184 5700 2202 5767 ξ
2229 5702 2647 5767 lt:_1_hiSS.AtEdd-,
2667 5703 2753 5755 sed
2776 5704 2820 5767 si
2840 5705 2913 5758 sic
2928 5713 3142 5767 possunt.

2120 5822 2131 5834 .
2184 5762 2377 5835 tudila.
2394 5762 2704 5835 ςογήδιινδιιιη.
2730 5766 2900 5819 Melius
2921 5762 3049 5835 uss,
3069 5784 3153 5823 cor
3174 5784 3313 5824 suum
3338 5784 3356 5823 :
3377 5768 3507 5835 quod
3526 5782 3595 5822 ex
3618 5768 3716 5820 hu-

2114 5822 2196 5885 jus
2213 5822 2382 5876 t’saltui
2403 5824 2452 5887 ᾗ.
2476 5825 2507 5874 8
2529 5836 2781 5891 acceptum
2805 5838 2899 5880 est.
