4020 6198
337 366 477 427 4009

330 482 552 555 spiritus
570 479 704 552 ejus,
729 492 799 535 ne
824 477 1136 537 immutetur
1157 475 1209 528 in
1235 474 1250 505 ί
1278 473 1676 545 generationem
1698 485 1913 541 pravam

328 583 384 630 et
424 572 836 632 amarieantem;
864 568 959 624 sed
988 567 1070 622 his
1114 565 1360 622 omnibus
1403 565 1502 619 sibi
1543 562 1869 618 annuntiatis
1897 603 1912 630 ,

329 681 439 722 non
459 665 630 720 solum
652 662 717 718 ad
745 669 1060 733 prtesentem
1077 661 1456 727 vitam,verum
1476 657 1637 712 etiam
1662 655 1729 710 ad
1759 663 1918 709 aeter-

328 771 453 811 nam
479 796 494 821 ,
523 769 623 810 nec
666 761 871 808 tantum
924 750 992 806 ad
1022 749 1326 821 recipienda
1381 748 1644 809 benorum
1687 761 1912 817 operum

328 847 570 919 praemia,
601 845 694 901 sed
717 847 876 901 etiam
899 845 950 898 in
976 844 1088 915 ipsa
1117 842 1258 898 bona
1277 855 1438 912 opera
1466 838 1729 906 iacienda,
1752 845 1915 910 ponat

329 940 383 993 in
412 936 524 994 Deo
546 952 697 1008 spem
725 951 896 992 suam.

677 1140 762 1202 IN
802 1136 1183 1200 PSALMUM
1222 1134 1552 1197 LXXVIII

863 1282 1261 1339 numnum
1281 1281 1379 1352 (a).

402 1420 455 1474 1.
487 1415 639 1491 [vers.
673 1415 849 1489 I.]'In
889 1414 1040 1470 titulo
1083 1415 1268 1484 psalmi
1318 1413 1474 1484 hujus
1509 1423 1614 1468 tam
1664 1412 1809 1468 brevi
1855 1421 1909 1468 et

330 1507 555 1578 simplici
578 1506 961 1562 immorandum
983 1520 1103 1561 esse
1126 1521 1228 1560 non
1251 1513 1397 1575 puto.
1421 1504 1759 1574 Prophetiam
1780 1519 1908 1558 vero

330 1615 491 1669 quam
522 1599 607 1653 hic
635 1597 958 1668 praemissam
992 1596 1215 1667 legimus
1239 1638 1254 1663 ,
1282 1595 1556 1652 evidenter
1584 1595 1784 1651 scimus
1807 1595 1907 1651 im-

326 1690 547 1763 pletam.
581 1689 710 1743 Cum
741 1689 884 1744 enim
910 1688 1009 1745 ista
1035 1696 1358 1743 canerentur
1395 1686 1725 1757 temporibus
1764 1686 1907 1757 regis

324 1780 515 1845 David,
544 1780 674 1835 nihil
701 1781 806 1836 tale
827 1780 1004 1836 adhuc
1024 1780 1318 1850 contigerat
1343 1794 1406 1835 ex
1429 1778 1749 1834 adversitate
1774 1777 1908 1835 Gen.

325 1869 458 1924 tium
483 1869 686 1925 civitati
710 1869 1042 1937 Jerusalem,
1091 1884 1192 1924 nec
1220 1869 1419 1939 templo
1448 1868 1575 1935 Dei,
1618 1868 1760 1939 quod
1807 1882 1907 1923 nec

320 1960 638 2016 aediﬁcatum
661 1961 835 2017 adhuc
859 1970 993 2016 erat.
1018 1961 1162 2016 Post
1200 1969 1427 2015 mortem
1454 1960 1650 2030 quippe
1689 1959 1852 2014 David
1886 2001 1901 2026 ,

318 2054 486 2108 lilium
537 2053 653 2122 ejus
698 2053 1041 2109 Salomonem
1092 2053 1203 2109 Deo
1245 2051 1500 2121 templum
1546 2050 1738 2106 fecisse
1780 2051 1902 2120 quis

318 2146 561 2204 nesciat?
593 2144 794 2201 Dicitur
812 2161 939 2216 ergo
961 2154 1208 2214 tanquam
1256 2142 1619 2214 praeteritum,
1665 2141 1807 2213 quod
1849 2142 1900 2196 in

315 2239 506 2308 spiritu
529 2238 805 2294 videbatur
822 2253 945 2294 esse
963 2237 1197 2292 futurum
1225 2255 1240 2292 :
1268 2236 1437 2301 Dens,
1460 2245 1698 2290 venerunt
1720 2234 1902 2289 Gentes

315 2334 369 2385 in
413 2331 753 2386 hmreditatem
805 2341 962 2384 tuam.
1015 2331 1129 2398 Qua
1197 2328 1451 2399 loquendi
1512 2328 1902 2384 consuetudine

316 2424 475 2479 etiam
504 2423 629 2479 illud
675 2433 758 2479 est
803 2423 1178 2493 prOphetatum
1225 2420 1293 2476 de
1347 2420 1554 2475 Domini
1604 2419 1850 2490 passione
1881 2460 1896 2485 ,

313 2513 571 2568 Dedernnt
595 2514 648 2567 in
672 2530 838 2568 escam
863 2530 1022 2567 meam
1049 2514 1121 2584 {el
1137 2554 1152 2578 ,
1189 2522 1234 2566 et
1260 2513 1313 2566 in
1346 2512 1431 2565 siti
1467 2528 1578 2566 mea
1605 2520 1899 2580 potavernnt

314 2622 394 2660 me
417 2617 557 2661 aceto
591 2605 759 2676 (Psal.
815 2621 1007 2671 vam,
1037 2604 1169 2675 22);
1218 2614 1271 2660 et
1316 2604 1418 2659 alia
1446 2619 1564 2673 qnte
1608 2605 1660 2657 in
1709 2603 1896 2658 eodem

315 2699 518 2768 psalmo
546 2708 766 2752 ventura
798 2697 942 2752 velut
991 2696 1129 2751 facta
1160 2705 1462 2750 narrantur.
1510 2695 1617 2751 Nec
1639 2694 1766 2750 illud
1795 2696 1896 2750 mi-

309 2786 535 2844 randum
560 2796 637 2841 est
665 2829 680 2855 ,
711 2787 848 2857 quod
893 2788 1004 2843 Deo
1031 2788 1128 2841 ista
1150 2787 1420 2842 dicuntur.
1451 2787 1566 2841 Non
1617 2787 1758 2842 enim
1797 2803 1897 2842 ne-

309 2878 499 2932 scienti
544 2877 876 2942 indicantur,
908 2893 1013 2947 quo
1056 2877 1327 2933 revelantc
1366 2877 1755 2947 praeseiuntur;
1800 2877 1895 2933 sed

307 2971 484 3024 anima
529 2985 650 3025 cum
681 2970 792 3025 Deo
820 2970 1054 3040 loquitur
1076 2970 1287 3041 pietatis
1324 2964 1518 3025 aii‘cctu
1544 2985 1700 3040 quem
1749 2971 1897 3024 novit

308 3060 451 3116 Deus
473 3064 516 3117 ³.
547 3062 679 3117 Nam
705 3073 760 3116 et
781 3063 963 3133 Augeli
993 3078 1113 3133 quae
1138 3063 1445 3118 hominibus
1481 3062 1758 3128 nuntiant,
1797 3078 1893 3117 ne-

309 3152 601 3209 scientibus
629 3154 907 3218 nuntiant;
934 3169 1052 3223 quze
1078 3162 1252 3209 autem
1283 3155 1391 3209 Deo
1419 3155 1679 3217 nuntiant,
1704 3155 1891 3208 scienti

310 3242 589 3309 nuntiant,
614 3242 827 3313 quando
870 3243 942 3297 illi
983 3242 1213 3297 oll‘crunt
1251 3244 1523 3301 orationes
1563 3253 1772 3298 nostras
1796 3287 1809 3304 ,
1839 3251 1893 3299 et

307 3332 559 3388 ineﬂ'abili
605 3332 763 3388 modo
806 3333 874 3390 de
901 3334 1108 3390 actibus
1128 3335 1239 3389 suis
1267 3344 1520 3390 aeternam
1562 3336 1845 3391 veritatem
1870 3375 1887 3402 ,

304 3432 555 3509 tanquam
579 3426 752 3497 legem
792 3426 1284 3484 incommutabilem
1324 3429 1625 3484 consulunt.
1676 3429 1743 3484 Et
1786 3427 1890 3509 iste

308 3522 438 3579 ergo
468 3508 627 3562 homo
658 3511 748 3565 Dei
775 3510 904 3566 dicit
931 3512 1041 3566 Deo
1067 3511 1208 3582 quod
1234 3511 1404 3568 discat
1423 3528 1452 3567 a
1481 3513 1610 3579 Deo,
1642 3520 1890 3582 tanquam

306 3600 602 3669 discipulus
628 3605 881 3671 magistro
905 3619 1011 3658 non
1050 3604 1335 3672 ignoranti,
1368 3603 1463 3659 sed
1504 3603 1796 3672 judicanti;
1828 3616 1892 3656 ac

307 3690 408 3756 sic,
435 3698 527 3744 aut
554 3692 796 3759 probanti
828 3693 967 3762 quod
1010 3694 1212 3759 docuit,
1261 3703 1353 3746 aut
1395 3693 1535 3763 quod
1576 3708 1682 3746 non
1713 3692 1892 3747 docuit

307 3781 758 3852 reprehendenti:
790 3785 1026 3838 maxime
1064 3787 1184 3855 quia
1227 3786 1403 3854 specie
1433 3775 1734 3854 preca'ntis'
1760 3784 1893 3839 Pro-

262 3917 271 3930 .
308 3874 467 3943 pheta
499 3889 596 3928 cos
621 3874 673 3928 in
699 3889 759 3929 sc
800 3875 1158 3944 transﬁgurat,
1203 3876 1292 3946 qui
1340 3884 1465 3930 tunc
1513 3876 1669 3930 futuri
1712 3883 1892 3929 essent

305 3965 523 4036 quando
563 3967 660 4021 ista
703 3977 947 4021 ventura.
995 3966 1184 4023 Solent
1223 3978 1401 4023 autem
1436 3969 1489 4022 in
1517 3968 1758 4023 oratione
1784 3968 1889 4022 dici

309 4055 420 4111 Ileo
445 4072 565 4127 quas
586 4055 861 4112 vindicans
886 4056 1080 4116 fecerit
1098 4096 1114 4123 ,
1152 4068 1206 4112 et
1229 4058 1441 4129 adjnngi
1483 4058 1666 4128 petitio
1689 4066 1749 4114 ut
1771 4056 1882 4129 jam

305 4147 624 4202 misereatur
651 4155 702 4202 et
730 4155 929 4217 parcat.
951 4148 1062 4201 Hoc
1093 4147 1253 4202 modo
1280 4157 1333 4203 et
1357 4149 1441 4204 hic
1460 4148 1707 4204 dicuntur
1726 4163 1757 4205 a
1777 4166 1884 4220 quo

302 4239 664 4309 praedicuntur
688 4281 702 4304 ,
735 4249 983 4309 tanquam
1001 4240 1067 4294 ab
1087 4239 1166 4293 eis
1193 4239 1436 4294 dicantur
1465 4240 1656 4311 quibus
1683 4240 1883 4296 accide-

301 4338 466 4394 runt;
494 4339 549 4385 et
585 4329 695 4400 ipsa
720 4328 1017 4401 deploratio
1044 4337 1204 4399 atque
1242 4329 1515 4399 precatio,
1547 4329 1882 4401 prophetatio

299 4430 401 4477 est.

368 4514 424 4566 2.
453 4530 473 4566 ‹
506 4513 676 4580 Deus,
703 4522 960 4570 venerunt
989 4512 1188 4569 Gentes
1214 4512 1264 4566 in
1294 4511 1653 4568 limreditatcm
1696 4521 1835 4567 tuam
1861 4528 1877 4580 ;

297 4603 602 4673 polluerunt
632 4603 882 4672 templum
926 4612 1166 4657 sanctum
1197 4613 1343 4656 tuum
1364 4643 1379 4666 ,
1415 4612 1701 4671 posuerunt
1721 4602 1878 4658 Jeru-

297 4694 464 4750 salem
500 4693 551 4747 in
577 4709 855 4763 pomorum
880 4694 1196 4747 custodiam.
1251 4692 1549 4747 Posuerunt
1598 4695 1877 4749 morticina

293 4798 579 4839 servorum
609 4792 820 4837 tuorum
860 4797 1012 4837 escas
1053 4783 1356 4838 volatilibus
1376 4783 1515 4849 eteli,
1543 4798 1730 4838 carnes
1758 4799 1880 4839 san-

297 4886 505 4933 ctorum
537 4884 749 4930 tuorum
782 4875 963 4929 bestiis
1003 4882 1177 4928 terra).
1214 4873 1522 4928 Effuderunt
1567 4876 1875 4944 sanguinem

297 4979 481 5019 eorum
527 4966 663 5019 sicut
711 4979 901 5033 aquam
947 4963 999 5016 in
1030 4964 1253 5018 circuitu
1294 4962 1624 5029 Jerusalem,
1671 4974 1726 5019 et
1772 4982 1876 5020 non

295 5062 413 5109 erat
434 5055 522 5124 qui
553 5055 823 5124 sepeliret.
854 5072 873 5106 ι
910 5054 965 5108 Si
994 5052 1046 5107 in
1070 5054 1168 5106 ista
1192 5054 1466 5125 prophetia
1480 5055 1756 5125 quisquam
1783 5072 1880 5111 no-

293 5153 466 5199 strum
488 5160 605 5199 eam
622 5145 972 5199 vastationem
990 5144 1280 5198 Jerusalem
1310 5145 1700 5214 intelligendam
1724 5158 1879 5217 puta-

292 5236 463 5300 verit,
493 5251 609 5307 quae
632 5235 764 5291 facta
793 5245 874 5292 est
893 5251 923 5290 a
950 5235 1070 5291 Tito
1102 5236 1419 5304 imperatore
1450 5235 1723 5311 Romano,
1755 5254 1873 5293 cum

290 5325 685 5396 jam-Dominus
706 5326 862 5382 Jesus
908 5326 1150 5381 Christus
1170 5334 1289 5396 post
1336 5328 1777 5382 resurrectionem
1824 5339 1877 5383 et

289 5419 657 5473 ascensionem
707 5433 857 5472 suam
902 5417 1283 5488 praedicaretur
1327 5417 1380 5472 in
1427 5417 1717 5483 Gentibus;
1769 5435 1874 5473 non

290 5508 422 5563 mihi
454 5510 686 5563 occurrit
707 5507 979 5578 quomodo
1009 5507 1117 5562 dici
1145 5507 1378 5577 potuerit
1401 5507 1508 5576 jam
1541 5508 1630 5563 ille
1650 5510 1875 5579 populus

352 5622 371 5653 ¹
396 5628 517 5683 Tres
532 5629 662 5681 Mss,
680 5633 738 5672 ne
755 5619 967 5683 imitetur
985 5619 1357 5683 generationem,
1382 5627 1478 5683 etc.

353 5681 561 5751 {Plures
575 5691 703 5744 Mss,
725 5695 835 5744 quae
848 5682 977 5751 enim
985 5681 1087 5751 non
1113 5681 1236 5751 videt
1258 5691 1383 5731 Deus
1399 5681 1424 5731 ἒ)
1440 5741 1469 5751 Α

360 5744 382 5809 _'
404 5745 679 5809 siegaliquot
700 5752 806 5795 Mss.
835 5752 890 5809 At
904 5744 1037 5803 Edd.,
1063 5744 1220 5809 specie
1242 5744 1485 5809 praesenti.

351 5803 426 5868 (α)
449 5803 709 5870 Dicta-past
722 5807 995 5871 expositum
1013 5803 1179 5856 t’salm.
1194 5803 1390 5868 LXXVII,
1404 5804 1469 5856 de
1484 5804 1791 5870 quoinl'ra,n.
1810 5806 1856 5858 3.

1375 355 1770 412 ENAIIRATIO
1810 354 1875 410 IN
1915 355 2239 417 PSALMUM
2278 362 2556 420 LXXVIII.

3472 373 3604 429 IOIO

2029 473 2310 535 haeredilas
2332 480 2457 547 Dei,
2489 498 2593 535 non
2623 491 2809 537 tenens
2829 482 3098 539 Christum
3121 527 3133 549 ,
3177 502 3282 557 quo
3315 491 3600 559 reprobato

2024 575 2079 623 et
2103 570 2280 626 occiso
2307 570 2475 626 factus
2500 582 2582 628 est
2620 575 2912 644 reprobus,
2959 576 3049 646 qui
3094 576 3147 631 in
3181 592 3303 632 eum
3353 594 3451 634 nec
3478 590 3601 650 post

2022 659 2139 730 ejus
2159 664 2601 720 resurrectionem
2620 666 2840 721 credere
2861 666 3028 722 voluit
3052 708 3066 732 ,
3097 676 3152 723 et
3173 668 3389 739 insuper
3410 681 3584 742 marty

2020 766 2108 807 res
2130 753 2246 823 ejus
2266 755 2479 810 occidit.
2500 757 2577 811 Ex
2600 758 2688 814 illo
2713 759 2856 814 enim
2884 760 3077 830 populo
3097 760 3260 817 Israel
3282 762 3600 834 quicumque

2021 843 2073 899 in
2093 841 2362 900 Christum
2412 847 2784 917 crediderunt,
2840 851 3033 920 quibus
3084 850 3222 906 facta
3272 861 3356 908 est
3394 852 3599 908 Christi

2019 936 2387 1005 prmsentatio,
2416 946 2470 993 et
2489 940 2881 1010 quodammodo
2904 944 3150 1013 promissi
3191 945 3422 1000 redditio
3450 945 3597 1000 salu-

2017 1025 2128 1081 bris
2152 1037 2311 1098 atque
2332 1027 2599 1085 fructuosa
2619 1072 2634 1095 ,
2666 1033 2735 1087 de
2777 1034 2968 1104 quibus
2994 1045 3046 1090 ct
3074 1036 3188 1105 ipse
3214 1036 3472 1091 Dominus
3516 1036 3599 1090 di-

2017 1120 2127 1187 cit,
2158 1119 2277 1174 Non
2298 1138 2407 1176 sum
2432 1124 2612 1179 missus
2644 1126 2739 1180 nisi
2762 1127 2830 1180 ad
2858 1143 2970 1181 oves
2995 1142 3109 1200 qua:
3133 1128 3388 1199 perierunt
3416 1128 3598 1183 domus

2016 1211 2183 1268 Israel
2207 1214 2417 1284 (Matth.
2451 1232 2551 1279 xv,
2580 1217 2705 1288 24),
2743 1219 2840 1289 ipsi
2868 1236 2936 1275 ex
2965 1220 3072 1277 illis
3095 1230 3211 1275 sunt
3237 1220 3334 1291 ﬁlii
3375 1222 3598 1292 promis-

2014 1304 2203 1370 sionis,
2238 1305 2336 1374 ipsi
2381 1307 2689 1376 deputantur
2722 1307 2775 1362 in
2803 1311 2991 1364 semine
3017 1309 3193 1381 (Rom.
3235 1327 3289 1365 tx
3314 1353 3328 1376 ,
3358 1312 3448 1382 8),
3498 1312 3598 1381 ipsi

2013 1396 2281 1466 pertinent
2326 1398 2390 1451 ad
2436 1398 2800 1454 hacreditatem
2855 1400 2969 1456 Dei.
3024 1401 3157 1455 llinc
3198 1411 3324 1457 sunt
3355 1401 3551 1472 Ioseph
3578 1444 3593 1466 ,

2013 1487 2175 1542 homo
2213 1488 2423 1559 justus,
2465 1500 2519 1544 et
2561 1492 2706 1561 virgo
2743 1491 2905 1546 Maria
2926 1507 3045 1562 qua:
3073 1492 3281 1562 peperit
3325 1492 3595 1549 Christum

2012 1577 2225 1649 (Matth.
2248 1596 2284 1644 ι,
2310 1579 2400 1655 16)
2426 1599 2438 1633 :
2469 1581 2594 1637 hinc
2621 1581 2857 1638 Joannes
2883 1583 3138 1653 Baptista,
3157 1583 3360 1638 amicus
3386 1584 3593 1654 Sponsi,

2011 1678 2066 1725 et
2087 1679 2336 1741 parentes
2355 1671 2472 1742 ejus
2508 1672 2795 1728 Zacharias
2823 1681 2876 1728 et
2917 1673 3190 1730 Elizabeth
3223 1673 3371 1741 (Luc.
3397 1691 3449 1743 ι,
3492 1673 3549 1749 5)
3577 1694 3591 1730 :

2009 1760 2134 1818 hinc
2163 1762 2379 1819 Simeon
2409 1779 2570 1820 senex
2601 1773 2656 1820 et
2677 1763 2829 1820 Anna
2856 1764 3036 1833 vidua,
3067 1767 3159 1836 qui
3188 1764 3460 1822 Christum
3482 1786 3588 1823 non

2007 1853 2312 1924 loquentem
2337 1871 2496 1911 sensu
2540 1858 2781 1928 corporis
2827 1857 3140 1925 audierunt;
3167 1859 3263 1915 sed
3299 1859 3475 1916 adhuc
3504 1861 3589 1916 iu-

2006 1942 2208 2000 fantem
2234 1961 2339 2001 non
2371 1947 2674 2018 loquentem
2698 1989 2713 2016 ,
2736 1950 2925 2019 Spiritu
2954 1961 3321 2021 cognoverunt
3351 1951 3462 2024 (Id.
3506 1969 3543 2008 u
3572 1996 3588 2021 ,

2005 2034 2117 2104 25,
2157 2036 2296 2110 '56):
2349 2038 2473 2095 hinc
2512 2041 2653 2096 beati
2705 2042 2950 2113 Apostoli
2985 2060 2998 2097 :
3049 2043 3173 2100 hinc
3197 2044 3489 2101 Natbanael
3536 2047 3588 2101 in

2005 2144 2111 2199 quo
2131 2130 2285 2186 dolus
2314 2146 2418 2188 non
2445 2142 2562 2188 erat
2586 2132 2766 2206 (Joan.
2819 2151 2867 2201 ι,
2908 2135 3000 2208 47)
3028 2155 3040 2190 :
3072 2135 3199 2193 hinc
3225 2138 3362 2195 alius
3382 2138 3586 2210 'Ioseph

2005 2222 2093 2290 qui
2118 2224 2465 2294 exspectabat
2489 2225 2651 2279 etiam
2673 2226 2787 2295 ipse
2809 2241 3031 2297 regnum
3061 2227 3152 2283 Dei
3186 2226 3295 2301 (Id.
3328 2244 3449 2295 xix,
3483 2229 3586 2293 58,

2003 2322 2049 2367 et
2087 2311 2215 2366 Luc.
2270 2330 2457 2382 xxnm
2475 2316 2611 2387 5i):
2662 2316 2787 2373 hinc
2830 2326 2971 2372 tanta
3018 2319 3111 2373 illa
3157 2320 3443 2374 multitudo
3470 2336 3590 2391 qua:

2004 2403 2339 2472 praecedebat
2391 2414 2445 2459 et
2483 2405 2803 2475 sequebatur
2818 2406 3117 2476 jumentum
3145 2407 3262 2478 ejus
3285 2449 3300 2474 ,
3354 2410 3538 2466 dicens
3568 2452 3584 2477 ,

2002 2490 2304 2548 Benedictus
2329 2496 2413 2566 qui
2434 2498 2562 2550 venit
2584 2480 2860 2552 inmomine
2884 2496 3092 2552 Domini
3113 2498 3323 2572 (Matth.
3342 2517 3431 2555 xxn
3448 2543 3462 2566 ,
3492 2501 3586 2571 9);

2001 2583 2055 2638 in
2084 2601 2187 2655 qua
2217 2596 2406 2641 eratet
2430 2590 2772 2659 congregatio
2818 2604 3108 2659 puerorum
3151 2594 3203 2646 in
3235 2593 3428 2663 quibus
3454 2594 3590 2649 dixit

1999 2673 2311 2744 impletum,
2362 2675 2448 2730 Ea:
2476 2695 2564 2732 ore
2597 2680 2871 2749 infantium
2909 2691 2957 2734 et
2996 2680 3284 2737 ludentium
3332 2687 3588 2755 perfeciin

2000 2766 2201 2820 laudem
2225 2766 2393 2841 (Psal.
2426 2785 2519 2823 vm
2541 2810 2557 2836 ,
2586 2770 2665 2842 5).
2693 2771 2828 2826 Ilinc
2852 2773 3013 2826 etiam
3050 2774 3124 2828 illi
3172 2785 3292 2844 post
3338 2776 3457 2846 ejus
3497 2794 3586 2832 re-

1999 2861 2384 2915 surrectionem
2408 2902 2421 2927 ,
2454 2878 2677 2932 quorum
2703 2863 2789 2920 die
2810 2881 2917 2919 uno
2945 2866 3076 2933 tria,
3107 2878 3162 2922 ct
3207 2868 3311 2922 alio
3350 2871 3584 2940 quinque

1997 2951 2159 3004 millia
2190 2952 2436 3021 baptizati
2460 2964 2583 3008 sunt
2617 2956 2754 3025 (Act.
2789 2972 2825 3010 ιι
2849 2996 2863 3021 ,
2894 2957 2955 3011 41
2977 2998 2994 3025 ,
3037 2966 3084 3011 et
3124 2974 3213 3026 ιν,
3261 2958 3348 3030 4),
3385 2961 3437 3014 in
3464 2961 3582 3015 ani-

1997 3058 2137 3097 mnn
2162 3060 2320 3098 unam
2344 3054 2398 3099 et
2420 3060 2515 3099 cor
2540 3062 2701 3100 unum
2724 3046 3000 3102 eharitatis
3023 3048 3143 3117 igne
3179 3050 3426 3118 conﬂati;
3450 3065 3583 3122 quo-

1995 3150 2112 3188 rum
2135 3152 2294 3190 nemo
2331 3136 2543 3193 dicebat
2577 3138 2777 3209 aliquid
2828 3140 3100 3210 proprium
3123 3183 3137 3206 ,
3167 3142 3259 3197 sed
3288 3152 3441 3197 erant
3476 3145 3582 3199 illis

1994 3227 2169 3281 omnia
2198 3231 2498 3283 communia
2527 3230 2639 3297 (Id.
2687 3246 2737 3285 tv
2763 3270 2778 3297 ,
2804 3230 2896 3304 5‘2)
2922 3250 2935 3287 :
2969 3232 3092 3289 hinc
3113 3235 3282 3290 sancti
3312 3234 3522 3292 diaconi
3561 3278 3578 3303 ,

1992 3335 2217 3389 quorum
2247 3319 2553 3390 Stephanus
2575 3330 2701 3376 ante
2721 3321 3008 3393 Apostolos
3036 3326 3294 3396 martyrio
3317 3335 3401 3382 est
3424 3343 3580 3384 coro-

1993 3418 2146 3464 natus
2171 3409 2279 3479 (Id.
2305 3427 2409 3477 vn,
2434 3412 2527 3481 58)
2558 3430 2571 3466 :
2607 3412 2729 3471 hinc
2752 3422 2829 3468 tot
2858 3414 3113 3470 Ecclesiae
3140 3416 3340 3472 Iudaea:
3370 3434 3489 3488 qua:
3520 3421 3595 3475 in-r

1988 3498 2207 3555 Christo
2230 3512 2384 3556 erant
2402 3542 2417 3567 ,
2451 3502 2644 3572 quibus
2665 3513 2780 3558 erat
2807 3503 2939 3559 facie
2961 3505 3157 3560 Paulus
3192 3507 3405 3576 ignotus
3431 3507 3573 3579 (Gal.

1990 3606 2040 3657 ι,
2065 3592 2191 3662 22),
2224 3600 2383 3647 notus
2410 3605 2584 3648 autem
2618 3594 2823 3648 saevitia
2862 3595 3244 3664 famosissima,
3277 3599 3369 3653 sed
3400 3602 3576 3657 notior

1991 3680 2191 3735 Christi
2224 3681 2722 3738 misericordissima
2742 3686 2909 3755 gratia
2945 3705 2959 3739 :
3012 3684 3137 3743 hinc
3162 3696 3216 3743 ct
3245 3674 3358 3758 ipse
3383 3706 3575 3746 secun-

1987 3769 2115 3825 dum
2141 3773 2473 3843 przemissam
2505 3773 2571 3828 de
2618 3790 2677 3829 se
2731 3776 3093 3844 prOphetiam,
3135 3777 3314 3850 Lupus
3364 3797 3528 3851 rapax
3553 3824 3589 3849 ,ν

1988 3878 2135 3916 mune
2158 3866 2375 3933 rapiens,
2401 3875 2448 3918 et
2473 3867 2541 3918 od
2556 3883 2811 3939 vesperum
2828 3868 3053 3923 dividens
3074 3887 3211 3926 escas
3235 3871 3387 3942 (Gen.
3415 3889 3564 3940 xux,

1987 3954 2078 4027 9.7)
2103 3997 2117 4019 ,
2152 3955 2201 4009 id
2232 3967 2347 4023 est,
2400 3958 2546 4028 prius
2585 3961 2799 4028 rapiens
2830 3972 3138 4030 persecutor
3179 3964 3244 4019 ad
3294 3974 3518 4019 mortem
3550 4006 3567 4032 ,

1986 4058 2168 4119 postea
2199 4063 2420 4117 pascens
2460 4049 2774 4119 prmdicator
2797 4051 2863 4106 ad
2886 4052 3067 4107 vitam.
3097 4052 3158 4107 lli
3185 4064 3337 4109 erant
3383 4072 3447 4110 ex
3479 4056 3569 4110 illo

1984 4140 2180 4209 popqu
2209 4140 2490 4195 hmreditas
2516 4141 2627 4195 Dei.
2655 4141 2804 4197 Unde
2823 4150 2876 4197 et
2902 4144 2975 4198 ait
3006 4145 3119 4214 ipse
3159 4146 3410 4201 minimus
3434 4144 3570 4217 Apo-

1985 4231 2243 4285 Stolorum
2289 4230 2330 4304 (I
2382 4231 2499 4287 Cor.
2535 4247 2639 4297 xv,
2671 4234 2760 4305 9),
2793 4234 2977 4290 doctor
3029 4237 3275 4292 Gentium
3307 4256 3319 4290 :
3383 4256 3401 4290 ε
3441 4239 3569 4293 Dico

1985 4337 2150 4393 ergo,
2182 4323 2441 4395 Numquid
2490 4328 2683 4396 repulit
2734 4328 2892 4383 Deus'
2920 4330 3127 4399 plebem
3174 4332 3365 4385 suam?
3393 4318 3597 4388 Ahsit.‘

1986 4413 2115 4468 Nam
2135 4425 2185 4469 et
2212 4431 2309 4486 ego
2334 4415 2569 4471 Israelita
2602 4432 2718 4471 sum
2740 4434 2804 4473 ex
2855 4421 3060 4475 semine
3095 4420 3254 4476 Israel
3280 4463 3294 4485 ,
3338 4421 3403 4476 de
3429 4424 3567 4478 tribu

1988 4508 2282 4577 Benjamin.
2308 4510 2419 4564 Non
2450 4512 2796 4580 repulitDeus
2817 4514 3022 4582 plebem
3051 4529 3198 4569 suam
3248 4533 3403 4586 quam
3433 4533 3568 4587 prte-

1985 4600 2155 4653 scivit.
2193 4617 2212 4650 ι
2245 4599 2369 4654 Ilaec
2412 4601 2562 4669 plebs
2588 4618 2706 4672 qua:
2726 4618 2791 4657 ex
2829 4604 2916 4658 illa
2942 4617 3100 4676 gente
3127 4606 3322 4660 Chriin
3352 4609 3566 4677 corpori

1983 4692 2237 4756 accessit,
2263 4692 2542 4747 Increditas
2564 4694 2656 4748 Dei
2677 4703 2777 4749 est.
2804 4694 2938 4750 Nam
2966 4696 3106 4767 quod
3136 4697 3210 4752 ait
3241 4699 3562 4768 Apostolus,

1986 4781 2106 4835 Non
2133 4784 2315 4852 repulit
2362 4783 2497 4839 Dens
2553 4784 2743 4854 plebem
2799 4803 2943 4841 suam
2983 4805 3134 4858 quant
3177 4790 3457 4858 prwscivit,
3490 4792 3564 4846 illi

1985 4876 2191 4944 psalmo
2221 4876 2405 4946 utique
2432 4879 2746 4947 respondet,
2780 4879 2867 4932 ubi
2894 4878 3147 4949 scriptum
3177 4889 3278 4947 est,
3315 4881 3564 4948 Quoniam

1983 4982 2082 5020 non
2104 4966 2308 5036 repellet
2333 4967 2579 5021 Dominus
2601 4968 2789 5039 plebem
2807 4984 2989 5024 suam:
3017 4971 3084 5025 ibi
3103 4982 3278 5025 autem
3303 4974 3564 5043 sequitur,

1981 5056 2051 5111 Et
2074 5059 2417 5113 htereditatem
2442 5075 2587 5112 suam
2610 5076 2709 5113 non
2742 5060 3050 5131 derelinquet
3076 5060 3247 5132 (Psal.
3265 5078 3409 5127 xcul,
3439 5064 3526 5131 I4)
3551 5080 3565 5128 ;

1983 5150 2071 5204 ubi
2090 5150 2363 5205 evidenter
2390 5162 2639 5221 apparet,
2674 5153 2830 5207 talem
2860 5153 3068 5223 plebem
3106 5170 3226 5210 esse
3274 5156 3561 5211 haeredita-

1985 5253 2089 5298 tem
2119 5244 2230 5299 Dei.
2265 5244 2333 5299 Ut
2358 5245 2497 5299 enim
2530 5244 2631 5299 hoc
2652 5244 2851 5300 diceret
2875 5247 3160 5316 Apostolus
3182 5287 3198 5315 ,
3229 5262 3387 5318 supra
3413 5264 3567 5303 corn-

1982 5346 2372 5390 memoraverat
2426 5336 2793 5406 propheticum
2827 5338 3183 5394 testimonium
3222 5340 3291 5395 de
3319 5355 3567 5408 pramun—

1981 5428 2106 5482 tiata
2141 5428 2309 5482 futura
2344 5428 2711 5484 incredulitate
2738 5431 2913 5500 populi
2959 5431 3121 5486 Israel
3154 5450 3167 5485 :
3220 5431 3263 5485 Τ
3263 5442 3345 5485 ota
3371 5433 3454 5487 die
3475 5450 3565 5487 ca;-

1983 5523 2142 5592 pandi
2167 5539 2346 5576 manus
2374 5539 2507 5577 mens
2536 5524 2604 5576 ad
2633 5524 2875 5594 populum
2904 5540 3003 5578 non
3047 5525 3327 5578 credentem
3356 5534 3403 5579 et
3441 5542 3563 5581 con-

1983 5613 2305 5668 tradicentem
2340 5614 2512 5687 (Rom.
2545 5631 2574 5668 x
2600 5657 2616 5682 ,
2637 5615 2698 5669 2|
2732 5658 2745 5681 ,
2776 5628 2823 5669 et
2852 5615 2978 5670 lsai.
3011 5632 3107 5671 [λεν
3133 5660 3147 5684 ,
3192 5616 3270 5689 2).
3315 5618 3410 5673 llic
3438 5635 3566 5690 ergo

1980 5722 2048 5761 ne
2078 5707 2353 5778 quisquam
2386 5709 2524 5764 male
2555 5709 2889 5779 intelligens,
2924 5709 3227 5765 universum
3278 5711 3423 5765 illum
3464 5727 3562 5780 pn-

1984 5797 2164 5867 pulum
2194 5799 2416 5857 crimine
2445 5798 2834 5857 incredulitatis
2875 5805 2928 5854 et
2954 5798 3390 5859 contradicdonis
3424 5801 3566 5857 arbi-
