4020 6198
435 295 566 351 lilii

433 418 601 465 tretur
631 422 750 465 csse
775 407 1081 463 damnatum
1097 444 1112 470 ,
1138 403 1392 459 continuo
1414 399 1639 471 subjecit
1664 415 1676 451 :
1714 397 1836 452 Dico
1859 412 1976 469 ergo
1995 437 2011 460 ,

442 500 704 571 Numquid
732 497 918 571 repulit
970 496 1105 551 Deus
1147 493 1338 566 plebem
1380 491 1563 548 suam?
1586 490 1747 547 Absit.
1798 487 1938 543 Nam
1966 496 2016 542 et

433 612 525 667 ego
554 594 796 650 Israelita
819 608 933 648 sum
952 608 1015 648 ea:
1033 606 1212 664 genere
1238 585 1404 644 Israel
1425 628 1438 652 ,
1468 586 1531 641 de
1556 585 1686 640 tribu
1723 582 2012 655 Benjamin.

433 687 531 743 llic
571 685 804 742 ostendit
856 698 1014 756 quam
1066 682 1275 753 plebem
1326 679 1554 743 dixerit,
1604 677 1783 747 utique
1832 674 2015 747 populi

436 779 658 852 prioris,
692 793 848 849 quam
889 778 934 833 si
981 784 1144 831 totam
1176 775 1315 831 Deus
1339 773 1675 843 reprobasset
1713 780 1873 839 atque
1918 768 2014 824 da-

435 879 706 938 mnasset,
736 886 843 926 non
893 871 1079 942 utique
1121 870 1235 939 ipse
1283 866 1478 924 Christi
1521 874 1664 921 esset
1701 863 2013 936 apostolus,

439 963 673 1022 Israelita
723 979 787 1021 ex
840 963 1044 1019 semine
1092 961 1396 1028 Abraham,
1427 961 1495 1018 de
1554 960 1688 1014 tribu
1717 955 2014 1043 Denjamin.

433 1053 669 1111 Atlltibet
714 1062 892 1109 autem
923 1052 1077 1109 valde
1105 1052 1465 1110 necessarium
1495 1049 1856 1104 testimonium
1876 1088 1890 1109 ,
1938 1045 2019 1103 di-

432 1160 605 1202 cens:
643 1163 662 1201 ‹
697 1145 777 1200 An
829 1145 1048 1201 nescitis
1095 1144 1148 1198 in
1198 1142 1310 1199 Elia
1361 1141 1488 1213 quid
1528 1140 1655 1197 dicit
1701 1137 2013 1209 Scriptura,

435 1237 881 1305 quemadmodum
937 1226 1239 1306 interpellat
1291 1234 1457 1290 Deum
1510 1232 1764 1287 adversus
1808 1228 2019 1284 Israel?

445 1328 667 1382 Domine
692 1369 708 1395 ,
743 1326 1036 1398 Prophetas
1067 1334 1183 1381 tuos
1208 1324 1550 1387 occiderunt,
1583 1322 1770 1377 altaria
1799 1330 1883 1375 tua
1907 1317 2019 1374 sul-

449 1416 701 1473 l‘oderunt
719 1459 732 1483 .
761 1426 816 1471 et
840 1433 938 1485 ego
967 1416 1252 1471 derelictus
1276 1429 1393 1468 sum
1448 1412 1593 1467 solus
1616 1454 1631 1477 ,
1678 1419 1733 1467 et
1773 1416 2020 1480 quzrrunt

438 1510 668 1564 animam
698 1524 890 1565 tneam.
935 1508 1040 1565 Sed
1085 1507 1210 1578 Quid
1237 1506 1364 1562 dicit
1413 1505 1485 1561 illi
1516 1520 1830 1575 responsum
1877 1502 2017 1558 divi-

439 1601 603 1655 num?
653 1599 857 1672 Reliqui
889 1599 1018 1654 mihi
1068 1606 1273 1669 septem
1319 1597 1480 1652 millia
1511 1596 1742 1650 virorum
1770 1595 1859 1667 qui
1908 1609 2017 1649 non

435 1701 785 1747 curvaverant
814 1705 982 1761 genua
1004 1697 1128 1745 ante
1156 1688 1304 1744 Baal.
1327 1688 1416 1744 Sic
1442 1703 1569 1758 ergo
1594 1695 1651 1743 et
1676 1688 1726 1743 in
1758 1687 1860 1743 hoc
1884 1695 2019 1743 tem-

438 1796 568 1851 pore
620 1782 857 1852 reliquiae
904 1797 1000 1851 per
1053 1781 1372 1837 electionem
1414 1780 1598 1851 gratia:
1653 1779 1814 1835 salvae
1866 1778 2018 1835 factae

436 1882 579 1927 sunt.
614 1893 631 1926 ι
667 1872 786 1928 [stre
835 1873 1073 1944 reliquia:
1112 1881 1237 1928 sunt
1275 1888 1338 1928 ex
1385 1872 1471 1926 illa
1502 1882 1662 1943 gente
1691 1871 2018 1926 hacreditatis

435 1963 561 2029 Dei;
587 1978 690 2020 non
721 1964 792 2019 illi
817 1964 884 2019 de
905 1964 1097 2035 quibus
1114 1964 1270 2035 paulo
1292 1973 1411 2034 post
1435 1963 1593 2019 dicit:
1624 1982 1642 2015 ‹
1673 1963 1866 2018 Creteri
1890 1978 2018 2017 vero

439 2056 691 2110 excmcati
721 2064 864 2110 sunt.
922 2075 940 2109 ι
994 2056 1082 2110 Sic
1107 2056 1248 2110 enim
1275 2057 1348 2110 ait
1382 2073 1395 2109 :
1433 2074 1452 2107 ί
1505 2054 1640 2123 Quid
1667 2055 1836 2125 ergo?
1865 2054 2016 2123 Quod

438 2146 708 2215 quan-ebat
730 2146 890 2203 Israel
915 2190 930 2214 ,
956 2146 1057 2203 hoc
1082 2162 1186 2201 non
1216 2156 1296 2201 est
1325 2156 1675 2202 consecutus:
1706 2148 1895 2202 electio
1918 2163 2016 2201 au—

437 2249 542 2293 tem
560 2248 843 2294 consecuta
874 2247 981 2305 est;
1012 2239 1190 2295 carteri
1212 2254 1338 2294 vero
1359 2240 1605 2295 excazcati
1623 2248 1745 2297 sunt
1777 2258 1795 2293 ι
1838 2239 2010 2313 (Rom.

440 2345 533 2396 x1,
566 2329 706 2399 1-7).
741 2330 839 2384 Ista
863 2331 1026 2402 igitur
1044 2332 1233 2386 «lectio
1256 2373 1273 2398 ,
1300 2332 1413 2386 ista:
1444 2332 1679 2401 reliquia:
1703 2375 1718 2400 ,
1739 2332 1835 2387 ista
1867 2333 2016 2402 plebs

437 2419 531 2475 Dei
560 2436 717 2490 quam
745 2436 848 2476 non
882 2422 1073 2492 rcpnht
1102 2422 1242 2478 Deus
1261 2405 1285 2490 ,”
1307 2422 1590 2478 hmredilas
1641 2424 1757 2493 ejus
1799 2423 2012 2479 dicitur.

435 2510 492 2566 In
525 2513 613 2567 illo
638 2522 814 2568 autem
843 2513 1001 2569 Israel
1046 2515 1135 2584 qui
1181 2516 1279 2575 hoc
1322 2529 1426 2570 non
1454 2524 1535 2569 cst
1576 2524 1928 2581 consecutus,
1961 2515 2012 2569 in

434 2603 542 2657 illis
570 2604 778 2659 casu-ris
806 2605 1116 2673 cxca'catis,
1165 2621 1271 2660 non
1310 2614 1425 2661 erat
1470 2604 1578 2675 jam
1608 2605 1889 2661 Increditas
1918 2606 2014 2663 Dei

434 2696 502 2750 de
527 2712 628 2765 qua
656 2697 758 2752 diei
789 2708 970 2768 posset
993 2741 1007 2765 ,
1038 2708 1155 2770 post
1175 2698 1372 2754 Christi
1409 2701 1461 2753 in
1491 2699 1643 2755 cmlis
1671 2698 2014 2769 gloriﬁcatio-

433 2803 556 2843 nem
581 2830 596 2854 ,
630 2797 867 2860 tempore
893 2790 997 2845 Titi
1026 2791 1380 2861 imperatoris,
1407 2791 1578 2859 Deus,
1607 2802 1841 2847 uenerunt
1875 2791 2011 2847 Gen-

434 2890 506 2933 tes
533 2880 583 2934 in
611 2881 950 2937 [nereditatem
975 2892 1115 2936 tuam
1133 2893 1232 2949 ,λοι
1259 2892 1454 2973 extera
1477 2900 1594 2955 quae
1620 2884 1687 2940 de
1713 2887 1873 2958 illius
1918 2901 2013 2958 po-

431 2972 540 3042 puli
572 2981 626 3027 et
663 2974 846 3044 templi
889 2984 942 3030 et
966 2975 1193 3030 civitatis
1217 2972 1510 3032 vastatione
1537 2976 1782 3033 videntur
1810 2979 1864 3033 in
1910 2979 2012 3034 hoc

432 3063 641 3132 psalmo
665 3078 783 3119 esse
809 3065 1078 3135 praedicta.

501 3152 555 3207 5.
600 3152 827 3208 Proinde
860 3164 951 3209 aut
995 3170 1058 3211 ea
1096 3155 1351 3212 debemus
1390 3158 1685 3230 intelligere
1714 3177 1831 3232 qua:
1872 3164 2007 3219 facta

430 3250 555 3295 sunt
588 3240 655 3297 ab
691 3242 810 3297 aliis
835 3243 1095 3309 hostibus,
1123 3255 1405 3316 antequam
1433 3249 1673 3305 Christus
1701 3255 1932 3309 venisset
1959 3258 2009 3310 in

427 3345 592 3387 carne
638 3332 781 3402 (non
824 3335 964 3389 enim
1005 3344 1120 3390 erat
1145 3337 1247 3391 alia
1281 3346 1404 3393 tunc
1443 3338 1726 3405 hazreditas
1755 3343 1881 3409 Dei,
1922 3345 2010 3400 ubi

429 3432 483 3477 et
511 3421 793 3492 Propheta:
822 3426 988 3480 sancti
1019 3435 1192 3492 erant,
1219 3427 1431 3498 quando
1466 3428 1600 3484 facta
1639 3439 1722 3486 est
1760 3436 2012 3490 transmi-

426 3515 598 3585 gratio
629 3517 681 3571 in
727 3516 1092 3590 Bahleuiam,
1129 3521 1464 3592 graviterque
1509 3538 1639 3592 gens
1682 3524 1772 3580 illa
1807 3537 2010 3583 vastata

427 3618 511 3663 est
534 3607 633 3681 [IV
663 3608 791 3683 Reg.
832 3627 979 3680 xxxv,
1013 3609 1137 3685 il];
1181 3622 1236 3668 et
1274 3614 1372 3669 sub
1401 3616 1663 3672 Antiocho
1700 3618 1858 3673 etiam
1897 3619 2004 3675 Ma-

428 3699 630 3755 ehabmi
660 3699 922 3757 horrenda
946 3705 1205 3773 perpessi,
1224 3705 1606 3776 gloriosissime
1628 3713 1866 3776 coronati
1889 3722 2012 3768 sunt

430 3790 505 3865 [ll
537 3792 774 3848 Alae/tab.
800 3794 924 3868 vn].
958 3796 1030 3851 Ea
1052 3797 1244 3868 quippe
1265 3798 1401 3853 dicta
1432 3808 1557 3855 sunt
1576 3800 1627 3856 in
1656 3801 1759 3858 hoc
1784 3804 2008 3873 psalmo,

428 3899 547 3954 qua:
573 3885 747 3939 solent
801 3885 914 3942 ﬂeri
955 3888 1113 3942 etiam
1161 3896 1337 3959 strage
1385 3889 1824 3963 bellorum);aut
1866 3905 2011 3953 certe

427 3977 473 4031 si
507 3986 626 4046 post
670 3978 1114 4033 resurrectionem
1145 3989 1199 4034 et
1225 3982 1590 4036 ascensionem
1624 3983 1830 4040 Domini
1866 3988 2009 4042 acci-

427 4067 619 4139 pienda
636 4078 717 4123 est
734 4068 818 4123 hic
834 4079 1244 4125 commemorata
1265 4071 1545 4127 lnureditas
1565 4073 1687 4139 Dei;
1711 4089 1772 4130 ea
1790 4086 1910 4130 sunt
1930 4077 2008 4132 in-

428 4160 707 4231 telligenda
723 4177 837 4231 qua:
854 4162 1186 4217 acultorihus
1198 4161 1457 4218 idolorum
1471 4173 1525 4219 et
1541 4165 1767 4220 inimicis
1780 4169 2009 4224 nominis

424 4246 643 4321 Christi,
668 4254 902 4309 Ecclesia
931 4255 1046 4323 ejus
1068 4257 1117 4309 in
1144 4262 1285 4310 tanta
1313 4265 1602 4328 martyrum
1631 4261 2008 4317 numerositate

425 4358 677 4415 perpessa
703 4355 804 4400 est.
833 4344 1140 4415 Quanquam
1166 4346 1308 4400 enim
1338 4346 1517 4418 Asaph
1540 4346 1813 4420 Synagoga
1845 4350 2007 4406 inter-

426 4446 683 4505 pretctur,
708 4452 827 4508 qua:
850 4447 929 4493 est
949 4439 1309 4509 congregatio,
1346 4439 1503 4510 idque
1531 4456 1722 4498 nomen
1761 4444 2007 4500 usitatius

425 4528 680 4584 insederit
704 4529 847 4600 genti
876 4527 1219 4598 Judzcorum;
1255 4540 1428 4587 tamen
1450 4540 1504 4587 et
1535 4533 1822 4588 Ecclesium
1850 4535 2003 4589 istam

424 4626 582 4680 posse
607 4613 711 4669 dici
733 4616 1218 4685 congregationem,
1246 4624 1297 4671 et
1325 4615 1468 4669 illum
1497 4626 1728 4671 veterem
1752 4619 2000 4688 populum

422 4705 621 4759 dictum
643 4720 761 4762 esse
788 4706 1225 4783 Ecclesiam,jam
1255 4707 1305 4760 in
1336 4706 1441 4761 alio
1465 4708 1671 4779 psalmo
1698 4710 1826 4765 satis
1852 4725 2006 4779 aper-

425 4807 582 4867 teque
631 4800 1038 4855 monstravimus
1063 4800 1158 4873 (a).
1210 4800 1334 4857 Ilmc
1381 4800 1538 4872 igitur
1579 4801 1837 4870 Ecclesia,
1891 4804 2005 4859 lucc

424 4887 705 4942 Increditas
734 4890 824 4944 Dei
844 4888 914 4945 'ex
945 4891 1346 4948 circumcisione
1379 4900 1433 4947 et
1476 4895 1732 4964 praeputio
1775 4910 2002 4967 congre—

420 4991 539 5052 gata
566 4990 669 5046 est,
695 4983 745 5036 id
773 4993 855 5038 est
880 5001 945 5041 ex
973 4988 1166 5057 populo
1210 4987 1369 5043 Israel
1396 4995 1451 5042 et
1475 5002 1539 5042 ex
1576 4989 1782 5043 exteris
1820 4989 2003 5044 Genti-

422 5077 540 5142 bus,
585 5091 680 5146 per
708 5075 926 5144 lapidem
960 5096 1104 5149 quem
1159 5081 1548 5151 reprobaverunt
1590 5082 1915 5147 tedi/icantes,
1948 5092 2002 5137 et

425 5171 585 5239 {actm
623 5179 696 5223 est
744 5168 795 5223 in
824 5180 976 5239 caput
1012 5173 1184 5243 anguli
1228 5173 1400 5242 (Psal.
1446 5188 1608 5238 cun,
1640 5174 1766 5245 22);
1813 5175 1864 5229 in
1896 5192 2000 5245 quo

421 5266 613 5331 angulo
659 5270 904 5331 tanquam
950 5263 1055 5314 duo
1101 5265 1328 5333 parietes
1371 5265 1437 5321 de
1467 5266 1679 5322 diverso
1727 5267 1999 5323 venientes

420 5360 812 5421 (simularentur.
842 5350 870 5409 Ι
876 5370 964 5423 pse
989 5362 1062 5407 est
1102 5356 1232 5408 enim
1257 5373 1360 5425 pax
1387 5369 1579 5425 nostra,
1610 5359 1695 5429 qui
1719 5359 1834 5431 fecit
1860 5370 1995 5414 utra-

423 5460 521 5512 que
543 5463 718 5513 unum,
756 5455 808 5500 ut
834 5444 961 5500 duos
991 5446 1223 5501 conderet
1263 5448 1313 5501 in
1340 5466 1395 5503 se
1420 5451 1473 5505 in
1501 5467 1658 5506 unum
1696 5468 1877 5506 nouunt
1904 5452 1996 5505 lto-

418 5536 625 5603 minem,
657 5537 849 5609 facieas
876 5553 1068 5608 pacem,
1106 5546 1153 5591 et
1178 5537 1514 5595 coadunaret‘
1558 5550 1792 5612 utros,ue
1817 5542 1867 5596 in
1898 5560 1996 5597 uno

478 5679 495 5710 ¹
523 5684 652 5738 Mam,
674 5684 1002 5731 commtaret.

481 5740 554 5803 (ιλ)
575 5750 740 5804 supra,
766 5743 814 5792 in
836 5749 996 5795 Enarr.
1023 5741 1143 5797 Psal.
1166 5756 1342 5806 txxvu,
1370 5756 1418 5794 η.
1445 5743 1494 5795 3.

1733 282 1793 337 S.
1831 281 2194 339 AUCUSTINI
2236 280 2536 339 EPISCOPI

3576 298 3710 354 ιοῖε

2124 411 2337 466 corpore
2377 395 2480 451 Deo
2522 396 2734 472 (Ep/tes.
2774 416 2831 465 ιι,
2860 400 3085 476 14-16);
3118 403 3169 460 ἰη
3199 421 3307 477 quo
3352 422 3579 481 corpore
3620 427 3715 467 su-

2121 501 2241 541 mus
2270 486 2363 544 ﬁlii
2395 488 2513 557 Dei,
2557 491 2870 560 clamantes,
2901 494 3061 564 Abba,
3089 495 3247 552 Pater
3277 497 3452 571 (Rom.
3475 518 3589 570 vni,
3625 506 3716 572 l5,

2120 588 2167 633 et
2189 576 2306 634 Gal.
2337 595 2414 647 ιν,
2442 580 2547 654 6):
2588 584 2727 638 Abba
2765 594 2985 656 propter
3023 588 3232 645 illorum
3272 591 3527 663 linguam,
3564 594 3722 653 Pater

2121 682 2340 745 propter
2383 685 2654 744 nostram;
2700 678 2802 735 hoc
2845 690 2928 736 est
2967 682 3109 741 enim
3145 683 3308 753 Abba,
3337 687 3477 757 quod
3532 687 3717 744 Pater.

2124 763 2276 821 Unde
2302 766 2558 821 Dominus
2584 770 2672 840 qui
2698 770 2853 839 dixit,
2901 771 3025 827 Non
3050 791 3164 829 sum
3185 778 3368 832 missus
3388 780 3488 835 nisi
3504 782 3576 835 ad
3605 799 3724 838 oues

2121 870 2235 922 qua:
2259 857 2515 925 perierunt
2537 857 2717 915 domus
2746 858 2911 917 Israel
2936 862 3151 935 (Matth.
3180 881 3268 934 xv,
3286 866 3401 938 24),
3425 872 3723 929 ostendens

2123 945 2199 1001 illi
2229 949 2369 1017 genti
2409 949 2669 1005 redditam
2719 955 3017 1022 praesentia:
3060 956 3228 1027 ipsius
3272 962 3722 1032 promissionem;

2122 1039 2198 1093 ait
2229 1048 2405 1095 tamen
2434 1040 2539 1096 alio
2566 1041 2704 1109 loco,
2755 1042 2929 1099 Habeo
2961 1047 3092 1101 alias
3120 1064 3234 1103 oves
3253 1066 3365 1121 quia
3386 1069 3487 1106 non
3509 1064 3633 1109 sunt
3660 1057 3725 1110 de

2123 1129 2218 1185 Itoe
2258 1131 2411 1198 ovili;
2448 1142 2645 1203 oportet
2688 1152 2769 1191 me
2805 1144 2851 1191 et
2892 1138 3029 1208 ipsas
3066 1140 3334 1209 adducere,
3378 1152 3434 1197 ut
3473 1146 3541 1199 sit
3583 1162 3723 1202 unus

2123 1240 2247 1295 grex
2271 1233 2317 1277 et
2346 1242 2481 1280 unus
2509 1237 2683 1296 pastor
2706 1228 2887 1300 (Joan.
2912 1246 2967 1295 x,
2991 1231 3080 1302 16)
3105 1249 3118 1284 :
3152 1232 3350 1288 Gentes
3382 1235 3721 1307 significans,

2123 1332 2255 1387 quas
2280 1326 2396 1373 erat
2422 1318 2769 1388 adducturus,
2793 1337 2900 1376 non
2923 1323 3136 1392 quidem
3177 1341 3272 1395 per
3297 1341 3445 1381 suam
3473 1342 3721 1399 praesen-

2125 1408 2251 1462 tiam
2296 1412 2683 1480 corporalem‘,
2726 1421 2784 1468 ut
2818 1413 2945 1468 illud
2989 1431 3173 1470 verum
3221 1418 3311 1482 sit,
3363 1436 3384 1470 ι
3431 1418 3546 1475 Non
3590 1436 3719 1477 sum

2122 1497 2317 1552 missus
2354 1498 2452 1553 nisi
2492 1498 2561 1553 ad
2598 1515 2723 1555 oves
2761 1516 2881 1571 quae
2920 1502 3190 1571 perierunt
3228 1503 3422 1559 domus
3456 1506 3651 1575 Israel;
3685 1526 3714 1561 s

2122 1586 2216 1642 sed
2263 1596 2436 1643 tamen
2482 1604 2577 1658 per
2609 1589 2948 1661 Evangelium
2995 1608 3169 1659 suum,
3192 1595 3331 1662 quod
3359 1606 3512 1652 erant
3536 1597 3717 1656 disse-

2124 1678 2371 1733 minaturi
2399 1697 2418 1731 ‹
2455 1682 2681 1749 speciosi
2716 1682 2875 1747 pedes
2916 1685 3340 1741 annuntiantium
3377 1704 3583 1759 pacem,
3610 1708 3715 1746 au-

2124 1772 2475 1826 nuntiautium
2499 1773 2633 1828 bona
2655 1792 2674 1826 s
2707 1773 2882 1846 (Rom.
2911 1792 2961 1841 x,
2996 1777 3081 1841 15)
3109 1796 3121 1831 :
3157 1797 3177 1830 ι
3204 1779 3256 1833 In
3278 1786 3492 1838 omnem
3520 1802 3541 1837 ›
3564 1786 3712 1842 enim

2129 1881 2147 1915 ι
2182 1871 2375 1917 terram
2417 1864 2546 1919 exiit
2573 1879 2735 1920 sonus
2761 1881 2968 1933 eorum,
3011 1877 3065 1923 et
3112 1869 3162 1923 in
3195 1872 3326 1927 lines
3364 1874 3511 1930 orbis
3552 1884 3713 1933 teme

2123 1956 2280 2010 verba
2319 1971 2503 2011 eorum
2538 1977 2556 2009 ι
2600 1955 2772 2027 (Psal.
2822 1975 2975 2023 xvnt,
3020 1961 3099 2030 5).
3150 1961 3282 2017 Iliae
3324 1973 3378 2019 et
3421 1967 3711 2037 Apostolus

2122 2046 2215 2113 ait,
2247 2065 2265 2099 ι
2312 2047 2440 2102 Dico
2488 2062 2615 2120 ergo
2656 2047 2926 2104 Christum
2975 2050 3157 2125 Jesum
3202 2055 3502 2111 ministrum
3546 2058 3710 2116 fuisse

2121 2137 2543 2195 circumeisionis
2572 2148 2788 2209 pr0pter
2818 2143 3091 2197 veritatem
3133 2143 3247 2208 Dei,
3277 2145 3343 2199 ad
3381 2147 3707 2205 conﬁrman-

2120 2228 2215 2285 das
2256 2230 2633 2299 promissiones
2677 2230 2935 2286 Patrum:
2976 2251 2995 2285 ι
3037 2247 3162 2288 ecce
3206 2234 3347 2304 quod
3385 2246 3486 2300 est,
3525 2257 3546 2291 ι
3599 2255 3707 2297 non

2119 2336 2237 2376 sum
2261 2322 2453 2377 missus
2473 2323 2572 2377 nisi
2595 2322 2660 2378 ad
2687 2337 2814 2378 oves
2831 2339 2949 2394 quae
2975 2326 3246 2396 perierunt
3263 2326 3454 2386 domus
3474 2330 3656 2389 lsrael.
3682 2354 3701 2389 ι

2124 2412 2324 2469 Deinde
2366 2415 2635 2485 subjnngit
2678 2418 2984 2486 Apostolus,
3021 2437 3039 2470 ι
3085 2418 3283 2477 Gentes
3325 2432 3502 2479 autem
3545 2416 3703 2499 super

2122 2507 2484 2563 misericordia
2535 2509 2834 2580 glorificare
2882 2513 3047 2567 Deum
3095 2533 3109 2569 :
3162 2532 3182 2567 ι
3231 2531 3357 2572 ecce
3402 2520 3542 2589 quod
3589 2533 3704 2589 est,

2127 2618 2145 2651 ι
2181 2599 2362 2656 llabeo
2386 2602 2516 2656 alias
2532 2618 2659 2658 oves
2674 2620 2793 2674 quae
2819 2621 2922 2659 non
2945 2616 3068 2662 sum
3087 2608 3153 2663 de
3180 2609 3281 2664 hoc
3301 2612 3463 2678 ovili;
3494 2628 3707 2685 oportet

2120 2707 2206 2747 me
2236 2700 2289 2747 et
2320 2692 2462 2763 ipsas
2505 2693 2792 2763 adducere,
2821 2706 2877 2750 ut
2905 2699 2974 2752 sit
3014 2715 3149 2755 unus
3189 2716 3321 2773 grex
3362 2714 3412 2758 et
3442 2720 3578 2760 unus
3608 2723 3706 2777 ρας

2119 2792 2251 2837 stor.
2278 2804 2295 2836 ι
2320 2784 2470 2852 Quod
2497 2793 2778 2856 utrumque
2806 2789 3040 2844 breviter
3065 2790 3261 2845 dictum
3288 2802 3371 2848 cst
3399 2796 3448 2848 in
3468 2811 3532 2850 eo
3554 2798 3704 2867 quod

2119 2876 2187 2931 de
2209 2878 2463 2947 propheta
2494 2879 2633 2935 idem
2670 2883 2940 2951 apostolus
2961 2897 3375 2942 commemorat:
3404 2888 3694 2958 laetemini,

2118 2967 2323 3036 Gentes,
2362 2987 2477 3024 cum
2521 2972 2661 3043 plebe
2703 2975 2813 3044 ejus
2856 2973 3033 3043 (Rom.
3075 2992 3163 3041 xv,
3209 2978 3382 3046 8-10).
3423 2980 3528 3035 Isle
3563 2997 3702 3053 ergo

2120 3076 2258 3116 unus
2284 3076 2417 3131 grex
2450 3062 2550 3117 sub
2591 3070 2804 3132 pastore
2844 3080 2968 3131 uno,
3001 3065 3284 3122 hrcreditas
3329 3069 3418 3125 Dei
3460 3080 3564 3135 est,
3590 3089 3705 3129 non

2120 3154 2293 3208 solum
2332 3154 2524 3220 Patris,
2553 3156 2644 3211 sed
2671 3156 2828 3211 etiam
2854 3155 2994 3212 Filii.
3024 3157 3154 3213 Nam
3181 3157 3297 3215 Filii
3326 3177 3427 3215 vox
3459 3172 3562 3227 est,
3587 3162 3706 3219 Fu-

2120 3262 2208 3299 nes
2236 3245 2519 3300 ceciderunt
2540 3248 2664 3300 mihi
2692 3248 2743 3301 in
2775 3248 3053 3317 prteclaris,
3087 3251 3267 3305 etenim
3301 3253 3568 3308 htereditas
3591 3272 3706 3310 mea

2123 3337 2370 3406 prwclara
2403 3348 2478 3393 est
2515 3339 2639 3393 mihi
2667 3337 2839 3410 (Psal.
2868 3354 2992 3406 cxv,
3033 3339 3088 3412 6)
3116 3359 3130 3395 :
3162 3351 3217 3397 et
3259 3342 3426 3413 ipsius
3468 3345 3705 3402 haeredi-

2122 3429 2244 3481 tatis
2272 3443 2372 3483 vox
2403 3436 2489 3484 est
2515 3428 2653 3499 apud
2697 3426 3037 3501 prophetam,
3070 3431 3287 3488 Domine
3334 3433 3472 3489 Deus
3510 3448 3701 3508 noster,

2121 3518 2320 3588 posside
2345 3535 2437 3575 nos
2467 3518 2617 3591 (Isai.
2645 3537 2794 3584 xxvr,
2822 3522 2910 3585 1'5,
2938 3538 3038 3576 sec.
3062 3522 3257 3595 LXX).
3286 3524 3435 3581 Hanc
3477 3526 3703 3584 haeredi-

2121 3618 2280 3664 tatem
2303 3625 2408 3665 non
2430 3612 2663 3667 moriens
2681 3612 2837 3667 Pater
2853 3612 2985 3668 Filio
3005 3615 3247 3685 reliquit;
3277 3617 3372 3672 sed
3400 3619 3512 3689 ipse
3534 3620 3704 3678 Filius

2120 3716 2236 3755 eam
2268 3715 2362 3755 sua
2409 3712 2580 3756 morte
2604 3702 2919 3758 mirabiliter
2955 3706 3250 3776 acquisivit,
3278 3723 3437 3778 quam
3462 3725 3705 3771 resurre-

2118 3793 2295 3847 ctione
2324 3793 2577 3864 possedit.

2187 3884 2240 3940 4.
2282 3884 2336 3940 Si
2361 3900 2489 3954 ergo
2509 3885 2576 3940 de
2606 3886 2705 3941 hac
2735 3886 3137 3955 intelligendum
3162 3898 3244 3945 cst
3264 3890 3403 3961 quod
3428 3892 3476 3945 in
3506 3891 3699 3961 psalmi

2118 3974 2272 4043 hujus
2293 3977 2568 4047 prophetia
2599 3977 2822 4043 canitur,
2858 3977 3017 4043 Deus,
3046 3990 3286 4034 uenerunt
3315 3979 3496 4036 Gentes
3514 3984 3565 4036 in
3586 3984 3705 4039 Ita-

2113 4067 2374 4120 reditatem
2400 4076 2559 4133 tuam,
2589 4076 2644 4122 ut
2676 4069 2884 4123 venisse
2918 4067 3116 4124 Gentes
3159 4071 3478 4140 accipiamus
3506 4074 3561 4128 in
3594 4075 3703 4131 Ec-

2113 4158 2350 4225 clesiam,
2384 4152 2488 4213 non
2514 4158 2801 4224 credendo,
2832 4159 2925 4215 sed
2952 4162 3339 4232 persequendo,
3364 4162 3415 4218 id
3446 4175 3548 4224 est.
3568 4150 3702 4222 eam

2114 4250 2373 4306 invasisse
2411 4250 2680 4306 voluntate
2713 4250 2925 4306 delendi
2964 4244 3125 4323 atque
3160 4254 3377 4308 omnino
3417 4255 3699 4325 perdendi,

2110 4343 2249 4397 sicut
2278 4350 2356 4397 tot
2378 4342 2803 4413 persecutionum
2829 4344 3071 4412 exempla
3101 4353 3499 4411 monstrarunt;
3535 4362 3699 4416 opor-

2111 4441 2201 4488 tet'
2229 4441 2288 4487 ut
2332 4431 2472 4503 quod
2522 4433 2780 4504 sequitur,
2830 4430 3132 4487 Pollueruat
3178 4433 3418 4505 templum
3464 4447 3702 4493 sanctum

2111 4532 2270 4588 tuum,
2302 4539 2405 4578 non
2451 4523 2502 4577 in
2536 4522 2692 4596 lignis
2721 4535 2775 4579 et
2811 4524 3092 4595 lapidibus,
3122 4525 3215 4580 sed
3245 4526 3294 4580 in
3340 4526 3466 4595 ipsis
3493 4528 3700 4585 intelli-

2108 4624 2262 4684 gatur
2293 4612 2696 4679 hominibus,de
2722 4614 2936 4685 quibus,
2968 4622 3220 4685 tanquam
3250 4615 3511 4685 lapidibus
3539 4618 3699 4682 vivis,

2108 4704 2345 4759 construi
2389 4703 2513 4759 dicit
2541 4706 2814 4774 apostolus
2853 4705 3042 4761 Petrus
3072 4706 3287 4761 domum
3331 4707 3422 4762 Dei
3451 4708 3502 4781 (Ι
3550 4707 3699 4764 Petr.

2107 4811 2167 4861 ιι,
2202 4795 2279 4866 5).
2313 4794 2460 4851 Unde
2503 4806 2557 4850 et
2602 4797 2877 4865 apostolus
2924 4795 3119 4852 Paulus
3164 4798 3501 4868 apertissime
3544 4799 3699 4869 dicit,

2106 4884 2373 4956 Templum
2416 4885 2511 4940 Dei
2538 4897 2767 4941 sanctum
2796 4896 2885 4953 est,
2927 4888 3066 4964 quod
3102 4890 3218 4943 estis
3258 4905 3342 4944 vos
3370 4888 3423 4963 (Ι
3455 4890 3576 4945 Cor.
3619 4908 3699 4957 tu,

2106 4978 2217 5051 17).
2253 4980 2363 5035 Iloe
2392 4980 2566 5051 itaque
2598 4982 2850 5051 templum
2882 4968 3267 5051 persecutores.
3288 4984 3341 5039 in
3391 4983 3474 5038 his
3513 4986 3703 5056 utique

2106 5072 2427 5142 polluerunt,
2461 5089 2594 5144 quos
2649 5074 2715 5129 ad
2754 5074 3053 5146 negandum
3102 5074 3393 5138 Christum,
3442 5079 3702 5134 terrendo

2105 5166 2184 5219 vel
2213 5166 2502 5220 cruciando
2524 5176 2831 5237 coegerunt,
2866 5177 3024 5237 atque
3051 5176 3106 5222 ut
3126 5168 3281 5223 idolis
3310 5170 3695 5241 supplicarent,

2104 5257 2450 5311 vehementer
2489 5256 2733 5310 instando
2773 5257 3052 5312 fecerunt:
3085 5273 3308 5328 quorum
3352 5260 3555 5316 multos
3579 5277 3699 5331 pce-

2102 5350 2323 5404 nitentia
2360 5350 2639 5418 reparavit,
2668 5359 2827 5420 atque
2852 5349 2920 5404 ab
2957 5350 3041 5404 illa
3074 5351 3435 5420 inquinatione
3463 5352 3697 5409 munda-

2102 5445 2196 5498 vit.
2242 5443 2554 5498 Ρωηίιοιιιίε
2598 5442 2740 5498 enim
2789 5457 2890 5497 vox
2934 5453 3053 5498 est:
3082 5461 3104 5495 ι
3151 5443 3217 5498 Ει
3253 5460 3282 5498 a
3326 5445 3525 5501 delicto
3572 5461 3701 5503 meo

2101 5535 2298 5590 munda
2330 5551 2448 5600 me;
2485 5552 2505 5586 ι
2537 5544 2611 5600 et,
2646 5552 2665 5586 ι
2698 5534 2806 5590 Cor
2844 5534 3103 5589 mundum
3132 5551 3254 5592 crea
3293 5537 3346 5591 in
3386 5553 3495 5603 me,
3524 5539 3697 5607 Deus,

2103 5638 2157 5684 et
2181 5627 2423 5697 spiritum
2453 5633 2654 5681 rectum
2686 5626 2877 5682 innova
2905 5626 2960 5682 in
2984 5626 3279 5685 visceribus
3302 5628 3436 5688 meis
3466 5647 3487 5683 ι
3514 5628 3697 5705 (Psal.

2171 5744 2190 5776 ⁸
2215 5740 2403 5805 Aliquot
2420 5744 2548 5804 uss,
2573 5750 2660 5804 per
2683 5751 2734 5790 se
2756 5737 3015 5805 prmtia
3036 5738 3292 5805 corporali.
3360 5740 3363 5741 ⁷

3524 5857 3563 5865 ,-
