4020 6198
400 258 536 316 IMI’S

400 389 451 433 ι..
482 374 537 441 4,
573 370 684 442 12).
706 366 823 425 Jam
845 381 972 421 vero
985 362 1129 436 quod
1157 361 1416 432 sequitur,
1444 377 1465 411 t
1499 359 1803 414 Posuerunt
1828 353 1986 408 Jeru-

404 465 573 520 salem
604 461 657 516 in
680 474 957 530 pomorum
985 454 1280 512 custodiam
1305 470 1319 506 :
1360 471 1379 505 s
1404 448 1467 507 et
1492 452 1606 521 ipsa
1631 446 1868 505 Ecclesia
1894 446 1995 499 hoc

405 553 622 609 nomine
662 559 808 607 recte
852 548 1177 619 intelligitur,
1207 563 1225 597 ι
1260 542 1557 600 Jerusalem
1600 540 1790 604 libera,
1824 543 1996 591 mater

406 652 610 708 nostra,
644 641 711 697 de
743 656 845 711 qua
871 640 1126 709 scriptum
1151 646 1252 701 est,
1283 635 1486 690 Laetare
1514 632 1710 689 sterilis
1740 644 1857 701 quae
1884 642 1993 682 non

408 733 570 804 paris,
604 746 827 801 erumpe
868 740 924 786 et
963 730 1223 796 exclama,
1253 742 1371 798 qua:
1415 741 1520 780 non
1561 723 1825 795 parturis;
1856 735 1991 791 quo-

408 825 550 880 niam
588 823 736 878 multi
764 822 856 876 lilii
887 821 1134 887 desertae,
1167 819 1333 889 magis
1362 832 1517 888 quam
1543 814 1658 885 ejus
1686 828 1805 885 quae
1830 810 1992 867 habet

406 917 580 969 virum
609 931 630 971 ι
648 911 793 985 (Gal.
813 911 992 979 “7,26,
1015 920 1061 965 et
1087 908 1214 966 lsai.
1239 925 1343 972 ων,
1367 906 1441 981 ι).
1464 925 1482 959 t
1512 906 1568 960 ln
1584 903 1876 960 custodiam
1898 916 1994 970 po-
2018 930 2033 951 κ

410 1023 645 1073 morum,
678 1025 698 1059 ι
731 1004 872 1076 quod
901 1004 1098 1059 dictum
1144 1011 1245 1069 est,
1282 999 1642 1057 desertionem
1685 994 1991 1064 intelligen-

398 1097 532 1152 dam
574 1097 822 1152 existimo
858 1110 1016 1167 quam
1054 1092 1181 1148 fecit
1221 1092 1438 1146 vastitas
1478 1086 1905 1161 persecutionis:
1939 1083 1992 1139 id

335 1176 343 1185 ’
414 1196 515 1248 est,
548 1187 694 1242 velut
718 1184 1014 1241 custodiam
1056 1195 1369 1252 pomorum;
1401 1180 1524 1250 quia
1552 1176 1873 1233 deseruntur
1898 1187 1991 1243 po—

412 1294 623 1334 morum
670 1274 944 1341 custodito,
996 1288 1115 1328 cum
1164 1286 1319 1342 poma
1364 1267 1691 1325 transierint.
1735 1266 1802 1320 Et
1846 1271 1993 1319 certe

409 1371 624 1442 quando
667 1368 963 1426 Gentilibus
1019 1364 1456 1438 persequentibus
1500 1359 1737 1416 Ecclesia
1780 1358 1991 1413 deserta

409 1463 524 1518 visa
568 1470 668 1527 est,
717 1461 767 1514 in
806 1459 1079 1516 caelestem
1123 1471 1361 1511 mensam
1411 1454 1626 1523 spiritus
1675 1459 1988 1520 martyrum,

410 1564 660 1624 tanquam
703 1551 772 1607 de
820 1550 975 1605 horto
1022 1548 1289 1604 dominico
1335 1547 1532 1602 multa‘
1577 1554 1633 1601 et
1680 1542 1990 1599 suavissima

410 1662 591 1717 poma,
623 1645 969 1699 transierunt.

481 1738 533 1792 5.
577 1735 735 1809 [vers.
765 1734 847 1809 2.]
888 1733 1194 1800 Posuerunt,
1220 1733 1408 1804 inquit,
1439 1731 1702 1786 morticina
1736 1745 1992 1785 servorum

411 1838 611 1884 tuorum
638 1845 777 1884 escas
805 1829 1091 1883 volatilibus
1115 1828 1245 1894 caeli,
1274 1843 1448 1880 carnes
1473 1833 1763 1879 sanctorum
1787 1831 1988 1876 tuorum

412 1920 580 1975 bestiis
612 1930 777 1974 terrm.
810 1919 961 1987 Quod
987 1919 1185 1974 dictum
1216 1927 1318 1984 est,
1350 1917 1634 1981 morticina,
1660 1914 1762 1970 hoc
1796 1913 1994 1984 repeti-

409 2025 518 2067 tum
549 2022 647 2078 est,
679 2026 892 2077 carnes;
933 2021 982 2067 et
1013 2010 1153 2082 quod
1197 2010 1396 2067 dictum
1445 2017 1547 2073 est,
1577 2023 1832 2063 servorum
1870 2015 1989 2059 tuo-

411 2120 561 2169 rum,
607 2103 711 2158 boc
757 2103 1039 2174 repetitum
1091 2109 1203 2166 est,
1253 2109 1541 2155 sanctorum
1591 2107 1833 2151 tuorum:
1864 2095 1991 2149 illud

410 2192 775 2248 tantummodo
801 2193 1084 2249 variatum
1128 2201 1227 2255 est,
1257 2190 1545 2245 volatilibus
1577 2190 1709 2255 caeli,
1741 2187 1992 2243 et'bestiis

411 2294 575 2338 terrte.
603 2285 785 2339 Melius
815 2299 944 2339 sane
972 2284 1301 2353 interpretati
1329 2290 1455 2337 sunt
1481 2284 1570 2352 qui
1602 2282 1867 2335 morticina
1897 2294 1993 2349 po-

410 2383 655 2443 sacrum,
675 2391 833 2446 quam
865 2375 1002 2429 sicut
1028 2373 1240 2445 quidam
1269 2374 1523 2429 mortalia.
1553 2372 1823 2427 Morticina
1847 2372 1991 2426 enim

408 2481 515 2520 non
546 2466 796 2521 dicuntur
829 2466 931 2521 nisi
970 2473 1338 2528 mortuorum;
1386 2463 1626 2519 mortalia
1667 2476 1793 2516 vero
1829 2462 1990 2517 etiam

406 2559 652 2612 vivorum
682 2571 963 2626 corporum
990 2571 1184 2610 nomen
1213 2563 1315 2610 est.
1338 2544 1470 2610 cum
1501 2567 1649 2625 ergo,
1680 2553 1817 2608 sicut
1856 2552 1987 2613 dixi,

409 2650 476 2702 ad
523 2648 809 2720 agricolam
858 2662 1012 2702 suum
1058 2647 1274 2718 spiritus
1314 2655 1604 2718 martyrum
1646 2644 1790 2700 velut
1835 2658 1990 2714 poma

410 2741 746 2805 transissent,
778 2739 1059 2795 morticina
1105 2755 1289 2795 eorum
1338 2749 1392 2795 et
1428 2754 1617 2794 carnes
1660 2753 1842 2793 eorum
1894 2753 1989 2807 po-

409 2841 631 2887 suerunt
659 2831 963 2887 volatilibus
990 2832 1131 2898 caeli,
1155 2840 1209 2886 et
1236 2832 1422 2886 bestiis
1445 2840 1633 2885 terrre:
1660 2830 1809 2900 quasi
1841 2830 1992 2898 quid-

366 2982 367 2985 ,
407 2938 564 2993 quant
591 2937 775 2977 eorum
809 2922 1184 2977 resurrectioni
1228 2922 1517 2991 deperiret,
1549 2937 1616 2976 ex
1644 2921 1868 2976 occultis
1899 2937 1993 2975 na-

411 3021 543 3067 turae
581 3013 788 3069 sinibus
827 3023 993 3068 totum
1036 3013 1460 3084 redintegratum
1484 3013 1595 3081 illo,
1622 3011 1706 3067 cui
1734 3018 1791 3067 et
1817 3011 1990 3082 capilli

410 3104 581 3158 nostri
609 3109 869 3161 numerati
898 3113 1023 3159 sunt
1050 3105 1264 3175 (Matth.
1289 3122 1343 3172 χ,
1371 3104 1482 3179 50).

480 3193 533 3248 6.
552 3193 699 3266 [vers.
715 3193 794 3266 3.]
816 3194 1117 3262 Effuderunt
1133 3198 1428 3266 sanguinem
1446 3213 1618 3250 eorum
1635 3197 1762 3251 sicut
1781 3212 1985 3267 aquam,

409 3283 461 3336 id
499 3292 602 3350 est,
633 3286 964 3341 abundanter
1005 3295 1058 3341 et
1085 3287 1262 3341 viliter
1292 3306 1305 3343 :
1334 3287 1386 3341 in
1429 3288 1641 3341 circuitu
1681 3287 1985 3342 Jerusalem.

407 3375 464 3432 Si
494 3377 787 3433 Jerusalem
830 3388 1093 3433 terrenam
1122 3378 1310 3433 urbem
1337 3379 1421 3433 hic
1449 3379 1758 3448 accipimus,
1796 3394 1980 3434 eorum

407 3469 720 3540 sanguinem
752 3460 1097 3539 intelligimus
1124 3468 1350 3524 ellusum
1374 3470 1424 3524 in
1452 3468 1675 3524 circuitu
1697 3469 1831 3540 ejus,
1851 3484 1987 3538 quos

407 3559 592 3616 hostes
613 3570 762 3616 extra
785 3575 966 3616 muros
990 3561 1225 3630 reperire
1245 3570 1550 3630 potuerunt.
1565 3559 1621 3615 Si
1642 3568 1817 3613 autem
1838 3559 1991 3614 Jeru-

409 3650 574 3705 s:dem
601 3650 743 3703 illam
768 3651 1132 3720 intelligimus,
1152 3651 1219 3705 de
1244 3644 1345 3721 qua
1368 3650 1566 3719 dictum
1587 3660 1691 3716 est,
1708 3649 1760 3703 Μ
1769 3650 1863 3703 ulti
1889 3650 1985 3718 ﬁlii

409 3742 638 3806 desertte,
654 3742 812 3812 magis
829 3757 978 3811 quam
995 3743 1103 3811 ejus
1118 3756 1231 3812 qua:
1250 3740 1393 3794 habet
1413 3741 1593 3802 virum,
1607 3739 1857 3794 circuitus
1877 3738 1993 3807 ejus

409 3839 494 3886 est
545 3847 640 3900 per
683 3831 983 3886 universam
1034 3841 1229 3885 terram
1264 3848 1277 3883 :
1310 3829 1364 3886 in
1413 3845 1473 3884 ea
1519 3829 1716 3900 quippe
1763 3828 2040 3898 lectione,

410 3918 741 3992 prophetica,
765 3920 850 3975 ubi
877 3921 979 3976 seri
988 3929 1133 3989 ptum
1156 3928 1258 3986 est,
1281 3919 1436 3973 Multi
1456 3919 1555 3989 ﬁlii
1580 3918 1806 3983 desertae,
1833 3918 1993 3989 magis

409 4030 560 4083 quant
585 4013 693 4085 ejus
723 4028 837 4083 qute
863 4012 1009 4066 habet
1040 4013 1222 4076 virum,
1264 4010 1420 4081 paulo
1451 4017 1571 4080 post
1605 4009 1654 4067 ei
1680 4009 1892 4074 dicitur,
1927 4009 1991 4064 Et

408 4105 497 4176 qui
520 4104 649 4158 eruit
676 4113 742 4167 te,
766 4103 906 4158 Deus
928 4101 1094 4157 Israel
1120 4102 1371 4156 universa:
1395 4110 1542 4155 terra:
1562 4100 1814 4154 vocabitur
1840 4099 1988 4169 (lsai.

410 4210 514 4259 ω’,
550 4195 601 4258 i,
644 4194 723 4265 5).
769 4194 1035 4249 Circuitus
1079 4207 1206 4264 ergo
1250 4192 1406 4262 hujus
1449 4191 1746 4247 Jerusalem
1792 4192 1842 4245 in
1892 4190 1992 4247 hoc

405 4287 616 4359 psalmo
644 4284 1022 4358 intelligendus
1047 4294 1131 4340 est
1155 4299 1432 4355 quousque
1460 4293 1585 4338 tunc
1613 4284 1783 4337 fuerat
1807 4283 1990 4339 eadem

412 4378 649 4435 Ecclesia
677 4378 915 4443 dilatata,
951 4374 1279 4431 lructilicans
1308 4383 1361 4429 et
1389 4388 1638 4429 crescens
1665 4373 1717 4429 in
1745 4374 1992 4429 universo

407 4469 631 4537 mundo,
653 4469 865 4540 quando
891 4470 943 4523 in
969 4468 1114 4523 omni
1146 4477 1294 4538 parte
1326 4466 1443 4536 ejus
1473 4466 1771 4536 persecutio
1799 4465 1989 4520 smvie-

412 4560 532 4627 lmt,
580 4569 635 4615 et
686 4569 977 4631 martyrum
1028 4568 1282 4630 stragem,
1327 4574 1551 4629 quorum
1599 4557 1816 4627 sanguis
1856 4557 1993 4611 sicut

411 4664 545 4718 aqua
575 4646 963 4715 effundebatur,
992 4665 1114 4705 cum
1162 4648 1368 4718 magnis
1415 4648 1578 4703 lucris
1621 4646 1990 4702 thesaurorum

412 4740 714 4797 caelestium
741 4740 985 4794 faciebat.
1009 4738 1159 4807 Quod
1186 4753 1315 4794 vero
1338 4738 1643 4807 adjunctum
1665 4746 1767 4805 est,
1800 4737 1866 4791 Et
1891 4755 1992 4792 non

410 4839 516 4882 erat
544 4830 631 4898 qui
678 4830 951 4899 sepeliret:
979 4838 1071 4883 aut
1116 4845 1221 4885 non
1269 4828 1582 4885 incredibile
1627 4828 1785 4883 debet
1823 4829 1992 4884 videri

413 4929 517 4974 tam
559 4936 810 4990 magnum
861 4920 914 4975 in
963 4921 1225 4991 aliquibus
1254 4920 1388 4976 locis
1435 4919 1597 4975 fuisse
1628 4928 1907 4986 terrorem,
1936 4929 1994 4976 ut

412 5010 711 5081 sepultorcs
746 5021 1050 5066 sanctorum
1078 5026 1361 5081 corporum
1392 5011 1522 5066 nulli
1560 5025 1777 5079 prorsus
1800 5012 1994 5066 existe-

411 5112 563 5166 rent;
595 5112 686 5157 aut
714 5112 859 5158 certe
885 5103 1006 5173 quia
1037 5101 1299 5171 insepulta
1325 5101 1582 5156 cadavera
1614 5101 1664 5155 in
1696 5101 1873 5155 multis
1915 5102 1995 5156 lo-

411 5195 487 5247 cis
512 5192 602 5249 diu
628 5193 813 5264 jacere
856 5201 1160 5263 potuerunt,
1187 5194 1359 5248 donec
1384 5208 1414 5248 a
1445 5192 1704 5264 religiosis
1737 5192 1993 5263 quodam-

410 5285 572 5342 modo
603 5285 773 5341 furata
803 5286 1178 5356 sepelirentur.

480 5376 533 5430 7.
566 5374 715 5448 [vers.
744 5374 823 5450 4.]
851 5375 997 5431 Facti
1023 5393 1218 5444 sumus,
1248 5376 1437 5448 inquit,
1467 5378 1794 5448 opprobrium
1820 5379 1994 5433 vicinis

410 5468 616 5522 nostris.
647 5466 770 5523 ldeo
806 5468 1036 5539 pretiosa
1057 5509 1072 5535 ,
1098 5483 1204 5524 non
1232 5468 1285 5523 in
1317 5478 1606 5538 conspectu
1633 5468 1934 5536 hominum,
1964 5484 1993 5524 a

407 5559 603 5631 quibus
630 5559 730 5614 hoc
753 5567 868 5615 erat
887 5558 1250 5630 opprobrium,
1274 5558 1368 5614 sed
1396 5559 1446 5613 in
1472 5569 1758 5629 conspectu
1782 5559 1987 5616 Domini

476 5682 492 5714 ⁸
517 5679 735 5733 Nonnulli
753 5682 916 5745 proba:
935 5688 1061 5732 noue
1082 5687 1212 5744 uss,
1242 5679 1432 5735 Domini
1451 5679 1707 5733 cumulata.

1424 240 1818 300 ENARRATIO
1854 237 1919 293 1N
1958 237 2277 296 PSALMUM
2316 240 2593 297 LXXVIII.

3563 248 3688 305 101-5

2102 370 2247 411 mors
2272 367 2574 414 sanctorum
2604 357 2720 428 ejus
2746 357 2765 428 (
2787 356 2929 415 Psal.
2958 374 3080 426 cxv,
3104 359 3171 416 ΦΒ
3191 360 3230 431 ).
3262 358 3609 418 Subsannatio
3630 369 3678 412 et

2098 447 2263 499 irrisio
2288 463 2307 501 :
2334 447 2439 512 vel,
2469 455 2527 502 ut
2562 447 2777 518 quidam
2809 448 3136 519 interpretati
3173 458 3331 519 sunt,
3370 451 3542 507 illusio
3561 491 3577 518 ,
3604 453 3686 506 eis

2097 538 2252 608 quiin
2272 538 2484 593 circuitu
2511 550 2683 595 nostro
2714 551 2851 595 sunt.
2881 541 3145 612 Repetitio
3174 551 3256 597 est
3279 545 3560 601 sententia:
3585 560 3678 602 su-

2099 629 2358 698 perioris:
2389 645 2509 685 nam
2537 631 2680 700 quod
2708 647 2865 701 supra
2908 632 3107 688 dictum
3151 642 3267 701 est,
3314 636 3638 708 opprobrium
3661 678 3678 704 ,

2100 720 2201 776 hoc
2229 724 2509 793 repetitum
2541 733 2642 791 est,
2668 726 2993 781 subsanuatio
3027 737 3071 780 et
3100 720 3305 794 irrisio;
3331 737 3387 786 et
3413 731 3553 801 quod
3582 746 3678 786 su-

2098 826 2189 882 pra
2215 812 2413 868 dictum
2443 822 2526 870 est
2543 856 2559 883 ,
2589 814 2764 870 vicinis
2784 817 2995 883 nostris,
3030 817 3131 872 hoc
3154 819 3436 889 repetitum
3462 830 3576 886 est,
3607 822 3679 875 eis

2096 904 2181 974 qui
2206 905 2261 959 in
2281 905 2491 960 circuitu
2517 917 2688 962 nostro
2708 917 2845 962 sunt.
2877 909 3109 966 Proinde
3141 912 3433 967 secundum
3457 912 3680 968 Jerusa-

2097 995 2201 1050 lem
2231 1005 2495 1054 terrenam
2516 998 2698 1064 viciui,
2727 1007 2782 1054 et
2810 999 2862 1054 in
2888 998 3111 1055 circuitu
3133 1001 3309 1072 gentis
3333 1002 3472 1073 ejus,
3499 1003 3679 1073 utique

2094 1088 2215 1142 aliae
2239 1098 2425 1158 gentes
2446 1090 2810 1162 intelliguntur
2833 1110 2846 1146 :
2869 1092 3161 1149 secundum
3183 1103 3360 1150 autem
3378 1094 3673 1151 Jerusalem

2095 1179 2315 1235 liberam
2346 1191 2570 1237 matrem
2611 1193 2882 1250 nostram,
2911 1183 3072 1243 vicini
3100 1194 3225 1240 sunt
3262 1194 3316 1241 et
3357 1187 3411 1241 in
3456 1187 3678 1243 circuitu

2095 1273 2230 1344 ejus,
2261 1274 2402 1330 inter
2428 1289 2563 1345 quos
2586 1276 2829 1337 inimicos
2856 1292 2982 1332 suos
3003 1277 3208 1333 habitat
3231 1279 3468 1335 Ecclesia
3494 1280 3545 1336 in
3574 1279 3675 1337 cir-

2095 1364 2238 1420 cuitu
2265 1364 2412 1420 orbis
2441 1372 2731 1421 terrarum.
3445 1424 3449 1430 .

2166 1453 2220 1509 8.
2250 1452 2415 1526 [vers.
2441 1453 2531 1529 5.]
2574 1455 2773 1513 Deinde
2795 1456 2905 1527 jam
2938 1454 3272 1514 manifestam
3312 1475 3524 1531 precem
3559 1461 3677 1516 lun-

2094 1547 2247 1609 dcns,
2280 1547 2422 1604 unde
2452 1548 2774 1619 intelligatur
2802 1551 3093 1621 superioris
3113 1551 3415 1611 amictiouis
3437 1571 3676 1613 comme-

2096 1637 2323 1693 moratio
2369 1653 2473 1694 non
2518 1655 2638 1694 esse
2674 1641 2825 1711 quasi
2865 1642 3151 1711 iudicatio,
3198 1644 3293 1699 sed
3339 1645 3674 1716 deploratio:

2100 1727 2384 1801 Usquequo,
2404 1730 2596 1802 inquit,
2619 1730 2852 1800 Domine,
2874 1734 3107 1790 irasceris
3130 1737 3182 1789 in
3199 1738 3374 1805 ﬁnem,
3393 1738 3679 1795 exardescet

2094 1821 2226 1875 velut
2250 1822 2379 1893 ignis
2403 1824 2543 1878 zelus
2569 1826 2719 1881 tuus?
2746 1825 2918 1897 Rogat
2946 1828 3130 1898 utique
3157 1846 3223 1885 ne
3253 1831 3395 1886 Deus
3425 1846 3596 1903 usque
3623 1834 3677 1889 in

2096 1908 2256 1966 linem
2288 1912 2568 1980 irascatur,
2600 1914 2651 1969 id
2677 1923 2779 1983 est,
2810 1931 2880 1972 ne
2909 1916 2997 1971 illa
3028 1925 3174 1972 tanta
3202 1935 3470 1989 pressura,
3499 1933 3554 1978 et
3579 1924 3678 1979 tri-

2096 2002 2329 2069 bulatio,
2371 2013 2529 2075 atque
2570 2007 2796 2061 vastatio
2844 2021 3013 2078 usque
3041 2009 3093 2064 in
3133 2008 3294 2066 linem
3335 2024 3674 2081 perseveret;

2095 2093 2188 2147 sed
2229 2101 2487 2163 temperet
2530 2098 2926 2168 correptionem
2970 2115 3119 2155 suam
3144 2142 3159 2166 ,
3210 2103 3503 2160 secundum
3550 2106 3678 2162 illud

2095 2184 2233 2254 quod
2262 2186 2312 2240 in
2342 2186 2449 2240 alio
2486 2188 2691 2256 ptalmo
2719 2187 2914 2244 dicitur
2939 2208 2951 2244 :
2984 2191 3180 2247 Cibabis
3207 2210 3300 2248 nos
3341 2211 3476 2264 pane
3502 2196 3676 2268 lacry-

2096 2293 2290 2329 marum
2313 2317 2328 2342 ,
2368 2286 2415 2331 et
2443 2277 2639 2348 potabis
2666 2295 2757 2333 nos
2783 2280 2836 2334 in
2864 2281 3102 2353 lacryntis
3138 2282 3190 2337 in
3226 2300 3462 2339 mensura
3486 2285 3505 2356 (
3530 2285 3676 2343 Psal.

2098 2383 2280 2432 Lurx,
2308 2367 2384 2440 6).
2409 2368 2563 2434 Nam,
2591 2387 2864 2441 quousque,
2889 2371 3125 2439 Domine,
3148 2376 3380 2431 irasceris
3403 2378 3456 2432 in
3483 2379 3636 2450 ﬁnem
3653 2380 3682 2435 ?

2096 2459 2167 2513 ita
2194 2458 2393 2513 dictum
2425 2470 2541 2527 est,
2573 2476 2636 2516 ac
2660 2462 2703 2516 si
2735 2461 3023 2530 diceretur,
3050 2465 3203 2530 Noli,
3232 2466 3485 2535 Domine,
3518 2470 3677 2526 irasci

2097 2550 2149 2603 in
2199 2549 2379 2604 linem.
2409 2550 2477 2606 Et
2516 2551 2570 2606 in
2612 2567 2678 2607 eo
2705 2554 2847 2623 quod
2886 2556 3146 2625 sequitur,
3194 2556 3502 2615 Exardescet
3543 2562 3678 2619 velut

2096 2639 2227 2710 ignis
2262 2643 2401 2695 zelus
2446 2650 2590 2707 tuus,
2640 2652 2923 2713 utrumque
2967 2646 3384 2703 subaudiendum
3428 2659 3542 2715 est,
3588 2659 3673 2716 et,

2095 2746 2368 2802 quousque,
2400 2739 2473 2798 et,
2503 2731 2556 2785 in
2584 2732 2770 2802 linem;
2796 2748 2859 2788 ac
2885 2734 2930 2789 si
2958 2734 3242 2803 dicoretur,
3267 2736 3551 2809 Quousque
3578 2755 3676 2796 ex-

2097 2819 2340 2875 ardescet
2362 2821 2504 2876 velut
2537 2823 2672 2893 ignis
2701 2824 2848 2880 zelus
2878 2834 2996 2880 tuus
3025 2827 3077 2880 in
3110 2827 3460 2883 linem?Nam
3489 2826 3558 2885 ita
3585 2829 3675 2886 hic

2096 2911 2203 2964 duo
2229 2912 2327 2966 ista
2354 2913 2713 2969 subaudienda
2742 2923 2886 2981 sunt,
2919 2916 3050 2972 sicut
3080 2919 3323 2988 superius
3352 2936 3517 2976 unum
3542 2921 3675 2990 illud

2096 3002 2246 3071 quod.
2266 3002 2463 3057 dictum
2489 3013 2604 3071 est,
2634 3017 2950 3076 posuerunt:
2973 3024 3093 3062 nam
3133 3023 3254 3065 cum
3294 3009 3489 3067 habeat
3531 3013 3678 3082 prior

2097 3096 2383 3161 sententia,
2414 3094 2700 3152 Posuerunt
2729 3100 2995 3154 morticina
3019 3117 3273 3157 servorum
3309 3113 3506 3159 tuorum
3535 3122 3675 3163 escas

2096 3187 2378 3243 volatilibus
2403 3190 2534 3256 cteli,
2566 3190 2667 3245 hoc
2694 3192 2915 3247 verbum
2945 3195 3210 3263 posterior
3236 3212 3341 3250 non
3371 3197 3548 3265 habet,
3580 3198 3671 3254 ubi

2095 3279 2294 3334 dictum
2324 3289 2441 3347 est,
2473 3280 2661 3337 Carnes
2706 3295 2994 3339 sanctorum
3037 3297 3238 3342 tuorum
3278 3288 3446 3345 bestiis
3492 3300 3675 3357 terrae;

2095 3371 2188 3426 sed
2215 3371 2530 3428 subauditur
2549 3376 2730 3444 utique
2753 3377 2891 3446 quod
2916 3376 3079 3432 habet
3096 3380 3354 3448 superior,
3381 3393 3669 3452 posuerunt.

2098 3462 2173 3516 Ira
2206 3478 2370 3532 porro
2398 3474 2453 3518 et
2481 3466 2629 3520 zelus
2661 3465 2776 3532 Dei,
2805 3481 2910 3520 non
2942 3475 3067 3520 sunt
3095 3468 3521 3536 perturbationes
3553 3471 3668 3538 Dei,

2095 3552 2232 3607 sicut
2278 3554 2516 3607 nonnulli
2567 3553 2868 3623 Scripturas
2920 3571 3052 3625 quas
3093 3571 3196 3611 non
3240 3557 3541 3627 intelligunt
3582 3575 3672 3615 aro

2094 3652 2260 3712 guunt
2278 3643 2353 3715 (a)
2374 3660 2388 3696 ι
2411 3643 2504 3699 sed
2524 3645 2737 3698 nomine
2752 3645 2842 3699 ira:
2860 3646 3168 3716 intelligitur
3184 3646 3408 3702 vindicta
3422 3649 3640 3720 iniquita
3653 3681 3673 3692 -

2098 3736 2198 3798 tis;
2228 3737 2440 3791 nomine
2482 3736 2582 3792 zeli
2626 3738 2834 3792 exactio
2863 3738 3154 3802 castitatis,
3184 3754 3251 3793 ne
3279 3740 3457 3794 anima
3495 3740 3668 3810 legem

2100 3827 2303 3881 Domini
2331 3828 2410 3882 sui
2433 3838 2757 3897 contemnat,
2780 3838 2829 3883 et
2848 3845 2876 3883 a
2898 3830 3005 3885 Deo
3020 3845 3117 3885 suo
3138 3829 3447 3887 fornicando
3465 3832 3676 3904 disper-

2097 3928 2209 3975 eat.
2255 3919 2383 3975 [Lee
2419 3936 2546 3991 ergo
2577 3921 2694 3991 ipso
2723 3920 2914 3977 ell‘ectu
2940 3923 2957 3955 ί
2989 3923 3041 3977 in
3071 3922 3344 3979 hominum
3379 3922 3668 3982 afﬂictione

2098 4021 2219 4067 sunt
2244 4012 2578 4079 turbulenta;
2613 4014 2664 4067 in
2699 4013 2791 4071 Dei
2814 4023 2991 4069 autem
3021 4014 3367 4085 dispositione
3394 4017 3675 4086 tranquilla

2097 4111 2240 4170 sunt,
2259 4103 2340 4157 cui
2358 4103 2556 4159 dictum
2583 4113 2663 4158 est
2687 4121 2701 4158 :
2727 4103 2805 4158 Tu
2827 4115 3014 4173 autem,
3042 4104 3253 4160 Domine
3276 4107 3532 4172 virtutum,
3560 4124 3675 4161 cum

2097 4194 2461 4265 tranquillitate
2488 4195 2695 4265 judicas
2722 4193 2750 4270 ν(
2768 4195 2896 4267 Sap.
2926 4213 3030 4263 xu,
3062 4195 3191 4269 l8).
3223 4196 3365 4253 Satis
3389 4207 3564 4253 autem
3593 4198 3676 4254 bis

2097 4286 2393 4342 ostenditur
2418 4287 2598 4342 verbis
2620 4329 2635 4352 ,
2668 4295 2888 4356 propter
2926 4297 3144 4357 peccata
3190 4287 3490 4342 hominibus
3510 4330 3526 4355 ,
3554 4289 3677 4345 licet

2099 4378 2362 4444 lidelibus,
2394 4378 2491 4433 bas
2518 4378 2634 4435 lieri
2668 4380 3067 4447 tribulatioues;
3100 4382 3340 4450 quamvis
3368 4380 3491 4435 hinc
3516 4381 3675 4437 liore-

2096 4480 2209 4525 scat
2239 4480 2529 4541 martyrum
2557 4471 2720 4540 gloria
2752 4471 2943 4525 merito
2971 4470 3256 4541 patientiae,
3284 4478 3339 4525 et
3360 4471 3443 4539 pie
3466 4481 3677 4526 susten-

2099 4571 2208 4616 tato
2236 4562 2286 4616 in
2315 4561 2520 4633 ﬂagello
2550 4561 2755 4616 Domini
2783 4562 2803 4593 ¹
2834 4562 3198 4617 moderamine
3223 4561 3533 4632 disciplinae.
3562 4562 3676 4618 Hoc

2098 4651 2391 4706 blacliaba‘i
2432 4652 2572 4706 inter
2600 4667 2737 4706 smva
2768 4659 3032 4706 tormenta
3079 4649 3164 4720 (ll
3201 4649 3373 4705 Maeli.
3400 4650 3536 4723 vn),
3573 4650 3676 4708 hoc

2097 4755 2207 4801 tres
2237 4746 2335 4800 viri
2367 4745 2505 4801 inter
2531 4745 2775 4800 innoxius
2804 4745 3044 4798 ﬂammas
3085 4742 3104 4816 (
3129 4742 3261 4796 Dan.
3291 4759 3380 4811 nt,
3414 4742 3479 4799 21
3504 4742 3549 4812 ),
3574 4744 3677 4800 huc

2095 4836 2379 4907 Prophetm
2424 4835 2592 4891 sancti
2639 4835 2692 4888 in
2742 4836 3047 4905 captivitate
3100 4842 3379 4889 testantur.
3422 4834 3676 4902 Quamvis

2094 4929 2235 4985 enim
2267 4938 2542 4999 paternam
2586 4928 2974 4997 correptionem
3023 4925 3310 4981 fortissime
3348 4934 3402 4982 et
3441 4927 3677 4998 piissime

2097 5020 2401 5093 perferant;
2453 5034 2557 5073 non
2605 5026 2783 5073 tamen
2828 5026 3007 5073 tacent
3052 5017 3167 5073 bro
3204 5017 3448 5074 accidere
3473 5019 3676 5073 meritis

2096 5121 2434 5183 peccatorum
2464 5126 2481 5166 :
2508 5109 2697 5165 borum
2750 5110 2891 5164 enim
2941 5124 3044 5164 vox
3085 5117 3168 5164 est
3213 5117 3268 5163 et
3313 5109 3367 5163 in
3415 5108 3672 5168 Psalmis.

2096 5204 2389 5259 Emendans
2409 5201 2688 5256 emendavit
2710 5217 2788 5254 me
2812 5200 3075 5266 Dominus,
3101 5210 3146 5253 et
3169 5199 3319 5254 morti
3342 5214 3442 5252 non
3468 5197 3679 5253 tradidit

2095 5315 2175 5351 me
2202 5295 2383 5368 (Psal.
2410 5310 2582 5362 cxvn,
2625 5293 2757 5364 18).
2789 5292 3045 5362 Flagellat
3083 5292 3225 5348 enim
3264 5306 3476 5345 omnem
3508 5289 3676 5345 lilium

2095 5405 2252 5459 quem
2271 5387 2461 5457 recipit
2480 5404 2493 5440 :
2512 5395 2567 5441 et
2590 5385 2707 5456 quis
2729 5394 2812 5440 est
2833 5383 2971 5439 ﬁlius
2991 5384 3081 5439 cui
3103 5398 3209 5438 non
3229 5382 3319 5438 det
3342 5381 3674 5453 disciplinam

2160 5494 2177 5525 ³
2198 5494 2270 5555 sic
2289 5489 2522 5541 meliores
2535 5496 2644 5542 Mss.
2669 5487 2876 5548 Attuli,
2898 5488 3090 5553 affectu.
3190 5553 3196 5555 Α
3265 5545 3288 5555 _
3385 5544 3415 5555 __
3480 5554 3499 5555 η
3594 5545 3606 5555 _
3651 5544 3661 5553 ,

2158 5558 2187 5624 ι.
2205 5554 2583 5624 Ριιιινρεηρτρὺω.
2614 5557 2744 5603 notae
2781 5544 2887 5603 Mss.
2906 5544 3226 5615 ,"susteutato
3253 5544 3443 5613 ﬂagello
3466 5544 3679 5605 Domini,

2095 5617 2271 5667 omissa
2293 5614 2540 5677 particula,
2564 5614 2633 5666 in.

2162 5682 2232 5741 (tt)
2268 5678 2518 5728 Municth
