4020 6198
367 285 499 341 1013

364 412 512 475 pater
538 400 654 471 eju's
681 395 863 473 (Hebr.
898 409 990 460 xu,
1021 393 1075 458 6,
1099 389 1197 461 7)?

435 495 491 550 9.
521 491 670 565 [vers.
690 487 768 561 6.]
794 485 943 556 Quod
972 498 1097 537 vero
1123 477 1383 553 adjungit,
1413 474 1634 547 E/Iunde
1656 473 1785 527 iram
1813 481 1951 525 tuam

362 590 417 644 in
438 597 607 659 gentes
633 597 747 654 qua:
771 589 818 635 te
845 574 947 633 non
976 580 1239 638 noverunt,
1263 579 1310 625 et
1340 571 1391 624 in
1420 585 1574 640 regna
1598 582 1710 638 qua:
1740 582 1839 619 non
1868 565 1952 617 in-

368 655 664 735 vocaverunt
704 686 887 726 nomen
917 679 1091 733 tuum,
1122 665 1284 721 etiam
1318 661 1416 717 ista
1460 655 1794 729 prophetatio
1835 665 1950 722 cst,

370 785 477 827 non
522 765 747 839 optatio.
787 762 904 818 Non
948 756 1336 816 malevolentiae
1376 762 1499 808 voto
1540 752 1640 805 ista
1683 749 1951 814 dicuntur,

371 861 466 917 sed
506 858 697 930 spiritu
737 850 963 926 prazvisa
992 848 1388 921 praedicuntur;
1420 844 1558 899 sicut
1597 842 1664 896 de
1687 840 1822 895 Juda
1851 847 1957 892 tra-

366 946 566 1018 ditore,
597 965 717 1022 quze
747 947 886 1005 mala
915 945 991 999 illi
1018 943 1228 998 fuerant
1256 954 1352 1010 pro
1372 937 1484 993 suis
1509 933 1712 989 meritis
1738 939 1957 986 eventu-

371 1063 450 1114 ra,
470 1047 541 1101 ita
566 1044 879 1115 pr0phetata
908 1045 1049 1100 sunt,
1076 1033 1225 1105 quasi
1247 1039 1423 1101 optata
1453 1028 1578 1083 sint.
1602 1022 1958 1115 Quemadmoo

369 1138 496 1193 dum
527 1114 671 1191 enim
703 1130 969 1200 Propheta
1020 1141 1124 1180 non
1176 1124 1402 1193 imperat
1427 1117 1641 1173 Christo
1664 1158 1680 1184 ,
1712 1114 1956 1185 quamvis

371 1228 533 1286 modo
581 1210 894 1296 imperativo
941 1215 1248 1290 pronuntiet
1290 1211 1431 1282 quod
1474 1208 1636 1273 dicit,
1690 1204 1960 1274 Accingere

371 1321 595 1393 gladium
623 1327 764 1370 tuum
796 1312 932 1368 circa
960 1315 1144 1382 femur,
1172 1301 1551 1377 potentissime;
1580 1297 1746 1367 specie
1773 1306 1878 1393 tua,
1911 1302 1959 1347 et

374 1385 750 1483 pulchritudine
792 1414 913 1469 tua,
961 1408 1009 1454 et
1049 1396 1269 1459 intende,
1306 1402 1352 1447 et
1374 1405 1611 1460 prospere
1637 1385 1881 1483 procede,
1911 1393 1959 1438 et

372 1476 530 1575 regna
549 1497 719 1574 (Psal.
748 1511 892 1559 xuv,
916 1496 944 1547 ὦ
964 1501 1011 1547 et
1028 1489 1085 1560 5)
1107 1507 1120 1546 :
1146 1489 1216 1542 ita
1242 1500 1347 1540 non
1369 1490 1535 1553 optat,
1559 1479 1652 1535 sed
1681 1476 1962 1549 prophetat

374 1595 463 1665 qui
481 1591 632 1655 dicit,
655 1586 875 1654 E/I'unde
902 1585 1032 1637 iram
1058 1591 1194 1634 tuam
1215 1578 1265 1631 in
1287 1583 1454 1647 gentes
1480 1588 1591 1643 qua:
1610 1581 1656 1625 te
1680 1586 1781 1624 non
1807 1583 1959 1622 nove-

373 1693 513 1740 runt.
536 1681 686 1750 Quod
719 1692 867 1733 more
893 1690 990 1729 suo
1017 1672 1228 1742 repetit,
1257 1669 1463 1733 dicens,
1492 1665 1556 1719 Et
1587 1666 1638 1717 in
1666 1679 1821 1734 regna
1848 1677 1962 1731 qua:

374 1793 476 1832 non
505 1777 857 1828 invocaverunt
883 1783 1063 1822 nomen
1103 1775 1245 1817 tuum
1275 1776 1293 1815 :
1320 1775 1443 1815 nam
1472 1765 1657 1828 gentes
1680 1771 1773 1825 per
1798 1768 1959 1825 regna

378 1868 619 1940 repetita:
649 1872 807 1929 sunt;
839 1871 894 1917 et
935 1858 1074 1929 quod
1103 1871 1227 1915 eum
1264 1868 1369 1907 non
1416 1858 1709 1914 noverunt,
1739 1861 1833 1916 per
1857 1845 1961 1948 hoc

377 1958 660 2030 repetitum
689 1963 807 2021 cst,
848 1950 989 2023 quod
1033 1963 1138 2002 non
1187 1947 1570 2000 invocaverunt
1596 1954 1790 1993 nomen
1822 1947 1956 2005 ejus.

381 2051 659 2122 Quomodo
687 2063 814 2118 ergo
844 2040 1248 2113 intelligendum
1289 2045 1372 2092 est
1412 2033 1551 2105 quod
1594 2033 1668 2088 ait
1707 2032 1961 2085 Dominus

379 2146 433 2200 in
460 2141 779 2212 Evangelia,
798 2137 996 2207 .Servus
1022 2134 1107 2204 qui
1132 2131 1286 2186 nescit
1316 2128 1620 2189 voluntatem
1649 2122 1841 2178 domini
1860 2122 1958 2184 sui,

378 2244 425 2289 et
450 2236 571 2305 facit
599 2231 754 2302 digna
776 2227 959 2300 plagis,
985 2220 1241 2294 vapulabit
1269 2218 1475 2289 paucis;
1501 2231 1669 2270 servus
1689 2223 1853 2266 autem
1878 2212 1962 2282 qui

379 2327 474 2382 scit
502 2324 808 2379 voluntatem
839 2315 1030 2372 domini
1055 2314 1153 2376 sui,
1182 2320 1227 2365 et
1253 2311 1377 2382 facit
1402 2309 1555 2379 digna
1587 2305 1772 2377 plagis,
1800 2320 1962 2374 vapu-

383 2416 504 2471 labit
532 2413 701 2468 multis
727 2409 878 2485 (Luc.
912 2422 1019 2472 xu,
1050 2404 1140 2468 48,
1169 2399 1284 2474 47),
1309 2401 1355 2456 si
1387 2398 1558 2467 major
1584 2396 1660 2450 ira
1691 2396 1781 2450 Dei
1808 2395 1962 2448 estin

381 2517 565 2581 gentes
587 2521 706 2579 quae
730 2503 1006 2557 Dominum
1033 2511 1137 2552 non
1167 2490 1565 2566 cognoverunt?
1596 2488 1653 2581 ln
1681 2503 1747 2581 eo
1770 2489 1965 2581 quippe

382 2579 523 2673 quod
546 2600 640 2664 ait,
669 2593 892 2662 Eﬂ'unde
911 2592 1041 2644 iram
1064 2597 1225 2653 tuam,
1254 2584 1384 2639 satis
1411 2580 1512 2636 hoc
1530 2580 1695 2634 verbo
1717 2579 1968 2632 indicavit

382 2670 543 2764 quam
570 2688 788 2744 multam
812 2686 943 2739 iram
973 2678 1198 2734 voluerit
1226 2674 1448 2745 intelligi
1481 2691 1495 2727 :
1520 2671 1661 2726 unde
1682 2679 1863 2764 postea
1887 2670 1968 2723 di-

383 2770 477 2851 cit,
509 2780 683 2837 Redde
708 2778 883 2832 vicinis
913 2773 1095 2829 nostris
1119 2770 1302 2840 septies
1329 2777 1544 2821 tantum.
1570 2767 1649 2818 An
1676 2763 1798 2833 quia
1826 2764 1964 2816 mul-

386 2887 498 2931 tum
528 2875 755 2928 interest
779 2869 916 2923 inter
941 2877 1140 2929 servos,
1174 2861 1265 2932 qui
1296 2860 1423 2914 licet
1455 2857 1696 2912 nesciant
1724 2855 1969 2908 volunta-

386 2979 494 3026 tem
535 2963 746 3021 Domini
793 2961 910 3026 sui,
959 2967 1139 3011 tamen
1183 2954 1433 3008 invocant
1476 2962 1670 3003 nomen
1719 2945 1873 3015 ejus,
1916 2954 1971 2997 et

386 3036 591 3118 alienos
620 3073 650 3112 a
680 3054 878 3110 familia
900 3051 1030 3107 tanti
1059 3044 1478 3119 patrisfamilias,
1502 3042 1590 3112 qui
1615 3040 1695 3095 sic
1722 3038 1971 3108 ignorant

385 3156 557 3215 Deum
580 3192 594 3216 ,
625 3159 685 3205 nt
709 3163 808 3203 nec
832 3147 1081 3200 invocent
1107 3137 1313 3194 Deum?
1335 3135 1588 3217 [avocant
1614 3131 1755 3186 enim
1787 3145 1881 3198 pro
1904 3142 1971 3181 eo

387 3244 475 3298 vel
505 3240 786 3299 simulacra
807 3277 823 3303 ,
849 3234 934 3290 vel
972 3231 1232 3288 dmmonia
1255 3268 1270 3292 ,
1312 3226 1398 3281 vel
1438 3223 1730 3294 quamlibet
1756 3227 1970 3275 creatu-

385 3350 539 3400 ram;
571 3346 679 3386 non
708 3327 1048 3390 Creatorem,
1075 3320 1165 3390 qui
1202 3326 1285 3373 est
1312 3313 1623 3369 benedictus
1663 3311 1717 3364 in
1750 3309 1968 3362 saecula.

389 3427 570 3499 Neque
595 3422 738 3479 enim
771 3419 922 3481 istos,
951 3414 1020 3469 de
1043 3411 1233 3482 quibus
1265 3408 1365 3461 hoc
1401 3402 1719 3475 prophetat,
1763 3400 1835 3453 ita
1881 3413 1974 3452 ne-

388 3498 624 3575 seientes
647 3507 919 3582 signiﬁcat
951 3501 1159 3561 Domini
1192 3500 1270 3555 sui
1304 3498 1632 3551 voluntatem
1661 3534 1676 3559 ,
1709 3503 1767 3546 ut
1794 3501 1969 3545 tamen

390 3611 565 3680 ipsum
605 3600 885 3660 Dominum
918 3597 1172 3659 timeant;
1219 3590 1313 3645 sed
1356 3590 1429 3643 ita
1474 3587 1645 3656 ipsum
1690 3582 1973 3680 Dominum

394 3672 715 3758 nescientes,
748 3701 804 3746 ut
833 3703 933 3743 nec
961 3686 1214 3742 invocent
1242 3695 1362 3733 eum
1385 3720 1400 3744 ,
1429 3687 1484 3731 et
1512 3674 1713 3730 inimici
1744 3672 1973 3727 nominis

393 3767 511 3862 ejus
536 3787 788 3842 existant.
813 3780 1035 3835 Multum
1067 3790 1195 3846 ergo
1223 3773 1383 3827 distat
1409 3770 1547 3823 inter
1571 3780 1756 3821 servos
1784 3763 1974 3862 volun-

394 3854 559 3938 tatem
590 3876 792 3934 domini
816 3874 896 3929 sui
930 3869 1248 3932 nescientes,
1276 3873 1329 3918 et
1357 3872 1531 3916 tamen
1566 3860 1618 3913 in
1643 3856 1835 3911 familia
1858 3854 1976 3922 ejus

393 3984 555 4045 atque
576 3972 627 4024 in
653 3968 813 4023 domo
836 3965 1093 4024 viventes,
1119 3967 1174 4013 et
1205 3954 1448 4021 inimicos
1473 3965 1576 4005 non
1601 3948 1773 4003 solum
1802 3946 1973 4016 ipsum

392 4039 668 4123 dominum
696 4059 834 4114 scire
857 4055 1114 4115 uolentes,
1142 4047 1237 4103 sed
1260 4055 1315 4102 et
1334 4061 1442 4100 non
1468 4044 1584 4113 ejus
1603 4055 1796 4095 nomen
1830 4039 1976 4092 invo-

394 4166 598 4219 cantes,
625 4162 783 4222 atque
811 4149 862 4203 in
894 4144 1065 4201 servis
1087 4143 1104 4174 ί
1135 4141 1351 4208 insuper
1376 4140 1761 4205 oppugnantes.

470 4248 559 4304 10.
588 4219 753 4318 [vers
788 4236 875 4311 7.]
909 4235 1141 4303 Denique
1183 4229 1422 4300 sequitur
1452 4243 1463 4279 :
1499 4224 1633 4318 Quia
1661 4219 1976 4318 comederunt

393 4342 556 4399 Iacob
578 4316 611 4405 ,Η
624 4345 672 4391 et
702 4336 866 4389 locum
892 4331 998 4401 ejus
1026 4324 1389 4380 desolaverunt.
1421 4317 1585 4374 Jacnb
1618 4316 1810 4387 quippe
1843 4316 1976 4395 ﬁgu-

394 4448 508 4490 ram
535 4427 764 4503 gestavit
792 4420 1067 4485 Ecclesiae,
1089 4417 1227 4471 sicut
1246 4413 1389 4468 Esau
1418 4408 1616 4465 veteris
1644 4408 1974 4503 Spaagogre;

394 4499 767 4584 unde'dictum
793 4525 879 4574 est
906 4534 921 4571 :
950 4513 1020 4568 Et
1043 4511 1207 4581 major
1234 4507 1409 4562 serviet
1449 4502 1630 4558 minori
1660 4499 1814 4572 (Gen.
1846 4514 1974 4562 xxv,

395 4619 510 4689 25).
537 4598 719 4672 Potest
744 4612 796 4667 in
826 4609 928 4663 hoc
954 4603 1169 4660 nomine
1200 4596 1418 4668 intelligi
1442 4611 1505 4689 ea
1526 4637 1539 4661 ,
1568 4593 1636 4689 de
1662 4606 1760 4689 qua
1789 4592 1977 4663 Inque.

395 4683 606 4774 bantur,
646 4702 932 4762 haereditas
961 4697 1068 4754 ‘Dei
1092 4736 1106 4758 .
1154 4694 1207 4747 in
1251 4705 1408 4761 quam
1440 4683 1792 4742 invadendam
1822 4695 1981 4754 atque

395 4798 707 4858 vastandam
731 4803 854 4867 post
889 4786 1330 4847 resurrectionem
1370 4787 1424 4835 et
1461 4778 1831 4833 ascensionem
1874 4776 1981 4829 Do-

398 4894 529 4952 mini
551 4890 759 4949 Gentes
769 4879 1137 4957 persequendo
1159 4880 1439 4931 venerunt.
1464 4869 1595 4939 Sed,
1612 4867 1977 4947 locumlarob,

396 4980 668 5059 quomodo
711 4979 1010 5034 intueamur
1057 4964 1461 5040 intelligendum
1506 4974 1608 5020 est.
1649 4961 1810 5033 Magis
1836 4961 1978 5016 enim

398 5056 545 5138 locus
569 5070 737 5132 Jacob
759 5068 846 5123 illa
871 5068 1057 5123 civitas
1082 5062 1259 5139 putari
1300 5067 1504 5131 potest,
1546 5056 1600 5111 in
1639 5069 1741 5124 qua
1781 5060 1899 5109 erat
1928 5060 1983 5106 et

398 5152 655 5240 templum
683 5175 790 5234 quo
816 5159 1116 5214 universam
1145 5156 1289 5211 illam
1310 5162 1544 5224 gentem,
1574 5144 1904 5203 sacrilicandi
1927 5152 1983 5199 et

396 5238 656 5320 adorandi
683 5267 842 5311 causa
867 5257 920 5306 et
950 5247 1155 5304 Pascha
1194 5242 1528 5310 celebrandi,
1569 5238 1821 5294 Dominus
1846 5249 1982 5306 pra:-

399 5363 615 5427 ceperat
650 5345 962 5409 convenire.
991 5340 1122 5397 Nam
1160 5340 1206 5393 si
1234 5336 1658 5394 Christianorum
1684 5339 1982 5427 conventus

398 5420 693 5502 inhibitos'
724 5448 884 5509 atque
914 5443 1255 5503 compressos
1298 5442 1329 5482 a
1374 5422 1808 5496 persecutoribus
1852 5420 1984 5475 Pro—

401 5539 563 5613 pheta
605 5534 769 5591 vellet
803 5526 1061 5599 intelligi,
1091 5523 1206 5578 loca
1233 5518 1470 5575 desolata
1505 5515 1775 5571 videretur
1800 5510 1981 5567 dicere

463 5676 476 5703 ι
504 5673 575 5720 sic
593 5675 703 5720 uss.
727 5672 781 5718 At
801 5666 936 5724 tum,
959 5668 1102 5728 atque
1125 5668 1303 5728 servos.
1376 5712 1388 5725 ,
1425 5713 1437 5728 ,
1623 5725 1647 5728 Α.
1665 5708 1696 5728 μ,
1731 5707 1891 5728 _,__,_,_.

462 5738 483 5769 ι
508 5708 1141 5786 ’ὦνῗῗῖιῆἇῑῖἱῖῶδδῖῆιξιξ
1158 5708 1215 5772 et
1231 5727 1356 5780 ωδε..
1369 5709 1604 5776 inhibitos,
1620 5708 1715 5776 vel,
1728 5708 1977 5761 inhabiles.

1565 271 1620 325 s.
1656 227 2020 326 AUGUS’l‘lNl
2062 226 2365 325 Episcort
2408 228 2415 233 ’

3502 242 3640 330 toto

2058 379 2329 447 debuisse,
2354 396 2459 435 non
2485 380 2681 437 locum.
2711 381 2817 437 Sed
2848 397 3129 453 possumus
3150 384 3393 454 accipere
3420 401 3518 456 pro
3543 404 3645 441 nn-

2060 486 2208 527 mero
2250 473 2440 544 plurali
2484 489 2762 529 numerum
2806 462 3127 546 singularem
3174 476 3406 547 positum
3431 521 3445 543 ,
3500 479 3644 535 sicut

2058 573 2260 620 vestem
2290 579 2386 635 pro
2406 565 2660 632 vestibus,
2686 565 2911 622 militem
2937 581 3033 637 pro
3057 566 3335 636 militibus,
3353 584 3516 639 pecus
3543 584 3648 641 pro

2059 654 2343 731 pecoribus
2374 674 2387 711 :
2416 656 2583 712 multa
2611 657 2754 713 enim
2781 656 3082 729 bujusmodi
3106 660 3272 715 moris
3288 670 3372 717 est
3393 661 3520 729 dici,
3545 678 3652 719 nec

2060 747 2231 803 solum
2262 747 2422 818 vulgo
2447 747 2807 818 loquentium,
2839 763 3025 803 verum
3056 750 3215 804 etiam
3254 750 3652 808 disertissimo-

2062 853 2179 892 rum
2216 846 2496 893 auctorum
2523 823 3001 909 eloquentiae-Nec
3041 839 3110 895 ab
3148 839 3263 910 ipsa
3292 840 3470 896 divina
3493 843 3654 899 Scri-

2064 938 2217 1001 ptura
2246 930 2346 986 hoc
2373 946 2541 1002 genus
2567 916 2849 987 locutionis
2874 931 3108 988 alienum
3133 943 3253 989 est:
3287 935 3464 1004 posuit
3499 936 3653 992 enim

2062 1031 2117 1077 et
2144 1022 2256 1092 ipsa
2288 1038 2469 1077 ranam
2499 1037 2601 1094 pro
2626 1023 2791 1088 ranis,
2818 1023 3077 1079 locustam
3106 1039 3204 1093 pro
3230 1024 3450 1081 locustis
3470 1025 3655 1099 (Ρωι.

2063 1127 2266 1179 Lxxvn,
2295 1111 2410 1182 45),
2439 1120 2494 1166 et
2519 1113 2919 1168 innumerabilia
2945 1114 3089 1170 talia.
3112 1113 3265 1183 Quod
3288 1130 3415 1171 vero
3443 1115 3653 1173 dictum

2062 1212 2177 1268 est,
2222 1202 2555 1258 Comederunt
2594 1202 2787 1268 Iacob,
2819 1203 2920 1259 hoc
2957 1204 3096 1261 bene
3132 1206 3470 1278 intelligitur,
3501 1207 3654 1278 quod

2063 1294 2262 1349 multos
2300 1294 2352 1348 in
2393 1308 2549 1349 suum
2593 1293 2885 1363 malignum
2912 1299 3142 1365 corpus,
3172 1295 3276 1350 hoc
3300 1305 3380 1353 est
3411 1296 3464 1351 in
3493 1312 3650 1353 suam

2028 1418 2041 1425 -
2063 1384 2394 1450 societatem,
2424 1384 2674 1439 terrendo
2701 1385 2927 1440 transire
2952 1394 3261 1456 coegerunt.

2064 1482 2068 1487 ‘
2138 1475 2223 1531 li.
2255 1474 2405 1550 [vers.
2427 1475 2509 1550 8.]
2538 1476 2777 1549 Meminit
2802 1492 2933 1532 sane
2952 1519 2966 1542 ,
2997 1479 3238 1548 quamvis
3268 1478 3372 1534 illis
3411 1494 3508 1551 pro
3533 1496 3654 1537 me-

2064 1566 2169 1621 rito
2199 1568 2445 1637 pessima:
2484 1567 2772 1623 voluntatis
2812 1582 2879 1623 ex
2920 1569 2996 1623 ira
3042 1569 3135 1624 Dei
3180 1569 3339 1640 digna
3378 1571 3652 1628 reddenda

2065 1657 2204 1724 sint,
2250 1674 2358 1713 nou
2407 1668 2582 1715 tamen
2631 1675 2726 1715 eos
2764 1659 2962 1732 aliquid
2991 1661 3254 1718 adversus
3284 1663 3651 1721 hereditatem

2065 1751 2181 1820 ejus
2210 1752 2389 1807 valere
2416 1752 2672 1822 potuisse,
2704 1752 2806 1807 nisi
2832 1768 2950 1809 eam
2976 1754 3237 1811 voluisset
3263 1755 3377 1826 ipse
3406 1772 3503 1826 pro
3527 1773 3653 1827 pec.

2065 1842 2197 1895 catis
2219 1840 2335 1911 ejus
2365 1841 2684 1911 ﬁagcllando
2713 1842 3022 1897 emendare.
3056 1842 3209 1900 Unde
3234 1843 3502 1915 subiungit
3524 1863 3540 1900 :
3565 1844 3654 1901 Ne

2065 1932 2347 1986 memineris
2374 1933 2698 2002 iniquitatum
2725 1942 3014 1988 nostrarum
3050 1934 3389 2005 antiquarum.
3414 1934 3529 1991 Non
3571 1937 3648 1992 ait

2066 2026 2457 2095 praeteritarum
2478 2068 2493 2093 ,
2522 2040 2641 2096 qua:
2671 2035 2891 2096 possent
2933 2040 3054 2081 esse
3090 2010 3249 2082 etiam
3293 2026 3649 2093 recentiores;

2067 2117 2160 2172 sed
2203 2117 2559 2188 antiquarum,
2608 2118 2709 2173 hoc
2737 2126 2821 2173 est
2863 2133 2894 2173 a
2943 2118 3253 2188 parentibus
3279 2118 3653 2173 venientium:

2072 2210 2267 2264 talibus
2296 2210 2491 2279 quippe
2537 2209 2903 2280 iniquitatibus
2930 2209 3224 2274 damnatio,
3253 2224 3361 2264 non
3388 2210 3656 2279 correptio

2069 2300 2310 2355 debetur.
2342 2299 2453 2355 Cito
2489 2301 2762 2369 anticipenl
2790 2316 2882 2353 nos
2907 2299 3268 2354 misericordia
3301 2309 3421 2353 tum.
3448 2300 3655 2357 Antid-

2070 2401 2196 2462 pent
2222 2392 2402 2462 utique
2421 2391 2486 2446 ad
2508 2390 2763 2462 judicium
2791 2400 2938 2444 tuum
2965 2407 2977 2443 :
3005 2389 3367 2460 Superexaltat
3391 2390 3535 2445 enim
3557 2392 3653 2445 nti-

2070 2485 2343 2539 sericordia
2386 2485 2438 2537 in
2463 2484 2661 2554 judicio
2686 2484 2699 2514 ¹
2723 2499 2737 2548 ;
2757 2482 3012 2553 judicium
3036 2491 3211 2537 autem
3243 2481 3353 2536 sine
3372 2483 3656 2537 misericor-

2072 2578 2178 2643 dia,
2209 2578 2302 2634 sed
2332 2578 2377 2631 ei
2404 2578 2489 2647 qui
2516 2594 2614 2630 non
2641 2576 2759 2647 fecit
2787 2574 3181 2629 misericordiam
3214 2572 3423 2644 (Jacobi
3447 2590 3507 2637 ιι,
3539 2574 3650 2645 15).

2073 2669 2223 2737 Quod
2242 2678 2416 2723 autem
2435 2668 2690 2739 adjungit,
2713 2667 2847 2734 Quia
2867 2682 3112 2738 pauperes
3137 2666 3258 2738 facti
3281 2682 3454 2720 sumus
3481 2667 3658 2735 nimis,

2074 2763 2140 2817 ad
2176 2764 2275 2817 hoc
2305 2763 2415 2816 vult
2441 2761 2660 2831 intelligi
2682 2760 2976 2830 anticipare
3001 2774 3101 2815 nos
3122 2759 3516 2817 misericordias
3536 2761 3652 2826 Dei,

2075 2862 2133 2906 ut.
2163 2864 2341 2907 nostra
2374 2860 2689 2921 paupertas,
2724 2850 2775 2905 id
2804 2860 2888 2906 est
2915 2850 3195 2905 inﬁrmitas
3214 2890 3232 2917 ,
3266 2865 3331 2905 eo
3362 2851 3650 2906 miserante

2075 2943 2356 3013 adjuvetur
2382 2942 2447 2997 ad
2475 2944 2591 3011 ejus
2621 2951 2881 3012 prmccpta
2909 2941 3151 2997 facienda
3173 2984 3190 3010 ,
3219 2957 3285 2997 ne
3306 2940 3368 2997 ad
3388 2941 3649 3011 judicium

2075 3033 2189 3102 ejus
2215 3031 2497 3086 damnandi
2524 3031 2817 3087 veniamus.

2149 3123 2234 3178 12.
2265 3121 2411 3196 [vers
2438 3121 2520 3197 9.]
2551 3123 2673 3178 Ideo
2698 3123 2938 3193 sequitur
2962 3140 2975 3177 :
3002 3124 3202 3195 Adjuva
3226 3140 3338 3191 nos,
3364 3123 3501 3178 Deus
3516 3123 3661 3178 soln-

2078 3216 2199 3269 taris
2227 3224 2412 3269 noster.
2443 3214 2553 3269 lloc
2580 3213 2742 3268 verbo
2762 3214 2901 3284 quod
2919 3214 3294 3280 ait,'SaIutaris
3321 3226 3507 3279 noster,
3528 3215 3660 3271 satis

2076 3305 2297 3373 exponit
2341 3320 2498 3375 quam
2544 3304 2772 3358 voluerit
2817 3311 3185 3373 paupertatem
3237 3304 3456 3374 intelligi
3498 3304 3552 3359 in
3592 3318 3661 3359 eo

2076 3395 2217 3464 quod
2254 3395 2495 3460 dixerat,
2541 3394 2792 3462 Quoniam
2833 3412 3075 3467 pauperes
3102 3396 3229 3467 [acti
3260 3413 3435 3450 sumus
3471 3397 3659 3452 nimis:

2081 3486 2190 3555 ipsa
2220 3496 2302 3539 cst
2331 3485 2527 3556 quippe
2554 3484 2833 3540 inﬁrmitas
2857 3528 2872 3552 ,
2904 3486 2991 3540 cui
3020 3484 3277 3541 Salutaris
3300 3494 3386 3542 est
3415 3501 3657 3542 necessa-

2080 3579 2207 3631 rius.
2245 3575 2378 3631 Cum
2412 3591 2538 3631 vero
2582 3575 2818 3646 adjuvari
2866 3591 2964 3631 nos
3003 3577 3151 3641 vult,
3183 3591 3284 3632 nec
3313 3578 3550 3647 ingratus
3576 3584 3659 3631 est

2079 3670 2283 3739 gratiae,
2317 3682 2414 3721 nec
2444 3667 2579 3720 tollit
2610 3666 2834 3721 liberum
2865 3667 3144 3723 arbitrium
3174 3684 3188 3722 :
3217 3668 3307 3737 qui
3334 3669 3476 3721 enim
3506 3667 3663 3735 adju-

2081 3767 2254 3825 vatur,
2287 3758 2447 3813 etiam
2480 3770 2576 3826 per
2603 3755 2838 3826 seipsum
2864 3756 3061 3826 aliquid
3082 3757 3209 3827 agit.
3233 3756 3453 3811 Addidit
3475 3756 3661 3821 etiam,

2081 3847 2301 3918 Propter
2319 3846 2531 3919 gloriam
2559 3846 2775 3900 nominis
2799 3847 2890 3912 tui,
2919 3846 3157 3911 Domine,
3178 3847 3336 3904 libera
3360 3863 3472 3917 nos,
3490 3856 3547 3904 ut
3574 3850 3668 3921 qui

2080 3940 2359 4009 gloriatur,
2408 3954 2512 3994 non
2560 3938 2613 3994 in
2657 3940 2856 4009 seipso,
2897 3938 2995 3997 sed
3039 3939 3093 3997 in
3140 3944 3362 3999 Domino
3408 3945 3672 4015 glorietur

2083 4029 2124 4101 (l
2150 4029 2267 4083 Cor.
2292 4045 2330 4097 ι,
2360 4029 2471 4102 51).
2501 4027 2566 4082 Et
2591 4030 2840 4099 propitius
2862 4039 2988 4097 esto,
3021 4033 3211 4104 inquit,
3239 4034 3456 4104 peccatis
3479 4035 3670 4089 nostris

2084 4131 2286 4190 prapter
2306 4136 2485 4174 nomen
2507 4129 2650 4178 tuum
2674 4140 2693 4178 :
2713 4138 2819 4178 non
2846 4133 3061 4193 propter
3080 4138 3208 4190 nos;
3235 4138 3359 4177 nam
3373 4123 3498 4194 quid
3518 4123 3671 4180 aliud

2084 4223 2356 4269 merentur
2386 4227 2604 4282 peccata
2637 4225 2818 4270 nostra
2837 4257 2851 4280 ,
2881 4231 3040 4286 quam
3065 4215 3240 4271 debita
3268 4225 3324 4271 et
3348 4215 3505 4287 digna
3533 4231 3670 4286 snp-

2083 4307 2237 4377 plicia
2253 4307 2279 4360 ?
2298 4307 2393 4365 sed
2413 4310 2661 4380 propitius
2684 4318 2789 4363 esto
2818 4309 3032 4377 peccatis
3058 4308 3241 4362 nostris
3261 4319 3463 4379 prapter
3482 4325 3672 4363 nomen

2084 4409 2247 4455 tuum.
2277 4400 2365 4456 Sic
2395 4416 2523 4471 ergo
2545 4414 2641 4453 nos
2672 4399 2888 4464 liberas,
2913 4398 2965 4453 id
2994 4408 3097 4465 est,
3128 4398 3272 4454 eruis
3290 4413 3321 4452 a
3345 4398 3520 4465 malis,
3542 4413 3671 4454 cum

2084 4499 2139 4547 et
2166 4491 2385 4560 adjuvas
2415 4505 2510 4543 nos
2535 4489 2601 4544 ad
2624 4488 2918 4544 faciendam
2944 4487 3225 4558 justitiam,
3250 4496 3306 4543 et
3326 4488 3584 4559 propitius
3609 4505 3676 4544 es

2086 4582 2318 4651 peccatis
2344 4580 2560 4645 nostris,
2589 4581 2708 4635 sine
2733 4579 2925 4650 quibus
2952 4579 3005 4633 in
3040 4578 3141 4634 hac
3168 4579 3272 4634 vita
3301 4594 3405 4633 non
3432 4594 3623 4633 sumus
3656 4598 3674 4635 :

2089 4672 2340 4736 Quoniam
2366 4688 2466 4725 non
2486 4670 2848 4741 justi/imbitur
2874 4669 2927 4722 in
2959 4677 3227 4737 conspectu
3266 4676 3353 4721 tuo
3391 4668 3556 4723 omnis
3588 4670 3675 4723 vi—

2084 4778 2201 4817 vens
2229 4762 2249 4833 (
2273 4761 2414 4833 Psal.
2443 4776 2579 4815 cxut
2601 4802 2615 4827 ,
2658 4757 2754 4831 2).
2786 4757 3059 4813 Peccatum
3107 4767 3282 4814 autem
3324 4758 3564 4828 iniquitas
3597 4768 3675 4814 est

2087 4856 2128 4925 (1
2155 4856 2310 4909 Joan.
2338 4870 2413 4919 ιιι,
2440 4854 2497 4925 4)
2518 4870 2531 4919 ;
2556 4861 2610 4909 et
2635 4852 2679 4907 si
2700 4852 2983 4924 iniquitates
3012 4850 3361 4917 observaveris,
3387 4851 3499 4921 quis
3519 4853 3679 4906 susti-

2087 4947 2215 5002 nebit
2244 4945 2415 5017 (Psal.
2442 4960 2633 5009 cxxrx,
2666 4943 2764 5012 δη

2158 5040 2246 5094 15.
2274 5036 2422 5111 [vers.
2448 5034 2560 5110 10.]
2586 5034 2736 5103 Quod
2766 5025 2946 5089 autem
2982 5033 3242 5103 adjungit,
3274 5030 3567 5103 Nequando
3589 5034 3673 5085 αἱ-

2086 5140 2201 5183 cant
2225 5130 2276 5181 in
2299 5126 2556 5189 Gentibus,
2589 5124 2687 5180 Ubi
2714 5135 2786 5178 est
2812 5122 2950 5177 Deus
2976 5124 3189 5178 eorum?
3215 5123 3380 5192 magis
3407 5138 3505 5192 pro
3542 5123 3679 5193 ipsis

2086 5221 2343 5279 Gentibus
2371 5230 2453 5274 est
2478 5216 2865 5287 accipiendum.
2895 5204 3031 5271 Male
3055 5215 3197 5271 enim
3227 5222 3454 5285 pereunt
3474 5214 3579 5285 'qni
3608 5217 3680 5270 de

2090 5316 2198 5368 Deo
2221 5327 2352 5368 vero
2376 5310 2779 5379 desperaverim
2800 5350 2816 5376 ,
2844 5317 3091 5378 putantes
3117 5322 3238 5362 eum
3267 5308 3353 5362 vel
3380 5322 3489 5362 non
3519 5324 3675 5374 esse,

2086 5405 2169 5461 vel
2215 5419 2340 5460 suos
2376 5418 2479 5456 non
2509 5401 2788 5470 adjuvare,
2819 5415 2919 5455 nec
2947 5399 3025 5454 eis
3053 5413 3174 5454 esse
3209 5398 3517 5469 propitium.
3544 5397 3678 5454 Illud

2085 5511 2211 5552 vero
2240 5493 2383 5566 quod
2413 5493 2670 5562 sequitur,
2702 5491 2764 5544 Et
2789 5492 3064 5544 innotescat
3100 5491 3151 5542 in
3191 5488 3475 5544 nationibus
3500 5505 3679 5542 coram

2087 5589 2244 5645 oculis
2286 5587 2469 5641 nostris
2511 5583 2731 5639 vindicta
2775 5583 3035 5654 sanguinis
3072 5599 3331 5638 servorum
3357 5592 3560 5636 tuorum

2152 5706 2167 5737 ι
2204 5702 2370 5754 Plures
2392 5707 2515 5763 Mss,
2540 5694 2873 5749 misericordia
2883 5676 3126 5758 judicium
3138 5705 3158 5760 ;
3180 5694 3377 5758 omisso,
3397 5692 3467 5746 in.
