  <div class='ocr_page' id='page_1' title='image "/cluster/home/n/w/nwhite01/storage/ocr_20150623/36/hvd.32044096580584/516.png"; bbox 0 0 4020 6198; ppageno 0'>
   <div class='ocr_carea' id='block_1_1' title="bbox 398 318 537 378">
    <p class='ocr_par' dir='ltr' id='par_1_1' title="bbox 398 318 537 378">
     <span class='ocr_line' id='line_1_1' title="bbox 398 318 537 378; baseline -0.043 0"><span class='ocrx_word' id='word_1_1' title='bbox 398 318 537 378; x_wconf 74' lang='grc'><strong>1017</strong></span> 
     </span>
    </p>
   </div>
   <div class='ocr_carea' id='block_1_2' title="bbox 397 427 1981 501">
    <p class='ocr_par' dir='ltr' id='par_1_2' title="bbox 397 427 1981 501">
     <span class='ocr_line' id='line_1_2' title="bbox 397 427 1981 501; baseline -0.008 -12"><span class='ocrx_word' id='word_1_2' title='bbox 397 433 587 500; x_wconf 74' lang='lat' dir='ltr'><strong>effusus</strong></span> <span class='ocrx_word' id='word_1_3' title='bbox 615 441 705 495; x_wconf 83' lang='lat' dir='ltr'><strong>est,</strong></span> <span class='ocrx_word' id='word_1_4' title='bbox 740 430 823 486; x_wconf 90' lang='lat' dir='ltr'><strong>vel</strong></span> <span class='ocrx_word' id='word_1_5' title='bbox 853 430 930 486; x_wconf 89' lang='lat' dir='ltr'><strong>sic</strong></span> <span class='ocrx_word' id='word_1_6' title='bbox 956 429 1289 501; x_wconf 90' lang='lat' dir='ltr'><strong>intelligitur,</strong></span> <span class='ocrx_word' id='word_1_7' title='bbox 1315 442 1437 485; x_wconf 88' lang='lat' dir='ltr'><strong>cum</strong></span> <span class='ocrx_word' id='word_1_8' title='bbox 1465 428 1689 483; x_wconf 90' lang='lat' dir='ltr'><strong>credunt</strong></span> <span class='ocrx_word' id='word_1_9' title='bbox 1714 427 1767 481; x_wconf 90' lang='lat' dir='ltr'><strong>in</strong></span> <span class='ocrx_word' id='word_1_10' title='bbox 1798 438 1981 480; x_wconf 84' lang='lat' dir='ltr'><strong>verum</strong></span> 
     </span>
    </p>
   </div>
   <div class='ocr_carea' id='block_1_3' title="bbox 398 520 1983 595">
    <p class='ocr_par' dir='ltr' id='par_1_3' title="bbox 398 520 1983 595">
     <span class='ocr_line' id='line_1_3' title="bbox 398 520 1983 595; baseline -0.005 -14"><span class='ocrx_word' id='word_1_11' title='bbox 398 526 588 591; x_wconf 87' lang='lat' dir='ltr'><strong>Deum,</strong></span> <span class='ocrx_word' id='word_1_12' title='bbox 618 523 709 595; x_wconf 85' lang='lat' dir='ltr'><strong>qui</strong></span> <span class='ocrx_word' id='word_1_13' title='bbox 736 522 1191 594; x_wconf 85' lang='lat' dir='ltr'><strong>persequebantur</strong></span> <span class='ocrx_word' id='word_1_14' title='bbox 1214 522 1330 593; x_wconf 85' lang='lat' dir='ltr'><strong>ejus</strong></span> <span class='ocrx_word' id='word_1_15' title='bbox 1361 520 1757 585; x_wconf 75' lang='lat' dir='ltr'><strong>hiereditatem;</strong></span> <span class='ocrx_word' id='word_1_16' title='bbox 1787 520 1907 591; x_wconf 82' lang='lat' dir='ltr'><strong>quia</strong></span> <span class='ocrx_word' id='word_1_17' title='bbox 1928 528 1983 574; x_wconf 87' lang='lat' dir='ltr'><strong>et</strong></span> 
     </span>
    </p>
   </div>
   <div class='ocr_carea' id='block_1_4' title="bbox 398 616 1979 688">
    <p class='ocr_par' dir='ltr' id='par_1_4' title="bbox 398 616 1979 688">
     <span class='ocr_line' id='line_1_4' title="bbox 398 616 1979 688; baseline -0.002 -16"><span class='ocrx_word' id='word_1_18' title='bbox 398 620 515 687; x_wconf 79' lang='lat' dir='ltr'><strong>ipsa</strong></span> <span class='ocrx_word' id='word_1_19' title='bbox 556 617 786 671; x_wconf 75' lang='lat' dir='ltr'><strong>vindicta</strong></span> <span class='ocrx_word' id='word_1_20' title='bbox 829 625 949 680; x_wconf 90' lang='lat' dir='ltr'><strong>est,</strong></span> <span class='ocrx_word' id='word_1_21' title='bbox 979 631 1082 687; x_wconf 89' lang='lat' dir='ltr'><strong>qua</strong></span> <span class='ocrx_word' id='word_1_22' title='bbox 1114 616 1394 688; x_wconf 85' lang='lat' dir='ltr'><strong>perimitur</strong></span> <span class='ocrx_word' id='word_1_23' title='bbox 1423 631 1562 672; x_wconf 70' lang='lat' dir='ltr'><strong>smva</strong></span> <span class='ocrx_word' id='word_1_24' title='bbox 1596 616 1844 685; x_wconf 84' lang='lat' dir='ltr'><strong>iniquitas</strong></span> <span class='ocrx_word' id='word_1_25' title='bbox 1882 629 1979 670; x_wconf 86' lang='lat' dir='ltr'><strong>eo-</strong></span> 
     </span>
    </p>
   </div>
   <div class='ocr_carea' id='block_1_5' title="bbox 404 708 1981 780">
    <p class='ocr_par' dir='ltr' id='par_1_5' title="bbox 404 708 1981 780">
     <span class='ocr_line' id='line_1_5' title="bbox 404 708 1981 780; baseline 0 -16"><span class='ocrx_word' id='word_1_26' title='bbox 404 725 519 764; x_wconf 88' lang='lat' dir='ltr'><strong>rum</strong></span> <span class='ocrx_word' id='word_1_27' title='bbox 544 708 719 780; x_wconf 88' lang='lat' dir='ltr'><strong>gladio</strong></span> <span class='ocrx_word' id='word_1_28' title='bbox 744 709 891 765; x_wconf 86' lang='lat' dir='ltr'><strong>verbi</strong></span> <span class='ocrx_word' id='word_1_29' title='bbox 920 709 1034 777; x_wconf 88' lang='lat' dir='ltr'><strong>Dei,</strong></span> <span class='ocrx_word' id='word_1_30' title='bbox 1062 709 1131 765; x_wconf 89' lang='lat' dir='ltr'><strong>de</strong></span> <span class='ocrx_word' id='word_1_31' title='bbox 1158 712 1265 780; x_wconf 88' lang='lat' dir='ltr'><strong>quo</strong></span> <span class='ocrx_word' id='word_1_32' title='bbox 1292 708 1494 764; x_wconf 89' lang='lat' dir='ltr'><strong>dictum</strong></span> <span class='ocrx_word' id='word_1_33' title='bbox 1542 718 1625 764; x_wconf 89' lang='lat' dir='ltr'><strong>est</strong></span> <span class='ocrx_word' id='word_1_34' title='bbox 1647 751 1661 777; x_wconf 90' lang='lat'><strong>,</strong></span> <span class='ocrx_word' id='word_1_35' title='bbox 1708 708 1981 780; x_wconf 82' lang='lat' dir='ltr'><strong>Accingere</strong></span> 
     </span>
    </p>
   </div>
   <div class='ocr_carea' id='block_1_6' title="bbox 402 797 1981 871">
    <p class='ocr_par' dir='ltr' id='par_1_6' title="bbox 402 797 1981 871">
     <span class='ocr_line' id='line_1_6' title="bbox 402 797 1981 871; baseline 0.001 -17"><span class='ocrx_word' id='word_1_36' title='bbox 402 800 626 871; x_wconf 81' lang='lat' dir='ltr'><strong>gladium</strong></span> <span class='ocrx_word' id='word_1_37' title='bbox 656 809 796 853; x_wconf 87' lang='lat' dir='ltr'><strong>tuum</strong></span> <span class='ocrx_word' id='word_1_38' title='bbox 820 797 993 869; x_wconf 79' lang='lat' dir='ltr'><strong>(Psal.</strong></span> <span class='ocrx_word' id='word_1_39' title='bbox 1017 814 1158 863; x_wconf 79' lang='lat' dir='ltr'><strong>xuv,</strong></span> <span class='ocrx_word' id='word_1_40' title='bbox 1188 800 1283 869; x_wconf 69' lang='lat'><strong>4);</strong></span> <span class='ocrx_word' id='word_1_41' title='bbox 1314 799 1400 855; x_wconf 91' lang='lat' dir='ltr'><strong>vel</strong></span> <span class='ocrx_word' id='word_1_42' title='bbox 1426 814 1546 854; x_wconf 92' lang='lat' dir='ltr'><strong>cum</strong></span> <span class='ocrx_word' id='word_1_43' title='bbox 1579 808 1981 869; x_wconf 77' lang='lat' dir='ltr'><strong>perseverantes</strong></span> 
     </span>
    </p>
   </div>
   <div class='ocr_carea' id='block_1_7' title="bbox 406 889 1980 960">
    <p class='ocr_par' dir='ltr' id='par_1_7' title="bbox 406 889 1980 960">
     <span class='ocr_line' id='line_1_7' title="bbox 406 889 1980 960; baseline -0.001 -15"><span class='ocrx_word' id='word_1_44' title='bbox 406 890 606 945; x_wconf 83' lang='lat' dir='ltr'><strong>inimici</strong></span> <span class='ocrx_word' id='word_1_45' title='bbox 638 890 688 944; x_wconf 93' lang='lat' dir='ltr'><strong>in</strong></span> <span class='ocrx_word' id='word_1_46' title='bbox 721 889 825 944; x_wconf 81' lang='lat' dir='ltr'><strong>line</strong></span> <span class='ocrx_word' id='word_1_47' title='bbox 856 890 1167 960; x_wconf 89' lang='lat' dir='ltr'><strong>puniuntur.</strong></span> <span class='ocrx_word' id='word_1_48' title='bbox 1193 889 1326 944; x_wconf 90' lang='lat' dir='ltr'><strong>Nam</strong></span> <span class='ocrx_word' id='word_1_49' title='bbox 1368 890 1507 944; x_wconf 88' lang='lat' dir='ltr'><strong>mala</strong></span> <span class='ocrx_word' id='word_1_50' title='bbox 1536 890 1831 960; x_wconf 85' lang='lat' dir='ltr'><strong>corporalia</strong></span> <span class='ocrx_word' id='word_1_51' title='bbox 1860 906 1980 960; x_wconf 70' lang='lat' dir='ltr'><strong>qua:</strong></span> 
     </span>
    </p>
   </div>
   <div class='ocr_carea' id='block_1_8' title="bbox 400 980 1982 1060">
    <p class='ocr_par' dir='ltr' id='par_1_8' title="bbox 400 980 1982 1060">
     <span class='ocr_line' id='line_1_8' title="bbox 400 980 1982 1060; baseline 0.001 -25"><span class='ocrx_word' id='word_1_52' title='bbox 400 981 454 1035; x_wconf 92' lang='lat' dir='ltr'><strong>in</strong></span> <span class='ocrx_word' id='word_1_53' title='bbox 486 981 590 1060; x_wconf 72' lang='lat' dir='ltr'><strong>hoc</strong></span> <span class='ocrx_word' id='word_1_54' title='bbox 615 980 815 1035; x_wconf 67' lang='lat' dir='ltr'><strong>Siccqu</strong></span> <span class='ocrx_word' id='word_1_55' title='bbox 859 982 1152 1050; x_wconf 86' lang='lat' dir='ltr'><strong>patiuntur,</strong></span> <span class='ocrx_word' id='word_1_56' title='bbox 1177 981 1481 1036; x_wconf 90' lang='lat' dir='ltr'><strong>communia</strong></span> <span class='ocrx_word' id='word_1_57' title='bbox 1526 989 1747 1051; x_wconf 89' lang='lat' dir='ltr'><strong>possunt</strong></span> <span class='ocrx_word' id='word_1_58' title='bbox 1786 981 1982 1037; x_wconf 89' lang='lat' dir='ltr'><strong>habere</strong></span> 
     </span>
    </p>
   </div>
   <div class='ocr_carea' id='block_1_9' title="bbox 400 1070 1978 1143">
    <p class='ocr_par' dir='ltr' id='par_1_9' title="bbox 400 1070 1978 1143">
     <span class='ocr_line' id='line_1_9' title="bbox 400 1070 1978 1143; baseline 0.003 -19"><span class='ocrx_word' id='word_1_59' title='bbox 400 1085 521 1126; x_wconf 92' lang='lat' dir='ltr'><strong>cum</strong></span> <span class='ocrx_word' id='word_1_60' title='bbox 554 1070 726 1126; x_wconf 86' lang='lat' dir='ltr'><strong>bonis.</strong></span> <span class='ocrx_word' id='word_1_61' title='bbox 752 1070 849 1127; x_wconf 86' lang='lat' dir='ltr'><strong>Est</strong></span> <span class='ocrx_word' id='word_1_62' title='bbox 871 1079 924 1126; x_wconf 91' lang='lat' dir='ltr'><strong>et</strong></span> <span class='ocrx_word' id='word_1_63' title='bbox 947 1070 1093 1126; x_wconf 85' lang='lat' dir='ltr'><strong>aliud</strong></span> <span class='ocrx_word' id='word_1_64' title='bbox 1114 1070 1362 1127; x_wconf 64' lang='lat' dir='ltr'><strong>vindictae</strong></span> <span class='ocrx_word' id='word_1_65' title='bbox 1384 1086 1573 1143; x_wconf 88' lang='lat' dir='ltr'><strong>genus,</strong></span> <span class='ocrx_word' id='word_1_66' title='bbox 1597 1088 1703 1142; x_wconf 90' lang='lat' dir='ltr'><strong>quo</strong></span> <span class='ocrx_word' id='word_1_67' title='bbox 1725 1072 1978 1129; x_wconf 62' lang='lat' dir='ltr'><strong>Ecclesiae</strong></span> 
     </span>
    </p>
   </div>
   <div class='ocr_carea' id='block_1_10' title="bbox 400 1159 1980 1233">
    <p class='ocr_par' dir='ltr' id='par_1_10' title="bbox 400 1159 1980 1233">
     <span class='ocr_line' id='line_1_10' title="bbox 400 1159 1980 1233; baseline 0.002 -17"><span class='ocrx_word' id='word_1_68' title='bbox 400 1159 766 1216; x_wconf 87' lang='lat' dir='ltr'><strong>dilatatiouem</strong></span> <span class='ocrx_word' id='word_1_69' title='bbox 787 1172 842 1217; x_wconf 88' lang='lat' dir='ltr'><strong>et</strong></span> <span class='ocrx_word' id='word_1_70' title='bbox 865 1161 1239 1217; x_wconf 83' lang='lat' dir='ltr'><strong>fecunditatem</strong></span> <span class='ocrx_word' id='word_1_71' title='bbox 1262 1162 1315 1216; x_wconf 90' lang='lat' dir='ltr'><strong>in</strong></span> <span class='ocrx_word' id='word_1_72' title='bbox 1347 1161 1449 1217; x_wconf 92' lang='lat' dir='ltr'><strong>hoc</strong></span> <span class='ocrx_word' id='word_1_73' title='bbox 1470 1163 1690 1231; x_wconf 66' lang='lat' dir='ltr'><strong>sarculo,</strong></span> <span class='ocrx_word' id='word_1_74' title='bbox 1720 1172 1839 1233; x_wconf 71' lang='lat' dir='ltr'><strong>post</strong></span> <span class='ocrx_word' id='word_1_75' title='bbox 1862 1176 1980 1219; x_wconf 86' lang='lat' dir='ltr'><strong>tan-</strong></span> 
     </span>
    </p>
   </div>
   <div class='ocr_carea' id='block_1_11' title="bbox 399 1251 1981 1325">
    <p class='ocr_par' dir='ltr' id='par_1_11' title="bbox 399 1251 1981 1325">
     <span class='ocr_line' id='line_1_11' title="bbox 399 1251 1981 1325; baseline 0.002 -19"><span class='ocrx_word' id='word_1_76' title='bbox 399 1257 482 1306; x_wconf 86' lang='lat' dir='ltr'><strong>tas</strong></span> <span class='ocrx_word' id='word_1_77' title='bbox 503 1251 899 1320; x_wconf 84' lang='lat' dir='ltr'><strong>persecutiones</strong></span> <span class='ocrx_word' id='word_1_78' title='bbox 920 1251 1109 1322; x_wconf 86' lang='lat' dir='ltr'><strong>quibus</strong></span> <span class='ocrx_word' id='word_1_79' title='bbox 1132 1266 1250 1306; x_wconf 91' lang='lat' dir='ltr'><strong>eam</strong></span> <span class='ocrx_word' id='word_1_80' title='bbox 1271 1252 1492 1308; x_wconf 89' lang='lat' dir='ltr'><strong>omnino</strong></span> <span class='ocrx_word' id='word_1_81' title='bbox 1516 1255 1804 1323; x_wconf 86' lang='lat' dir='ltr'><strong>perituram</strong></span> <span class='ocrx_word' id='word_1_82' title='bbox 1828 1263 1981 1325; x_wconf 83' lang='lat' dir='ltr'><strong>puta-</strong></span> 
     </span>
    </p>
   </div>
   <div class='ocr_carea' id='block_1_12' title="bbox 398 1341 1980 1414">
    <p class='ocr_par' dir='ltr' id='par_1_12' title="bbox 398 1341 1980 1414">
     <span class='ocr_line' id='line_1_12' title="bbox 398 1341 1980 1414; baseline 0.002 -16"><span class='ocrx_word' id='word_1_83' title='bbox 398 1341 548 1410; x_wconf 88' lang='lat' dir='ltr'><strong>bant,</strong></span> <span class='ocrx_word' id='word_1_84' title='bbox 579 1352 844 1414; x_wconf 84' lang='lat' dir='ltr'><strong>peccator,</strong></span> <span class='ocrx_word' id='word_1_85' title='bbox 863 1351 917 1399; x_wconf 89' lang='lat' dir='ltr'><strong>et</strong></span> <span class='ocrx_word' id='word_1_86' title='bbox 942 1342 1267 1408; x_wconf 89' lang='lat' dir='ltr'><strong>incredulus,</strong></span> <span class='ocrx_word' id='word_1_87' title='bbox 1289 1353 1343 1400; x_wconf 92' lang='lat' dir='ltr'><strong>et</strong></span> <span class='ocrx_word' id='word_1_88' title='bbox 1371 1344 1615 1401; x_wconf 88' lang='lat' dir='ltr'><strong>inimicus</strong></span> <span class='ocrx_word' id='word_1_89' title='bbox 1630 1346 1773 1402; x_wconf 81' lang='lat' dir='ltr'><strong>videt</strong></span> <span class='ocrx_word' id='word_1_90' title='bbox 1796 1356 1850 1402; x_wconf 91' lang='lat' dir='ltr'><strong>et</strong></span> <span class='ocrx_word' id='word_1_91' title='bbox 1876 1347 1980 1401; x_wconf 83' lang='lat' dir='ltr'><strong>ira-</strong></span> 
     </span>
    </p>
   </div>
   <div class='ocr_carea' id='block_1_13' title="bbox 399 1435 1978 1513">
    <p class='ocr_par' dir='ltr' id='par_1_13' title="bbox 399 1435 1978 1513">
     <span class='ocr_line' id='line_1_13' title="bbox 399 1435 1978 1513; baseline 0.003 -22"><span class='ocrx_word' id='word_1_92' title='bbox 399 1435 585 1502; x_wconf 82' lang='lat' dir='ltr'><strong>scitur,</strong></span> <span class='ocrx_word' id='word_1_93' title='bbox 604 1435 849 1491; x_wconf 88' lang='lat' dir='ltr'><strong>dentibus</strong></span> <span class='ocrx_word' id='word_1_94' title='bbox 868 1436 980 1492; x_wconf 84' lang='lat' dir='ltr'><strong>suis</strong></span> <span class='ocrx_word' id='word_1_95' title='bbox 996 1436 1203 1493; x_wconf 78' lang='lat' dir='ltr'><strong>frendet</strong></span> <span class='ocrx_word' id='word_1_96' title='bbox 1224 1446 1277 1492; x_wconf 89' lang='lat' dir='ltr'><strong>et</strong></span> <span class='ocrx_word' id='word_1_97' title='bbox 1302 1439 1538 1494; x_wconf 82' lang='lat' dir='ltr'><strong>tabescet</strong></span> <span class='ocrx_word' id='word_1_98' title='bbox 1559 1438 1843 1511; x_wconf 84' lang='lat' dir='ltr'><strong>(Psal.cxi,</strong></span> <span class='ocrx_word' id='word_1_99' title='bbox 1864 1442 1978 1513; x_wconf 75' lang='lat'><strong>10):</strong></span> 
     </span>
    </p>
   </div>
   <div class='ocr_carea' id='block_1_14' title="bbox 398 1526 1980 1606">
    <p class='ocr_par' dir='ltr' id='par_1_14' title="bbox 398 1526 1980 1606">
     <span class='ocr_line' id='line_1_14' title="bbox 398 1526 1980 1606; baseline 0.005 -25"><span class='ocrx_word' id='word_1_100' title='bbox 398 1526 521 1598; x_wconf 88' lang='lat' dir='ltr'><strong>quis</strong></span> <span class='ocrx_word' id='word_1_101' title='bbox 562 1529 702 1584; x_wconf 89' lang='lat' dir='ltr'><strong>enim</strong></span> <span class='ocrx_word' id='word_1_102' title='bbox 748 1544 945 1599; x_wconf 86' lang='lat' dir='ltr'><strong>negare</strong></span> <span class='ocrx_word' id='word_1_103' title='bbox 987 1531 1182 1585; x_wconf 78' lang='lat' dir='ltr'><strong>audeat</strong></span> <span class='ocrx_word' id='word_1_104' title='bbox 1224 1530 1363 1586; x_wconf 89' lang='lat' dir='ltr'><strong>hanc</strong></span> <span class='ocrx_word' id='word_1_105' title='bbox 1393 1532 1554 1587; x_wconf 90' lang='lat' dir='ltr'><strong>etiam</strong></span> <span class='ocrx_word' id='word_1_106' title='bbox 1584 1547 1701 1588; x_wconf 92' lang='lat' dir='ltr'><strong>esse</strong></span> <span class='ocrx_word' id='word_1_107' title='bbox 1729 1534 1980 1606; x_wconf 83' lang='lat' dir='ltr'><strong>gravissi-</strong></span> 
     </span>
    </p>
   </div>
   <div class='ocr_carea' id='block_1_15' title="bbox 401 1619 1977 1695">
    <p class='ocr_par' dir='ltr' id='par_1_15' title="bbox 401 1619 1977 1695">
     <span class='ocr_line' id='line_1_15' title="bbox 401 1619 1977 1695; baseline 0.004 -22"><span class='ocrx_word' id='word_1_108' title='bbox 401 1634 542 1674; x_wconf 83' lang='lat' dir='ltr'><strong>mam</strong></span> <span class='ocrx_word' id='word_1_109' title='bbox 568 1620 821 1689; x_wconf 73' lang='lat' dir='ltr'><strong>pinnam?</strong></span> <span class='ocrx_word' id='word_1_110' title='bbox 848 1619 953 1676; x_wconf 88' lang='lat' dir='ltr'><strong>Sed</strong></span> <span class='ocrx_word' id='word_1_111' title='bbox 984 1622 1165 1677; x_wconf 91' lang='lat' dir='ltr'><strong>nescio</strong></span> <span class='ocrx_word' id='word_1_112' title='bbox 1188 1633 1366 1679; x_wconf 90' lang='lat' dir='ltr'><strong>utrum</strong></span> <span class='ocrx_word' id='word_1_113' title='bbox 1395 1624 1525 1678; x_wconf 85' lang='lat' dir='ltr'><strong>satis</strong></span> <span class='ocrx_word' id='word_1_114' title='bbox 1548 1624 1819 1695; x_wconf 79' lang='lat' dir='ltr'><strong>eleganter</strong></span> <span class='ocrx_word' id='word_1_115' title='bbox 1837 1626 1977 1682; x_wconf 83' lang='lat' dir='ltr'><strong>acci-</strong></span> 
     </span>
    </p>
   </div>
   <div class='ocr_carea' id='block_1_16' title="bbox 400 1711 1980 1790">
    <p class='ocr_par' dir='ltr' id='par_1_16' title="bbox 400 1711 1980 1790">
     <span class='ocr_line' id='line_1_16' title="bbox 400 1711 1980 1790; baseline 0.006 -25"><span class='ocrx_word' id='word_1_116' title='bbox 400 1711 574 1782; x_wconf 89' lang='lat' dir='ltr'><strong>piatur</strong></span> <span class='ocrx_word' id='word_1_117' title='bbox 589 1712 727 1782; x_wconf 90' lang='lat' dir='ltr'><strong>quod</strong></span> <span class='ocrx_word' id='word_1_118' title='bbox 751 1713 845 1780; x_wconf 87' lang='lat' dir='ltr'><strong>ait,</strong></span> <span class='ocrx_word' id='word_1_119' title='bbox 869 1724 987 1769; x_wconf 88' lang='lat' dir='ltr'><strong>ante</strong></span> <span class='ocrx_word' id='word_1_120' title='bbox 1005 1716 1176 1769; x_wconf 86' lang='lat' dir='ltr'><strong>oculos</strong></span> <span class='ocrx_word' id='word_1_121' title='bbox 1192 1725 1408 1783; x_wconf 83' lang='lat' dir='ltr'><strong>nostros,</strong></span> <span class='ocrx_word' id='word_1_122' title='bbox 1432 1717 1476 1772; x_wconf 91' lang='lat' dir='ltr'><strong>si</strong></span> <span class='ocrx_word' id='word_1_123' title='bbox 1498 1716 1599 1773; x_wconf 90' lang='lat' dir='ltr'><strong>hoc</strong></span> <span class='ocrx_word' id='word_1_124' title='bbox 1622 1732 1792 1787; x_wconf 70' lang='lat' dir='ltr'><strong>poenae</strong></span> <span class='ocrx_word' id='word_1_125' title='bbox 1812 1733 1980 1790; x_wconf 87' lang='lat' dir='ltr'><strong>genus</strong></span> 
     </span>
    </p>
   </div>
   <div class='ocr_carea' id='block_1_17' title="bbox 398 1802 1980 1881">
    <p class='ocr_par' dir='ltr' id='par_1_17' title="bbox 398 1802 1980 1881">
     <span class='ocr_line' id='line_1_17' title="bbox 398 1802 1980 1881; baseline 0.004 -23"><span class='ocrx_word' id='word_1_126' title='bbox 398 1802 755 1872; x_wconf 88' lang='lat' dir='ltr'><strong>intelligamus</strong></span> <span class='ocrx_word' id='word_1_127' title='bbox 783 1804 923 1875; x_wconf 92' lang='lat' dir='ltr'><strong>quod</strong></span> <span class='ocrx_word' id='word_1_128' title='bbox 950 1805 1002 1859; x_wconf 95' lang='lat' dir='ltr'><strong>in</strong></span> <span class='ocrx_word' id='word_1_129' title='bbox 1034 1806 1235 1861; x_wconf 92' lang='lat' dir='ltr'><strong>intimis</strong></span> <span class='ocrx_word' id='word_1_130' title='bbox 1257 1806 1435 1862; x_wconf 88' lang='lat' dir='ltr'><strong>cordis</strong></span> <span class='ocrx_word' id='word_1_131' title='bbox 1460 1808 1657 1879; x_wconf 86' lang='lat' dir='ltr'><strong>agitur,</strong></span> <span class='ocrx_word' id='word_1_132' title='bbox 1684 1817 1739 1863; x_wconf 90' lang='lat' dir='ltr'><strong>et</strong></span> <span class='ocrx_word' id='word_1_133' title='bbox 1768 1818 1980 1881; x_wconf 90' lang='lat' dir='ltr'><strong>torquet</strong></span> 
     </span>
    </p>
   </div>
   <div class='ocr_carea' id='block_1_18' title="bbox 398 1894 1979 1967">
    <p class='ocr_par' dir='ltr' id='par_1_18' title="bbox 398 1894 1979 1967">
     <span class='ocr_line' id='line_1_18' title="bbox 398 1894 1979 1967; baseline 0.004 -19"><span class='ocrx_word' id='word_1_134' title='bbox 398 1894 557 1949; x_wconf 91' lang='lat' dir='ltr'><strong>etiam</strong></span> <span class='ocrx_word' id='word_1_135' title='bbox 585 1894 706 1949; x_wconf 91' lang='lat' dir='ltr'><strong>illos</strong></span> <span class='ocrx_word' id='word_1_136' title='bbox 728 1895 819 1965; x_wconf 85' lang='lat' dir='ltr'><strong>qui</strong></span> <span class='ocrx_word' id='word_1_137' title='bbox 845 1894 1002 1951; x_wconf 90' lang='lat' dir='ltr'><strong>nobis</strong></span> <span class='ocrx_word' id='word_1_138' title='bbox 1024 1897 1306 1953; x_wconf 90' lang='lat' dir='ltr'><strong>adulanter</strong></span> <span class='ocrx_word' id='word_1_139' title='bbox 1327 1898 1605 1967; x_wconf 88' lang='lat' dir='ltr'><strong>arrident,</strong></span> <span class='ocrx_word' id='word_1_140' title='bbox 1639 1914 1739 1955; x_wconf 91' lang='lat' dir='ltr'><strong>nec</strong></span> <span class='ocrx_word' id='word_1_141' title='bbox 1766 1916 1794 1953; x_wconf 88' lang='lat' dir='ltr'><strong>a</strong></span> <span class='ocrx_word' id='word_1_142' title='bbox 1826 1894 1979 1955; x_wconf 84' lang='lat' dir='ltr'><strong>nobis</strong></span> 
     </span>
    </p>
   </div>
   <div class='ocr_carea' id='block_1_19' title="bbox 396 1983 1978 2060">
    <p class='ocr_par' dir='ltr' id='par_1_19' title="bbox 396 1983 1978 2060">
     <span class='ocr_line' id='line_1_19' title="bbox 396 1983 1978 2060; baseline 0.005 -22"><span class='ocrx_word' id='word_1_143' title='bbox 396 1983 563 2039; x_wconf 82' lang='lat' dir='ltr'><strong>videri</strong></span> <span class='ocrx_word' id='word_1_144' title='bbox 590 1994 767 2055; x_wconf 88' lang='lat' dir='ltr'><strong>potest</strong></span> <span class='ocrx_word' id='word_1_145' title='bbox 785 1985 912 2057; x_wconf 91' lang='lat' dir='ltr'><strong>quid</strong></span> <span class='ocrx_word' id='word_1_146' title='bbox 936 1986 987 2041; x_wconf 93' lang='lat' dir='ltr'><strong>in</strong></span> <span class='ocrx_word' id='word_1_147' title='bbox 1013 1986 1232 2042; x_wconf 86' lang='lat' dir='ltr'><strong>homine</strong></span> <span class='ocrx_word' id='word_1_148' title='bbox 1257 1988 1508 2044; x_wconf 88' lang='lat' dir='ltr'><strong>interiore</strong></span> <span class='ocrx_word' id='word_1_149' title='bbox 1535 1991 1822 2060; x_wconf 89' lang='lat' dir='ltr'><strong>patiantur.</strong></span> <span class='ocrx_word' id='word_1_150' title='bbox 1846 1990 1978 2046; x_wconf 91' lang='lat' dir='ltr'><strong>Illud</strong></span> 
     </span>
    </p>
   </div>
   <div class='ocr_carea' id='block_1_20' title="bbox 396 2077 1975 2153">
    <p class='ocr_par' dir='ltr' id='par_1_20' title="bbox 396 2077 1975 2153">
     <span class='ocr_line' id='line_1_20' title="bbox 396 2077 1975 2153; baseline 0.005 -23"><span class='ocrx_word' id='word_1_151' title='bbox 396 2084 574 2131; x_wconf 84' lang='lat' dir='ltr'><strong>autem</strong></span> <span class='ocrx_word' id='word_1_152' title='bbox 603 2077 744 2148; x_wconf 91' lang='lat' dir='ltr'><strong>quod</strong></span> <span class='ocrx_word' id='word_1_153' title='bbox 769 2078 882 2133; x_wconf 87' lang='lat' dir='ltr'><strong>sive</strong></span> <span class='ocrx_word' id='word_1_154' title='bbox 910 2080 989 2134; x_wconf 90' lang='lat' dir='ltr'><strong>eis</strong></span> <span class='ocrx_word' id='word_1_155' title='bbox 1014 2079 1359 2135; x_wconf 89' lang='lat' dir='ltr'><strong>credentibus</strong></span> <span class='ocrx_word' id='word_1_156' title='bbox 1386 2081 1634 2153; x_wconf 87' lang='lat' dir='ltr'><strong>iniquitas</strong></span> <span class='ocrx_word' id='word_1_157' title='bbox 1662 2098 1846 2137; x_wconf 90' lang='lat' dir='ltr'><strong>eorum</strong></span> <span class='ocrx_word' id='word_1_158' title='bbox 1889 2083 1975 2139; x_wconf 91' lang='lat' dir='ltr'><strong>iu-</strong></span> 
     </span>
    </p>
   </div>
   <div class='ocr_carea' id='block_1_21' title="bbox 398 2168 1979 2248">
    <p class='ocr_par' dir='ltr' id='par_1_21' title="bbox 398 2168 1979 2248">
     <span class='ocr_line' id='line_1_21' title="bbox 398 2168 1979 2248; baseline 0.007 -26"><span class='ocrx_word' id='word_1_159' title='bbox 398 2168 689 2236; x_wconf 87' lang='lat' dir='ltr'><strong>terimitur,</strong></span> <span class='ocrx_word' id='word_1_160' title='bbox 721 2172 834 2227; x_wconf 91' lang='lat' dir='ltr'><strong>sive</strong></span> <span class='ocrx_word' id='word_1_161' title='bbox 855 2172 907 2226; x_wconf 95' lang='lat' dir='ltr'><strong>in</strong></span> <span class='ocrx_word' id='word_1_162' title='bbox 934 2172 1267 2245; x_wconf 80' lang='lat' dir='ltr'><strong>malignitate</strong></span> <span class='ocrx_word' id='word_1_163' title='bbox 1292 2177 1752 2244; x_wconf 80' lang='lat' dir='ltr'><strong>perseverantibus</strong></span> <span class='ocrx_word' id='word_1_164' title='bbox 1779 2178 1979 2248; x_wconf 88' lang='lat' dir='ltr'><strong>suppli-</strong></span> 
     </span>
    </p>
   </div>
   <div class='ocr_carea' id='block_1_22' title="bbox 397 2258 1977 2338">
    <p class='ocr_par' dir='ltr' id='par_1_22' title="bbox 397 2258 1977 2338">
     <span class='ocr_line' id='line_1_22' title="bbox 397 2258 1977 2338; baseline 0.007 -24"><span class='ocrx_word' id='word_1_165' title='bbox 397 2258 539 2314; x_wconf 76' lang='lat' dir='ltr'><strong>cium</strong></span> <span class='ocrx_word' id='word_1_166' title='bbox 567 2262 914 2316; x_wconf 88' lang='lat' dir='ltr'><strong>novissimum</strong></span> <span class='ocrx_word' id='word_1_167' title='bbox 946 2263 1209 2327; x_wconf 90' lang='lat' dir='ltr'><strong>redditur,</strong></span> <span class='ocrx_word' id='word_1_168' title='bbox 1232 2265 1351 2322; x_wconf 88' lang='lat' dir='ltr'><strong>sine</strong></span> <span class='ocrx_word' id='word_1_169' title='bbox 1375 2267 1627 2337; x_wconf 88' lang='lat' dir='ltr'><strong>scrupulo</strong></span> <span class='ocrx_word' id='word_1_170' title='bbox 1662 2270 1977 2338; x_wconf 75' lang='lat' dir='ltr'><strong>quaestionis</strong></span> 
     </span>
    </p>
   </div>
   <div class='ocr_carea' id='block_1_23' title="bbox 397 2349 1978 2421">
    <p class='ocr_par' dir='ltr' id='par_1_23' title="bbox 397 2349 1978 2421">
     <span class='ocr_line' id='line_1_23' title="bbox 397 2349 1978 2421; baseline 0.006 -18"><span class='ocrx_word' id='word_1_171' title='bbox 397 2349 709 2421; x_wconf 79' lang='lat' dir='ltr'><strong>intelligitur</strong></span> <span class='ocrx_word' id='word_1_172' title='bbox 736 2352 957 2421; x_wconf 90' lang='lat' dir='ltr'><strong>dictum,</strong></span> <span class='ocrx_word' id='word_1_173' title='bbox 991 2353 1282 2411; x_wconf 85' lang='lat' dir='ltr'><strong>Innotescat</strong></span> <span class='ocrx_word' id='word_1_174' title='bbox 1301 2366 1421 2411; x_wconf 86' lang='lat' dir='ltr'><strong>ante</strong></span> <span class='ocrx_word' id='word_1_175' title='bbox 1447 2360 1623 2412; x_wconf 82' lang='lat' dir='ltr'><strong>oculos</strong></span> <span class='ocrx_word' id='word_1_176' title='bbox 1647 2370 1843 2414; x_wconf 85' lang='lat' dir='ltr'><strong>nostros</strong></span> <span class='ocrx_word' id='word_1_177' title='bbox 1869 2360 1978 2413; x_wconf 85' lang='lat' dir='ltr'><strong>vin-</strong></span> 
     </span>
    </p>
   </div>
   <div class='ocr_carea' id='block_1_24' title="bbox 396 2440 938 2498">
    <p class='ocr_par' dir='ltr' id='par_1_24' title="bbox 396 2440 938 2498">
     <span class='ocr_line' id='line_1_24' title="bbox 396 2440 938 2498; baseline 0.006 -3"><span class='ocrx_word' id='word_1_178' title='bbox 396 2440 535 2495; x_wconf 83' lang='lat' dir='ltr'><strong>dicta</strong></span> <span class='ocrx_word' id='word_1_179' title='bbox 559 2442 610 2496; x_wconf 89' lang='lat' dir='ltr'><strong>in</strong></span> <span class='ocrx_word' id='word_1_180' title='bbox 636 2442 938 2498; x_wconf 84' lang='lat' dir='ltr'><strong>nationibus.</strong></span> 
     </span>
    </p>
   </div>
   <div class='ocr_carea' id='block_1_25' title="bbox 468 2533 1974 2609">
    <p class='ocr_par' dir='ltr' id='par_1_25' title="bbox 468 2533 1974 2609">
     <span class='ocr_line' id='line_1_25' title="bbox 468 2533 1974 2609; baseline 0.003 -20"><span class='ocrx_word' id='word_1_181' title='bbox 468 2533 555 2589; x_wconf 73' lang='grc'><strong>14.</strong></span> <span class='ocrx_word' id='word_1_182' title='bbox 597 2534 661 2589; x_wconf 87' lang='grc' dir='ltr'><strong>Εῑ</strong></span> <span class='ocrx_word' id='word_1_183' title='bbox 688 2534 801 2589; x_wconf 72' lang='lat' dir='ltr'><strong>hinc</strong></span> <span class='ocrx_word' id='word_1_184' title='bbox 828 2534 1066 2605; x_wconf 88' lang='lat' dir='ltr'><strong>quidem,</strong></span> <span class='ocrx_word' id='word_1_185' title='bbox 1108 2545 1166 2592; x_wconf 91' lang='lat' dir='ltr'><strong>ut</strong></span> <span class='ocrx_word' id='word_1_186' title='bbox 1210 2537 1462 2603; x_wconf 76' lang='lat' dir='ltr'><strong>diximus,</strong></span> <span class='ocrx_word' id='word_1_187' title='bbox 1507 2538 1843 2609; x_wconf 71' lang='lat' dir='ltr'><strong>pPOjlilCL’tliO</strong></span> <span class='ocrx_word' id='word_1_188' title='bbox 1869 2549 1974 2606; x_wconf 89' lang='lat' dir='ltr'><strong>est,</strong></span> 
     </span>
    </p>
   </div>
   <div class='ocr_carea' id='block_1_26' title="bbox 394 2625 1977 2700">
    <p class='ocr_par' dir='ltr' id='par_1_26' title="bbox 394 2625 1977 2700">
     <span class='ocr_line' id='line_1_26' title="bbox 394 2625 1977 2700; baseline 0.003 -18"><span class='ocrx_word' id='word_1_189' title='bbox 394 2640 501 2682; x_wconf 87' lang='lat' dir='ltr'><strong>non</strong></span> <span class='ocrx_word' id='word_1_190' title='bbox 543 2625 745 2696; x_wconf 88' lang='lat' dir='ltr'><strong>optatio</strong></span> <span class='ocrx_word' id='word_1_191' title='bbox 779 2643 792 2680; x_wconf 93' lang='lat'><strong>:</strong></span> <span class='ocrx_word' id='word_1_192' title='bbox 821 2626 915 2682; x_wconf 91' lang='lat' dir='ltr'><strong>sed</strong></span> <span class='ocrx_word' id='word_1_193' title='bbox 940 2636 1160 2699; x_wconf 88' lang='lat' dir='ltr'><strong>propter</strong></span> <span class='ocrx_word' id='word_1_194' title='bbox 1196 2629 1323 2684; x_wconf 89' lang='lat' dir='ltr'><strong>illud</strong></span> <span class='ocrx_word' id='word_1_195' title='bbox 1359 2630 1502 2700; x_wconf 90' lang='lat' dir='ltr'><strong>quod</strong></span> <span class='ocrx_word' id='word_1_196' title='bbox 1529 2632 1786 2700; x_wconf 87' lang='lat' dir='ltr'><strong>scriptum</strong></span> <span class='ocrx_word' id='word_1_197' title='bbox 1817 2641 1898 2687; x_wconf 90' lang='lat' dir='ltr'><strong>est</strong></span> <span class='ocrx_word' id='word_1_198' title='bbox 1924 2633 1977 2687; x_wconf 91' lang='lat' dir='ltr'><strong>in</strong></span> 
     </span>
    </p>
   </div>
   <div class='ocr_carea' id='block_1_27' title="bbox 393 2716 1977 2794">
    <p class='ocr_par' dir='ltr' id='par_1_27' title="bbox 393 2716 1977 2794">
     <span class='ocr_line' id='line_1_27' title="bbox 393 2716 1977 2794; baseline 0.008 -25"><span class='ocrx_word' id='word_1_199' title='bbox 393 2716 736 2791; x_wconf 76' lang='lat' dir='ltr'><strong>Apocalypsi,</strong></span> <span class='ocrx_word' id='word_1_200' title='bbox 767 2718 867 2774; x_wconf 88' lang='lat' dir='ltr'><strong>sub</strong></span> <span class='ocrx_word' id='word_1_201' title='bbox 894 2734 984 2774; x_wconf 87' lang='lat' dir='ltr'><strong>ara</strong></span> <span class='ocrx_word' id='word_1_202' title='bbox 1016 2720 1109 2776; x_wconf 88' lang='lat' dir='ltr'><strong>Dei</strong></span> <span class='ocrx_word' id='word_1_203' title='bbox 1137 2730 1402 2794; x_wconf 86' lang='lat' dir='ltr'><strong>martyres</strong></span> <span class='ocrx_word' id='word_1_204' title='bbox 1441 2721 1507 2777; x_wconf 90' lang='lat' dir='ltr'><strong>ad</strong></span> <span class='ocrx_word' id='word_1_205' title='bbox 1547 2722 1712 2777; x_wconf 89' lang='lat' dir='ltr'><strong>Deum</strong></span> <span class='ocrx_word' id='word_1_206' title='bbox 1743 2725 1977 2781; x_wconf 87' lang='lat' dir='ltr'><strong>clamare</strong></span> 
     </span>
    </p>
   </div>
   <div class='ocr_carea' id='block_1_28' title="bbox 393 2807 1976 2889">
    <p class='ocr_par' dir='ltr' id='par_1_28' title="bbox 393 2807 1976 2889">
     <span class='ocr_line' id='line_1_28' title="bbox 393 2807 1976 2889; baseline 0.007 -28"><span class='ocrx_word' id='word_1_207' title='bbox 393 2816 446 2861; x_wconf 91' lang='lat' dir='ltr'><strong>et</strong></span> <span class='ocrx_word' id='word_1_208' title='bbox 473 2807 671 2872; x_wconf 84' lang='lat' dir='ltr'><strong>dicere,</strong></span> <span class='ocrx_word' id='word_1_209' title='bbox 698 2810 984 2882; x_wconf 81' lang='lat' dir='ltr'><strong>Quousque,</strong></span> <span class='ocrx_word' id='word_1_210' title='bbox 1010 2811 1246 2878; x_wconf 81' lang='lat' dir='ltr'><strong>Domine,</strong></span> <span class='ocrx_word' id='word_1_211' title='bbox 1275 2831 1377 2869; x_wconf 87' lang='lat' dir='ltr'><strong>non</strong></span> <span class='ocrx_word' id='word_1_212' title='bbox 1397 2816 1412 2848; x_wconf 87' lang='grc'>¹</span> <span class='ocrx_word' id='word_1_213' title='bbox 1435 2816 1658 2871; x_wconf 78' lang='lat' dir='ltr'><strong>vindicas</strong></span> <span class='ocrx_word' id='word_1_214' title='bbox 1680 2819 1976 2889; x_wconf 82' lang='lat' dir='ltr'><strong>sanguinem</strong></span> 
     </span>
    </p>
   </div>
   <div class='ocr_carea' id='block_1_29' title="bbox 392 2898 1974 2979">
    <p class='ocr_par' dir='ltr' id='par_1_29' title="bbox 392 2898 1974 2979">
     <span class='ocr_line' id='line_1_29' title="bbox 392 2898 1974 2979; baseline 0.008 -28"><span class='ocrx_word' id='word_1_215' title='bbox 392 2908 621 2953; x_wconf 81' lang='lat' dir='ltr'><strong>nostrum</strong></span> <span class='ocrx_word' id='word_1_216' title='bbox 648 2898 670 2974; x_wconf 94' lang='lat'><strong>(</strong></span> <span class='ocrx_word' id='word_1_217' title='bbox 690 2901 847 2970; x_wconf 77' lang='lat' dir='ltr'><strong>Apoc.</strong></span> <span class='ocrx_word' id='word_1_218' title='bbox 893 2919 983 2968; x_wconf 76' lang='lat' dir='ltr'><strong>vr,</strong></span> <span class='ocrx_word' id='word_1_219' title='bbox 1016 2904 1083 2970; x_wconf 91' lang='lat'><strong>9,</strong></span> <span class='ocrx_word' id='word_1_220' title='bbox 1121 2906 1263 2977; x_wconf 86' lang='lat' dir='ltr'><strong>IO)?</strong></span> <span class='ocrx_word' id='word_1_221' title='bbox 1289 2922 1393 2962; x_wconf 91' lang='lat' dir='ltr'><strong>non</strong></span> <span class='ocrx_word' id='word_1_222' title='bbox 1435 2917 1517 2965; x_wconf 88' lang='lat' dir='ltr'><strong>est</strong></span> <span class='ocrx_word' id='word_1_223' title='bbox 1546 2910 1974 2979; x_wconf 71' lang='lat' dir='ltr'><strong>prmtereundiim</strong></span> 
     </span>
    </p>
   </div>
   <div class='ocr_carea' id='block_1_30' title="bbox 392 2991 1973 3070">
    <p class='ocr_par' dir='ltr' id='par_1_30' title="bbox 392 2991 1973 3070">
     <span class='ocr_line' id='line_1_30' title="bbox 392 2991 1973 3070; baseline 0.008 -27"><span class='ocrx_word' id='word_1_224' title='bbox 392 2991 840 3058; x_wconf 86' lang='lat' dir='ltr'><strong>quemadmodum</strong></span> <span class='ocrx_word' id='word_1_225' title='bbox 888 2995 1056 3065; x_wconf 88' lang='lat' dir='ltr'><strong>accipi</strong></span> <span class='ocrx_word' id='word_1_226' title='bbox 1091 3007 1371 3067; x_wconf 84' lang='lat' dir='ltr'><strong>Oporieat;</strong></span> <span class='ocrx_word' id='word_1_227' title='bbox 1406 3015 1474 3055; x_wconf 91' lang='lat' dir='ltr'><strong>ne</strong></span> <span class='ocrx_word' id='word_1_228' title='bbox 1511 3011 1731 3070; x_wconf 88' lang='lat' dir='ltr'><strong>propter</strong></span> <span class='ocrx_word' id='word_1_229' title='bbox 1758 2994 1973 3057; x_wconf 53' lang='lat' dir='ltr'><strong>exsatiiQ</strong></span> 
     </span>
    </p>
   </div>
   <div class='ocr_carea' id='block_1_31' title="bbox 394 3082 1972 3159">
    <p class='ocr_par' dir='ltr' id='par_1_31' title="bbox 394 3082 1972 3159">
     <span class='ocr_line' id='line_1_31' title="bbox 394 3082 1972 3159; baseline 0.008 -26"><span class='ocrx_word' id='word_1_230' title='bbox 394 3082 617 3137; x_wconf 87' lang='lat' dir='ltr'><strong>randum</strong></span> <span class='ocrx_word' id='word_1_231' title='bbox 637 3083 817 3139; x_wconf 92' lang='lat' dir='ltr'><strong>odium</strong></span> <span class='ocrx_word' id='word_1_232' title='bbox 844 3086 1131 3142; x_wconf 91' lang='lat' dir='ltr'><strong>credantur</strong></span> <span class='ocrx_word' id='word_1_233' title='bbox 1150 3090 1321 3144; x_wconf 88' lang='lat' dir='ltr'><strong>sancti</strong></span> <span class='ocrx_word' id='word_1_234' title='bbox 1350 3089 1654 3147; x_wconf 87' lang='lat' dir='ltr'><strong>desiderare</strong></span> <span class='ocrx_word' id='word_1_235' title='bbox 1667 3092 1972 3159; x_wconf 84' lang='lat' dir='ltr'><strong>vindictam,</strong></span> 
     </span>
    </p>
   </div>
   <div class='ocr_carea' id='block_1_32' title="bbox 394 3173 1972 3255">
    <p class='ocr_par' dir='ltr' id='par_1_32' title="bbox 394 3173 1972 3255">
     <span class='ocr_line' id='line_1_32' title="bbox 394 3173 1972 3255; baseline 0.008 -29"><span class='ocrx_word' id='word_1_236' title='bbox 394 3173 536 3241; x_wconf 91' lang='lat' dir='ltr'><strong>quod</strong></span> <span class='ocrx_word' id='word_1_237' title='bbox 587 3175 656 3230; x_wconf 89' lang='lat' dir='ltr'><strong>ab</strong></span> <span class='ocrx_word' id='word_1_238' title='bbox 691 3190 877 3232; x_wconf 92' lang='lat' dir='ltr'><strong>eorum</strong></span> <span class='ocrx_word' id='word_1_239' title='bbox 924 3178 1248 3248; x_wconf 81' lang='lat' dir='ltr'><strong>perfectione</strong></span> <span class='ocrx_word' id='word_1_240' title='bbox 1294 3182 1450 3255; x_wconf 87' lang='lat' dir='ltr'><strong>longe</strong></span> <span class='ocrx_word' id='word_1_241' title='bbox 1493 3184 1667 3239; x_wconf 89' lang='lat' dir='ltr'><strong>abest.</strong></span> <span class='ocrx_word' id='word_1_242' title='bbox 1700 3185 1768 3240; x_wconf 85' lang='lat' dir='ltr'><strong>Et</strong></span> <span class='ocrx_word' id='word_1_243' title='bbox 1796 3194 1972 3240; x_wconf 90' lang='lat' dir='ltr'><strong>tamen</strong></span> 
     </span>
    </p>
   </div>
   <div class='ocr_carea' id='block_1_33' title="bbox 393 3262 1970 3342">
    <p class='ocr_par' dir='ltr' id='par_1_33' title="bbox 393 3262 1970 3342">
     <span class='ocr_line' id='line_1_33' title="bbox 393 3262 1970 3342; baseline 0.009 -25"><span class='ocrx_word' id='word_1_244' title='bbox 393 3262 647 3334; x_wconf 82' lang='lat' dir='ltr'><strong>scriptum</strong></span> <span class='ocrx_word' id='word_1_245' title='bbox 678 3275 778 3334; x_wconf 89' lang='lat' dir='ltr'><strong>est,</strong></span> <span class='ocrx_word' id='word_1_246' title='bbox 812 3287 831 3321; x_wconf 80' lang='lat' dir='ltr'><strong>i</strong></span> <span class='ocrx_word' id='word_1_247' title='bbox 860 3268 1150 3326; x_wconf 76' lang='lat' dir='ltr'><strong>Lzetabitur</strong></span> <span class='ocrx_word' id='word_1_248' title='bbox 1184 3271 1381 3342; x_wconf 89' lang='lat' dir='ltr'><strong>justus,</strong></span> <span class='ocrx_word' id='word_1_249' title='bbox 1413 3288 1535 3328; x_wconf 89' lang='lat' dir='ltr'><strong>cum</strong></span> <span class='ocrx_word' id='word_1_250' title='bbox 1561 3275 1753 3330; x_wconf 90' lang='lat' dir='ltr'><strong>viderit</strong></span> <span class='ocrx_word' id='word_1_251' title='bbox 1798 3275 1970 3330; x_wconf 84' lang='lat' dir='ltr'><strong>vindi-</strong></span> 
     </span>
    </p>
   </div>
   <div class='ocr_carea' id='block_1_34' title="bbox 393 3357 1970 3442">
    <p class='ocr_par' dir='ltr' id='par_1_34' title="bbox 393 3357 1970 3442">
     <span class='ocr_line' id='line_1_34' title="bbox 393 3357 1970 3442; baseline 0.011 -34"><span class='ocrx_word' id='word_1_252' title='bbox 393 3364 533 3410; x_wconf 88' lang='lat' dir='ltr'><strong>ctam</strong></span> <span class='ocrx_word' id='word_1_253' title='bbox 560 3357 843 3429; x_wconf 89' lang='lat' dir='ltr'><strong>impiorum</strong></span> <span class='ocrx_word' id='word_1_254' title='bbox 861 3377 892 3442; x_wconf 64' lang='grc' dir='ltr'><strong>ς⁴</strong></span> <span class='ocrx_word' id='word_1_255' title='bbox 910 3377 1098 3417; x_wconf 90' lang='lat' dir='ltr'><strong>manus</strong></span> <span class='ocrx_word' id='word_1_256' title='bbox 1123 3378 1246 3419; x_wconf 90' lang='lat' dir='ltr'><strong>suas</strong></span> <span class='ocrx_word' id='word_1_257' title='bbox 1268 3365 1462 3421; x_wconf 84' lang='lat' dir='ltr'><strong>lavabit</strong></span> <span class='ocrx_word' id='word_1_258' title='bbox 1488 3368 1538 3421; x_wconf 91' lang='lat' dir='ltr'><strong>in</strong></span> <span class='ocrx_word' id='word_1_259' title='bbox 1569 3369 1825 3437; x_wconf 79' lang='lat' dir='ltr'><strong>sanguine</strong></span> <span class='ocrx_word' id='word_1_260' title='bbox 1840 3384 1970 3439; x_wconf 89' lang='lat' dir='ltr'><strong>pec-</strong></span> 
     </span>
    </p>
   </div>
   <div class='ocr_carea' id='block_1_35' title="bbox 392 3449 1971 3528">
    <p class='ocr_par' dir='ltr' id='par_1_35' title="bbox 392 3449 1971 3528">
     <span class='ocr_line' id='line_1_35' title="bbox 392 3449 1971 3528; baseline 0.01 -27"><span class='ocrx_word' id='word_1_261' title='bbox 392 3449 590 3504; x_wconf 89' lang='lat' dir='ltr'><strong>catoris</strong></span> <span class='ocrx_word' id='word_1_262' title='bbox 622 3467 640 3501; x_wconf 79' lang='grc'><strong>1</strong></span> <span class='ocrx_word' id='word_1_263' title='bbox 674 3450 694 3520; x_wconf 89' lang='grc'>(</span> <span class='ocrx_word' id='word_1_264' title='bbox 714 3449 859 3507; x_wconf 81' lang='lat' dir='ltr'><strong>Psal.</strong></span> <span class='ocrx_word' id='word_1_265' title='bbox 893 3470 1018 3520; x_wconf 77' lang='lat' dir='ltr'><strong>Lvii,</strong></span> <span class='ocrx_word' id='word_1_266' title='bbox 1050 3456 1107 3510; x_wconf 78' lang='lat' dir='ltr'><strong>il</strong></span> <span class='ocrx_word' id='word_1_267' title='bbox 1138 3455 1156 3517; x_wconf 76' lang='grc'><strong>1</strong></span> <span class='ocrx_word' id='word_1_268' title='bbox 1206 3474 1219 3509; x_wconf 91' lang='lat'><strong>:</strong></span> <span class='ocrx_word' id='word_1_269' title='bbox 1267 3468 1320 3512; x_wconf 93' lang='lat' dir='ltr'><strong>et</strong></span> <span class='ocrx_word' id='word_1_270' title='bbox 1348 3460 1639 3528; x_wconf 82' lang='lat' dir='ltr'><strong>Apostolus</strong></span> <span class='ocrx_word' id='word_1_271' title='bbox 1675 3460 1765 3526; x_wconf 91' lang='lat' dir='ltr'><strong>ait,</strong></span> <span class='ocrx_word' id='word_1_272' title='bbox 1800 3478 1819 3513; x_wconf 83' lang='lat' dir='ltr'><strong>i</strong></span> <span class='ocrx_word' id='word_1_273' title='bbox 1854 3460 1971 3517; x_wconf 87' lang='lat' dir='ltr'><strong>Non</strong></span> 
     </span>
    </p>
   </div>
   <div class='ocr_carea' id='block_1_36' title="bbox 390 3539 1970 3619">
    <p class='ocr_par' dir='ltr' id='par_1_36' title="bbox 390 3539 1970 3619">
     <span class='ocr_line' id='line_1_36' title="bbox 390 3539 1970 3619; baseline 0.009 -28"><span class='ocrx_word' id='word_1_274' title='bbox 390 3553 487 3595; x_wconf 87' lang='lat' dir='ltr'><strong>vos</strong></span> <span class='ocrx_word' id='word_1_275' title='bbox 508 3539 650 3606; x_wconf 90' lang='lat' dir='ltr'><strong>ipsos</strong></span> <span class='ocrx_word' id='word_1_276' title='bbox 678 3542 1025 3610; x_wconf 88' lang='lat' dir='ltr'><strong>vindicantes,</strong></span> <span class='ocrx_word' id='word_1_277' title='bbox 1049 3546 1367 3614; x_wconf 87' lang='lat' dir='ltr'><strong>cliarissimi,</strong></span> <span class='ocrx_word' id='word_1_278' title='bbox 1392 3549 1487 3605; x_wconf 85' lang='lat' dir='ltr'><strong>sed</strong></span> <span class='ocrx_word' id='word_1_279' title='bbox 1512 3550 1633 3605; x_wconf 87' lang='lat' dir='ltr'><strong>date</strong></span> <span class='ocrx_word' id='word_1_280' title='bbox 1654 3552 1826 3605; x_wconf 89' lang='lat' dir='ltr'><strong>locum</strong></span> <span class='ocrx_word' id='word_1_281' title='bbox 1857 3552 1970 3619; x_wconf 73' lang='lat' dir='ltr'><strong>irae;</strong></span> 
     </span>
    </p>
   </div>
   <div class='ocr_carea' id='block_1_37' title="bbox 391 3630 1970 3709">
    <p class='ocr_par' dir='ltr' id='par_1_37' title="bbox 391 3630 1970 3709">
     <span class='ocr_line' id='line_1_37' title="bbox 391 3630 1970 3709; baseline 0.008 -26"><span class='ocrx_word' id='word_1_282' title='bbox 391 3630 648 3700; x_wconf 85' lang='lat' dir='ltr'><strong>scriptum</strong></span> <span class='ocrx_word' id='word_1_283' title='bbox 670 3641 752 3686; x_wconf 88' lang='lat' dir='ltr'><strong>est</strong></span> <span class='ocrx_word' id='word_1_284' title='bbox 771 3635 936 3701; x_wconf 88' lang='lat' dir='ltr'><strong>enim,</strong></span> <span class='ocrx_word' id='word_1_285' title='bbox 970 3636 1093 3689; x_wconf 84' lang='lat' dir='ltr'><strong>Mihi</strong></span> <span class='ocrx_word' id='word_1_286' title='bbox 1125 3639 1435 3703; x_wconf 86' lang='lat' dir='ltr'><strong>vindictam,</strong></span> <span class='ocrx_word' id='word_1_287' title='bbox 1455 3649 1509 3694; x_wconf 88' lang='lat' dir='ltr'><strong>et</strong></span> <span class='ocrx_word' id='word_1_288' title='bbox 1534 3656 1633 3709; x_wconf 76' lang='lat' dir='ltr'><strong>ego</strong></span> <span class='ocrx_word' id='word_1_289' title='bbox 1659 3642 1970 3709; x_wconf 87' lang='lat' dir='ltr'><strong>retribuam,</strong></span> 
     </span>
    </p>
   </div>
   <div class='ocr_carea' id='block_1_38' title="bbox 393 3719 1975 3800">
    <p class='ocr_par' dir='ltr' id='par_1_38' title="bbox 393 3719 1975 3800">
     <span class='ocr_line' id='line_1_38' title="bbox 393 3719 1975 3800; baseline 0.008 -27"><span class='ocrx_word' id='word_1_290' title='bbox 393 3719 522 3774; x_wconf 91' lang='lat' dir='ltr'><strong>dicit</strong></span> <span class='ocrx_word' id='word_1_291' title='bbox 551 3721 805 3777; x_wconf 84' lang='lat' dir='ltr'><strong>Dominus</strong></span> <span class='ocrx_word' id='word_1_292' title='bbox 844 3743 862 3776; x_wconf 82' lang='grc'><strong>1</strong></span> <span class='ocrx_word' id='word_1_293' title='bbox 899 3723 1074 3794; x_wconf 86' lang='lat' dir='ltr'><strong>(Rom.</strong></span> <span class='ocrx_word' id='word_1_294' title='bbox 1103 3743 1201 3791; x_wconf 81' lang='lat' dir='ltr'><strong>xu,</strong></span> <span class='ocrx_word' id='word_1_295' title='bbox 1226 3727 1335 3798; x_wconf 79' lang='grc'><strong>19).</strong></span> <span class='ocrx_word' id='word_1_296' title='bbox 1364 3727 1473 3783; x_wconf 84' lang='lat' dir='ltr'><strong>Nec</strong></span> <span class='ocrx_word' id='word_1_297' title='bbox 1503 3730 1615 3800; x_wconf 79' lang='lat' dir='ltr'><strong>ipse</strong></span> <span class='ocrx_word' id='word_1_298' title='bbox 1645 3731 1819 3800; x_wconf 88' lang='lat' dir='ltr'><strong>itaque</strong></span> <span class='ocrx_word' id='word_1_299' title='bbox 1848 3746 1975 3799; x_wconf 64' lang='lat' dir='ltr'><strong>prte-</strong></span> 
     </span>
    </p>
   </div>
   <div class='ocr_carea' id='block_1_39' title="bbox 393 3811 1973 3888">
    <p class='ocr_par' dir='ltr' id='par_1_39' title="bbox 393 3811 1973 3888">
     <span class='ocr_line' id='line_1_39' title="bbox 393 3811 1973 3888; baseline 0.007 -23"><span class='ocrx_word' id='word_1_300' title='bbox 393 3811 521 3882; x_wconf 87' lang='lat' dir='ltr'><strong>cipit</strong></span> <span class='ocrx_word' id='word_1_301' title='bbox 549 3822 604 3867; x_wconf 91' lang='lat' dir='ltr'><strong>ut</strong></span> <span class='ocrx_word' id='word_1_302' title='bbox 633 3814 801 3869; x_wconf 90' lang='lat' dir='ltr'><strong>nolint</strong></span> <span class='ocrx_word' id='word_1_303' title='bbox 820 3815 1094 3881; x_wconf 87' lang='lat' dir='ltr'><strong>vindicari,</strong></span> <span class='ocrx_word' id='word_1_304' title='bbox 1127 3817 1219 3872; x_wconf 90' lang='lat' dir='ltr'><strong>sed</strong></span> <span class='ocrx_word' id='word_1_305' title='bbox 1247 3827 1301 3870; x_wconf 92' lang='lat' dir='ltr'><strong>ut</strong></span> <span class='ocrx_word' id='word_1_306' title='bbox 1329 3832 1433 3872; x_wconf 92' lang='lat' dir='ltr'><strong>non</strong></span> <span class='ocrx_word' id='word_1_307' title='bbox 1478 3833 1536 3873; x_wconf 90' lang='lat' dir='ltr'><strong>se</strong></span> <span class='ocrx_word' id='word_1_308' title='bbox 1565 3819 1662 3888; x_wconf 90' lang='lat' dir='ltr'><strong>ipsi</strong></span> <span class='ocrx_word' id='word_1_309' title='bbox 1696 3820 1973 3876; x_wconf 90' lang='lat' dir='ltr'><strong>vindican-</strong></span> 
     </span>
    </p>
   </div>
   <div class='ocr_carea' id='block_1_40' title="bbox 396 3903 1977 3978">
    <p class='ocr_par' dir='ltr' id='par_1_40' title="bbox 396 3903 1977 3978">
     <span class='ocr_line' id='line_1_40' title="bbox 396 3903 1977 3978; baseline 0.004 -20"><span class='ocrx_word' id='word_1_310' title='bbox 396 3910 475 3959; x_wconf 84' lang='lat' dir='ltr'><strong>tes</strong></span> <span class='ocrx_word' id='word_1_311' title='bbox 504 3903 631 3959; x_wconf 86' lang='lat' dir='ltr'><strong>dent</strong></span> <span class='ocrx_word' id='word_1_312' title='bbox 657 3904 824 3958; x_wconf 88' lang='lat' dir='ltr'><strong>locum</strong></span> <span class='ocrx_word' id='word_1_313' title='bbox 850 3906 942 3960; x_wconf 74' lang='lat' dir='ltr'><strong>ira:</strong></span> <span class='ocrx_word' id='word_1_314' title='bbox 984 3907 1076 3962; x_wconf 92' lang='lat' dir='ltr'><strong>Dei</strong></span> <span class='ocrx_word' id='word_1_315' title='bbox 1120 3908 1208 3976; x_wconf 87' lang='lat' dir='ltr'><strong>qui</strong></span> <span class='ocrx_word' id='word_1_316' title='bbox 1253 3908 1411 3976; x_wconf 79' lang='lat' dir='ltr'><strong>dixit,</strong></span> <span class='ocrx_word' id='word_1_317' title='bbox 1457 3908 1590 3963; x_wconf 79' lang='lat' dir='ltr'><strong>Mihi</strong></span> <span class='ocrx_word' id='word_1_318' title='bbox 1614 3910 1904 3978; x_wconf 84' lang='lat' dir='ltr'><strong>vindictam,</strong></span> <span class='ocrx_word' id='word_1_319' title='bbox 1929 3921 1977 3965; x_wconf 83' lang='lat' dir='ltr'><strong>et</strong></span> 
     </span>
    </p>
   </div>
   <div class='ocr_carea' id='block_1_41' title="bbox 393 3995 1975 4072">
    <p class='ocr_par' dir='ltr' id='par_1_41' title="bbox 393 3995 1975 4072">
     <span class='ocr_line' id='line_1_41' title="bbox 393 3995 1975 4072; baseline 0.008 -26"><span class='ocrx_word' id='word_1_320' title='bbox 393 4008 485 4065; x_wconf 85' lang='lat' dir='ltr'><strong>ego</strong></span> <span class='ocrx_word' id='word_1_321' title='bbox 513 3995 806 4049; x_wconf 85' lang='lat' dir='ltr'><strong>retribuam.</strong></span> <span class='ocrx_word' id='word_1_322' title='bbox 836 3997 902 4050; x_wconf 86' lang='lat' dir='ltr'><strong>Et</strong></span> <span class='ocrx_word' id='word_1_323' title='bbox 932 3997 1194 4052; x_wconf 85' lang='lat' dir='ltr'><strong>Dominus</strong></span> <span class='ocrx_word' id='word_1_324' title='bbox 1224 3998 1275 4053; x_wconf 91' lang='lat' dir='ltr'><strong>in</strong></span> <span class='ocrx_word' id='word_1_325' title='bbox 1300 3998 1588 4069; x_wconf 82' lang='lat' dir='ltr'><strong>Evangelia</strong></span> <span class='ocrx_word' id='word_1_326' title='bbox 1616 4000 1823 4056; x_wconf 87' lang='lat' dir='ltr'><strong>viduam</strong></span> <span class='ocrx_word' id='word_1_327' title='bbox 1854 4017 1975 4072; x_wconf 88' lang='lat' dir='ltr'><strong>pro-</strong></span> 
     </span>
    </p>
   </div>
   <div class='ocr_carea' id='block_1_42' title="bbox 396 4086 1973 4164">
    <p class='ocr_par' dir='ltr' id='par_1_42' title="bbox 396 4086 1973 4164">
     <span class='ocr_line' id='line_1_42' title="bbox 396 4086 1973 4164; baseline 0.006 -26"><span class='ocrx_word' id='word_1_328' title='bbox 396 4086 547 4153; x_wconf 90' lang='lat' dir='ltr'><strong>ponit</strong></span> <span class='ocrx_word' id='word_1_329' title='bbox 566 4086 618 4140; x_wconf 93' lang='lat' dir='ltr'><strong>in</strong></span> <span class='ocrx_word' id='word_1_330' title='bbox 646 4087 1067 4156; x_wconf 87' lang='lat' dir='ltr'><strong>similitudinem,</strong></span> <span class='ocrx_word' id='word_1_331' title='bbox 1092 4104 1210 4159; x_wconf 72' lang='lat' dir='ltr'><strong>qua:</strong></span> <span class='ocrx_word' id='word_1_332' title='bbox 1239 4090 1494 4146; x_wconf 87' lang='lat' dir='ltr'><strong>vindicari</strong></span> <span class='ocrx_word' id='word_1_333' title='bbox 1525 4091 1857 4158; x_wconf 87' lang='lat' dir='ltr'><strong>desiderans,</strong></span> <span class='ocrx_word' id='word_1_334' title='bbox 1885 4095 1973 4164; x_wconf 86' lang='lat' dir='ltr'><strong>ju—</strong></span> 
     </span>
    </p>
   </div>
   <div class='ocr_carea' id='block_1_43' title="bbox 395 4180 1975 4255">
    <p class='ocr_par' dir='ltr' id='par_1_43' title="bbox 395 4180 1975 4255">
     <span class='ocr_line' id='line_1_43' title="bbox 395 4180 1975 4255; baseline 0.003 -20"><span class='ocrx_word' id='word_1_335' title='bbox 395 4180 565 4235; x_wconf 90' lang='lat' dir='ltr'><strong>dicem</strong></span> <span class='ocrx_word' id='word_1_336' title='bbox 610 4180 980 4250; x_wconf 87' lang='lat' dir='ltr'><strong>interpellabat</strong></span> <span class='ocrx_word' id='word_1_337' title='bbox 1027 4181 1279 4251; x_wconf 80' lang='lat' dir='ltr'><strong>injustam</strong></span> <span class='ocrx_word' id='word_1_338' title='bbox 1304 4223 1319 4247; x_wconf 89' lang='lat'><strong>,</strong></span> <span class='ocrx_word' id='word_1_339' title='bbox 1344 4184 1433 4255; x_wconf 88' lang='lat' dir='ltr'><strong>qui</strong></span> <span class='ocrx_word' id='word_1_340' title='bbox 1481 4196 1597 4238; x_wconf 87' lang='lat' dir='ltr'><strong>eain</strong></span> <span class='ocrx_word' id='word_1_341' title='bbox 1635 4186 1845 4240; x_wconf 87' lang='lat' dir='ltr'><strong>tandem</strong></span> <span class='ocrx_word' id='word_1_342' title='bbox 1873 4186 1975 4240; x_wconf 87' lang='lat' dir='ltr'><strong>ali-</strong></span> 
     </span>
    </p>
   </div>
   <div class='ocr_carea' id='block_1_44' title="bbox 395 4271 1977 4343">
    <p class='ocr_par' dir='ltr' id='par_1_44' title="bbox 395 4271 1977 4343">
     <span class='ocr_line' id='line_1_44' title="bbox 395 4271 1977 4343; baseline 0.006 -19"><span class='ocrx_word' id='word_1_343' title='bbox 395 4271 608 4342; x_wconf 87' lang='lat' dir='ltr'><strong>quando</strong></span> <span class='ocrx_word' id='word_1_344' title='bbox 648 4287 752 4326; x_wconf 92' lang='lat' dir='ltr'><strong>non</strong></span> <span class='ocrx_word' id='word_1_345' title='bbox 794 4272 998 4343; x_wconf 84' lang='lat' dir='ltr'><strong>justitia</strong></span> <span class='ocrx_word' id='word_1_346' title='bbox 1029 4274 1240 4341; x_wconf 90' lang='lat' dir='ltr'><strong>duetus,</strong></span> <span class='ocrx_word' id='word_1_347' title='bbox 1273 4275 1366 4331; x_wconf 90' lang='lat' dir='ltr'><strong>sed</strong></span> <span class='ocrx_word' id='word_1_348' title='bbox 1396 4277 1550 4332; x_wconf 71' lang='lat' dir='ltr'><strong>tmdio</strong></span> <span class='ocrx_word' id='word_1_349' title='bbox 1581 4278 1752 4333; x_wconf 90' lang='lat' dir='ltr'><strong>victus</strong></span> <span class='ocrx_word' id='word_1_350' title='bbox 1777 4279 1977 4334; x_wconf 81' lang='lat' dir='ltr'><strong>audivit</strong></span> 
     </span>
    </p>
   </div>
   <div class='ocr_carea' id='block_1_45' title="bbox 395 4360 1978 4439">
    <p class='ocr_par' dir='ltr' id='par_1_45' title="bbox 395 4360 1978 4439">
     <span class='ocr_line' id='line_1_45' title="bbox 395 4360 1978 4439; baseline 0.008 -25"><span class='ocrx_word' id='word_1_351' title='bbox 395 4361 415 4431; x_wconf 91' lang='lat'><strong>(</strong></span> <span class='ocrx_word' id='word_1_352' title='bbox 448 4360 569 4415; x_wconf 88' lang='lat' dir='ltr'><strong>Luc.</strong></span> <span class='ocrx_word' id='word_1_353' title='bbox 592 4378 743 4426; x_wconf 79' lang='lat' dir='ltr'><strong>xvui,</strong></span> <span class='ocrx_word' id='word_1_354' title='bbox 774 4363 868 4419; x_wconf 81' lang='lat'><strong>‘5-5</strong></span> <span class='ocrx_word' id='word_1_355' title='bbox 893 4360 914 4436; x_wconf 94' lang='lat'><strong>)</strong></span> <span class='ocrx_word' id='word_1_356' title='bbox 948 4381 961 4418; x_wconf 90' lang='lat'><strong>:</strong></span> <span class='ocrx_word' id='word_1_357' title='bbox 991 4363 1093 4419; x_wconf 90' lang='lat' dir='ltr'><strong>hoc</strong></span> <span class='ocrx_word' id='word_1_358' title='bbox 1118 4374 1295 4421; x_wconf 92' lang='lat' dir='ltr'><strong>autem</strong></span> <span class='ocrx_word' id='word_1_359' title='bbox 1326 4368 1577 4424; x_wconf 82' lang='lat' dir='ltr'><strong>Deminus</strong></span> <span class='ocrx_word' id='word_1_360' title='bbox 1603 4372 1896 4439; x_wconf 87' lang='lat' dir='ltr'><strong>proposuit,</strong></span> <span class='ocrx_word' id='word_1_361' title='bbox 1919 4379 1978 4427; x_wconf 88' lang='lat' dir='ltr'><strong>ut</strong></span> 
     </span>
    </p>
   </div>
   <div class='ocr_carea' id='block_1_46' title="bbox 395 4452 1972 4527">
    <p class='ocr_par' dir='ltr' id='par_1_46' title="bbox 395 4452 1972 4527">
     <span class='ocr_line' id='line_1_46' title="bbox 395 4452 1972 4527; baseline 0.006 -21"><span class='ocrx_word' id='word_1_362' title='bbox 395 4452 704 4509; x_wconf 89' lang='lat' dir='ltr'><strong>ostenderet</strong></span> <span class='ocrx_word' id='word_1_363' title='bbox 735 4456 902 4509; x_wconf 90' lang='lat' dir='ltr'><strong>multo</strong></span> <span class='ocrx_word' id='word_1_364' title='bbox 924 4456 1092 4526; x_wconf 89' lang='lat' dir='ltr'><strong>magis</strong></span> <span class='ocrx_word' id='word_1_365' title='bbox 1138 4456 1301 4511; x_wconf 89' lang='lat' dir='ltr'><strong>Deum</strong></span> <span class='ocrx_word' id='word_1_366' title='bbox 1341 4458 1540 4527; x_wconf 77' lang='lat' dir='ltr'><strong>juSIum</strong></span> <span class='ocrx_word' id='word_1_367' title='bbox 1582 4460 1688 4515; x_wconf 87' lang='lat' dir='ltr'><strong>cito</strong></span> <span class='ocrx_word' id='word_1_368' title='bbox 1713 4461 1972 4516; x_wconf 84' lang='lat' dir='ltr'><strong>facturum</strong></span> 
     </span>
    </p>
   </div>
   <div class='ocr_carea' id='block_1_47' title="bbox 393 4545 1976 4621">
    <p class='ocr_par' dir='ltr' id='par_1_47' title="bbox 393 4545 1976 4621">
     <span class='ocr_line' id='line_1_47' title="bbox 393 4545 1976 4621; baseline 0.008 -24"><span class='ocrx_word' id='word_1_369' title='bbox 393 4545 649 4617; x_wconf 84' lang='lat' dir='ltr'><strong>judicium</strong></span> <span class='ocrx_word' id='word_1_370' title='bbox 690 4547 978 4602; x_wconf 88' lang='lat' dir='ltr'><strong>electorum</strong></span> <span class='ocrx_word' id='word_1_371' title='bbox 1006 4565 1245 4615; x_wconf 87' lang='lat' dir='ltr'><strong>suorum,</strong></span> <span class='ocrx_word' id='word_1_372' title='bbox 1268 4552 1355 4621; x_wconf 89' lang='lat' dir='ltr'><strong>qui</strong></span> <span class='ocrx_word' id='word_1_373' title='bbox 1385 4551 1451 4606; x_wconf 92' lang='lat' dir='ltr'><strong>ad</strong></span> <span class='ocrx_word' id='word_1_374' title='bbox 1488 4567 1610 4607; x_wconf 92' lang='lat' dir='ltr'><strong>eum</strong></span> <span class='ocrx_word' id='word_1_375' title='bbox 1634 4554 1864 4608; x_wconf 76' lang='lat' dir='ltr'><strong>clamant</strong></span> <span class='ocrx_word' id='word_1_376' title='bbox 1890 4554 1976 4609; x_wconf 88' lang='lat' dir='ltr'><strong>die</strong></span> 
     </span>
    </p>
   </div>
   <div class='ocr_carea' id='block_1_48' title="bbox 394 4636 1976 4712">
    <p class='ocr_par' dir='ltr' id='par_1_48' title="bbox 394 4636 1976 4712">
     <span class='ocr_line' id='line_1_48' title="bbox 394 4636 1976 4712; baseline 0.005 -23"><span class='ocrx_word' id='word_1_377' title='bbox 394 4651 459 4691; x_wconf 91' lang='lat' dir='ltr'><strong>ac</strong></span> <span class='ocrx_word' id='word_1_378' title='bbox 486 4645 660 4691; x_wconf 90' lang='lat' dir='ltr'><strong>nocte.</strong></span> <span class='ocrx_word' id='word_1_379' title='bbox 686 4636 813 4692; x_wconf 87' lang='lat' dir='ltr'><strong>lude</strong></span> <span class='ocrx_word' id='word_1_380' title='bbox 834 4648 915 4693; x_wconf 88' lang='lat' dir='ltr'><strong>est</strong></span> <span class='ocrx_word' id='word_1_381' title='bbox 957 4649 1012 4693; x_wconf 89' lang='lat' dir='ltr'><strong>et</strong></span> <span class='ocrx_word' id='word_1_382' title='bbox 1054 4640 1139 4694; x_wconf 91' lang='lat' dir='ltr'><strong>ille</strong></span> <span class='ocrx_word' id='word_1_383' title='bbox 1164 4640 1265 4695; x_wconf 90' lang='lat' dir='ltr'><strong>sub</strong></span> <span class='ocrx_word' id='word_1_384' title='bbox 1301 4657 1390 4696; x_wconf 90' lang='lat' dir='ltr'><strong>ara</strong></span> <span class='ocrx_word' id='word_1_385' title='bbox 1415 4642 1503 4697; x_wconf 92' lang='lat' dir='ltr'><strong>Dei</strong></span> <span class='ocrx_word' id='word_1_386' title='bbox 1544 4651 1833 4712; x_wconf 84' lang='lat' dir='ltr'><strong>martyrum</strong></span> <span class='ocrx_word' id='word_1_387' title='bbox 1863 4644 1976 4699; x_wconf 89' lang='lat' dir='ltr'><strong>cla-</strong></span> 
     </span>
    </p>
   </div>
   <div class='ocr_carea' id='block_1_49' title="bbox 397 4727 1973 4805">
    <p class='ocr_par' dir='ltr' id='par_1_49' title="bbox 397 4727 1973 4805">
     <span class='ocr_line' id='line_1_49' title="bbox 397 4727 1973 4805; baseline 0.005 -24"><span class='ocrx_word' id='word_1_388' title='bbox 397 4742 535 4793; x_wconf 89' lang='lat' dir='ltr'><strong>mor,</strong></span> <span class='ocrx_word' id='word_1_389' title='bbox 560 4738 617 4781; x_wconf 91' lang='lat' dir='ltr'><strong>ut</strong></span> <span class='ocrx_word' id='word_1_390' title='bbox 646 4728 739 4783; x_wconf 93' lang='lat' dir='ltr'><strong>Dei</strong></span> <span class='ocrx_word' id='word_1_391' title='bbox 778 4727 981 4797; x_wconf 88' lang='lat' dir='ltr'><strong>judicio</strong></span> <span class='ocrx_word' id='word_1_392' title='bbox 1006 4731 1356 4786; x_wconf 90' lang='lat' dir='ltr'><strong>vindicentur.</strong></span> <span class='ocrx_word' id='word_1_393' title='bbox 1407 4730 1507 4787; x_wconf 88' lang='lat' dir='ltr'><strong>Ubi</strong></span> <span class='ocrx_word' id='word_1_394' title='bbox 1548 4742 1631 4789; x_wconf 88' lang='lat' dir='ltr'><strong>est</strong></span> <span class='ocrx_word' id='word_1_395' title='bbox 1667 4750 1795 4805; x_wconf 89' lang='lat' dir='ltr'><strong>ergo</strong></span> <span class='ocrx_word' id='word_1_396' title='bbox 1823 4736 1973 4800; x_wconf 90' lang='lat' dir='ltr'><strong>illud,</strong></span> 
     </span>
    </p>
   </div>
   <div class='ocr_carea' id='block_1_50' title="bbox 402 4816 1977 4895">
    <p class='ocr_par' dir='ltr' id='par_1_50' title="bbox 402 4816 1977 4895">
     <span class='ocr_line' id='line_1_50' title="bbox 402 4816 1977 4895; baseline 0.007 -26"><span class='ocrx_word' id='word_1_397' title='bbox 402 4836 421 4868; x_wconf 74' lang='lat' dir='ltr'><strong>c</strong></span> <span class='ocrx_word' id='word_1_398' title='bbox 464 4816 671 4888; x_wconf 87' lang='lat' dir='ltr'><strong>Diligite</strong></span> <span class='ocrx_word' id='word_1_399' title='bbox 721 4817 963 4873; x_wconf 89' lang='lat' dir='ltr'><strong>inimicos</strong></span> <span class='ocrx_word' id='word_1_400' title='bbox 1010 4826 1238 4887; x_wconf 85' lang='lat' dir='ltr'><strong>vestros,</strong></span> <span class='ocrx_word' id='word_1_401' title='bbox 1288 4822 1580 4878; x_wconf 84' lang='lat' dir='ltr'><strong>hcnelacite</strong></span> <span class='ocrx_word' id='word_1_402' title='bbox 1632 4825 1709 4878; x_wconf 91' lang='lat' dir='ltr'><strong>eis</strong></span> <span class='ocrx_word' id='word_1_403' title='bbox 1754 4826 1841 4895; x_wconf 90' lang='lat' dir='ltr'><strong>qui</strong></span> <span class='ocrx_word' id='word_1_404' title='bbox 1882 4842 1977 4880; x_wconf 88' lang='lat' dir='ltr'><strong>vos</strong></span> 
     </span>
    </p>
   </div>
   <div class='ocr_carea' id='block_1_51' title="bbox 395 4908 1975 4986">
    <p class='ocr_par' dir='ltr' id='par_1_51' title="bbox 395 4908 1975 4986">
     <span class='ocr_line' id='line_1_51' title="bbox 395 4908 1975 4986; baseline 0.006 -24"><span class='ocrx_word' id='word_1_405' title='bbox 395 4908 642 4976; x_wconf 89' lang='lat' dir='ltr'><strong>oderunt,</strong></span> <span class='ocrx_word' id='word_1_406' title='bbox 659 4917 714 4964; x_wconf 91' lang='lat' dir='ltr'><strong>et</strong></span> <span class='ocrx_word' id='word_1_407' title='bbox 728 4919 877 4964; x_wconf 89' lang='lat' dir='ltr'><strong>orate</strong></span> <span class='ocrx_word' id='word_1_408' title='bbox 892 4924 989 4980; x_wconf 90' lang='lat' dir='ltr'><strong>pro</strong></span> <span class='ocrx_word' id='word_1_409' title='bbox 1004 4910 1082 4964; x_wconf 89' lang='lat' dir='ltr'><strong>eis</strong></span> <span class='ocrx_word' id='word_1_410' title='bbox 1097 4912 1182 4983; x_wconf 90' lang='lat' dir='ltr'><strong>qui</strong></span> <span class='ocrx_word' id='word_1_411' title='bbox 1202 4928 1294 4965; x_wconf 78' lang='lat' dir='ltr'><strong>vos</strong></span> <span class='ocrx_word' id='word_1_412' title='bbox 1308 4926 1695 4983; x_wconf 83' lang='lat' dir='ltr'><strong>persequuntur</strong></span> <span class='ocrx_word' id='word_1_413' title='bbox 1722 4934 1741 4967; x_wconf 83' lang='grc'><strong>1</strong></span> <span class='ocrx_word' id='word_1_414' title='bbox 1765 4916 1782 4986; x_wconf 93' lang='grc'>(</span> <span class='ocrx_word' id='word_1_415' title='bbox 1791 4916 1841 4969; x_wconf 85' lang='grc' dir='ltr'><em>Μ</em></span> <span class='ocrx_word' id='word_1_416' title='bbox 1846 4917 1975 4971; x_wconf 83' lang='lat' dir='ltr'><strong>altli.</strong></span> 
     </span>
    </p>
   </div>
   <div class='ocr_carea' id='block_1_52' title="bbox 396 4998 1978 5078">
    <p class='ocr_par' dir='ltr' id='par_1_52' title="bbox 396 4998 1978 5078">
     <span class='ocr_line' id='line_1_52' title="bbox 396 4998 1978 5078; baseline 0.007 -27"><span class='ocrx_word' id='word_1_417' title='bbox 396 5012 456 5065; x_wconf 79' lang='lat' dir='ltr'><strong>v,</strong></span> <span class='ocrx_word' id='word_1_418' title='bbox 476 4998 607 5072; x_wconf 69' lang='lat'><strong>44)?</strong></span> <span class='ocrx_word' id='word_1_419' title='bbox 636 4999 724 5054; x_wconf 85' lang='lat' dir='ltr'><strong>ubi</strong></span> <span class='ocrx_word' id='word_1_420' title='bbox 763 5010 845 5056; x_wconf 92' lang='lat' dir='ltr'><strong>est</strong></span> <span class='ocrx_word' id='word_1_421' title='bbox 873 5010 929 5057; x_wconf 91' lang='lat' dir='ltr'><strong>et</strong></span> <span class='ocrx_word' id='word_1_422' title='bbox 963 5001 1114 5070; x_wconf 86' lang='lat' dir='ltr'><strong>illud,</strong></span> <span class='ocrx_word' id='word_1_423' title='bbox 1146 5021 1165 5054; x_wconf 81' lang='grc'><strong>1</strong></span> <span class='ocrx_word' id='word_1_424' title='bbox 1201 5004 1315 5058; x_wconf 85' lang='grc' dir='ltr'><strong>Νυη</strong></span> <span class='ocrx_word' id='word_1_425' title='bbox 1348 5005 1638 5061; x_wconf 88' lang='lat' dir='ltr'><strong>reddeiites</strong></span> <span class='ocrx_word' id='word_1_426' title='bbox 1660 5009 1852 5061; x_wconf 90' lang='lat' dir='ltr'><strong>malum</strong></span> <span class='ocrx_word' id='word_1_427' title='bbox 1884 5024 1978 5078; x_wconf 83' lang='lat' dir='ltr'><strong>pro</strong></span> 
     </span>
    </p>
   </div>
   <div class='ocr_carea' id='block_1_53' title="bbox 397 5090 1975 5169">
    <p class='ocr_par' dir='ltr' id='par_1_53' title="bbox 397 5090 1975 5169">
     <span class='ocr_line' id='line_1_53' title="bbox 397 5090 1975 5169; baseline 0.006 -26"><span class='ocrx_word' id='word_1_428' title='bbox 397 5090 559 5156; x_wconf 88' lang='lat' dir='ltr'><strong>malo,</strong></span> <span class='ocrx_word' id='word_1_429' title='bbox 589 5105 688 5145; x_wconf 92' lang='lat' dir='ltr'><strong>nec</strong></span> <span class='ocrx_word' id='word_1_430' title='bbox 714 5092 1051 5147; x_wconf 89' lang='lat' dir='ltr'><strong>maledictum</strong></span> <span class='ocrx_word' id='word_1_431' title='bbox 1101 5108 1196 5164; x_wconf 91' lang='lat' dir='ltr'><strong>pro</strong></span> <span class='ocrx_word' id='word_1_432' title='bbox 1244 5095 1529 5149; x_wconf 90' lang='lat' dir='ltr'><strong>maledicto</strong></span> <span class='ocrx_word' id='word_1_433' title='bbox 1567 5116 1585 5149; x_wconf 82' lang='grc'><strong>1</strong></span> <span class='ocrx_word' id='word_1_434' title='bbox 1620 5096 1639 5169; x_wconf 94' lang='grc'>(</span> <span class='ocrx_word' id='word_1_435' title='bbox 1669 5097 1685 5151; x_wconf 96' lang='grc' dir='ltr'><strong>Ι</strong></span> <span class='ocrx_word' id='word_1_436' title='bbox 1722 5097 1862 5152; x_wconf 81' lang='lat' dir='ltr'><strong>l’etr.</strong></span> <span class='ocrx_word' id='word_1_437' title='bbox 1897 5116 1975 5166; x_wconf 85' lang='grc'><strong>111,</strong></span> 
     </span>
    </p>
   </div>
   <div class='ocr_carea' id='block_1_54' title="bbox 396 5179 1974 5262">
    <p class='ocr_par' dir='ltr' id='par_1_54' title="bbox 396 5179 1974 5262">
     <span class='ocr_line' id='line_1_54' title="bbox 396 5179 1974 5262; baseline 0.005 -27"><span class='ocrx_word' id='word_1_438' title='bbox 396 5179 429 5235; x_wconf 86' lang='lat'><strong>9</strong></span> <span class='ocrx_word' id='word_1_439' title='bbox 458 5179 476 5250; x_wconf 89' lang='lat'>)</span> <span class='ocrx_word' id='word_1_440' title='bbox 504 5197 519 5245; x_wconf 92' lang='lat'><strong>;</strong></span> <span class='ocrx_word' id='word_1_441' title='bbox 557 5188 630 5245; x_wconf 89' lang='lat' dir='ltr'><strong>et,</strong></span> <span class='ocrx_word' id='word_1_442' title='bbox 669 5199 688 5232; x_wconf 80' lang='grc'><strong>1</strong></span> <span class='ocrx_word' id='word_1_443' title='bbox 723 5180 864 5237; x_wconf 82' lang='lat' dir='ltr'><strong>Nulli</strong></span> <span class='ocrx_word' id='word_1_444' title='bbox 890 5184 1084 5237; x_wconf 90' lang='lat' dir='ltr'><strong>malum</strong></span> <span class='ocrx_word' id='word_1_445' title='bbox 1116 5200 1213 5254; x_wconf 90' lang='lat' dir='ltr'><strong>pro</strong></span> <span class='ocrx_word' id='word_1_446' title='bbox 1235 5187 1373 5240; x_wconf 80' lang='lat' dir='ltr'><strong>malo</strong></span> <span class='ocrx_word' id='word_1_447' title='bbox 1404 5187 1687 5243; x_wconf 87' lang='lat' dir='ltr'><strong>reddeuies</strong></span> <span class='ocrx_word' id='word_1_448' title='bbox 1721 5207 1740 5240; x_wconf 80' lang='grc'><strong>1</strong></span> <span class='ocrx_word' id='word_1_449' title='bbox 1773 5188 1793 5262; x_wconf 93' lang='grc'>(</span> <span class='ocrx_word' id='word_1_450' title='bbox 1824 5189 1974 5243; x_wconf 84' lang='lat' dir='ltr'><strong>Rom.</strong></span> 
     </span>
    </p>
   </div>
   <div class='ocr_carea' id='block_1_55' title="bbox 396 5269 1975 5350">
    <p class='ocr_par' dir='ltr' id='par_1_55' title="bbox 396 5269 1975 5350">
     <span class='ocr_line' id='line_1_55' title="bbox 396 5269 1975 5350; baseline 0.008 -28"><span class='ocrx_word' id='word_1_451' title='bbox 396 5286 491 5336; x_wconf 83' lang='lat' dir='ltr'><strong>xu,</strong></span> <span class='ocrx_word' id='word_1_452' title='bbox 525 5270 657 5341; x_wconf 81' lang='lat' dir='ltr'><strong>i7)?</strong></span> <span class='ocrx_word' id='word_1_453' title='bbox 682 5269 737 5325; x_wconf 89' lang='lat' dir='ltr'><strong>Si</strong></span> <span class='ocrx_word' id='word_1_454' title='bbox 763 5272 903 5327; x_wconf 92' lang='lat' dir='ltr'><strong>enim</strong></span> <span class='ocrx_word' id='word_1_455' title='bbox 932 5273 1127 5326; x_wconf 89' lang='lat' dir='ltr'><strong>malum</strong></span> <span class='ocrx_word' id='word_1_456' title='bbox 1163 5290 1258 5344; x_wconf 86' lang='lat' dir='ltr'><strong>pro</strong></span> <span class='ocrx_word' id='word_1_457' title='bbox 1290 5275 1430 5333; x_wconf 90' lang='lat' dir='ltr'><strong>malo</strong></span> <span class='ocrx_word' id='word_1_458' title='bbox 1477 5293 1580 5331; x_wconf 90' lang='lat' dir='ltr'><strong>non</strong></span> <span class='ocrx_word' id='word_1_459' title='bbox 1627 5288 1707 5333; x_wconf 90' lang='lat' dir='ltr'><strong>est</strong></span> <span class='ocrx_word' id='word_1_460' title='bbox 1731 5281 1975 5350; x_wconf 87' lang='lat' dir='ltr'><strong>cuiquam</strong></span> 
     </span>
    </p>
   </div>
   <div class='ocr_carea' id='block_1_56' title="bbox 394 5362 1979 5441">
    <p class='ocr_par' dir='ltr' id='par_1_56' title="bbox 394 5362 1979 5441">
     <span class='ocr_line' id='line_1_56' title="bbox 394 5362 1979 5441; baseline 0.006 -24"><span class='ocrx_word' id='word_1_461' title='bbox 394 5362 755 5430; x_wconf 88' lang='lat' dir='ltr'><strong>reddendum,</strong></span> <span class='ocrx_word' id='word_1_462' title='bbox 811 5380 915 5419; x_wconf 92' lang='lat' dir='ltr'><strong>non</strong></span> <span class='ocrx_word' id='word_1_463' title='bbox 967 5365 1139 5419; x_wconf 90' lang='lat' dir='ltr'><strong>solum</strong></span> <span class='ocrx_word' id='word_1_464' title='bbox 1193 5365 1387 5420; x_wconf 79' lang='lat' dir='ltr'><strong>factum</strong></span> <span class='ocrx_word' id='word_1_465' title='bbox 1443 5370 1639 5423; x_wconf 88' lang='lat' dir='ltr'><strong>malum</strong></span> <span class='ocrx_word' id='word_1_466' title='bbox 1699 5388 1793 5441; x_wconf 87' lang='lat' dir='ltr'><strong>pro</strong></span> <span class='ocrx_word' id='word_1_467' title='bbox 1843 5372 1979 5427; x_wconf 80' lang='lat' dir='ltr'><strong>iacto</strong></span> 
     </span>
    </p>
   </div>
   <div class='ocr_carea' id='block_1_57' title="bbox 394 5456 1977 5532">
    <p class='ocr_par' dir='ltr' id='par_1_57' title="bbox 394 5456 1977 5532">
     <span class='ocr_line' id='line_1_57' title="bbox 394 5456 1977 5532; baseline 0.004 -21"><span class='ocrx_word' id='word_1_468' title='bbox 394 5456 533 5511; x_wconf 89' lang='lat' dir='ltr'><strong>malo</strong></span> <span class='ocrx_word' id='word_1_469' title='bbox 556 5498 570 5522; x_wconf 92' lang='lat'><strong>,</strong></span> <span class='ocrx_word' id='word_1_470' title='bbox 620 5456 712 5511; x_wconf 89' lang='lat' dir='ltr'><strong>sed</strong></span> <span class='ocrx_word' id='word_1_471' title='bbox 741 5472 840 5511; x_wconf 89' lang='lat' dir='ltr'><strong>nec</strong></span> <span class='ocrx_word' id='word_1_472' title='bbox 868 5466 1047 5512; x_wconf 85' lang='lat' dir='ltr'><strong>votum</strong></span> <span class='ocrx_word' id='word_1_473' title='bbox 1080 5458 1279 5513; x_wconf 84' lang='lat' dir='ltr'><strong>malum</strong></span> <span class='ocrx_word' id='word_1_474' title='bbox 1308 5458 1634 5515; x_wconf 90' lang='lat' dir='ltr'><strong>reddendum</strong></span> <span class='ocrx_word' id='word_1_475' title='bbox 1668 5472 1748 5517; x_wconf 83' lang='lat' dir='ltr'><strong>est</strong></span> <span class='ocrx_word' id='word_1_476' title='bbox 1775 5478 1871 5532; x_wconf 91' lang='lat' dir='ltr'><strong>pro</strong></span> <span class='ocrx_word' id='word_1_477' title='bbox 1902 5462 1977 5517; x_wconf 83' lang='lat' dir='ltr'><strong>fa-</strong></span> 
     </span>
    </p>
   </div>
   <div class='ocr_carea' id='block_1_58' title="bbox 394 5548 1975 5626">
    <p class='ocr_par' dir='ltr' id='par_1_58' title="bbox 394 5548 1975 5626">
     <span class='ocr_line' id='line_1_58' title="bbox 394 5548 1975 5626; baseline 0.003 -22"><span class='ocrx_word' id='word_1_478' title='bbox 394 5556 483 5604; x_wconf 87' lang='lat' dir='ltr'><strong>cto</strong></span> <span class='ocrx_word' id='word_1_479' title='bbox 509 5549 589 5604; x_wconf 87' lang='lat' dir='ltr'><strong>vel</strong></span> <span class='ocrx_word' id='word_1_480' title='bbox 617 5557 738 5605; x_wconf 89' lang='lat' dir='ltr'><strong>voto</strong></span> <span class='ocrx_word' id='word_1_481' title='bbox 764 5548 926 5604; x_wconf 90' lang='lat' dir='ltr'><strong>malo.</strong></span> <span class='ocrx_word' id='word_1_482' title='bbox 963 5550 1157 5606; x_wconf 80' lang='lat' dir='ltr'><strong>Reddit</strong></span> <span class='ocrx_word' id='word_1_483' title='bbox 1198 5561 1376 5605; x_wconf 90' lang='lat' dir='ltr'><strong>autem</strong></span> <span class='ocrx_word' id='word_1_484' title='bbox 1421 5561 1603 5609; x_wconf 85' lang='lat' dir='ltr'><strong>votum</strong></span> <span class='ocrx_word' id='word_1_485' title='bbox 1639 5552 1859 5622; x_wconf 89' lang='lat' dir='ltr'><strong>malum,</strong></span> <span class='ocrx_word' id='word_1_486' title='bbox 1888 5555 1975 5626; x_wconf 90' lang='lat' dir='ltr'><strong>qui</strong></span> 
     </span>
    </p>
   </div>
   <div class='ocr_carea' id='block_1_59' title="bbox 459 5738 1476 5810">
    <p class='ocr_par' dir='ltr' id='par_1_59' title="bbox 459 5738 1476 5810">
     <span class='ocr_line' id='line_1_59' title="bbox 459 5738 1476 5810; baseline 0.004 -16"><span class='ocrx_word' id='word_1_487' title='bbox 459 5743 476 5777; x_wconf 77' lang='lat'><strong>&#39;</strong></span> <span class='ocrx_word' id='word_1_488' title='bbox 507 5738 698 5810; x_wconf 74' lang='lat' dir='ltr'><strong>Aliquot</strong></span> <span class='ocrx_word' id='word_1_489' title='bbox 716 5751 840 5810; x_wconf 65' lang='lat'><strong>1155.,</strong></span> <span class='ocrx_word' id='word_1_490' title='bbox 865 5758 955 5798; x_wconf 83' lang='lat' dir='ltr'><strong>non</strong></span> <span class='ocrx_word' id='word_1_491' title='bbox 966 5745 1162 5810; x_wconf 76' lang='lat' dir='ltr'><strong>judicas</strong></span> <span class='ocrx_word' id='word_1_492' title='bbox 1178 5752 1225 5799; x_wconf 83' lang='lat' dir='ltr'><strong>el</strong></span> <span class='ocrx_word' id='word_1_493' title='bbox 1246 5745 1476 5800; x_wconf 76' lang='lat' dir='ltr'><strong>vindicas.</strong></span> 
     </span>
    </p>
   </div>
   <div class='ocr_carea' id='block_1_60' title="bbox 1464 312 2639 375">
    <p class='ocr_par' dir='ltr' id='par_1_60' title="bbox 1464 312 2639 375">
     <span class='ocr_line' id='line_1_60' title="bbox 1464 312 2639 375; baseline 0.002 -3"><span class='ocrx_word' id='word_1_494' title='bbox 1464 314 1859 372; x_wconf 79' lang='lat' dir='ltr'><strong>ENARRATIO</strong></span> <span class='ocrx_word' id='word_1_495' title='bbox 1900 312 1962 367; x_wconf 73' lang='lat' dir='ltr'><strong>IN</strong></span> <span class='ocrx_word' id='word_1_496' title='bbox 2004 312 2320 369; x_wconf 75' lang='lat' dir='ltr'><strong>PS&#39;ALMUM</strong></span> <span class='ocrx_word' id='word_1_497' title='bbox 2359 313 2639 375; x_wconf 70' lang='lat' dir='ltr'><strong>LXXVIII.</strong></span> 
     </span>
    </p>
   </div>
   <div class='ocr_carea' id='block_1_61' title="bbox 3536 325 3670 383">
    <p class='ocr_par' dir='ltr' id='par_1_61' title="bbox 3536 325 3670 383">
     <span class='ocr_line' id='line_1_61' title="bbox 3536 325 3670 383; baseline 0.007 -2"><span class='ocrx_word' id='word_1_498' title='bbox 3536 325 3670 383; x_wconf 77' lang='grc'><strong>1018</strong></span> 
     </span>
    </p>
   </div>
   <div class='ocr_carea' id='block_1_62' title="bbox 2091 425 3668 505">
    <p class='ocr_par' dir='ltr' id='par_1_62' title="bbox 2091 425 3668 505">
     <span class='ocr_line' id='line_1_62' title="bbox 2091 425 3668 505; baseline 0.009 -27"><span class='ocrx_word' id='word_1_499' title='bbox 2091 425 2299 481; x_wconf 88' lang='lat' dir='ltr'><strong>etiamsi</strong></span> <span class='ocrx_word' id='word_1_500' title='bbox 2331 444 2434 482; x_wconf 89' lang='lat' dir='ltr'><strong>non</strong></span> <span class='ocrx_word' id='word_1_501' title='bbox 2468 430 2581 499; x_wconf 82' lang='lat' dir='ltr'><strong>ipse</strong></span> <span class='ocrx_word' id='word_1_502' title='bbox 2618 429 2887 499; x_wconf 91' lang='lat' dir='ltr'><strong>vindieat,</strong></span> <span class='ocrx_word' id='word_1_503' title='bbox 2927 439 3103 489; x_wconf 87' lang='lat' dir='ltr'><strong>tamen</strong></span> <span class='ocrx_word' id='word_1_504' title='bbox 3150 441 3211 489; x_wconf 91' lang='lat' dir='ltr'><strong>ut</strong></span> <span class='ocrx_word' id='word_1_505' title='bbox 3250 432 3367 505; x_wconf 88' lang='lat' dir='ltr'><strong>ejus</strong></span> <span class='ocrx_word' id='word_1_506' title='bbox 3396 435 3668 498; x_wconf 86' lang='lat' dir='ltr'><strong>inimicum</strong></span> 
     </span>
    </p>
   </div>
   <div class='ocr_carea' id='block_1_63' title="bbox 2088 518 3664 597">
    <p class='ocr_par' dir='ltr' id='par_1_63' title="bbox 2088 518 3664 597">
     <span class='ocr_line' id='line_1_63' title="bbox 2088 518 3664 597; baseline 0.006 -25"><span class='ocrx_word' id='word_1_507' title='bbox 2088 518 2228 574; x_wconf 80' lang='lat' dir='ltr'><strong>Deus</strong></span> <span class='ocrx_word' id='word_1_508' title='bbox 2252 519 2453 589; x_wconf 90' lang='lat' dir='ltr'><strong>puniat,</strong></span> <span class='ocrx_word' id='word_1_509' title='bbox 2498 531 2771 591; x_wconf 82' lang='lat' dir='ltr'><strong>exspectat</strong></span> <span class='ocrx_word' id='word_1_510' title='bbox 2794 531 2955 594; x_wconf 87' lang='lat' dir='ltr'><strong>atque</strong></span> <span class='ocrx_word' id='word_1_511' title='bbox 2993 534 3161 593; x_wconf 89' lang='lat' dir='ltr'><strong>optat.</strong></span> <span class='ocrx_word' id='word_1_512' title='bbox 3184 525 3518 597; x_wconf 88' lang='lat' dir='ltr'><strong>Quapropter</strong></span> <span class='ocrx_word' id='word_1_513' title='bbox 3543 543 3664 582; x_wconf 90' lang='lat' dir='ltr'><strong>cum</strong></span> 
     </span>
    </p>
   </div>
   <div class='ocr_carea' id='block_1_64' title="bbox 2089 610 3665 681">
    <p class='ocr_par' dir='ltr' id='par_1_64' title="bbox 2089 610 3665 681">
     <span class='ocr_line' id='line_1_64' title="bbox 2089 610 3665 681; baseline 0.006 -17"><span class='ocrx_word' id='word_1_514' title='bbox 2089 618 2144 664; x_wconf 90' lang='lat' dir='ltr'><strong>et</strong></span> <span class='ocrx_word' id='word_1_515' title='bbox 2170 610 2331 665; x_wconf 92' lang='lat' dir='ltr'><strong>homo</strong></span> <span class='ocrx_word' id='word_1_516' title='bbox 2345 611 2519 681; x_wconf 89' lang='lat' dir='ltr'><strong>justus</strong></span> <span class='ocrx_word' id='word_1_517' title='bbox 2539 613 2779 669; x_wconf 85' lang='lat' dir='ltr'><strong>et&#39;homo</strong></span> <span class='ocrx_word' id='word_1_518' title='bbox 2804 614 2975 670; x_wconf 89' lang='lat' dir='ltr'><strong>malus</strong></span> <span class='ocrx_word' id='word_1_519' title='bbox 3001 614 3070 670; x_wconf 91' lang='lat' dir='ltr'><strong>de</strong></span> <span class='ocrx_word' id='word_1_520' title='bbox 3102 616 3330 672; x_wconf 90' lang='lat' dir='ltr'><strong>inimicis</strong></span> <span class='ocrx_word' id='word_1_521' title='bbox 3357 619 3469 672; x_wconf 89' lang='lat' dir='ltr'><strong>suis</strong></span> <span class='ocrx_word' id='word_1_522' title='bbox 3500 619 3665 673; x_wconf 80' lang='lat' dir='ltr'><strong>velint</strong></span> 
     </span>
    </p>
   </div>
   <div class='ocr_carea' id='block_1_65' title="bbox 2087 702 3664 778">
    <p class='ocr_par' dir='ltr' id='par_1_65' title="bbox 2087 702 3664 778">
     <span class='ocr_line' id='line_1_65' title="bbox 2087 702 3664 778; baseline 0.005 -23"><span class='ocrx_word' id='word_1_523' title='bbox 2087 717 2117 755; x_wconf 92' lang='lat' dir='ltr'><strong>a</strong></span> <span class='ocrx_word' id='word_1_524' title='bbox 2146 702 2374 758; x_wconf 89' lang='lat' dir='ltr'><strong>Domino</strong></span> <span class='ocrx_word' id='word_1_525' title='bbox 2397 704 2670 771; x_wconf 86' lang='lat' dir='ltr'><strong>vindicari,</strong></span> <span class='ocrx_word' id='word_1_526' title='bbox 2700 706 2841 762; x_wconf 88' lang='lat' dir='ltr'><strong>unde</strong></span> <span class='ocrx_word' id='word_1_527' title='bbox 2867 706 3237 763; x_wconf 89' lang='lat' dir='ltr'><strong>discernentur</strong></span> <span class='ocrx_word' id='word_1_528' title='bbox 3256 751 3270 775; x_wconf 92' lang='lat'><strong>,</strong></span> <span class='ocrx_word' id='word_1_529' title='bbox 3300 708 3403 763; x_wconf 89' lang='lat' dir='ltr'><strong>nisi</strong></span> <span class='ocrx_word' id='word_1_530' title='bbox 3428 710 3548 778; x_wconf 89' lang='lat' dir='ltr'><strong>quia</strong></span> <span class='ocrx_word' id='word_1_531' title='bbox 3574 711 3664 778; x_wconf 86' lang='lat' dir='ltr'><strong>ju-</strong></span> 
     </span>
    </p>
   </div>
   <div class='ocr_carea' id='block_1_66' title="bbox 2087 798 3698 872">
    <p class='ocr_par' dir='ltr' id='par_1_66' title="bbox 2087 798 3698 872">
     <span class='ocr_line' id='line_1_66' title="bbox 2087 798 3698 872; baseline 0.005 -23"><span class='ocrx_word' id='word_1_532' title='bbox 2087 804 2201 850; x_wconf 90' lang='lat' dir='ltr'><strong>stus</strong></span> <span class='ocrx_word' id='word_1_533' title='bbox 2229 804 2284 850; x_wconf 91' lang='lat' dir='ltr'><strong>et</strong></span> <span class='ocrx_word' id='word_1_534' title='bbox 2313 798 2479 867; x_wconf 82' lang='lat' dir='ltr'><strong>magis</strong></span> <span class='ocrx_word' id='word_1_535' title='bbox 2507 799 2649 868; x_wconf 88' lang='lat' dir='ltr'><strong>cupit</strong></span> <span class='ocrx_word' id='word_1_536' title='bbox 2677 799 2947 854; x_wconf 84' lang='lat' dir='ltr'><strong>inimicum</strong></span> <span class='ocrx_word' id='word_1_537' title='bbox 2975 814 3128 854; x_wconf 90' lang='lat' dir='ltr'><strong>suum</strong></span> <span class='ocrx_word' id='word_1_538' title='bbox 3158 801 3350 870; x_wconf 76' lang='lat' dir='ltr'><strong>corrigi</strong></span> <span class='ocrx_word' id='word_1_539' title='bbox 3380 817 3537 872; x_wconf 90' lang='lat' dir='ltr'><strong>quam</strong></span> <span class='ocrx_word' id='word_1_540' title='bbox 3565 818 3655 871; x_wconf 86' lang='lat' dir='ltr'><strong>pu-</strong></span> <span class='ocrx_word' id='word_1_541' title='bbox 3696 810 3698 812; x_wconf 76' lang='grc'>’</span> 
     </span>
    </p>
   </div>
   <div class='ocr_carea' id='block_1_67' title="bbox 2089 889 3666 959">
    <p class='ocr_par' dir='ltr' id='par_1_67' title="bbox 2089 889 3666 959">
     <span class='ocr_line' id='line_1_67' title="bbox 2089 889 3666 959; baseline 0.004 -17"><span class='ocrx_word' id='word_1_542' title='bbox 2089 889 2230 954; x_wconf 86' lang='lat' dir='ltr'><strong>niri;</strong></span> <span class='ocrx_word' id='word_1_543' title='bbox 2261 898 2462 945; x_wconf 90' lang='lat' dir='ltr'><strong>etcum</strong></span> <span class='ocrx_word' id='word_1_544' title='bbox 2493 893 2544 944; x_wconf 91' lang='lat' dir='ltr'><strong>in</strong></span> <span class='ocrx_word' id='word_1_545' title='bbox 2586 906 2706 945; x_wconf 91' lang='lat' dir='ltr'><strong>euui</strong></span> <span class='ocrx_word' id='word_1_546' title='bbox 2744 892 2887 947; x_wconf 89' lang='lat' dir='ltr'><strong>videt</strong></span> <span class='ocrx_word' id='word_1_547' title='bbox 2923 908 2950 945; x_wconf 88' lang='lat' dir='ltr'><strong>a</strong></span> <span class='ocrx_word' id='word_1_548' title='bbox 2992 893 3219 947; x_wconf 90' lang='lat' dir='ltr'><strong>Domino</strong></span> <span class='ocrx_word' id='word_1_549' title='bbox 3254 893 3531 959; x_wconf 84' lang='lat' dir='ltr'><strong>vindicari,</strong></span> <span class='ocrx_word' id='word_1_550' title='bbox 3561 908 3666 949; x_wconf 91' lang='lat' dir='ltr'><strong>non</strong></span> 
     </span>
    </p>
   </div>
   <div class='ocr_carea' id='block_1_68' title="bbox 2087 979 3665 1052">
    <p class='ocr_par' dir='ltr' id='par_1_68' title="bbox 2087 979 3665 1052">
     <span class='ocr_line' id='line_1_68' title="bbox 2087 979 3665 1052; baseline 0.003 -18"><span class='ocrx_word' id='word_1_551' title='bbox 2087 979 2203 1049; x_wconf 85' lang='lat' dir='ltr'><strong>ejus</strong></span> <span class='ocrx_word' id='word_1_552' title='bbox 2230 979 2525 1035; x_wconf 90' lang='lat' dir='ltr'><strong>delectatur</strong></span> <span class='ocrx_word' id='word_1_553' title='bbox 2545 996 2723 1050; x_wconf 69' lang='lat' dir='ltr'><strong>paena,</strong></span> <span class='ocrx_word' id='word_1_554' title='bbox 2751 983 2871 1052; x_wconf 88' lang='lat' dir='ltr'><strong>quia</strong></span> <span class='ocrx_word' id='word_1_555' title='bbox 2916 999 3023 1038; x_wconf 89' lang='lat' dir='ltr'><strong>non</strong></span> <span class='ocrx_word' id='word_1_556' title='bbox 3066 1000 3186 1038; x_wconf 89' lang='lat' dir='ltr'><strong>eum</strong></span> <span class='ocrx_word' id='word_1_557' title='bbox 3214 983 3345 1048; x_wconf 90' lang='lat' dir='ltr'><strong>odit,</strong></span> <span class='ocrx_word' id='word_1_558' title='bbox 3374 985 3465 1038; x_wconf 90' lang='lat' dir='ltr'><strong>sed</strong></span> <span class='ocrx_word' id='word_1_559' title='bbox 3490 985 3665 1039; x_wconf 88' lang='lat' dir='ltr'><strong>divina</strong></span> 
     </span>
    </p>
   </div>
   <div class='ocr_carea' id='block_1_69' title="bbox 2081 1069 3669 1142">
    <p class='ocr_par' dir='ltr' id='par_1_69' title="bbox 2081 1069 3669 1142">
     <span class='ocr_line' id='line_1_69' title="bbox 2081 1069 3669 1142; baseline 0.004 -19"><span class='ocrx_word' id='word_1_560' title='bbox 2081 1069 2310 1139; x_wconf 89' lang='lat' dir='ltr'><strong>justitia,</strong></span> <span class='ocrx_word' id='word_1_561' title='bbox 2337 1070 2459 1139; x_wconf 86' lang='lat' dir='ltr'><strong>quia</strong></span> <span class='ocrx_word' id='word_1_562' title='bbox 2503 1070 2665 1125; x_wconf 90' lang='lat' dir='ltr'><strong>Deum</strong></span> <span class='ocrx_word' id='word_1_563' title='bbox 2702 1071 2909 1142; x_wconf 79' lang='lat' dir='ltr'><strong>diligit?</strong></span> <span class='ocrx_word' id='word_1_564' title='bbox 2935 1072 3171 1142; x_wconf 89' lang='lat' dir='ltr'><strong>Denique</strong></span> <span class='ocrx_word' id='word_1_565' title='bbox 3196 1073 3240 1128; x_wconf 88' lang='lat' dir='ltr'><strong>si</strong></span> <span class='ocrx_word' id='word_1_566' title='bbox 3271 1075 3321 1127; x_wconf 91' lang='lat' dir='ltr'><strong>in</strong></span> <span class='ocrx_word' id='word_1_567' title='bbox 3346 1073 3448 1128; x_wconf 91' lang='lat' dir='ltr'><strong>hoc</strong></span> <span class='ocrx_word' id='word_1_568' title='bbox 3471 1075 3669 1131; x_wconf 70' lang='lat' dir='ltr'><strong>sarculo</strong></span> 
     </span>
    </p>
   </div>
   <div class='ocr_carea' id='block_1_70' title="bbox 2088 1161 3663 1233">
    <p class='ocr_par' dir='ltr' id='par_1_70' title="bbox 2088 1161 3663 1233">
     <span class='ocr_line' id='line_1_70' title="bbox 2088 1161 3663 1233; baseline 0.004 -18"><span class='ocrx_word' id='word_1_569' title='bbox 2088 1161 2138 1215; x_wconf 92' lang='lat' dir='ltr'><strong>iu</strong></span> <span class='ocrx_word' id='word_1_570' title='bbox 2167 1177 2286 1217; x_wconf 91' lang='lat' dir='ltr'><strong>eum</strong></span> <span class='ocrx_word' id='word_1_571' title='bbox 2308 1162 2622 1230; x_wconf 87' lang='lat' dir='ltr'><strong>vindicatur,</strong></span> <span class='ocrx_word' id='word_1_572' title='bbox 2653 1165 2732 1220; x_wconf 86' lang='lat' dir='ltr'><strong>vel</strong></span> <span class='ocrx_word' id='word_1_573' title='bbox 2769 1180 2863 1233; x_wconf 89' lang='lat' dir='ltr'><strong>pro</strong></span> <span class='ocrx_word' id='word_1_574' title='bbox 2893 1165 2982 1220; x_wconf 90' lang='lat' dir='ltr'><strong>illo</strong></span> <span class='ocrx_word' id='word_1_575' title='bbox 3009 1165 3167 1220; x_wconf 88' lang='lat' dir='ltr'><strong>etiam</strong></span> <span class='ocrx_word' id='word_1_576' title='bbox 3196 1166 3405 1220; x_wconf 76' lang='lat' dir='ltr'><strong>lietatur</strong></span> <span class='ocrx_word' id='word_1_577' title='bbox 3427 1208 3443 1232; x_wconf 91' lang='lat'><strong>,</strong></span> <span class='ocrx_word' id='word_1_578' title='bbox 3472 1167 3514 1221; x_wconf 86' lang='lat' dir='ltr'><strong>si</strong></span> <span class='ocrx_word' id='word_1_579' title='bbox 3538 1182 3663 1221; x_wconf 85' lang='lat' dir='ltr'><strong>cor-</strong></span> 
     </span>
    </p>
   </div>
   <div class='ocr_carea' id='block_1_71' title="bbox 2085 1253 3663 1324">
    <p class='ocr_par' dir='ltr' id='par_1_71' title="bbox 2085 1253 3663 1324">
     <span class='ocr_line' id='line_1_71' title="bbox 2085 1253 3663 1324; baseline 0.003 -16"><span class='ocrx_word' id='word_1_580' title='bbox 2085 1253 2306 1322; x_wconf 88' lang='lat' dir='ltr'><strong>rigitur;</strong></span> <span class='ocrx_word' id='word_1_581' title='bbox 2338 1254 2419 1309; x_wconf 89' lang='lat' dir='ltr'><strong>vel</strong></span> <span class='ocrx_word' id='word_1_582' title='bbox 2468 1264 2613 1311; x_wconf 89' lang='lat' dir='ltr'><strong>certe</strong></span> <span class='ocrx_word' id='word_1_583' title='bbox 2641 1270 2735 1324; x_wconf 87' lang='lat' dir='ltr'><strong>pro</strong></span> <span class='ocrx_word' id='word_1_584' title='bbox 2762 1257 2912 1321; x_wconf 90' lang='lat' dir='ltr'><strong>aliis,</strong></span> <span class='ocrx_word' id='word_1_585' title='bbox 2942 1266 3002 1312; x_wconf 88' lang='lat' dir='ltr'><strong>ut</strong></span> <span class='ocrx_word' id='word_1_586' title='bbox 3037 1272 3157 1312; x_wconf 80' lang='lat' dir='ltr'><strong>eum</strong></span> <span class='ocrx_word' id='word_1_587' title='bbox 3190 1258 3409 1312; x_wconf 87' lang='lat' dir='ltr'><strong>timeant</strong></span> <span class='ocrx_word' id='word_1_588' title='bbox 3449 1259 3663 1313; x_wconf 89' lang='lat' dir='ltr'><strong>imitari.</strong></span> 
     </span>
    </p>
   </div>
   <div class='ocr_carea' id='block_1_72' title="bbox 2087 1343 3665 1418">
    <p class='ocr_par' dir='ltr' id='par_1_72' title="bbox 2087 1343 3665 1418">
     <span class='ocr_line' id='line_1_72' title="bbox 2087 1343 3665 1418; baseline 0.004 -21"><span class='ocrx_word' id='word_1_589' title='bbox 2087 1343 2205 1413; x_wconf 87' lang='lat' dir='ltr'><strong>Ipse</strong></span> <span class='ocrx_word' id='word_1_590' title='bbox 2232 1360 2442 1416; x_wconf 88' lang='lat' dir='ltr'><strong>quoque</strong></span> <span class='ocrx_word' id='word_1_591' title='bbox 2473 1345 2529 1400; x_wconf 87' lang='lat' dir='ltr'><strong>lit</strong></span> <span class='ocrx_word' id='word_1_592' title='bbox 2569 1348 2778 1414; x_wconf 90' lang='lat' dir='ltr'><strong>melior,</strong></span> <span class='ocrx_word' id='word_1_593' title='bbox 2811 1362 2915 1402; x_wconf 90' lang='lat' dir='ltr'><strong>non</strong></span> <span class='ocrx_word' id='word_1_594' title='bbox 2946 1348 3203 1418; x_wconf 90' lang='lat' dir='ltr'><strong>supplicio</strong></span> <span class='ocrx_word' id='word_1_595' title='bbox 3229 1349 3369 1403; x_wconf 89' lang='lat' dir='ltr'><strong>illius</strong></span> <span class='ocrx_word' id='word_1_596' title='bbox 3405 1350 3526 1404; x_wconf 87' lang='lat' dir='ltr'><strong>odia</strong></span> <span class='ocrx_word' id='word_1_597' title='bbox 3569 1363 3665 1404; x_wconf 90' lang='lat' dir='ltr'><strong>sua</strong></span> 
     </span>
    </p>
   </div>
   <div class='ocr_carea' id='block_1_73' title="bbox 2086 1435 3665 1509">
    <p class='ocr_par' dir='ltr' id='par_1_73' title="bbox 2086 1435 3665 1509">
     <span class='ocr_line' id='line_1_73' title="bbox 2086 1435 3665 1509; baseline 0.004 -22"><span class='ocrx_word' id='word_1_598' title='bbox 2086 1435 2351 1505; x_wconf 82' lang='lat' dir='ltr'><strong>pascendo</strong></span> <span class='ocrx_word' id='word_1_599' title='bbox 2370 1477 2383 1502; x_wconf 92' lang='lat'><strong>,</strong></span> <span class='ocrx_word' id='word_1_600' title='bbox 2413 1436 2507 1491; x_wconf 90' lang='lat' dir='ltr'><strong>sed</strong></span> <span class='ocrx_word' id='word_1_601' title='bbox 2533 1447 2706 1491; x_wconf 85' lang='lat' dir='ltr'><strong>errata</strong></span> <span class='ocrx_word' id='word_1_602' title='bbox 2733 1438 3083 1494; x_wconf 89' lang='lat' dir='ltr'><strong>emendando.</strong></span> <span class='ocrx_word' id='word_1_603' title='bbox 3116 1439 3193 1493; x_wconf 83' lang='lat' dir='ltr'><strong>Ac</strong></span> <span class='ocrx_word' id='word_1_604' title='bbox 3210 1454 3307 1509; x_wconf 90' lang='lat' dir='ltr'><strong>per</strong></span> <span class='ocrx_word' id='word_1_605' title='bbox 3332 1438 3437 1494; x_wconf 89' lang='lat' dir='ltr'><strong>hoc</strong></span> <span class='ocrx_word' id='word_1_606' title='bbox 3459 1439 3526 1495; x_wconf 94' lang='lat' dir='ltr'><strong>de</strong></span> <span class='ocrx_word' id='word_1_607' title='bbox 3570 1439 3665 1493; x_wconf 87' lang='lat' dir='ltr'><strong>be-</strong></span> 
     </span>
    </p>
   </div>
   <div class='ocr_carea' id='block_1_74' title="bbox 2080 1527 3662 1601">
    <p class='ocr_par' dir='ltr' id='par_1_74' title="bbox 2080 1527 3662 1601">
     <span class='ocr_line' id='line_1_74' title="bbox 2080 1527 3662 1601; baseline 0.001 -21"><span class='ocrx_word' id='word_1_608' title='bbox 2080 1527 2405 1592; x_wconf 86' lang='lat' dir='ltr'><strong>nevolentia,</strong></span> <span class='ocrx_word' id='word_1_609' title='bbox 2441 1544 2543 1582; x_wconf 91' lang='lat' dir='ltr'><strong>non</strong></span> <span class='ocrx_word' id='word_1_610' title='bbox 2579 1528 2646 1583; x_wconf 88' lang='lat' dir='ltr'><strong>de</strong></span> <span class='ocrx_word' id='word_1_611' title='bbox 2684 1530 2878 1585; x_wconf 89' lang='lat' dir='ltr'><strong>malitia</strong></span> <span class='ocrx_word' id='word_1_612' title='bbox 2922 1539 3003 1585; x_wconf 89' lang='lat' dir='ltr'><strong>est</strong></span> <span class='ocrx_word' id='word_1_613' title='bbox 3049 1530 3188 1601; x_wconf 90' lang='lat' dir='ltr'><strong>quod</strong></span> <span class='ocrx_word' id='word_1_614' title='bbox 3234 1529 3441 1585; x_wconf 70' lang='lat' dir='ltr'><strong>lzetatur</strong></span> <span class='ocrx_word' id='word_1_615' title='bbox 3468 1530 3662 1599; x_wconf 82' lang='lat' dir='ltr'><strong>justus,</strong></span> 
     </span>
    </p>
   </div>
   <div class='ocr_carea' id='block_1_75' title="bbox 2084 1619 3663 1689">
    <p class='ocr_par' dir='ltr' id='par_1_75' title="bbox 2084 1619 3663 1689">
     <span class='ocr_line' id='line_1_75' title="bbox 2084 1619 3663 1689; baseline 0 -15"><span class='ocrx_word' id='word_1_616' title='bbox 2084 1634 2204 1674; x_wconf 92' lang='lat' dir='ltr'><strong>cum</strong></span> <span class='ocrx_word' id='word_1_617' title='bbox 2254 1619 2395 1674; x_wconf 88' lang='lat' dir='ltr'><strong>videt</strong></span> <span class='ocrx_word' id='word_1_618' title='bbox 2424 1620 2729 1686; x_wconf 89' lang='lat' dir='ltr'><strong>vindictam,</strong></span> <span class='ocrx_word' id='word_1_619' title='bbox 2761 1630 2814 1677; x_wconf 89' lang='lat' dir='ltr'><strong>et</strong></span> <span class='ocrx_word' id='word_1_620' title='bbox 2852 1636 3038 1676; x_wconf 89' lang='lat' dir='ltr'><strong>manus</strong></span> <span class='ocrx_word' id='word_1_621' title='bbox 3089 1636 3213 1676; x_wconf 90' lang='lat' dir='ltr'><strong>suas</strong></span> <span class='ocrx_word' id='word_1_622' title='bbox 3264 1621 3422 1687; x_wconf 87' lang='lat' dir='ltr'><strong>lavat,</strong></span> <span class='ocrx_word' id='word_1_623' title='bbox 3470 1620 3522 1676; x_wconf 94' lang='lat' dir='ltr'><strong>id</strong></span> <span class='ocrx_word' id='word_1_624' title='bbox 3560 1629 3663 1689; x_wconf 89' lang='lat' dir='ltr'><strong>est,</strong></span> 
     </span>
    </p>
   </div>
   <div class='ocr_carea' id='block_1_76' title="bbox 2084 1711 3664 1785">
    <p class='ocr_par' dir='ltr' id='par_1_76' title="bbox 2084 1711 3664 1785">
     <span class='ocr_line' id='line_1_76' title="bbox 2084 1711 3664 1785; baseline 0.001 -21"><span class='ocrx_word' id='word_1_625' title='bbox 2084 1727 2245 1781; x_wconf 84' lang='lat' dir='ltr'><strong>opera</strong></span> <span class='ocrx_word' id='word_1_626' title='bbox 2273 1712 2547 1767; x_wconf 89' lang='lat' dir='ltr'><strong>mundiora</strong></span> <span class='ocrx_word' id='word_1_627' title='bbox 2577 1711 2741 1769; x_wconf 82' lang='lat' dir='ltr'><strong>efﬁcit</strong></span> <span class='ocrx_word' id='word_1_628' title='bbox 2770 1714 2820 1768; x_wconf 92' lang='lat' dir='ltr'><strong>in</strong></span> <span class='ocrx_word' id='word_1_629' title='bbox 2850 1715 3107 1785; x_wconf 86' lang='lat' dir='ltr'><strong>sanguine</strong></span> <span class='ocrx_word' id='word_1_630' title='bbox 3127 1756 3141 1777; x_wconf 91' lang='lat'><strong>,</strong></span> <span class='ocrx_word' id='word_1_631' title='bbox 3183 1714 3285 1769; x_wconf 92' lang='lat' dir='ltr'><strong>hoc</strong></span> <span class='ocrx_word' id='word_1_632' title='bbox 3312 1722 3396 1769; x_wconf 91' lang='lat' dir='ltr'><strong>est</strong></span> <span class='ocrx_word' id='word_1_633' title='bbox 3423 1715 3473 1768; x_wconf 81' lang='lat' dir='ltr'><strong>in</strong></span> <span class='ocrx_word' id='word_1_634' title='bbox 3500 1713 3664 1769; x_wconf 77' lang='lat' dir='ltr'><strong>exitio</strong></span> 
     </span>
    </p>
   </div>
   <div class='ocr_carea' id='block_1_77' title="bbox 2082 1800 3661 1874">
    <p class='ocr_par' dir='ltr' id='par_1_77' title="bbox 2082 1800 3661 1874">
     <span class='ocr_line' id='line_1_77' title="bbox 2082 1800 3661 1874; baseline 0.001 -18"><span class='ocrx_word' id='word_1_635' title='bbox 2082 1802 2409 1873; x_wconf 89' lang='lat' dir='ltr'><strong>peccatoris;</strong></span> <span class='ocrx_word' id='word_1_636' title='bbox 2440 1818 2657 1858; x_wconf 86' lang='lat' dir='ltr'><strong>sumens</strong></span> <span class='ocrx_word' id='word_1_637' title='bbox 2709 1800 2981 1859; x_wconf 54' lang='lat' dir='ltr'><strong>inde&#39;non</strong></span> <span class='ocrx_word' id='word_1_638' title='bbox 3029 1804 3154 1859; x_wconf 87' lang='lat' dir='ltr'><strong>mali</strong></span> <span class='ocrx_word' id='word_1_639' title='bbox 3184 1804 3347 1860; x_wconf 89' lang='lat' dir='ltr'><strong>alieni</strong></span> <span class='ocrx_word' id='word_1_640' title='bbox 3388 1804 3661 1874; x_wconf 72' lang='lat' dir='ltr'><strong>gaudium,</strong></span> 
     </span>
    </p>
   </div>
   <div class='ocr_carea' id='block_1_78' title="bbox 2084 1895 3663 1967">
    <p class='ocr_par' dir='ltr' id='par_1_78' title="bbox 2084 1895 3663 1967">
     <span class='ocr_line' id='line_1_78' title="bbox 2084 1895 3663 1967; baseline -0.002 -15"><span class='ocrx_word' id='word_1_641' title='bbox 2084 1895 2177 1952; x_wconf 86' lang='lat' dir='ltr'><strong>sed</strong></span> <span class='ocrx_word' id='word_1_642' title='bbox 2206 1895 2399 1951; x_wconf 74' lang='lat' dir='ltr'><strong>divina:</strong></span> <span class='ocrx_word' id='word_1_643' title='bbox 2428 1896 2805 1951; x_wconf 89' lang='lat' dir='ltr'><strong>admonitionis</strong></span> <span class='ocrx_word' id='word_1_644' title='bbox 2844 1897 3166 1967; x_wconf 79' lang='lat' dir='ltr'><strong>exemplum.</strong></span> <span class='ocrx_word' id='word_1_645' title='bbox 3204 1896 3256 1953; x_wconf 92' lang='lat' dir='ltr'><strong>Si</strong></span> <span class='ocrx_word' id='word_1_646' title='bbox 3285 1905 3462 1953; x_wconf 91' lang='lat' dir='ltr'><strong>autem</strong></span> <span class='ocrx_word' id='word_1_647' title='bbox 3498 1896 3550 1951; x_wconf 90' lang='lat' dir='ltr'><strong>iii</strong></span> <span class='ocrx_word' id='word_1_648' title='bbox 3581 1897 3663 1950; x_wconf 80' lang='lat' dir='ltr'><strong>fu-</strong></span> 
     </span>
    </p>
   </div>
   <div class='ocr_carea' id='block_1_79' title="bbox 2085 1986 3665 2058">
    <p class='ocr_par' dir='ltr' id='par_1_79' title="bbox 2085 1986 3665 2058">
     <span class='ocr_line' id='line_1_79' title="bbox 2085 1986 3665 2058; baseline 0.002 -18"><span class='ocrx_word' id='word_1_649' title='bbox 2085 1996 2203 2042; x_wconf 89' lang='lat' dir='ltr'><strong>turo</strong></span> <span class='ocrx_word' id='word_1_650' title='bbox 2248 1988 2467 2054; x_wconf 70' lang='lat' dir='ltr'><strong>sieculo,</strong></span> <span class='ocrx_word' id='word_1_651' title='bbox 2509 1988 2695 2042; x_wconf 89' lang='lat' dir='ltr'><strong>ultimo</strong></span> <span class='ocrx_word' id='word_1_652' title='bbox 2742 1986 2835 2043; x_wconf 91' lang='lat' dir='ltr'><strong>Dei</strong></span> <span class='ocrx_word' id='word_1_653' title='bbox 2874 1988 3074 2058; x_wconf 89' lang='lat' dir='ltr'><strong>judicio</strong></span> <span class='ocrx_word' id='word_1_654' title='bbox 3102 1988 3418 2053; x_wconf 89' lang='lat' dir='ltr'><strong>vindicatur,</strong></span> <span class='ocrx_word' id='word_1_655' title='bbox 3477 1987 3582 2042; x_wconf 91' lang='lat' dir='ltr'><strong>hoc</strong></span> <span class='ocrx_word' id='word_1_656' title='bbox 3613 1986 3665 2043; x_wconf 87' lang='lat' dir='ltr'><strong>ei</strong></span> 
     </span>
    </p>
   </div>
   <div class='ocr_carea' id='block_1_80' title="bbox 2084 2078 3662 2151">
    <p class='ocr_par' dir='ltr' id='par_1_80' title="bbox 2084 2078 3662 2151">
     <span class='ocr_line' id='line_1_80' title="bbox 2084 2078 3662 2151; baseline 0.001 -18"><span class='ocrx_word' id='word_1_657' title='bbox 2084 2078 2258 2149; x_wconf 88' lang='lat' dir='ltr'><strong>placet</strong></span> <span class='ocrx_word' id='word_1_658' title='bbox 2284 2079 2423 2149; x_wconf 90' lang='lat' dir='ltr'><strong>quod</strong></span> <span class='ocrx_word' id='word_1_659' title='bbox 2449 2079 2593 2144; x_wconf 90' lang='lat' dir='ltr'><strong>Deo;</strong></span> <span class='ocrx_word' id='word_1_660' title='bbox 2616 2095 2695 2135; x_wconf 63' lang='lat' dir='ltr'><strong>Ine</strong></span> <span class='ocrx_word' id='word_1_661' title='bbox 2722 2079 2858 2135; x_wconf 93' lang='lat' dir='ltr'><strong>bene</strong></span> <span class='ocrx_word' id='word_1_662' title='bbox 2886 2080 2954 2134; x_wconf 91' lang='lat' dir='ltr'><strong>sit</strong></span> <span class='ocrx_word' id='word_1_663' title='bbox 2983 2080 3161 2145; x_wconf 90' lang='lat' dir='ltr'><strong>malis,</strong></span> <span class='ocrx_word' id='word_1_664' title='bbox 3199 2096 3267 2136; x_wconf 91' lang='lat' dir='ltr'><strong>ne</strong></span> <span class='ocrx_word' id='word_1_665' title='bbox 3291 2082 3496 2151; x_wconf 90' lang='lat' dir='ltr'><strong>piorum</strong></span> <span class='ocrx_word' id='word_1_666' title='bbox 3522 2095 3662 2150; x_wconf 64' lang='lat' dir='ltr'><strong>prie-</strong></span> 
     </span>
    </p>
   </div>
   <div class='ocr_carea' id='block_1_81' title="bbox 2082 2170 3663 2243">
    <p class='ocr_par' dir='ltr' id='par_1_81' title="bbox 2082 2170 3663 2243">
     <span class='ocr_line' id='line_1_81' title="bbox 2082 2170 3663 2243; baseline 0.001 -17"><span class='ocrx_word' id='word_1_667' title='bbox 2082 2172 2204 2229; x_wconf 88' lang='lat' dir='ltr'><strong>miis</strong></span> <span class='ocrx_word' id='word_1_668' title='bbox 2229 2171 2389 2227; x_wconf 83' lang='lat' dir='ltr'><strong>etiam</strong></span> <span class='ocrx_word' id='word_1_669' title='bbox 2416 2172 2560 2241; x_wconf 90' lang='lat' dir='ltr'><strong>impii</strong></span> <span class='ocrx_word' id='word_1_670' title='bbox 2585 2170 2929 2241; x_wconf 80' lang='lat' dir='ltr'><strong>perfruantur</strong></span> <span class='ocrx_word' id='word_1_671' title='bbox 2960 2188 2975 2226; x_wconf 88' lang='lat'><strong>:</strong></span> <span class='ocrx_word' id='word_1_672' title='bbox 3000 2172 3142 2242; x_wconf 91' lang='lat' dir='ltr'><strong>quod</strong></span> <span class='ocrx_word' id='word_1_673' title='bbox 3189 2172 3368 2243; x_wconf 90' lang='lat' dir='ltr'><strong>utique</strong></span> <span class='ocrx_word' id='word_1_674' title='bbox 3411 2172 3663 2242; x_wconf 84' lang='lat' dir='ltr'><strong>injustiim</strong></span> 
     </span>
    </p>
   </div>
   <div class='ocr_carea' id='block_1_82' title="bbox 2082 2265 3661 2336">
    <p class='ocr_par' dir='ltr' id='par_1_82' title="bbox 2082 2265 3661 2336">
     <span class='ocr_line' id='line_1_82' title="bbox 2082 2265 3661 2336; baseline -0.002 -15"><span class='ocrx_word' id='word_1_675' title='bbox 2082 2273 2183 2331; x_wconf 88' lang='lat' dir='ltr'><strong>est,</strong></span> <span class='ocrx_word' id='word_1_676' title='bbox 2214 2275 2267 2321; x_wconf 90' lang='lat' dir='ltr'><strong>et</strong></span> <span class='ocrx_word' id='word_1_677' title='bbox 2292 2280 2320 2319; x_wconf 85' lang='lat' dir='ltr'><strong>a</strong></span> <span class='ocrx_word' id='word_1_678' title='bbox 2342 2266 2520 2335; x_wconf 85' lang='lat' dir='ltr'><strong>regula</strong></span> <span class='ocrx_word' id='word_1_679' title='bbox 2545 2266 2799 2329; x_wconf 87' lang='lat' dir='ltr'><strong>veritatis,</strong></span> <span class='ocrx_word' id='word_1_680' title='bbox 2824 2280 2983 2336; x_wconf 86' lang='lat' dir='ltr'><strong>quam</strong></span> <span class='ocrx_word' id='word_1_681' title='bbox 3004 2265 3179 2334; x_wconf 83' lang='lat' dir='ltr'><strong>justus</strong></span> <span class='ocrx_word' id='word_1_682' title='bbox 3194 2265 3379 2335; x_wconf 85' lang='lat' dir='ltr'><strong>diligit,</strong></span> <span class='ocrx_word' id='word_1_683' title='bbox 3409 2265 3661 2320; x_wconf 90' lang='lat' dir='ltr'><strong>alienum.</strong></span> 
     </span>
    </p>
   </div>
   <div class='ocr_carea' id='block_1_83' title="bbox 2082 2355 3666 2425">
    <p class='ocr_par' dir='ltr' id='par_1_83' title="bbox 2082 2355 3666 2425">
     <span class='ocr_line' id='line_1_83' title="bbox 2082 2355 3666 2425; baseline -0.001 -14"><span class='ocrx_word' id='word_1_684' title='bbox 2082 2359 2213 2411; x_wconf 86' lang='lat' dir='ltr'><strong>Cum</strong></span> <span class='ocrx_word' id='word_1_685' title='bbox 2239 2356 2380 2410; x_wconf 90' lang='lat' dir='ltr'><strong>enim</strong></span> <span class='ocrx_word' id='word_1_686' title='bbox 2411 2370 2508 2410; x_wconf 84' lang='lat' dir='ltr'><strong>n0s</strong></span> <span class='ocrx_word' id='word_1_687' title='bbox 2550 2355 2615 2410; x_wconf 87' lang='lat' dir='ltr'><strong>ad</strong></span> <span class='ocrx_word' id='word_1_688' title='bbox 2650 2355 2946 2425; x_wconf 87' lang='lat' dir='ltr'><strong>diligendus</strong></span> <span class='ocrx_word' id='word_1_689' title='bbox 2989 2356 3232 2410; x_wconf 89' lang='lat' dir='ltr'><strong>inimicos</strong></span> <span class='ocrx_word' id='word_1_690' title='bbox 3262 2356 3516 2410; x_wconf 91' lang='lat' dir='ltr'><strong>Dominus</strong></span> <span class='ocrx_word' id='word_1_691' title='bbox 3541 2355 3666 2409; x_wconf 86' lang='lat' dir='ltr'><strong>hor-</strong></span> 
     </span>
    </p>
   </div>
   <div class='ocr_carea' id='block_1_84' title="bbox 2080 2446 3661 2518">
    <p class='ocr_par' dir='ltr' id='par_1_84' title="bbox 2080 2446 3661 2518">
     <span class='ocr_line' id='line_1_84' title="bbox 2080 2446 3661 2518; baseline -0.001 -15"><span class='ocrx_word' id='word_1_692' title='bbox 2080 2457 2304 2515; x_wconf 90' lang='lat' dir='ltr'><strong>taretur,</strong></span> <span class='ocrx_word' id='word_1_693' title='bbox 2333 2447 2632 2516; x_wconf 78' lang='lat' dir='ltr'><strong>exemplum</strong></span> <span class='ocrx_word' id='word_1_694' title='bbox 2661 2447 2933 2518; x_wconf 89' lang='lat' dir='ltr'><strong>proposuit</strong></span> <span class='ocrx_word' id='word_1_695' title='bbox 2961 2446 3130 2501; x_wconf 80' lang='lat' dir='ltr'><strong>Patris</strong></span> <span class='ocrx_word' id='word_1_696' title='bbox 3154 2446 3320 2501; x_wconf 76' lang='lat' dir='ltr'><strong>nostri</strong></span> <span class='ocrx_word' id='word_1_697' title='bbox 3348 2447 3435 2516; x_wconf 88' lang='lat' dir='ltr'><strong>qui</strong></span> <span class='ocrx_word' id='word_1_698' title='bbox 3462 2446 3516 2500; x_wconf 92' lang='lat' dir='ltr'><strong>in</strong></span> <span class='ocrx_word' id='word_1_699' title='bbox 3549 2462 3661 2502; x_wconf 77' lang='lat' dir='ltr'><strong>cte-</strong></span> 
     </span>
    </p>
   </div>
   <div class='ocr_carea' id='block_1_85' title="bbox 2082 2536 3661 2612">
    <p class='ocr_par' dir='ltr' id='par_1_85' title="bbox 2082 2536 3661 2612">
     <span class='ocr_line' id='line_1_85' title="bbox 2082 2536 3661 2612; baseline -0.001 -16"><span class='ocrx_word' id='word_1_700' title='bbox 2082 2542 2148 2596; x_wconf 92' lang='lat' dir='ltr'><strong>lis</strong></span> <span class='ocrx_word' id='word_1_701' title='bbox 2172 2549 2272 2609; x_wconf 87' lang='lat' dir='ltr'><strong>est,</strong></span> <span class='ocrx_word' id='word_1_702' title='bbox 2296 2542 2383 2612; x_wconf 85' lang='lat' dir='ltr'><strong>qui</strong></span> <span class='ocrx_word' id='word_1_703' title='bbox 2402 2542 2526 2611; x_wconf 82' lang='lat' dir='ltr'><strong>facit</strong></span> <span class='ocrx_word' id='word_1_704' title='bbox 2547 2541 2704 2595; x_wconf 85' lang='lat' dir='ltr'><strong>solent</strong></span> <span class='ocrx_word' id='word_1_705' title='bbox 2728 2557 2877 2595; x_wconf 85' lang='lat' dir='ltr'><strong>suum</strong></span> <span class='ocrx_word' id='word_1_706' title='bbox 2904 2536 3027 2593; x_wconf 84' lang='lat' dir='ltr'><strong>oriri</strong></span> <span class='ocrx_word' id='word_1_707' title='bbox 3050 2557 3202 2609; x_wconf 79' lang='lat' dir='ltr'><strong>super</strong></span> <span class='ocrx_word' id='word_1_708' title='bbox 3227 2539 3383 2594; x_wconf 85' lang='lat' dir='ltr'><strong>bonos</strong></span> <span class='ocrx_word' id='word_1_709' title='bbox 3411 2551 3457 2595; x_wconf 86' lang='lat' dir='ltr'><strong>et</strong></span> <span class='ocrx_word' id='word_1_710' title='bbox 3479 2542 3661 2606; x_wconf 87' lang='lat' dir='ltr'><strong>malos,</strong></span> 
     </span>
    </p>
   </div>
   <div class='ocr_carea' id='block_1_86' title="bbox 2080 2630 3665 2702">
    <p class='ocr_par' dir='ltr' id='par_1_86' title="bbox 2080 2630 3665 2702">
     <span class='ocr_line' id='line_1_86' title="bbox 2080 2630 3665 2702; baseline 0 -17"><span class='ocrx_word' id='word_1_711' title='bbox 2080 2642 2125 2685; x_wconf 89' lang='lat' dir='ltr'><strong>et</strong></span> <span class='ocrx_word' id='word_1_712' title='bbox 2156 2632 2284 2701; x_wconf 84' lang='lat' dir='ltr'><strong>pluit</strong></span> <span class='ocrx_word' id='word_1_713' title='bbox 2310 2648 2463 2700; x_wconf 83' lang='lat' dir='ltr'><strong>super</strong></span> <span class='ocrx_word' id='word_1_714' title='bbox 2480 2632 2650 2702; x_wconf 85' lang='lat' dir='ltr'><strong>justos</strong></span> <span class='ocrx_word' id='word_1_715' title='bbox 2669 2640 2715 2684; x_wconf 87' lang='lat' dir='ltr'><strong>et</strong></span> <span class='ocrx_word' id='word_1_716' title='bbox 2739 2631 2955 2699; x_wconf 84' lang='lat' dir='ltr'><strong>injustas</strong></span> <span class='ocrx_word' id='word_1_717' title='bbox 2985 2630 3004 2700; x_wconf 93' lang='lat'>(</span> <span class='ocrx_word' id='word_1_718' title='bbox 3026 2630 3212 2685; x_wconf 81' lang='lat' dir='ltr'><strong>Matth.</strong></span> <span class='ocrx_word' id='word_1_719' title='bbox 3244 2648 3296 2697; x_wconf 82' lang='grc' dir='ltr'>γ,</span> <span class='ocrx_word' id='word_1_720' title='bbox 3328 2632 3396 2686; x_wconf 73' lang='grc'><strong>45</strong></span> <span class='ocrx_word' id='word_1_721' title='bbox 3426 2631 3478 2701; x_wconf 83' lang='grc'><strong>);</strong></span> <span class='ocrx_word' id='word_1_722' title='bbox 3513 2648 3665 2685; x_wconf 85' lang='grc'><strong>1111111-</strong></span> 
     </span>
    </p>
   </div>
   <div class='ocr_carea' id='block_1_87' title="bbox 2080 2719 3660 2791">
    <p class='ocr_par' dir='ltr' id='par_1_87' title="bbox 2080 2719 3660 2791">
     <span class='ocr_line' id='line_1_87' title="bbox 2080 2719 3660 2791; baseline -0.002 -16"><span class='ocrx_word' id='word_1_723' title='bbox 2080 2722 2203 2791; x_wconf 87' lang='lat' dir='ltr'><strong>quid</strong></span> <span class='ocrx_word' id='word_1_724' title='bbox 2234 2731 2407 2776; x_wconf 89' lang='lat' dir='ltr'><strong>tamen</strong></span> <span class='ocrx_word' id='word_1_725' title='bbox 2440 2720 2560 2776; x_wconf 89' lang='lat' dir='ltr'><strong>ideo</strong></span> <span class='ocrx_word' id='word_1_726' title='bbox 2586 2719 2669 2776; x_wconf 89' lang='lat' dir='ltr'><strong>vel</strong></span> <span class='ocrx_word' id='word_1_727' title='bbox 2700 2719 3080 2790; x_wconf 87' lang='lat' dir='ltr'><strong>temporalibus</strong></span> <span class='ocrx_word' id='word_1_728' title='bbox 3108 2720 3530 2789; x_wconf 89' lang='lat' dir='ltr'><strong>correptionibus</strong></span> <span class='ocrx_word' id='word_1_729' title='bbox 3557 2736 3660 2773; x_wconf 88' lang='lat' dir='ltr'><strong>non</strong></span> 
     </span>
    </p>
   </div>
   <div class='ocr_carea' id='block_1_88' title="bbox 2079 2810 3664 2883">
    <p class='ocr_par' dir='ltr' id='par_1_88' title="bbox 2079 2810 3664 2883">
     <span class='ocr_line' id='line_1_88' title="bbox 2079 2810 3664 2883; baseline -0.004 -14"><span class='ocrx_word' id='word_1_730' title='bbox 2079 2814 2345 2876; x_wconf 89' lang='lat' dir='ltr'><strong>emendat,</strong></span> <span class='ocrx_word' id='word_1_731' title='bbox 2376 2813 2455 2869; x_wconf 88' lang='lat' dir='ltr'><strong>vel</strong></span> <span class='ocrx_word' id='word_1_732' title='bbox 2479 2813 2820 2883; x_wconf 87' lang='lat' dir='ltr'><strong>pertinaciter</strong></span> <span class='ocrx_word' id='word_1_733' title='bbox 2845 2812 3009 2866; x_wconf 91' lang='lat' dir='ltr'><strong>duros</strong></span> <span class='ocrx_word' id='word_1_734' title='bbox 3058 2812 3111 2865; x_wconf 93' lang='lat' dir='ltr'><strong>in</strong></span> <span class='ocrx_word' id='word_1_735' title='bbox 3142 2810 3246 2865; x_wconf 87' lang='lat' dir='ltr'><strong>line</strong></span> <span class='ocrx_word' id='word_1_736' title='bbox 3274 2826 3378 2865; x_wconf 91' lang='lat' dir='ltr'><strong>non</strong></span> <span class='ocrx_word' id='word_1_737' title='bbox 3408 2810 3664 2864; x_wconf 70' lang='lat' dir='ltr'><strong>damnat?</strong></span> 
     </span>
    </p>
   </div>
   <div class='ocr_carea' id='block_1_89' title="bbox 2079 2902 3659 2976">
    <p class='ocr_par' dir='ltr' id='par_1_89' title="bbox 2079 2902 3659 2976">
     <span class='ocr_line' id='line_1_89' title="bbox 2079 2902 3659 2976; baseline -0.003 -16"><span class='ocrx_word' id='word_1_738' title='bbox 2079 2905 2169 2960; x_wconf 87' lang='lat' dir='ltr'><strong>Sic</strong></span> <span class='ocrx_word' id='word_1_739' title='bbox 2195 2920 2323 2976; x_wconf 87' lang='lat' dir='ltr'><strong>ergo</strong></span> <span class='ocrx_word' id='word_1_740' title='bbox 2363 2902 2609 2959; x_wconf 85' lang='lat' dir='ltr'><strong>inimicus</strong></span> <span class='ocrx_word' id='word_1_741' title='bbox 2634 2904 2900 2973; x_wconf 81' lang='lat' dir='ltr'><strong>diligatur,</strong></span> <span class='ocrx_word' id='word_1_742' title='bbox 2930 2912 3119 2957; x_wconf 90' lang='lat' dir='ltr'><strong>utnon</strong></span> <span class='ocrx_word' id='word_1_743' title='bbox 3145 2902 3421 2972; x_wconf 75' lang='lat' dir='ltr'><strong>displiceat</strong></span> <span class='ocrx_word' id='word_1_744' title='bbox 3451 2902 3659 2957; x_wconf 86' lang='lat' dir='ltr'><strong>Domini</strong></span> 
     </span>
    </p>
   </div>
   <div class='ocr_carea' id='block_1_90' title="bbox 2073 2994 3659 3068">
    <p class='ocr_par' dir='ltr' id='par_1_90' title="bbox 2073 2994 3659 3068">
     <span class='ocr_line' id='line_1_90' title="bbox 2073 2994 3659 3068; baseline -0.001 -19"><span class='ocrx_word' id='word_1_745' title='bbox 2073 2998 2276 3067; x_wconf 87' lang='lat' dir='ltr'><strong>justilia</strong></span> <span class='ocrx_word' id='word_1_746' title='bbox 2296 3013 2397 3068; x_wconf 87' lang='lat' dir='ltr'><strong>qua</strong></span> <span class='ocrx_word' id='word_1_747' title='bbox 2417 2997 2664 3067; x_wconf 88' lang='lat' dir='ltr'><strong>punitur;</strong></span> <span class='ocrx_word' id='word_1_748' title='bbox 2692 2997 2833 3051; x_wconf 86' lang='lat' dir='ltr'><strong>etsic</strong></span> <span class='ocrx_word' id='word_1_749' title='bbox 2856 2996 3055 3066; x_wconf 87' lang='lat' dir='ltr'><strong>placeat</strong></span> <span class='ocrx_word' id='word_1_750' title='bbox 3079 2994 3282 3064; x_wconf 85' lang='lat' dir='ltr'><strong>justitia</strong></span> <span class='ocrx_word' id='word_1_751' title='bbox 3301 3012 3401 3064; x_wconf 87' lang='lat' dir='ltr'><strong>qua</strong></span> <span class='ocrx_word' id='word_1_752' title='bbox 3427 2995 3659 3065; x_wconf 90' lang='lat' dir='ltr'><strong>punitur,</strong></span> 
     </span>
    </p>
   </div>
   <div class='ocr_carea' id='block_1_91' title="bbox 2078 3086 3661 3158">
    <p class='ocr_par' dir='ltr' id='par_1_91' title="bbox 2078 3086 3661 3158">
     <span class='ocr_line' id='line_1_91' title="bbox 2078 3086 3661 3158; baseline -0.002 -14"><span class='ocrx_word' id='word_1_753' title='bbox 2078 3102 2133 3144; x_wconf 93' lang='lat' dir='ltr'><strong>ut</strong></span> <span class='ocrx_word' id='word_1_754' title='bbox 2150 3106 2254 3145; x_wconf 88' lang='lat' dir='ltr'><strong>non</strong></span> <span class='ocrx_word' id='word_1_755' title='bbox 2271 3090 2335 3145; x_wconf 91' lang='lat' dir='ltr'><strong>de</strong></span> <span class='ocrx_word' id='word_1_756' title='bbox 2348 3091 2484 3144; x_wconf 89' lang='lat' dir='ltr'><strong>malo</strong></span> <span class='ocrx_word' id='word_1_757' title='bbox 2501 3088 2739 3158; x_wconf 87' lang='lat' dir='ltr'><strong>ejus,sed</strong></span> <span class='ocrx_word' id='word_1_758' title='bbox 2754 3088 2821 3143; x_wconf 91' lang='lat' dir='ltr'><strong>de</strong></span> <span class='ocrx_word' id='word_1_759' title='bbox 2844 3088 3165 3157; x_wconf 88' lang='lat' dir='ltr'><strong>bonojudice</strong></span> <span class='ocrx_word' id='word_1_760' title='bbox 3177 3087 3488 3158; x_wconf 86' lang='lat' dir='ltr'><strong>gaudcatur.</strong></span> <span class='ocrx_word' id='word_1_761' title='bbox 3502 3086 3661 3141; x_wconf 66' lang='grc'><strong>111-111-</strong></span> 
     </span>
    </p>
   </div>
   <div class='ocr_carea' id='block_1_92' title="bbox 2078 3176 3662 3246">
    <p class='ocr_par' dir='ltr' id='par_1_92' title="bbox 2078 3176 3662 3246">
     <span class='ocr_line' id='line_1_92' title="bbox 2078 3176 3662 3246; baseline -0.001 -11"><span class='ocrx_word' id='word_1_762' title='bbox 2078 3181 2227 3235; x_wconf 61' lang='lat' dir='ltr'><strong>villus</strong></span> <span class='ocrx_word' id='word_1_763' title='bbox 2242 3197 2367 3236; x_wconf 91' lang='lat' dir='ltr'><strong>vero</strong></span> <span class='ocrx_word' id='word_1_764' title='bbox 2393 3176 2601 3234; x_wconf 82' lang='lat' dir='ltr'><strong>animus</strong></span> <span class='ocrx_word' id='word_1_765' title='bbox 2628 3180 2991 3245; x_wconf 88' lang='lat' dir='ltr'><strong>contristatur,</strong></span> <span class='ocrx_word' id='word_1_766' title='bbox 3013 3179 3056 3233; x_wconf 90' lang='lat' dir='ltr'><strong>si</strong></span> <span class='ocrx_word' id='word_1_767' title='bbox 3078 3180 3192 3246; x_wconf 86' lang='lat' dir='ltr'><strong>ejus</strong></span> <span class='ocrx_word' id='word_1_768' title='bbox 3210 3178 3456 3233; x_wconf 90' lang='lat' dir='ltr'><strong>inimicus</strong></span> <span class='ocrx_word' id='word_1_769' title='bbox 3479 3194 3662 3235; x_wconf 89' lang='lat' dir='ltr'><strong>corre-</strong></span> 
     </span>
    </p>
   </div>
   <div class='ocr_carea' id='block_1_93' title="bbox 2076 3270 3767 3340">
    <p class='ocr_par' dir='ltr' id='par_1_93' title="bbox 2076 3270 3767 3340">
     <span class='ocr_line' id='line_1_93' title="bbox 2076 3270 3767 3340; baseline -0.001 -13"><span class='ocrx_word' id='word_1_770' title='bbox 2076 3271 2431 3327; x_wconf 87' lang='lat' dir='ltr'><strong>ctusevaserit</strong></span> <span class='ocrx_word' id='word_1_771' title='bbox 2449 3278 2656 3340; x_wconf 69' lang='lat' dir='ltr'><strong>pinnam</strong></span> <span class='ocrx_word' id='word_1_772' title='bbox 2674 3279 2888 3325; x_wconf 86' lang='lat' dir='ltr'><strong>:etcuin</strong></span> <span class='ocrx_word' id='word_1_773' title='bbox 2911 3270 3080 3339; x_wconf 86' lang='lat' dir='ltr'><strong>puniri</strong></span> <span class='ocrx_word' id='word_1_774' title='bbox 3093 3286 3213 3326; x_wconf 90' lang='lat' dir='ltr'><strong>eum</strong></span> <span class='ocrx_word' id='word_1_775' title='bbox 3232 3271 3391 3333; x_wconf 88' lang='lat' dir='ltr'><strong>videt,</strong></span> <span class='ocrx_word' id='word_1_776' title='bbox 3407 3270 3659 3325; x_wconf 85' lang='lat' dir='ltr'><strong>vindicari</strong></span> <span class='ocrx_word' id='word_1_777' title='bbox 3758 3308 3767 3325; x_wconf 87' lang='lat'><strong>.</strong></span> 
     </span>
    </p>
   </div>
   <div class='ocr_carea' id='block_1_94' title="bbox 2075 3360 3657 3431">
    <p class='ocr_par' dir='ltr' id='par_1_94' title="bbox 2075 3360 3657 3431">
     <span class='ocr_line' id='line_1_94' title="bbox 2075 3360 3657 3431; baseline 0 -16"><span class='ocrx_word' id='word_1_778' title='bbox 2075 3376 2135 3417; x_wconf 91' lang='lat' dir='ltr'><strong>se</strong></span> <span class='ocrx_word' id='word_1_779' title='bbox 2160 3363 2229 3416; x_wconf 80' lang='lat' dir='ltr'><strong>ita</strong></span> <span class='ocrx_word' id='word_1_780' title='bbox 2257 3361 2489 3430; x_wconf 89' lang='lat' dir='ltr'><strong>gaudet,</strong></span> <span class='ocrx_word' id='word_1_781' title='bbox 2521 3369 2577 3415; x_wconf 91' lang='lat' dir='ltr'><strong>ut</strong></span> <span class='ocrx_word' id='word_1_782' title='bbox 2604 3375 2709 3414; x_wconf 94' lang='lat' dir='ltr'><strong>non</strong></span> <span class='ocrx_word' id='word_1_783' title='bbox 2747 3361 2953 3429; x_wconf 86' lang='lat' dir='ltr'><strong>justitia</strong></span> <span class='ocrx_word' id='word_1_784' title='bbox 2997 3361 3088 3415; x_wconf 90' lang='lat' dir='ltr'><strong>Dei</strong></span> <span class='ocrx_word' id='word_1_785' title='bbox 3136 3376 3293 3430; x_wconf 90' lang='lat' dir='ltr'><strong>quem</strong></span> <span class='ocrx_word' id='word_1_786' title='bbox 3334 3377 3439 3415; x_wconf 88' lang='lat' dir='ltr'><strong>non</strong></span> <span class='ocrx_word' id='word_1_787' title='bbox 3468 3360 3657 3431; x_wconf 85' lang='lat' dir='ltr'><strong>diligit,</strong></span> 
     </span>
    </p>
   </div>
   <div class='ocr_carea' id='block_1_95' title="bbox 2076 3451 3661 3523">
    <p class='ocr_par' dir='ltr' id='par_1_95' title="bbox 2076 3451 3661 3523">
     <span class='ocr_line' id='line_1_95' title="bbox 2076 3451 3661 3523; baseline -0.002 -16"><span class='ocrx_word' id='word_1_788' title='bbox 2076 3454 2168 3508; x_wconf 88' lang='lat' dir='ltr'><strong>sed</strong></span> <span class='ocrx_word' id='word_1_789' title='bbox 2192 3454 2333 3508; x_wconf 89' lang='lat' dir='ltr'><strong>illius</strong></span> <span class='ocrx_word' id='word_1_790' title='bbox 2359 3468 2515 3523; x_wconf 90' lang='lat' dir='ltr'><strong>quem</strong></span> <span class='ocrx_word' id='word_1_791' title='bbox 2545 3452 2690 3517; x_wconf 90' lang='lat' dir='ltr'><strong>odit,</strong></span> <span class='ocrx_word' id='word_1_792' title='bbox 2720 3452 2929 3506; x_wconf 87' lang='lat' dir='ltr'><strong>miseria</strong></span> <span class='ocrx_word' id='word_1_793' title='bbox 2961 3451 3253 3505; x_wconf 90' lang='lat' dir='ltr'><strong>delectetur</strong></span> <span class='ocrx_word' id='word_1_794' title='bbox 3279 3467 3292 3503; x_wconf 92' lang='lat'><strong>:</strong></span> <span class='ocrx_word' id='word_1_795' title='bbox 3322 3459 3517 3505; x_wconf 90' lang='lat' dir='ltr'><strong>etcum</strong></span> <span class='ocrx_word' id='word_1_796' title='bbox 3552 3451 3661 3505; x_wconf 90' lang='lat' dir='ltr'><strong>Deo</strong></span> 
     </span>
    </p>
   </div>
   <div class='ocr_carea' id='block_1_96' title="bbox 2075 3542 3662 3613">
    <p class='ocr_par' dir='ltr' id='par_1_96' title="bbox 2075 3542 3662 3613">
     <span class='ocr_line' id='line_1_96' title="bbox 2075 3542 3662 3613; baseline -0.003 -14"><span class='ocrx_word' id='word_1_797' title='bbox 2075 3545 2290 3599; x_wconf 90' lang='lat' dir='ltr'><strong>dimittit</strong></span> <span class='ocrx_word' id='word_1_798' title='bbox 2318 3544 2594 3613; x_wconf 88' lang='lat' dir='ltr'><strong>judicium,</strong></span> <span class='ocrx_word' id='word_1_799' title='bbox 2624 3552 2679 3596; x_wconf 90' lang='lat' dir='ltr'><strong>ut</strong></span> <span class='ocrx_word' id='word_1_800' title='bbox 2706 3543 2822 3611; x_wconf 91' lang='lat' dir='ltr'><strong>plus</strong></span> <span class='ocrx_word' id='word_1_801' title='bbox 2851 3550 3041 3597; x_wconf 90' lang='lat' dir='ltr'><strong>noceat</strong></span> <span class='ocrx_word' id='word_1_802' title='bbox 3076 3542 3211 3596; x_wconf 88' lang='lat' dir='ltr'><strong>Deus</strong></span> <span class='ocrx_word' id='word_1_803' title='bbox 3237 3557 3392 3612; x_wconf 86' lang='lat' dir='ltr'><strong>quain</strong></span> <span class='ocrx_word' id='word_1_804' title='bbox 3424 3544 3537 3610; x_wconf 89' lang='lat' dir='ltr'><strong>ipse</strong></span> <span class='ocrx_word' id='word_1_805' title='bbox 3564 3557 3662 3596; x_wconf 84' lang='lat' dir='ltr'><strong>no-</strong></span> 
     </span>
    </p>
   </div>
   <div class='ocr_carea' id='block_1_97' title="bbox 2076 3633 3663 3705">
    <p class='ocr_par' dir='ltr' id='par_1_97' title="bbox 2076 3633 3663 3705">
     <span class='ocr_line' id='line_1_97' title="bbox 2076 3633 3663 3705; baseline -0.001 -15"><span class='ocrx_word' id='word_1_806' title='bbox 2076 3650 2201 3691; x_wconf 88' lang='lat' dir='ltr'><strong>cere</strong></span> <span class='ocrx_word' id='word_1_807' title='bbox 2232 3644 2409 3705; x_wconf 88' lang='lat' dir='ltr'><strong>posset</strong></span> <span class='ocrx_word' id='word_1_808' title='bbox 2433 3644 2648 3704; x_wconf 81' lang='lat' dir='ltr'><strong>exoptat</strong></span> <span class='ocrx_word' id='word_1_809' title='bbox 2680 3651 2693 3687; x_wconf 87' lang='lat'><strong>:</strong></span> <span class='ocrx_word' id='word_1_810' title='bbox 2720 3643 2775 3687; x_wconf 92' lang='lat' dir='ltr'><strong>et</strong></span> <span class='ocrx_word' id='word_1_811' title='bbox 2808 3648 2928 3687; x_wconf 90' lang='lat' dir='ltr'><strong>cum</strong></span> <span class='ocrx_word' id='word_1_812' title='bbox 2956 3633 3047 3686; x_wconf 90' lang='lat' dir='ltr'><strong>dat</strong></span> <span class='ocrx_word' id='word_1_813' title='bbox 3074 3633 3251 3688; x_wconf 91' lang='lat' dir='ltr'><strong>cibum</strong></span> <span class='ocrx_word' id='word_1_814' title='bbox 3283 3633 3498 3688; x_wconf 91' lang='lat' dir='ltr'><strong>inimico</strong></span> <span class='ocrx_word' id='word_1_815' title='bbox 3538 3649 3663 3688; x_wconf 90' lang='lat' dir='ltr'><strong>esu-</strong></span> 
     </span>
    </p>
   </div>
   <div class='ocr_carea' id='block_1_98' title="bbox 2075 3724 3660 3797">
    <p class='ocr_par' dir='ltr' id='par_1_98' title="bbox 2075 3724 3660 3797">
     <span class='ocr_line' id='line_1_98' title="bbox 2075 3724 3660 3797; baseline -0.001 -16"><span class='ocrx_word' id='word_1_816' title='bbox 2075 3727 2255 3794; x_wconf 91' lang='lat' dir='ltr'><strong>rienti,</strong></span> <span class='ocrx_word' id='word_1_817' title='bbox 2287 3736 2576 3797; x_wconf 91' lang='lat' dir='ltr'><strong>potumque</strong></span> <span class='ocrx_word' id='word_1_818' title='bbox 2601 3726 2817 3792; x_wconf 90' lang='lat' dir='ltr'><strong>sitienti,</strong></span> <span class='ocrx_word' id='word_1_819' title='bbox 2844 3726 3106 3781; x_wconf 88' lang='lat' dir='ltr'><strong>malitiose</strong></span> <span class='ocrx_word' id='word_1_820' title='bbox 3149 3725 3287 3795; x_wconf 85' lang='lat' dir='ltr'><strong>sapit</strong></span> <span class='ocrx_word' id='word_1_821' title='bbox 3340 3724 3479 3795; x_wconf 91' lang='lat' dir='ltr'><strong>quod</strong></span> <span class='ocrx_word' id='word_1_822' title='bbox 3522 3727 3660 3780; x_wconf 87' lang='lat' dir='ltr'><strong>scri-</strong></span> 
     </span>
    </p>
   </div>
   <div class='ocr_carea' id='block_1_99' title="bbox 2078 3817 3660 3889">
    <p class='ocr_par' dir='ltr' id='par_1_99' title="bbox 2078 3817 3660 3889">
     <span class='ocr_line' id='line_1_99' title="bbox 2078 3817 3660 3889; baseline -0.001 -16"><span class='ocrx_word' id='word_1_823' title='bbox 2078 3828 2225 3889; x_wconf 90' lang='lat' dir='ltr'><strong>ptum</strong></span> <span class='ocrx_word' id='word_1_824' title='bbox 2271 3827 2389 3886; x_wconf 89' lang='lat' dir='ltr'><strong>est,</strong></span> <span class='ocrx_word' id='word_1_825' title='bbox 2432 3817 2544 3872; x_wconf 87' lang='lat' dir='ltr'><strong>Hoc</strong></span> <span class='ocrx_word' id='word_1_826' title='bbox 2599 3819 2731 3873; x_wconf 84' lang='lat' dir='ltr'><strong>enim</strong></span> <span class='ocrx_word' id='word_1_827' title='bbox 2754 3818 2944 3887; x_wconf 77' lang='lat' dir='ltr'><strong>faciens</strong></span> <span class='ocrx_word' id='word_1_828' title='bbox 2992 3817 3231 3871; x_wconf 80' lang='lat' dir='ltr'><strong>carbones</strong></span> <span class='ocrx_word' id='word_1_829' title='bbox 3266 3818 3397 3889; x_wconf 82' lang='lat' dir='ltr'><strong>ignis</strong></span> <span class='ocrx_word' id='word_1_830' title='bbox 3425 3833 3660 3888; x_wconf 70' lang='lat' dir='ltr'><strong>congere:</strong></span> 
     </span>
    </p>
   </div>
   <div class='ocr_carea' id='block_1_100' title="bbox 2078 3907 3659 3980">
    <p class='ocr_par' dir='ltr' id='par_1_100' title="bbox 2078 3907 3659 3980">
     <span class='ocr_line' id='line_1_100' title="bbox 2078 3907 3659 3980; baseline -0.001 -17"><span class='ocrx_word' id='word_1_831' title='bbox 2078 3925 2229 3978; x_wconf 79' lang='lat' dir='ltr'><strong>super</strong></span> <span class='ocrx_word' id='word_1_832' title='bbox 2256 3917 2405 3980; x_wconf 86' lang='lat' dir='ltr'><strong>caput</strong></span> <span class='ocrx_word' id='word_1_833' title='bbox 2426 3909 2554 3979; x_wconf 86' lang='lat' dir='ltr'><strong>ejus.</strong></span> <span class='ocrx_word' id='word_1_834' title='bbox 2583 3908 2704 3977; x_wconf 85' lang='lat' dir='ltr'><strong>Agit</strong></span> <span class='ocrx_word' id='word_1_835' title='bbox 2729 3907 2870 3962; x_wconf 91' lang='lat' dir='ltr'><strong>enim</strong></span> <span class='ocrx_word' id='word_1_836' title='bbox 2898 3917 2954 3961; x_wconf 90' lang='lat' dir='ltr'><strong>ut</strong></span> <span class='ocrx_word' id='word_1_837' title='bbox 2979 3907 3206 3977; x_wconf 86' lang='lat' dir='ltr'><strong>amplius</strong></span> <span class='ocrx_word' id='word_1_838' title='bbox 3239 3915 3503 3977; x_wconf 84' lang='lat' dir='ltr'><strong>aggravet,</strong></span> <span class='ocrx_word' id='word_1_839' title='bbox 3533 3907 3659 3962; x_wconf 88' lang='lat' dir='ltr'><strong>etei</strong></span> 
     </span>
    </p>
   </div>
   <div class='ocr_carea' id='block_1_101' title="bbox 2078 3997 3655 4070">
    <p class='ocr_par' dir='ltr' id='par_1_101' title="bbox 2078 3997 3655 4070">
     <span class='ocr_line' id='line_1_101' title="bbox 2078 3997 3655 4070; baseline -0.003 -15"><span class='ocrx_word' id='word_1_840' title='bbox 2078 4001 2273 4055; x_wconf 77' lang='lat' dir='ltr'><strong>excitet</strong></span> <span class='ocrx_word' id='word_1_841' title='bbox 2299 3999 2713 4070; x_wconf 89' lang='lat' dir='ltr'><strong>indignationem</strong></span> <span class='ocrx_word' id='word_1_842' title='bbox 2742 3998 2856 4063; x_wconf 90' lang='lat' dir='ltr'><strong>Dei,</strong></span> <span class='ocrx_word' id='word_1_843' title='bbox 2887 4013 3043 4068; x_wconf 89' lang='lat' dir='ltr'><strong>quam</strong></span> <span class='ocrx_word' id='word_1_844' title='bbox 3071 3997 3387 4054; x_wconf 90' lang='lat' dir='ltr'><strong>carbonibus</strong></span> <span class='ocrx_word' id='word_1_845' title='bbox 3416 3997 3551 4068; x_wconf 88' lang='lat' dir='ltr'><strong>ignis</strong></span> <span class='ocrx_word' id='word_1_846' title='bbox 3578 3997 3655 4051; x_wconf 84' lang='lat' dir='ltr'><strong>si-</strong></span> 
     </span>
    </p>
   </div>
   <div class='ocr_carea' id='block_1_102' title="bbox 2078 4090 3659 4163">
    <p class='ocr_par' dir='ltr' id='par_1_102' title="bbox 2078 4090 3659 4163">
     <span class='ocr_line' id='line_1_102' title="bbox 2078 4090 3659 4163; baseline 0.001 -19"><span class='ocrx_word' id='word_1_847' title='bbox 2078 4091 2313 4163; x_wconf 82' lang='lat' dir='ltr'><strong>gniﬁcari</strong></span> <span class='ocrx_word' id='word_1_848' title='bbox 2340 4100 2521 4161; x_wconf 89' lang='lat' dir='ltr'><strong>putat;</strong></span> <span class='ocrx_word' id='word_1_849' title='bbox 2556 4106 2658 4144; x_wconf 88' lang='lat' dir='ltr'><strong>non</strong></span> <span class='ocrx_word' id='word_1_850' title='bbox 2685 4090 2987 4159; x_wconf 86' lang='lat' dir='ltr'><strong>intelligens</strong></span> <span class='ocrx_word' id='word_1_851' title='bbox 3019 4090 3162 4143; x_wconf 74' lang='lat' dir='ltr'><strong>illiilli</strong></span> <span class='ocrx_word' id='word_1_852' title='bbox 3193 4090 3366 4160; x_wconf 89' lang='lat' dir='ltr'><strong>ignem</strong></span> <span class='ocrx_word' id='word_1_853' title='bbox 3395 4104 3514 4146; x_wconf 84' lang='lat' dir='ltr'><strong>esse</strong></span> <span class='ocrx_word' id='word_1_854' title='bbox 3544 4104 3659 4157; x_wconf 72' lang='lat' dir='ltr'><strong>pm-</strong></span> 
     </span>
    </p>
   </div>
   <div class='ocr_carea' id='block_1_103' title="bbox 2080 4182 3659 4251">
    <p class='ocr_par' dir='ltr' id='par_1_103' title="bbox 2080 4182 3659 4251">
     <span class='ocr_line' id='line_1_103' title="bbox 2080 4182 3659 4251; baseline -0.003 -14"><span class='ocrx_word' id='word_1_855' title='bbox 2080 4185 2316 4239; x_wconf 77' lang='lat' dir='ltr'><strong>nitentiie</strong></span> <span class='ocrx_word' id='word_1_856' title='bbox 2344 4193 2587 4239; x_wconf 88' lang='lat' dir='ltr'><strong>urentem</strong></span> <span class='ocrx_word' id='word_1_857' title='bbox 2616 4182 2851 4237; x_wconf 92' lang='lat' dir='ltr'><strong>dolorem</strong></span> <span class='ocrx_word' id='word_1_858' title='bbox 2876 4183 2915 4251; x_wconf 75' lang='grc'><strong>⁸,</strong></span> <span class='ocrx_word' id='word_1_859' title='bbox 2936 4197 3212 4251; x_wconf 90' lang='lat' dir='ltr'><strong>quousque</strong></span> <span class='ocrx_word' id='word_1_860' title='bbox 3241 4190 3397 4250; x_wconf 90' lang='lat' dir='ltr'><strong>caput</strong></span> <span class='ocrx_word' id='word_1_861' title='bbox 3422 4190 3659 4235; x_wconf 87' lang='lat' dir='ltr'><strong>erectum</strong></span> 
     </span>
    </p>
   </div>
   <div class='ocr_carea' id='block_1_104' title="bbox 2079 4270 3659 4345">
    <p class='ocr_par' dir='ltr' id='par_1_104' title="bbox 2079 4270 3659 4345">
     <span class='ocr_line' id='line_1_104' title="bbox 2079 4270 3659 4345; baseline -0.004 -14"><span class='ocrx_word' id='word_1_862' title='bbox 2079 4276 2349 4345; x_wconf 85' lang='lat' dir='ltr'><strong>superbia,</strong></span> <span class='ocrx_word' id='word_1_863' title='bbox 2381 4275 2652 4329; x_wconf 90' lang='lat' dir='ltr'><strong>bcnelieiis</strong></span> <span class='ocrx_word' id='word_1_864' title='bbox 2678 4273 2876 4328; x_wconf 89' lang='lat' dir='ltr'><strong>inimici</strong></span> <span class='ocrx_word' id='word_1_865' title='bbox 2904 4272 2968 4327; x_wconf 90' lang='lat' dir='ltr'><strong>ad</strong></span> <span class='ocrx_word' id='word_1_866' title='bbox 2996 4273 3344 4326; x_wconf 87' lang='lat' dir='ltr'><strong>humilitatem</strong></span> <span class='ocrx_word' id='word_1_867' title='bbox 3393 4270 3659 4324; x_wconf 84' lang='lat' dir='ltr'><strong>salubrem</strong></span> 
     </span>
    </p>
   </div>
   <div class='ocr_carea' id='block_1_105' title="bbox 2079 4360 3657 4436">
    <p class='ocr_par' dir='ltr' id='par_1_105' title="bbox 2079 4360 3657 4436">
     <span class='ocr_line' id='line_1_105' title="bbox 2079 4360 3657 4436; baseline -0.005 -15"><span class='ocrx_word' id='word_1_868' title='bbox 2079 4367 2393 4436; x_wconf 71' lang='lat' dir='ltr'><strong>deponitur,</strong></span> <span class='ocrx_word' id='word_1_869' title='bbox 2433 4366 2566 4420; x_wconf 88' lang='lat' dir='ltr'><strong>etin</strong></span> <span class='ocrx_word' id='word_1_870' title='bbox 2611 4363 2750 4420; x_wconf 92' lang='lat' dir='ltr'><strong>bono</strong></span> <span class='ocrx_word' id='word_1_871' title='bbox 2800 4363 2938 4418; x_wconf 90' lang='lat' dir='ltr'><strong>illius</strong></span> <span class='ocrx_word' id='word_1_872' title='bbox 2983 4362 3135 4433; x_wconf 87' lang='lat' dir='ltr'><strong>hujus</strong></span> <span class='ocrx_word' id='word_1_873' title='bbox 3177 4361 3373 4415; x_wconf 89' lang='lat' dir='ltr'><strong>malum</strong></span> <span class='ocrx_word' id='word_1_874' title='bbox 3411 4360 3657 4414; x_wconf 90' lang='lat' dir='ltr'><strong>vincitur.</strong></span> 
     </span>
    </p>
   </div>
   <div class='ocr_carea' id='block_1_106' title="bbox 2080 4442 3656 4526">
    <p class='ocr_par' dir='ltr' id='par_1_106' title="bbox 2080 4442 3656 4526">
     <span class='ocr_line' id='line_1_106' title="bbox 2080 4442 3656 4526; baseline -0.007 -13"><span class='ocrx_word' id='word_1_875' title='bbox 2080 4456 2231 4513; x_wconf 87' lang='lat' dir='ltr'><strong>Unde</strong></span> <span class='ocrx_word' id='word_1_876' title='bbox 2249 4455 2535 4526; x_wconf 82' lang='lat' dir='ltr'><strong>Apostolus</strong></span> <span class='ocrx_word' id='word_1_877' title='bbox 2564 4454 2845 4525; x_wconf 86' lang='lat' dir='ltr'><strong>vigilanter</strong></span> <span class='ocrx_word' id='word_1_878' title='bbox 2871 4453 3131 4522; x_wconf 82' lang='lat' dir='ltr'><strong>adjunxit,</strong></span> <span class='ocrx_word' id='word_1_879' title='bbox 3155 4442 3281 4505; x_wconf 82' lang='lat' dir='ltr'><strong>Noli</strong></span> <span class='ocrx_word' id='word_1_880' title='bbox 3300 4450 3428 4504; x_wconf 79' lang='lat' dir='ltr'><strong>vinci</strong></span> <span class='ocrx_word' id='word_1_881' title='bbox 3447 4466 3479 4502; x_wconf 91' lang='lat' dir='ltr'><strong>a</strong></span> <span class='ocrx_word' id='word_1_882' title='bbox 3504 4450 3656 4514; x_wconf 84' lang='lat' dir='ltr'><strong>malo,</strong></span> 
     </span>
    </p>
   </div>
   <div class='ocr_carea' id='block_1_107' title="bbox 2080 4540 3662 4610">
    <p class='ocr_par' dir='ltr' id='par_1_107' title="bbox 2080 4540 3662 4610">
     <span class='ocr_line' id='line_1_107' title="bbox 2080 4540 3662 4610; baseline -0.004 -9"><span class='ocrx_word' id='word_1_883' title='bbox 2080 4550 2168 4601; x_wconf 82' lang='lat' dir='ltr'><strong>sed</strong></span> <span class='ocrx_word' id='word_1_884' title='bbox 2196 4548 2334 4601; x_wconf 87' lang='lat' dir='ltr'><strong>vince</strong></span> <span class='ocrx_word' id='word_1_885' title='bbox 2358 4547 2409 4599; x_wconf 89' lang='lat' dir='ltr'><strong>in</strong></span> <span class='ocrx_word' id='word_1_886' title='bbox 2436 4546 2565 4600; x_wconf 87' lang='lat' dir='ltr'><strong>bono</strong></span> <span class='ocrx_word' id='word_1_887' title='bbox 2586 4545 2776 4599; x_wconf 84' lang='lat' dir='ltr'><strong>malum</strong></span> <span class='ocrx_word' id='word_1_888' title='bbox 2805 4543 2980 4608; x_wconf 81' lang='lat' dir='ltr'><strong>(Rom.</strong></span> <span class='ocrx_word' id='word_1_889' title='bbox 3007 4559 3103 4609; x_wconf 80' lang='lat' dir='ltr'><strong>xu,</strong></span> <span class='ocrx_word' id='word_1_890' title='bbox 3126 4542 3216 4605; x_wconf 73' lang='lat'><strong>20,</strong></span> <span class='ocrx_word' id='word_1_891' title='bbox 3246 4541 3359 4610; x_wconf 72' lang='lat'><strong>2|).</strong></span> <span class='ocrx_word' id='word_1_892' title='bbox 3386 4540 3662 4607; x_wconf 84' lang='lat' dir='ltr'><strong>Quomodo</strong></span> 
     </span>
    </p>
   </div>
   <div class='ocr_carea' id='block_1_108' title="bbox 2081 4630 3661 4709">
    <p class='ocr_par' dir='ltr' id='par_1_108' title="bbox 2081 4630 3661 4709">
     <span class='ocr_line' id='line_1_108' title="bbox 2081 4630 3661 4709; baseline -0.004 -16"><span class='ocrx_word' id='word_1_893' title='bbox 2081 4649 2254 4693; x_wconf 87' lang='lat' dir='ltr'><strong>autem</strong></span> <span class='ocrx_word' id='word_1_894' title='bbox 2309 4648 2480 4709; x_wconf 88' lang='lat' dir='ltr'><strong>potest</strong></span> <span class='ocrx_word' id='word_1_895' title='bbox 2522 4638 2735 4691; x_wconf 81' lang='lat' dir='ltr'><strong>vincere</strong></span> <span class='ocrx_word' id='word_1_896' title='bbox 2780 4638 2831 4690; x_wconf 89' lang='lat' dir='ltr'><strong>in</strong></span> <span class='ocrx_word' id='word_1_897' title='bbox 2870 4636 3012 4692; x_wconf 89' lang='lat' dir='ltr'><strong>bono</strong></span> <span class='ocrx_word' id='word_1_898' title='bbox 3041 4635 3236 4688; x_wconf 91' lang='lat' dir='ltr'><strong>malum</strong></span> <span class='ocrx_word' id='word_1_899' title='bbox 3281 4632 3334 4687; x_wconf 88' lang='grc'><strong>111</strong></span> <span class='ocrx_word' id='word_1_900' title='bbox 3381 4630 3661 4702; x_wconf 82' lang='lat' dir='ltr'><strong>superﬁcie</strong></span> 
     </span>
    </p>
   </div>
   <div class='ocr_carea' id='block_1_109' title="bbox 2084 4720 3662 4796">
    <p class='ocr_par' dir='ltr' id='par_1_109' title="bbox 2084 4720 3662 4796">
     <span class='ocr_line' id='line_1_109' title="bbox 2084 4720 3662 4796; baseline -0.004 -13"><span class='ocrx_word' id='word_1_901' title='bbox 2084 4731 2272 4793; x_wconf 87' lang='lat' dir='ltr'><strong>bonus,</strong></span> <span class='ocrx_word' id='word_1_902' title='bbox 2304 4738 2358 4783; x_wconf 90' lang='lat' dir='ltr'><strong>et</strong></span> <span class='ocrx_word' id='word_1_903' title='bbox 2384 4731 2435 4783; x_wconf 89' lang='lat' dir='ltr'><strong>in</strong></span> <span class='ocrx_word' id='word_1_904' title='bbox 2472 4730 2581 4783; x_wconf 87' lang='lat' dir='ltr'><strong>alto</strong></span> <span class='ocrx_word' id='word_1_905' title='bbox 2609 4730 2629 4761; x_wconf 82' lang='grc'>¹</span> <span class='ocrx_word' id='word_1_906' title='bbox 2652 4728 2857 4791; x_wconf 86' lang='lat' dir='ltr'><strong>malus;</strong></span> <span class='ocrx_word' id='word_1_907' title='bbox 2886 4727 2974 4796; x_wconf 89' lang='lat' dir='ltr'><strong>qui</strong></span> <span class='ocrx_word' id='word_1_908' title='bbox 3004 4741 3165 4796; x_wconf 87' lang='lat' dir='ltr'><strong>opere</strong></span> <span class='ocrx_word' id='word_1_909' title='bbox 3195 4724 3382 4795; x_wconf 89' lang='lat' dir='ltr'><strong>parcit,</strong></span> <span class='ocrx_word' id='word_1_910' title='bbox 3408 4720 3474 4778; x_wconf 86' lang='lat' dir='ltr'><strong>et</strong></span> <span class='ocrx_word' id='word_1_911' title='bbox 3503 4722 3662 4779; x_wconf 87' lang='lat' dir='ltr'><strong>corde</strong></span> 
     </span>
    </p>
   </div>
   <div class='ocr_carea' id='block_1_110' title="bbox 2082 4816 3662 4887">
    <p class='ocr_par' dir='ltr' id='par_1_110' title="bbox 2082 4816 3662 4887">
     <span class='ocr_line' id='line_1_110' title="bbox 2082 4816 3662 4887; baseline -0.006 -11"><span class='ocrx_word' id='word_1_912' title='bbox 2082 4824 2264 4887; x_wconf 71' lang='lat' dir='ltr'><strong>srvit;</strong></span> <span class='ocrx_word' id='word_1_913' title='bbox 2300 4838 2460 4876; x_wconf 90' lang='lat' dir='ltr'><strong>manu</strong></span> <span class='ocrx_word' id='word_1_914' title='bbox 2492 4822 2654 4886; x_wconf 88' lang='lat' dir='ltr'><strong>mitis,</strong></span> <span class='ocrx_word' id='word_1_915' title='bbox 2679 4823 2946 4875; x_wconf 80' lang='lat' dir='ltr'><strong>voluntate</strong></span> <span class='ocrx_word' id='word_1_916' title='bbox 2974 4816 3237 4873; x_wconf 82' lang='lat' dir='ltr'><strong>crudelis?</strong></span> <span class='ocrx_word' id='word_1_917' title='bbox 3266 4816 3355 4872; x_wconf 89' lang='lat' dir='ltr'><strong>Sic</strong></span> <span class='ocrx_word' id='word_1_918' title='bbox 3377 4830 3503 4886; x_wconf 88' lang='lat' dir='ltr'><strong>ergo</strong></span> <span class='ocrx_word' id='word_1_919' title='bbox 3535 4829 3662 4884; x_wconf 84' lang='lat' dir='ltr'><strong>spe-</strong></span> 
     </span>
    </p>
   </div>
   <div class='ocr_carea' id='block_1_111' title="bbox 2083 4906 3664 4985">
    <p class='ocr_par' dir='ltr' id='par_1_111' title="bbox 2083 4906 3664 4985">
     <span class='ocr_line' id='line_1_111' title="bbox 2083 4906 3664 4985; baseline -0.006 -16"><span class='ocrx_word' id='word_1_920' title='bbox 2083 4917 2162 4970; x_wconf 89' lang='lat' dir='ltr'><strong>cie</strong></span> <span class='ocrx_word' id='word_1_921' title='bbox 2192 4914 2455 4985; x_wconf 89' lang='lat' dir='ltr'><strong>poscentis</strong></span> <span class='ocrx_word' id='word_1_922' title='bbox 2496 4915 2547 4969; x_wconf 91' lang='lat' dir='ltr'><strong>in</strong></span> <span class='ocrx_word' id='word_1_923' title='bbox 2580 4913 2681 4967; x_wconf 93' lang='lat' dir='ltr'><strong>hoc</strong></span> <span class='ocrx_word' id='word_1_924' title='bbox 2711 4912 2916 4983; x_wconf 88' lang='lat' dir='ltr'><strong>psalmo</strong></span> <span class='ocrx_word' id='word_1_925' title='bbox 2940 4912 3110 4966; x_wconf 81' lang='lat' dir='ltr'><strong>futura</strong></span> <span class='ocrx_word' id='word_1_926' title='bbox 3138 4910 3188 4964; x_wconf 91' lang='lat' dir='ltr'><strong>in</strong></span> <span class='ocrx_word' id='word_1_927' title='bbox 3217 4909 3406 4979; x_wconf 89' lang='lat' dir='ltr'><strong>impios</strong></span> <span class='ocrx_word' id='word_1_928' title='bbox 3434 4906 3664 4962; x_wconf 86' lang='lat' dir='ltr'><strong>vindicta</strong></span> 
     </span>
    </p>
   </div>
   <div class='ocr_carea' id='block_1_112' title="bbox 2085 4997 3661 5076">
    <p class='ocr_par' dir='ltr' id='par_1_112' title="bbox 2085 4997 3661 5076">
     <span class='ocr_line' id='line_1_112' title="bbox 2085 4997 3661 5076; baseline -0.008 -17"><span class='ocrx_word' id='word_1_929' title='bbox 2085 5006 2446 5076; x_wconf 87' lang='lat' dir='ltr'><strong>prophetatur,</strong></span> <span class='ocrx_word' id='word_1_930' title='bbox 2502 5015 2561 5061; x_wconf 90' lang='lat' dir='ltr'><strong>ut</strong></span> <span class='ocrx_word' id='word_1_931' title='bbox 2610 5004 2965 5073; x_wconf 89' lang='lat' dir='ltr'><strong>intelligamus</strong></span> <span class='ocrx_word' id='word_1_932' title='bbox 3013 5010 3225 5057; x_wconf 88' lang='lat' dir='ltr'><strong>sanctos</strong></span> <span class='ocrx_word' id='word_1_933' title='bbox 3280 4999 3521 5055; x_wconf 89' lang='lat' dir='ltr'><strong>homines</strong></span> <span class='ocrx_word' id='word_1_934' title='bbox 3568 4997 3661 5051; x_wconf 85' lang='lat' dir='ltr'><strong>Dei</strong></span> 
     </span>
    </p>
   </div>
   <div class='ocr_carea' id='block_1_113' title="bbox 2084 5088 3662 5165">
    <p class='ocr_par' dir='ltr' id='par_1_113' title="bbox 2084 5088 3662 5165">
     <span class='ocr_line' id='line_1_113' title="bbox 2084 5088 3662 5165; baseline -0.006 -14"><span class='ocrx_word' id='word_1_935' title='bbox 2084 5112 2210 5151; x_wconf 89' lang='lat' dir='ltr'><strong>suos</strong></span> <span class='ocrx_word' id='word_1_936' title='bbox 2262 5098 2506 5156; x_wconf 84' lang='lat' dir='ltr'><strong>inimicos</strong></span> <span class='ocrx_word' id='word_1_937' title='bbox 2534 5095 2805 5165; x_wconf 78' lang='lat' dir='ltr'><strong>dilexisse,</strong></span> <span class='ocrx_word' id='word_1_938' title='bbox 2851 5110 2951 5150; x_wconf 89' lang='lat' dir='ltr'><strong>nec</strong></span> <span class='ocrx_word' id='word_1_939' title='bbox 2993 5096 3233 5165; x_wconf 90' lang='lat' dir='ltr'><strong>cuiquam</strong></span> <span class='ocrx_word' id='word_1_940' title='bbox 3281 5092 3513 5147; x_wconf 89' lang='lat' dir='ltr'><strong>voluisse</strong></span> <span class='ocrx_word' id='word_1_941' title='bbox 3562 5088 3662 5142; x_wconf 91' lang='lat' dir='ltr'><strong>nisi</strong></span> 
     </span>
    </p>
   </div>
   <div class='ocr_carea' id='block_1_114' title="bbox 2086 5179 3662 5258">
    <p class='ocr_par' dir='ltr' id='par_1_114' title="bbox 2086 5179 3662 5258">
     <span class='ocr_line' id='line_1_114' title="bbox 2086 5179 3662 5258; baseline -0.008 -14"><span class='ocrx_word' id='word_1_942' title='bbox 2086 5190 2302 5254; x_wconf 85' lang='lat' dir='ltr'><strong>bonum,</strong></span> <span class='ocrx_word' id='word_1_943' title='bbox 2331 5187 2472 5258; x_wconf 91' lang='lat' dir='ltr'><strong>quod</strong></span> <span class='ocrx_word' id='word_1_944' title='bbox 2514 5198 2596 5243; x_wconf 87' lang='lat' dir='ltr'><strong>est</strong></span> <span class='ocrx_word' id='word_1_945' title='bbox 2640 5188 2804 5256; x_wconf 87' lang='lat' dir='ltr'><strong>pietas</strong></span> <span class='ocrx_word' id='word_1_946' title='bbox 2834 5187 2886 5241; x_wconf 90' lang='lat' dir='ltr'><strong>in</strong></span> <span class='ocrx_word' id='word_1_947' title='bbox 2933 5185 3033 5241; x_wconf 90' lang='lat' dir='ltr'><strong>hoc</strong></span> <span class='ocrx_word' id='word_1_948' title='bbox 3068 5185 3285 5251; x_wconf 60' lang='lat' dir='ltr'><strong>saiculo,</strong></span> <span class='ocrx_word' id='word_1_949' title='bbox 3317 5181 3584 5237; x_wconf 67' lang='lat' dir='ltr'><strong>aeternitas</strong></span> <span class='ocrx_word' id='word_1_950' title='bbox 3611 5179 3662 5233; x_wconf 90' lang='grc'><strong>111</strong></span> 
     </span>
    </p>
   </div>
   <div class='ocr_carea' id='block_1_115' title="bbox 2085 5273 3659 5349">
    <p class='ocr_par' dir='ltr' id='par_1_115' title="bbox 2085 5273 3659 5349">
     <span class='ocr_line' id='line_1_115' title="bbox 2085 5273 3659 5349; baseline -0.006 -15"><span class='ocrx_word' id='word_1_951' title='bbox 2085 5282 2263 5334; x_wconf 78' lang='lat' dir='ltr'><strong>futuro</strong></span> <span class='ocrx_word' id='word_1_952' title='bbox 2296 5298 2308 5332; x_wconf 90' lang='lat'>:</span> <span class='ocrx_word' id='word_1_953' title='bbox 2342 5280 2391 5333; x_wconf 90' lang='lat' dir='ltr'><strong>iii</strong></span> <span class='ocrx_word' id='word_1_954' title='bbox 2423 5280 2596 5349; x_wconf 75' lang='lat' dir='ltr'><strong>pomis</strong></span> <span class='ocrx_word' id='word_1_955' title='bbox 2617 5287 2791 5333; x_wconf 89' lang='lat' dir='ltr'><strong>autem</strong></span> <span class='ocrx_word' id='word_1_956' title='bbox 2824 5278 3102 5341; x_wconf 90' lang='lat' dir='ltr'><strong>malorum,</strong></span> <span class='ocrx_word' id='word_1_957' title='bbox 3136 5290 3239 5329; x_wconf 92' lang='lat' dir='ltr'><strong>non</strong></span> <span class='ocrx_word' id='word_1_958' title='bbox 3271 5273 3421 5327; x_wconf 89' lang='lat' dir='ltr'><strong>malis</strong></span> <span class='ocrx_word' id='word_1_959' title='bbox 3450 5284 3659 5331; x_wconf 87' lang='lat' dir='ltr'><strong>eorum,</strong></span> 
     </span>
    </p>
   </div>
   <div class='ocr_carea' id='block_1_116' title="bbox 2086 5363 3666 5441">
    <p class='ocr_par' dir='ltr' id='par_1_116' title="bbox 2086 5363 3666 5441">
     <span class='ocr_line' id='line_1_116' title="bbox 2086 5363 3666 5441; baseline -0.006 -14"><span class='ocrx_word' id='word_1_960' title='bbox 2086 5374 2176 5428; x_wconf 87' lang='lat' dir='ltr'><strong>sed</strong></span> <span class='ocrx_word' id='word_1_961' title='bbox 2210 5372 2301 5427; x_wconf 90' lang='lat' dir='ltr'><strong>Dei</strong></span> <span class='ocrx_word' id='word_1_962' title='bbox 2328 5372 2483 5427; x_wconf 88' lang='lat' dir='ltr'><strong>bonis</strong></span> <span class='ocrx_word' id='word_1_963' title='bbox 2506 5370 2715 5441; x_wconf 87' lang='lat' dir='ltr'><strong>judiciis</strong></span> <span class='ocrx_word' id='word_1_964' title='bbox 2739 5370 2901 5425; x_wconf 84' lang='lat' dir='ltr'><strong>fuisse</strong></span> <span class='ocrx_word' id='word_1_965' title='bbox 2929 5370 3243 5430; x_wconf 86' lang='lat' dir='ltr'><strong>delectatos;</strong></span> <span class='ocrx_word' id='word_1_966' title='bbox 3265 5374 3320 5421; x_wconf 87' lang='lat' dir='ltr'><strong>et</strong></span> <span class='ocrx_word' id='word_1_967' title='bbox 3346 5363 3666 5431; x_wconf 85' lang='lat' dir='ltr'><strong>ubicumque</strong></span> 
     </span>
    </p>
   </div>
   <div class='ocr_carea' id='block_1_117' title="bbox 2087 5455 3739 5534">
    <p class='ocr_par' dir='ltr' id='par_1_117' title="bbox 2087 5455 3739 5534">
     <span class='ocr_line' id='line_1_117' title="bbox 2087 5455 3739 5534; baseline -0.008 -14"><span class='ocrx_word' id='word_1_968' title='bbox 2087 5466 2138 5520; x_wconf 91' lang='grc'><strong>111</strong></span> <span class='ocrx_word' id='word_1_969' title='bbox 2157 5465 2445 5534; x_wconf 89' lang='lat' dir='ltr'><strong>Scripturis</strong></span> <span class='ocrx_word' id='word_1_970' title='bbox 2466 5464 2662 5519; x_wconf 86' lang='lat' dir='ltr'><strong>sanctis</strong></span> <span class='ocrx_word' id='word_1_971' title='bbox 2682 5465 2927 5533; x_wconf 84' lang='lat' dir='ltr'><strong>leguntur</strong></span> <span class='ocrx_word' id='word_1_972' title='bbox 2952 5463 3003 5516; x_wconf 90' lang='lat' dir='ltr'><strong>in</strong></span> <span class='ocrx_word' id='word_1_973' title='bbox 3034 5460 3274 5515; x_wconf 87' lang='lat' dir='ltr'><strong>homines</strong></span> <span class='ocrx_word' id='word_1_974' title='bbox 3309 5455 3429 5511; x_wconf 90' lang='lat' dir='ltr'><strong>odia</strong></span> <span class='ocrx_word' id='word_1_975' title='bbox 3454 5469 3662 5514; x_wconf 80' lang='lat' dir='ltr'><strong>eorum.</strong></span> <span class='ocrx_word' id='word_1_976' title='bbox 3734 5460 3739 5467; x_wconf 91' lang='lat'>‘</span> 
     </span>
    </p>
   </div>
   <div class='ocr_carea' id='block_1_118' title="bbox 2086 5546 3664 5625">
    <p class='ocr_par' dir='ltr' id='par_1_118' title="bbox 2086 5546 3664 5625">
     <span class='ocr_line' id='line_1_118' title="bbox 2086 5546 3664 5625; baseline -0.007 -14"><span class='ocrx_word' id='word_1_977' title='bbox 2086 5555 2207 5611; x_wconf 86' lang='lat' dir='ltr'><strong>odia</strong></span> <span class='ocrx_word' id='word_1_978' title='bbox 2235 5554 2396 5609; x_wconf 82' lang='lat' dir='ltr'><strong>fuisse</strong></span> <span class='ocrx_word' id='word_1_979' title='bbox 2426 5554 2692 5619; x_wconf 85' lang='lat' dir='ltr'><strong>vitiorum,</strong></span> <span class='ocrx_word' id='word_1_980' title='bbox 2719 5570 2838 5625; x_wconf 70' lang='lat' dir='ltr'><strong>quae</strong></span> <span class='ocrx_word' id='word_1_981' title='bbox 2856 5555 2967 5623; x_wconf 86' lang='lat' dir='ltr'><strong>ipse</strong></span> <span class='ocrx_word' id='word_1_982' title='bbox 2987 5553 3144 5607; x_wconf 88' lang='lat' dir='ltr'><strong>etiam</strong></span> <span class='ocrx_word' id='word_1_983' title='bbox 3175 5546 3532 5620; x_wconf 85' lang='lat' dir='ltr'><strong>unusquisque</strong></span> <span class='ocrx_word' id='word_1_984' title='bbox 3564 5546 3664 5601; x_wconf 77' lang='lat' dir='ltr'><strong>lio-</strong></span> 
     </span>
    </p>
   </div>
   <div class='ocr_carea' id='block_1_119' title="bbox 2155 5687 3245 5753">
    <p class='ocr_par' dir='ltr' id='par_1_119' title="bbox 2155 5687 3245 5753">
     <span class='ocr_line' id='line_1_119' title="bbox 2155 5687 3245 5753; baseline -0.002 -14"><span class='ocrx_word' id='word_1_985' title='bbox 2155 5694 2171 5725; x_wconf 75' lang='grc' dir='ltr'>ί</span> <span class='ocrx_word' id='word_1_986' title='bbox 2209 5690 2341 5751; x_wconf 62' lang='lat' dir='ltr'><strong>Filii,</strong></span> <span class='ocrx_word' id='word_1_987' title='bbox 2370 5691 2551 5742; x_wconf 87' lang='lat' dir='ltr'><strong>dolore.</strong></span> <span class='ocrx_word' id='word_1_988' title='bbox 2573 5699 2625 5740; x_wconf 85' lang='grc' dir='ltr'><strong>Αι</strong></span> <span class='ocrx_word' id='word_1_989' title='bbox 2646 5690 2827 5753; x_wconf 85' lang='lat' dir='ltr'><strong>aliquot</strong></span> <span class='ocrx_word' id='word_1_990' title='bbox 2848 5698 2953 5740; x_wconf 69' lang='lat' dir='ltr'><strong>Mss.</strong></span> <span class='ocrx_word' id='word_1_991' title='bbox 2970 5726 2983 5753; x_wconf 93' lang='lat'><strong>,</strong></span> <span class='ocrx_word' id='word_1_992' title='bbox 3011 5687 3245 5741; x_wconf 83' lang='lat' dir='ltr'><strong>dolorem.</strong></span> 
     </span>
    </p>
   </div>
   <div class='ocr_carea' id='block_1_120' title="bbox 2153 5752 2854 5819">
    <p class='ocr_par' dir='ltr' id='par_1_120' title="bbox 2153 5752 2854 5819">
     <span class='ocr_line' id='line_1_120' title="bbox 2153 5752 2854 5819; baseline -0.001 -14"><span class='ocrx_word' id='word_1_993' title='bbox 2153 5755 2173 5786; x_wconf 81' lang='grc'>²</span> <span class='ocrx_word' id='word_1_994' title='bbox 2205 5756 2276 5805; x_wconf 77' lang='lat' dir='ltr'><strong>sic</strong></span> <span class='ocrx_word' id='word_1_995' title='bbox 2318 5763 2418 5805; x_wconf 73' lang='lat' dir='ltr'><strong>uss.</strong></span> <span class='ocrx_word' id='word_1_996' title='bbox 2440 5761 2494 5805; x_wconf 74' lang='lat' dir='ltr'><strong>At</strong></span> <span class='ocrx_word' id='word_1_997' title='bbox 2516 5754 2646 5819; x_wconf 81' lang='lat' dir='ltr'><strong>Edd.,</strong></span> <span class='ocrx_word' id='word_1_998' title='bbox 2674 5752 2854 5804; x_wconf 74' lang='lat' dir='ltr'><strong>abdito.</strong></span> 
     </span>
    </p>
   </div>
  </div>
