4020 6198
419 289 558 348 1019

418 403 624 457 tuinum
656 396 831 455 oderit
849 403 1059 466 oportet
1090 394 1144 453 in
1171 409 1252 461 se,
1274 392 1321 450 si
1346 390 1519 463 diligit
1540 404 1621 449 se.

1656 278 1716 335 S.
1758 275 2119 337 AUGUSTINI
2158 278 2458 340 EPISCOPI

3560 289 3702 347 10310

2116 392 2276 464 τοίω
2306 392 2423 451 Cor.
2454 410 2529 461 vt,
2557 396 2661 468 l0).
2693 396 2909 457 Vicinos
2932 397 3097 466 dicit,
3121 400 3248 470 quia
3278 401 3417 457 inter
3445 402 3568 461 illos
3602 405 3701 459 lut-

490 491 581 548 15.
608 488 762 563 (om.
792 482 907 562 lt]
932 486 1050 543 1am
1076 500 1205 545 vero
1230 483 1371 557 quod
1395 483 1637 557 sequitur
1654 522 1670 551 ,
1699 479 1863 541 Intret
1888 490 2011 537 ante
2112 482 2248 543 bitat
2275 487 2513 546 Ecclesia
2540 506 2704 560 u<que
2732 492 2783 547 in
2815 491 2955 550 diem
2983 494 3337 564 separationis
3365 511 3380 549 :
3414 511 3519 553 non
3548 499 3697 553 enim

420 592 737 655 conspectum
758 590 921 645 tuum,
948 579 1030 635 vel
1053 579 1195 637 sicut
1216 577 1307 633 alii
1326 575 1540 635 codices
1570 573 1789 640 habent,
1811 573 1866 629 in
1884 589 2009 629 eou-

417 684 590 744 spectu
636 682 721 727 tuo
766 672 975 743 gemitus
1017 668 1415 740 compeditorum
1452 682 1471 721 :
1500 681 1607 721 non
1651 664 1804 721 facile
1855 664 2006 735 quise

418 780 577 833 quam
606 763 805 835 reperit
828 761 1101 830 coniectos
1131 760 1181 815 in
1202 757 1491 827 compedes
1511 770 1539 813 a
1568 754 2007 826 persecutoribus

409 866 673 919 sanctos;
705 864 758 911 et
787 853 835 909 si
874 852 1066 908 accidit
1094 851 1145 906 in
1189 858 1295 904 tam
1322 862 1512 916 magna
1541 856 1702 917 atque
1727 844 2005 914 multiplici

418 948 676 1003 varietate
706 961 1007 1016 pinnarum,
1033 952 1141 1003 tam
1171 957 1292 997 raro
1320 940 1533 1007 accidit,
1562 949 1620 995 ut
1655 954 1761 994 non
1787 939 1859 995 sit
1881 952 2003 993 cre-

414 1040 649 1095 dendum
677 1038 779 1093 hoc
802 1040 857 1093 in
882 1038 981 1093 isto
1015 1050 1172 1093 versu
1200 1034 1341 1105 quod
1369 1038 1816 1089 commemoraret
1843 1028 2005 1099 potis-

416 1134 608 1188 simum
649 1132 871 1201 elegisse
907 1128 1249 1199 Prophetam.
1293 1125 1398 1182 Sed
1428 1125 1677 1180 nimirum
1718 1121 2004 1192 compedes

414 1236 541 1281 sunt
587 1224 888 1288 inﬁrmitas,
920 1230 974 1277 et
1018 1218 1429 1289 corruptibilitas
1466 1215 1725 1284 corporis,
1752 1229 1871 1284 quas
1912 1227 2006 1283 ag-

414 1326 641 1385 gravant
685 1316 937 1369 animam.
966 1313 1069 1369 Per
1106 1312 1223 1380 ejus
1255 1309 1396 1363 enim
1451 1306 1824 1377 fragilitatem,
1854 1304 2004 1360 velut

412 1407 767 1479 quorumdam
797 1407 1043 1461 dolorum
1090 1402 1563 1469 molestiarumque
1603 1398 1902 1464 materiam,
1933 1396 2000 1453 ad

414 1500 738 1569 impietatem
755 1486 965 1570 poterat
978 1495 1299 1564 compellere
1322 1500 1649 1563 perseeutor.
1662 1490 1738 1545 Ab
1756 1490 1839 1545 bis
1854 1504 2001 1544 com-

415 1591 639 1661 pedibus
660 1588 1072 1658 concupiscebat
1093 1585 1309 1641 dissolvi
1338 1582 1645 1654 Apostolus,
1666 1590 1717 1636 et
1742 1595 1863 1637 esse
1875 1594 1998 1636 cum

412 1681 646 1745 Christo;
681 1695 898 1736 manere
919 1688 1092 1737 autem
1116 1678 1169 1735 in
1200 1692 1361 1733 carne
1398 1673 1760 1731 necessarium
1785 1680 1999 1742 propter

412 1772 536 1829 illos
572 1772 764 1843 quibus
791 1771 1130 1841 Evangeliunt
1155 1768 1491 1823 ministrabat
1522 1765 1779 1838 (Philipp.
1810 1781 1849 1831 ι,
1878 1764 1994 1834 9.5).

412 1865 593 1920 Donec
614 1880 741 1934 ergo
765 1862 1108 1932 corruptibile
1126 1860 1229 1915 hoc
1242 1859 1423 1915 induat
1450 1858 1925 1926 incorruptionem,
1943 1865 1999 1910 et

410 1957 634 2013 mortale
654 1958 753 2012 hoc
769 1956 949 2011 induat
964 1954 1407 2011 immortalitatem
1423 1951 1464 2023 (1
1477 1950 1595 2006 Cor.
1617 1948 1832 2027 ιινηὸὅ),
1851 1949 1999 2005 velut

409 2048 756 2119 compedibus
776 2062 903 2101 caro
929 2045 1135 2100 infirma
1164 2051 1464 2113 promptum
1492 2039 1992 2111 impeditspiritum.

412 2139 519 2194 llas
554 2152 684 2207 ergo
702 2136 987 2204 compedes
1019 2152 1121 2189 non
1163 2134 1420 2198 sentiunt,
1467 2133 1568 2187 nisi
1596 2132 1685 2202 qui
1712 2131 1765 2185 in
1796 2139 1994 2186 semet.

410 2227 540 2293 ipsis
560 2226 913 2297 ingemiscunt
936 2226 1135 2295 gravati
1162 2223 1183 2297 (
1206 2223 1249 2278 ll
1280 2223 1397 2277 Cor.
1425 2239 1478 2289 v,
1510 2223 1545 2277 4
1568 2220 1610 2293 ),
1638 2220 1994 2281 habitaculum

409 2316 553 2385 quod
577 2316 644 2372 de
670 2316 808 2372 cuslo
833 2323 915 2371 est
947 2314 1255 2384 superiudui
1293 2313 1590 2383 cupientes,
1619 2313 1741 2383 quia
1769 2322 1822 2367 ct
1849 2327 1996 2368 mors

409 2406 618 2464 horrori
642 2415 744 2473 est,
797 2415 852 2463 et
902 2406 1118 2465 mcerori
1148 2406 1255 2461 vita
1299 2404 1558 2459 mortalis.
1601 2404 1704 2461 Pro
1734 2402 1815 2458 his
1865 2403 1997 2458 Pro-

409 2497 565 2567 pheta
593 2495 927 2566 gementibus
958 2496 1193 2565 ingemit,
1239 2504 1295 2549 ut
1319 2495 1479 2549 intret
1504 2494 1557 2547 in
1585 2501 1869 2563 conspectu
1902 2492 1993 2548 Dei

409 2588 637 2657 gemitus
665 2602 870 2642 eorum.
891 2587 1120 2642 Possunt
1143 2595 1198 2641 et
1218 2585 1291 2640 illi
1320 2584 1539 2655 intelligi
1565 2583 1871 2653 compediti,
1901 2583 1993 2654 qui

415 2677 695 2748 praeceptis
715 2676 986 2746 sapientia:
1014 2675 1246 2747 colligati
1272 2683 1426 2743 sunt,
1449 2689 1567 2745 qua:
1588 2674 1851 2746 patienter
1870 2688 1991 2729 sus-

410 2778 608 2825 tentata
638 2770 689 2824 in
735 2781 1048 2824 ornamenta
1089 2776 1402 2835 vertuntur;
1429 2764 1573 2822 unde
1598 2765 1854 2836 scriptum
1875 2773 1989 2819 est:

408 2858 573 2931 Injice
597 2860 773 2931 pedem
801 2868 942 2915 tuum
968 2864 1023 2917 in
1049 2857 1313 2929 compedes
1349 2858 1458 2929 ejus
1489 2854 1693 2929 (Eccli.
1733 2871 1784 2910 vt
1810 2896 1824 2919 ,
1855 2854 1925 2912 25
1950 2856 1989 2921 ).

408 2952 699 3009 Secundum
724 2952 1137 3023 magnitudinem,
1170 2951 1370 3021 inquit,
1401 2950 1596 3005 brachii
1626 2949 1720 3015 tui,
1747 2950 1915 3021 recipe
1938 2950 1994 3003 in

386 3043 729 3112 adoptionem
763 3044 898 3111 ﬁlios
926 3042 1365 3111 mortiﬁcatorum,
1396 3040 1481 3100 vel
1506 3041 1641 3099 sicut
1670 3041 1724 3096 in
1753 3040 1872 3097 aliis
1901 3055 1991 3095 co-

407 3134 616 3191 dicibns
657 3134 865 3204 legitur,
911 3134 1109 3203 posside
1145 3135 1279 3203 ﬁlios
1318 3144 1478 3189 morte
1504 3133 1855 3205 punitorum‘.
1890 3131 1991 3189 Ubi

409 3224 540 3280 satis
571 3224 699 3279 mihi
742 3223 951 3278 videtur
979 3222 1279 3279 ostendisse
1323 3224 1632 3293 Scriptura,
1673 3224 1792 3293 quis
1836 3224 1991 3281 fuerit

407 3315 637 3386 gemitus
660 3313 1107 3385 compeditorum,
1136 3313 1224 3383 qui
1261 3328 1358 3384 pro
1397 3313 1613 3369 nomine
1634 3312 1833 3368 Christi
1865 3328 1988 3381 per-

407 3407 709 3463 secutiones
739 3405 1079 3476 gravissimas
1111 3405 1462 3474 pertulerunt,
1493 3420 1609 3475 quae
1638 3404 1690 3460 in
1720 3404 1822 3459 isto
1845 3403 1988 3473 psal-

406 3510 498 3551 mo
540 3496 877 3565 apertissime
919 3496 1323 3565 prephetantur.
1356 3495 1410 3550 ln
1450 3494 1675 3549 diversis
1699 3493 1839 3549 enim
1869 3507 1991 3563 pas-

406 3588 643 3645 sionibus
668 3587 939 3645 constituti
960 3586 1184 3642 orabant
1210 3602 1306 3657 pro
1326 3586 1585 3650 Ecclesia,
1608 3600 1679 3641 ne
1700 3584 1990 3641 infructuo-

405 3693 499 3734 sus
519 3687 661 3736 esset
690 3679 916 3749 posteris
937 3677 1151 3749 sanguis
1178 3678 1422 3745 illorum;
1443 3686 1499 3733 ut
1519 3676 1781 3735 dominica
1810 3690 1984 3746 seges,

411 3770 554 3826 unde
583 3769 781 3827 inimici
814 3786 931 3827 eam
963 3770 1219 3841 putabant
1248 3771 1532 3840 perituram
1554 3811 1569 3838 ,
1611 3769 1735 3826 inde
1758 3768 1986 3827 feracius

404 3862 709 3932 pullularet.
743 3861 907 3927 Filios
927 3863 1120 3933 quippe
1140 3863 1557 3932 mortiﬁcatorum
1585 3863 1733 3930 dicit,
1764 3864 1852 3933 qui
1878 3880 1985 3921 non

405 3953 578 4009 solum
617 3968 726 4009 non
769 3962 894 4008 sunt
938 3953 1108 4009 territi
1152 3953 1566 4025 prmcedentiuut
1614 3954 1981 4025 passionibus,

403 4043 497 4099 sed
527 4044 579 4099 in
604 4059 727 4100 eum
764 4058 861 4113 pro
886 4043 1038 4114 cujus
1077 4045 1297 4101 nomine
1343 4058 1527 4115 passos
1555 4060 1650 4100 eos
1690 4056 1982 4110 noverant,

403 4136 720 4193 exhortante
746 4136 956 4191 illorum
983 4136 1148 4207 gloria
1186 4136 1253 4191 ad
1279 4136 1590 4191 imitandum
1620 4136 1830 4193 accensi
1851 4178 1866 4202 ,
1894 4153 1984 4191 co-

401 4228 715 4298 piosissimis
740 4227 1039 4298 agminibus
1057 4226 1419 4285 crediderunt.
1450 4227 1575 4283 ideo
1599 4227 1752 4291 dixit,
1780 4228 1981 4284 Secun-

401 4320 526 4372 dum
567 4317 964 4389 magnitudinem
1001 4316 1193 4373 brachii
1222 4318 1317 4372 tui.
1348 4317 1457 4374 Res
1485 4318 1625 4372 enim
1657 4327 1762 4372 tam
1793 4333 1979 4388 magna

400 4418 582 4463 secuta
614 4416 696 4463 est
724 4407 776 4463 in
804 4395 1015 4478 populis
1041 4407 1375 4474 christianis,
1416 4416 1474 4462 ut
1515 4422 1631 4463 eam
1678 4408 1766 4477 qui
1797 4409 1983 4463 se-ali~

400 4498 525 4568 quid
574 4497 942 4569 persequendo
987 4496 1247 4567 proficere
1292 4497 1584 4569 putabant,
1632 4499 1779 4553 nullo
1821 4499 1980 4553 modo

402 4588 684 4645 crederent
713 4599 1038 4645 secuturam.

474 4678 559 4732 16.
594 4676 745 4751 [vers.
775 4677 888 4752 12.]
918 4678 1094 4733 Redde
1112 4717 1127 4745 ,
1159 4678 1355 4749 inquit,
1382 4678 1554 4735 uicinis
1583 4679 1765 4734 nostris
1797 4680 1980 4749 septies

399 4776 593 4822 tantum
613 4769 665 4822 in
679 4770 820 4827 sinus
843 4785 1033 4824 eorum.
1051 4768 1166 4824 Non
1197 4769 1333 4824 mala
1354 4777 1533 4839 optat;
1560 4769 1653 4824 sed
1674 4769 1815 4838 justa
1844 4785 1978 4839 pras—

401 4858 646 4925 nuntiat,
696 4868 753 4915 et
798 4861 1058 4916 ventura’
1104 4858 1402 4930 prophetat.
1445 4858 1757 4930 Septenaria
1801 4869 1978 4916 autem

400 4966 659 5017 numero,
689 4952 741 5006 id
768 4962 850 5008 est
877 4953 1121 5025 septupla
1166 4953 1547 5018 retributione,
1598 4953 1977 5023 perfectionem

397 5058 573 5114 potate
594 5042 707 5097 vult
735 5042 975 5114 intelligi,
998 5045 1121 5114 quia
1150 5043 1251 5099 isto
1275 5059 1499 5101 numero
1526 5044 1797 5113 plenitudo
1818 5046 1980 5115 signi-

397 5134 543 5189 ficari
568 5133 725 5188 solet.
744 5132 896 5189 Unde
921 5142 974 5188 et
1003 5134 1130 5188 illud
1152 5143 1233 5190 est
1259 5133 1310 5189 in
1336 5133 1508 5202 bonis,
1532 5133 1753 5206 Accipiet
1769 5134 1790 5166 ³
1817 5136 1866 5188 in
1886 5136 1979 5189 hoc

396 5225 580 5281 seculo
605 5225 785 5295 septies
812 5232 1005 5279 tantum
1031 5224 1222 5293 (Marc.
1245 5242 1298 5291 ι,
1326 5222 1417 5298 50)
1444 5241 1457 5279 :
1480 5224 1618 5296 quod
1647 5226 1875 5295 positum
1898 5235 1980 5281 est

395 5330 493 5385 pro
519 5318 801 5385 omnibus;
836 5316 994 5387 Quasi
1014 5316 1141 5372 nihil
1164 5317 1423 5385 habentes,
1454 5326 1499 5372 et
1526 5318 1697 5374 omnia
1717 5318 1979 5391 possiden-

457 5511 476 5576 ξ
509 5519 686 5576 omnes
708 5515 856 5564 nostri
881 5522 1006 5572 Mem,
1026 5512 1432 5576 mortiﬁcawrtzm.

456 5573 478 5638 ξ
511 5573 644 5633 add,
670 5576 848 5638 [stur/1.
875 5576 1098 5638 Plerique
1120 5573 1247 5638 ms,
1273 5590 1401 5638 vero,
1424 5573 1636 5638 Quidam,
1670 5583 1880 5626 ventura.

392 5632 482 5746 ho;
509 5632 831 5746 sézlueliores
857 5647 959 5691 uss.
987 5632 1040 5689 Δὶ
1064 5638 1195 5702 add,
1219 5637 1269 5699 in
1294 5635 1425 5692 bonis
1448 5632 1811 5703 'accipiemium-
1850 5645 1903 5695 ει
1926 5638 1976 5688 in

484 5730 501 5759 ’

2108 575 2272 632 modo
2310 577 2372 633 lit
2407 578 2664 637 discessio
2701 582 3016 652 corporalis.
3048 582 3113 637 In
3139 584 3280 637 sinus
3318 601 3491 643 eorum
3529 587 3697 652 dicit,

2112 666 2295 736 utique
2322 682 2464 722 nunc
2493 670 2546 724 in
2576 671 2833 738 occultis;
2863 680 2924 729 ut
2952 673 3179 735 vindicta
3219 690 3338 744 quae
3380 675 3432 733 in
3464 677 3563 732 hac
3588 678 3702 733 vita

2108 757 2282 828 agitur
2326 758 2380 815 in
2417 760 2628 817 occulto
2651 802 2666 826 ,
2715 772 2836 831 post
2872 764 3148 819 innotescat
3175 782 3230 823 ιιι
3258 766 3542 820 nationibus
3578 776 3705 821 ante

2108 848 2283 905 oculos
2309 859 2525 907 nostros.
2552 850 2722 907 Homo
2751 868 2977 924 namque
2998 870 3119 915 cum
3142 855 3299 913 datur
3329 856 3378 910 in
3408 857 3699 926 reprobum

2104 950 2323 994 sensum
2343 979 2360 1007 ,
2383 939 2435 995 in
2469 936 2724 1003 interiore
2752 943 2873 999 sinu
2898 944 3093 1014 accipit
3122 946 3504 1015 suppliciorum
3526 948 3702 1003 meri-

2108 1034 2220 1083 tum
2249 1027 2566 1085 futurorum.
2598 1031 2936 1104 Opprobrium
2956 1051 3161 1102 eorum,
3189 1036 3324 1104 quod
3352 1036 3700 1106 exprobrans-

2107 1127 2223 1175 runt
2250 1120 2359 1191 tibi,
2393 1120 2627 1178 Domine.
2660 1123 2775 1180 lloc
2801 1124 2879 1183 eis
2906 1124 3071 1181 redde
3094 1128 3397 1197 scptu-plum
3441 1127 3493 1182 in
3537 1130 3699 1187 sinus

2106 1224 2314 1276 eorum,
2344 1212 2397 1267 id
2426 1221 2537 1280 est,
2567 1229 2664 1283 pro
2695 1215 2797 1271 isto
2826 1217 3116 1286 approbrio
3139 1233 3235 1275 eos
3261 1218 3316 1277 in
3341 1219 3567 1275 occultis
3589 1235 3694 1276 eo-

2106 1316 2226 1357 rum
2270 1302 2577 1372 plcnissime
2620 1306 2868 1374 reprobo.
2914 1304 2989 1360 lbi
3037 1305 3179 1363 enim
3232 1310 3693 1377 exprobraverunt

2104 1404 2298 1447 nomen
2329 1402 2475 1449 tuum
2502 1436 2518 1459 ,
2544 1402 2596 1449 te
2621 1394 2942 1457 arbitrantes
2986 1396 3037 1455 in
3064 1398 3239 1455 servis
3279 1400 3382 1454 tuis
3411 1399 3589 1456 delere
3618 1400 3694 1464 de

2106 1491 2244 1537 terra
2254 1522 2268 1537 .

2176 1574 2261 1631 i7.
2291 1572 2441 1647 [vers.
2476 1576 2588 1649 15.]
2616 1575 2727 1635 Nos
2754 1587 2922 1635 autem
2947 1581 3163 1649 populus
3195 1583 3691 1651 inungencraliter

2102 1664 2465 1735 accipiendum
2520 1666 2588 1723 de
2631 1669 2773 1722 omni
2839 1684 3035 1739 genere
3082 1672 3288 1740 piorum
3339 1683 3394 1727 et
3438 1689 3687 1731 verorum

2100 1757 2532 1817 christianorum.
2570 1758 2679 1815 Nos
2705 1776 2835 1831 ergo
2855 1777 2989 1831 quos
3011 1762 3239 1833 perdere
3264 1778 3323 1817 se
3349 1780 3506 1834 posse
3528 1776 3686 1835 puta.

2103 1857 2311 1914 verunt,
2331 1850 2549 1919 papulas
2568 1852 2699 1915 tuus,
2720 1861 2767 1906 et
2788 1867 2900 1907 oves
2923 1854 3088 1923 gregis
3111 1854 3202 1920 tui,
3226 1863 3284 1907 nt
3298 1855 3386 1924 qui
3409 1855 3682 1924 gloriatur,

2101 1939 2151 1993 in
2184 1940 2409 1994 Domino
2437 1941 2692 2011 glorietur
2720 1942 2771 2015 (1
2806 1942 2943 1997 Cor.-
2967 1959 3004 2008 ι,
3048 1945 3163 2013 51),
3212 1946 3558 2014 conﬁtebimur
3591 1949 3683 2001 tibi

2098 2023 2149 2076 in
2177 2024 2435 2077 swculum.
2478 2024 2578 2079 Alii
2608 2034 2786 2080 autem
2816 2026 3028 2083 codices
3065 2027 3297 2095 habent,
3336 2031 3681 2099 conﬁtebimur

2097 2116 2186 2170 tibi
2214 2116 2265 2169 in
2293 2126 2554 2173 teter-num.
2591 2118 2667 2172 Ex
2693 2118 2941 2189 ambiguo
2981 2135 3155 2190 graeco
3200 2120 3338 2177 facta
3370 2131 3453 2177 est
3482 2118 3577 2178 ista
3606 2126 3681 2179 di.

2096 2209 2319 2264 versitas
2348 2227 2361 2262 :
2389 2209 2529 2278 quod
2556 2211 2697 2265 enim
2728 2210 2885 2265 habet
2909 2227 3133 2281 graecus,
3166 2223 3229 2275 ιἰς
3256 2224 3333 2271 τὸν
3361 2225 3532 2279 αἰῶνα,
3555 2227 3606 2271 et
3630 2219 3682 2271 in

2096 2308 2356 2365 aeternum,
2383 2300 2519 2353 etin
2559 2300 2796 2354 saeculum
2842 2301 3178 2372 interpretari
3219 2313 3423 2371 potest;
3461 2306 3557 2362 sed
3587 2323 3683 2378 pro

2099 2388 2214 2442 loco
2252 2389 2647 2460 intelligendum
2697 2392 2824 2461 quid
2863 2394 3052 2447 melius
3082 2394 3540 2464 interpretandum
3591 2399 3678 2457 sit.

2096 2479 2297 2534 Sensus
2322 2496 2451 2551 ergo
2480 2481 2635 2550 hujus
2665 2482 2767 2536 loci
2798 2483 2965 2552 magis
2994 2483 3124 2543 mihi
3150 2485 3358 2543 videtur
3373 2488 3676 2556 ostendere,

2095 2570 2149 2624 in
2186 2570 2426 2624 saxulum
2464 2571 2567 2627 dici
2607 2584 2874 2642 oportere,
2908 2574 2959 2633 id
2989 2584 3071 2630 est
3098 2590 3264 2647 usque
3291 2577 3344 2635 in
3378 2576 3534 2634 finem
3578 2594 3685 2637 sa:-

2096 2663 2221 2717 culi.
2279 2662 2520 2734 Sequens
2569 2675 2746 2723 autem
2803 2681 2989 2727 versus
3041 2683 3192 2725 more
3242 2668 3677 2740 Scripturarutn,

2095 2756 2433 2827 maximeque
2479 2757 2809 2817 Psaltnorum
2832 2778 2852 2825 η,
2883 2760 3128 2833 repetitio
3165 2764 3456 2837 superioris
3483 2767 3561 2820 est
3589 2780 3679 2819 or-

2093 2846 2217 2902 dine
2242 2857 2586 2916 commutato,
2618 2849 2766 2920 prius
2791 2850 2993 2907 habens
3011 2852 3156 2924 quod
3184 2853 3253 2908 ibi
3281 2866 3359 2910 est
3386 2856 3667 2925 posterius,

2094 2954 2148 2998 et
2177 2945 2442 3015 posterius
2469 2944 2612 3015 quod
2639 2946 2709 3002 ibi
2740 2954 2821 3005 est
2857 2946 3020 3016 prius.
3053 2946 3185 3003 Nam
3213 2947 3344 3018 quod
3375 2949 3442 3003 ibi
3467 2948 3667 3009 dictum

2096 3044 2193 3099 est,
2226 3035 2573 3105 conﬁtebimur
2603 3036 2709 3104 tibi,
2734 3024 2838 3111 pro
2868 3038 2982 3106 ipso
3011 3038 3098 3093 hic
3125 3038 3319 3095 dictum
3342 3049 3442 3102 est,
3468 3056 3675 3097 annuus

2092 3125 2324 3183 nubimus
2353 3125 2555 3187 tandem
2583 3136 2737 3183 tuam.
2774 3128 2927 3194 Quod
2954 3128 3131 3200 itaque
3165 3130 3235 3187 ibi
3264 3130 3463 3186 dictum
3493 3142 3595 3196 est,
3623 3132 3675 3189 in

2092 3216 2351 3283 stecutzun,
2388 3233 2484 3287 pro
2522 3218 2635 3289 ipso
2665 3216 2752 3273 hic
2778 3219 2977 3275 dictum
3013 3230 3115 3286 est,
3145 3221 3198 3274 in
3233 3223 3605 3292 generationem
3628 3233 3675 3279 et

2092 3310 2481 3379 generationem.
2515 3310 2615 3366 Ista
2645 3312 2839 3382 quippe
2876 3314 3233 3384 generationis
3274 3314 3524 3383 repetitio
3549 3329 3672 3383 per-

2093 3403 2398 3470 petuitatent
2436 3402 2699 3472 significat
2730 3420 2743 3457 :
2776 3404 2908 3471 sive,
2958 3414 3014 3461 ut
3055 3405 3296 3465 nonnulli
3336 3406 3672 3476 intelligunt,

2091 3495 2213 3562 quia
2243 3494 2361 3549 duae
2391 3504 2514 3553 sunt
2541 3496 2944 3566 generationes,
2993 3495 3147 3552 vetus
3195 3506 3249 3552 et
3299 3511 3458 3552 nova.
3487 3496 3588 3553 Sed
3616 3498 3667 3552 in

2091 3582 2191 3639 hoc
2230 3585 2288 3637 tlt
2335 3585 2530 3640 smculo
2570 3595 2794 3655 utraque
2828 3604 2843 3641 :
2895 3587 3143 3656 quoniam
3191 3587 3282 3657 qui
3320 3603 3429 3642 non
3464 3577 3670 3644 renatus

2089 3671 2249 3730 fuerit
2275 3691 2342 3730 ex
2375 3691 2509 3746 aqua
2536 3684 2591 3731 et
2616 3676 2836 3747 Spiritu,
2867 3692 2970 3732 non
3000 3678 3218 3739 intrabit
3240 3680 3291 3734 in
3324 3696 3546 3749 regnum
3571 3696 3677 3734 cus-

2090 3765 2262 3822 lorum
2303 3765 2479 3837 (Joan.
2526 3781 2603 3830 ιιι,
2642 3767 2727 3839 5);
2772 3766 2968 3823 deinde
2994 3768 3115 3837 quia
3146 3769 3196 3823 in
3229 3768 3329 3827 isto
3353 3771 3553 3825 att-culo
3581 3787 3677 3823 au-

2089 3854 2359 3910 nuntiatur
2388 3855 2501 3910 laus
2532 3855 2647 3922 Dei,
2676 3872 2798 3911 nam
2833 3858 2884 3911 in
2927 3856 3103 3912 futuro
3145 3859 3342 3915 sarculo
3367 3875 3488 3913 cum
3526 3860 3679 3913 νίας-

2086 3945 2261 4001 bimus
2304 3961 2424 4000 eum
2468 3947 2623 4001 sicuti
2662 3958 2745 4002 est
2786 3946 2837 4019 (l
2871 3946 3029 4002 Joan.
3060 3965 3137 4013 ttt,
3171 3949 3250 4023 2),
3298 3950 3382 4005 cui
3420 3949 3676 4022 deinceps

2086 4038 2451 4105 annuntictur,
2482 4054 2589 4093 non
2616 4039 2735 4093 erit.
2762 4036 2873 4093 Nos
2902 4055 3049 4111 ergo,
3079 4043 3296 4111 populus
3322 4051 3457 4107 tuus,
3484 4052 3533 4096 et
3559 4058 3675 4101 oues

2086 4130 2251 4200 gregis
2276 4131 2369 4197 tui,
2399 4146 2532 4202 quas
2562 4130 2930 4201 persequendo
2966 4132 3040 4187 illi
3071 4132 3485 4188 credideruntse
3511 4148 3672 4203 posse

2085 4240 2401 4280 consumere
2423 4267 2438 4289 .
2468 4224 2813 4287 conﬁtebimur
2838 4224 2924 4279 tibi
2955 4225 3008 4279 in
3037 4225 3297 4289 secutum,
3326 4235 3675 4295 permanente

2086 4316 2265 4383 utique
2295 4314 2530 4371 Ecclesia
2560 4329 2728 4384 usque
2762 4314 2813 4368 in
2847 4314 3003 4373 finem
3025 4358 3040 4382 ,
3070 4331 3229 4386 quam
3262 4316 3335 4370 illi
3362 4316 3543 4373 delere
3577 4333 3675 4371 co-

2085 4404 2193 4458 nati
2224 4414 2348 4459 snnt
2377 4423 2391 4459 :
2420 4405 2471 4459 in
2499 4402 2865 4476 generationem
2887 4414 2931 4459 et
2954 4407 3319 4476 generationem
3343 4407 3644 4465 anmmtiabi

2084 4513 2195 4550 mus
2230 4496 2430 4551 laudent
2472 4509 2647 4561 tuam;
2674 4512 2793 4566 quae
2821 4497 2933 4552 laus
2960 4506 3016 4555 ut
3046 4507 3329 4563 taceretur,
3378 4514 3476 4553 nos
3516 4498 3676 4556 [inire

2084 4587 2257 4641 conati
2298 4596 2440 4642 sunt.
2474 4586 2648 4642 Multis
2669 4598 2847 4645 autem
2870 4586 2977 4657 jam
3021 4589 3153 4643 locis
3195 4599 3494 4643 sanctarum
3525 4588 3676 4643 Scri-

2082 4692 2355 4748 pturarum
2392 4678 2771 4731 insinuavimus
2791 4677 3179 4733 confessionem
3208 4679 3364 4735 etiam
3392 4693 3488 4748 pro
3513 4678 3679 4739 laude

2086 4769 2204 4839 poni
2228 4786 2240 4821 :
2261 4768 2412 4823 sicuti
2442 4778 2522 4823 est
2548 4768 2693 4834 illud,
2726 4767 2853 4822 Haec
2880 4769 3053 4824 dicetis
3074 4770 3124 4824 in
3146 4770 3473 4840 confessione,
3502 4768 3680 4839 Opera

2082 4858 2288 4912 Domini
2309 4860 2538 4913 universa
2558 4859 2795 4929 quoniam
2815 4860 2944 4913 bona
2964 4860 3108 4914 ualde
3138 4860 3322 4931 (Eccli.
3344 4877 3525 4928 xxnx,
3554 4864 3675 4935 '59);

2082 4951 2417 5020 maximeque
2460 4950 2587 5003 illttd
2618 4950 2757 5020 quod
2795 4952 2869 5005 ait
2909 4951 3021 5020 ipse
3047 4952 3309 5010 Salvator.
3342 4952 3432 5023 qui
3462 4953 3679 5015 nullum

2082 5040 2311 5098 habebat
2339 5043 2555 5096 omnino
2599 5054 2869 5111 peccatum
2913 5043 3051 5113 quod
3097 5045 3403 5112 panitendo
3447 5044 3681 5101 conﬁtc-

2082 5145 2227 5189 relur
2258 5153 2270 5189 :
2293 5132 2544 5203 Conﬁteor
2571 5135 2678 5198 tibi,
2705 5135 2860 5191 Pater
2884 5177 2898 5200 ,
2924 5135 3138 5193 Domine
3162 5138 3273 5191 coeli
3294 5149 3340 5191 et
3361 5147 3528 5200 teme,
3555 5141 3683 5207 quia

2082 5226 2385 5285 abscondisti
2416 5228 2523 5283 haec
2550 5243 2580 5281 a
2604 5228 2910 5296 sapientibus
2930 5238 2976 5283 et
2999 5230 3345 5297 prudentibus,
3369 5240 3417 5284 et
3438 5232 3682 5287 reuelasti

2082 5334 2142 5373 ea
2168 5316 2390 5387 parvulis
2420 5301 2741 5387 (Matt/Hm,
2771 5319 2886 5389 25).
2920 5319 3029 5376 lloc
3054 5318 3187 5385 dixi,
3218 5331 3274 5377 ut
3312 5321 3552 5389 apertius
3596 5322 3681 5375 in-
3754 5342 3777 5365 :

2085 5407 2367 5476 telligatur,
2411 5406 2462 5460 id
2502 5420 2622 5473 esse
2662 5409 2945 5477 repetitum
2975 5409 3024 5465 in
3052 5424 3117 5465 eo
3144 5409 3284 5480 quod
3316 5411 3518 5464 dictum
3543 5420 3625 5466 est
3655 5451 3671 5477 ,

2080 5496 2490 5552 annuntiabimus
2542 5497 2743 5552 laudem
2791 5508 2948 5571 tuam,
3002 5500 3143 5571 quod
3187 5501 3433 5574 superius
3468 5502 3671 5558 dictum

2082 5597 2217 5653 erat,
2249 5584 2598 5657 confitebimur
2621 5587 2726 5644 tibi.
2785 5598 2800 5619 ’
