4020 6198
413 348 551 420 i023

409 490 468 535 ut
491 487 642 549 pater
666 473 956 545 corrigens,
988 486 1095 527 non
1126 477 1182 523 ut
1204 467 1365 539 judex
1404 464 1681 520 damnans.
1715 461 1790 517 Ita
1825 461 1981 532 plane

413 569 683 635 irasceris,
712 568 833 638 quia
858 565 1117 636 scriptum
1145 571 1247 626 est,
1279 558 1407 625 Fili,
1428 556 1667 612 accedens
1691 554 1759 608 ad
1782 552 1994 608 servitu-

419 675 517 718 tem
548 661 665 725 Dei,
701 668 779 715 sta
810 658 864 712 in
896 655 1100 731 justitia
1124 663 1171 710 et
1201 653 1399 719 timore,
1431 658 1476 703 et
1512 663 1745 718 praepara
1771 644 1995 699 animam

413 769 552 811 tuam
566 754 634 810 ad
658 752 981 808 tentationem
1003 748 1191 820 (Eccli.
1219 762 1274 809 ιι,
1307 745 1380 814 1).
1400 743 1484 798 Ne
1507 750 1658 812 putes
1680 739 1788 809 jam
1816 746 1993 791 trans-

414 846 520 901 isse
586 844 718 899 iram
775 841 865 896 Dei
910 840 1033 910 quia
1078 838 1368 892 cenversus
1405 848 1497 898 es;
1534 830 1760 895 transiit,
1803 827 1897 883 sed
1927 841 1995 882 ne

412 934 630 990 damnet
674 931 728 986 in
775 936 1054 985 internum.
1100 925 1356 996 Flagellat
1403 930 1603 987 autem,
1650 935 1754 973 non
1805 919 1991 987 parcit,

415 1024 536 1096 quia
567 1022 799 1093 ﬂagellat
825 1035 1037 1076 omnem
1068 1019 1233 1073 ﬁlium
1273 1030 1430 1086 quem
1458 1012 1645 1082 recipit
1683 1008 1867 1078 (Hebr.
1897 1023 1991 1072 xu,

414 1116 495 1185 6).
547 1113 604 1171 Si
643 1111 894 1184 ﬂagellari
935 1110 1221 1173 detrectas,
1268 1106 1431 1176 recipi
1474 1119 1636 1175 quare
1682 1099 1995 1157 desideras?

414 1204 671 1276 Flagellat
685 1218 897 1258 omnem
921 1200 1087 1256 ﬁlium
1104 1214 1260 1271 quem
1279 1196 1495 1265 recipit:
1510 1194 1741 1265 ﬂagellat
1755 1206 1989 1255 omnem,

414 1297 505 1367 qui
534 1306 589 1352 et
613 1294 783 1352 Unico
807 1309 911 1350 non
932 1293 1187 1364 pepercit.
1215 1289 1320 1346 Sed
1352 1295 1527 1343 tamen
1552 1284 1798 1356 quamdiu
1818 1284 1997 1337 irasce-

415 1389 486 1443 ris
514 1388 568 1442 in
600 1387 892 1442 orationem
912 1385 1040 1440 servi
1071 1382 1182 1437 tui?
1212 1396 1317 1436 non
1351 1380 1462 1450 jam
1508 1376 1708 1431 inimici
1744 1374 1852 1440 tui;
1898 1371 1991 1428 sed

414 1479 647 1534 irasceris
673 1479 727 1532 in
756 1477 1034 1531 orationem
1062 1473 1190 1528 servi
1220 1472 1312 1525 tui.
1342 1466 1639 1536 Quamdiu?

486 1569 539 1625 6.
564 1568 721 1643 iners.
760 1566 840 1640 6.]
882 1566 1130 1637 Sequitur
1162 1581 1175 1617 :
1205 1560 1407 1616 Cibabis
1446 1574 1539 1613 nos
1577 1573 1707 1629 pane
1744 1556 1993 1625 lacryma-

413 1678 563 1729 rum,
591 1671 637 1716 et
664 1660 859 1732 potabis
884 1675 975 1714 nos
993 1659 1047 1712 in
1074 1656 1307 1726 lucrymis
1328 1654 1383 1707 in
1423 1667 1676 1706 mensura.
1698 1646 1832 1716 Quid
1876 1654 1957 1702 est
1976 1686 1991 1713 ,

413 1755 468 1808 in
494 1751 770 1808 mensura?
804 1750 1115 1822 Apostolum
1144 1746 1267 1803 audi
1314 1763 1327 1799 :
1361 1743 1554 1798 Fidelis
1594 1741 1733 1795 Deus
1770 1740 1856 1809 qui
1894 1753 1994 1792 non

413 1850 507 1899 vos
545 1842 783 1910 permittit
820 1841 1002 1896 tentari
1036 1855 1194 1910 supra
1219 1853 1370 1908 quam
1406 1834 1609 1906 potestis
1647 1836 1779 1905 ferre
1805 1829 1845 1903 (Ι
1872 1827 1991 1884 Cor.

413 1947 445 1987 ι
466 1974 482 1998 ,
525 1932 638 2003 15).
672 1932 787 2002 Ipsa
814 1939 896 1987 est
921 1944 1168 1984 mensura
1193 1970 1208 1993 ,
1236 1943 1335 1997 pro
1358 1925 1559 1981 viribus
1604 1922 1706 1979 tuis
1735 1940 1748 1977 :
1777 1922 1890 1993 ipsa
1913 1929 1996 1976 est

412 2040 663 2081 mensura
682 2065 698 2091 ,
730 2032 788 2078 nt
812 2012 1070 2079 erudiaris
1095 2063 1108 2086 ,
1133 2036 1237 2075 non
1260 2029 1313 2076 ιιι
1345 2016 1681 2089 opprimaris.

484 2118 537 2173 7.
568 2116 717 2189 [verm
749 2114 828 2189 7.]
868 2115 1094 2169 Posuisti
1129 2130 1221 2168 nos
1260 2114 1313 2167 in
1352 2110 1794 2166 contradictionem
1819 2106 1994 2160 vicinis

413 2209 618 2263 nostris.
650 2208 813 2262 Plane
843 2206 1035 2260 factum
1077 2214 1195 2268 est;
1228 2219 1348 2257 nam
1376 2202 1444 2256 de
1474 2199 1650 2269 Asaplt
1676 2197 1843 2254 ‘elceti
1871 2204 1996 2251 sunt

413 2301 502 2371 qui
527 2301 665 2355 irent
701 2298 765 2353 ad
793 2297 1025 2362 Gentes,
1057 2304 1111 2351 et
1136 2294 1487 2365 praedicarent
1510 2290 1806 2352 Christum,
1840 2297 1892 2343 et
1914 2287 1995 2342 di-

411 2401 623 2446 ceretur
665 2389 742 2446 eis
774 2406 788 2442 :
822 2388 947 2454 Quis
975 2397 1049 2442 est
1084 2387 1175 2440 iste
1217 2400 1456 2439 nouorum
1494 2382 1855 2437 dtumoniorum
1897 2396 1993 2432 an-

412 2481 670 2536 nuntiator
698 2479 832 2551 (Act.
864 2493 990 2543 ιιίι,
1024 2477 1153 2547 i8)?
1185 2474 1408 2530 Posuisti
1433 2490 1525 2527 nos
1553 2473 1607 2526 in
1635 2470 1994 2549 contradictio-
2024 2483 2028 2487 ‘

411 2589 527 2628 nem
551 2573 726 2627 vicinis
754 2571 955 2625 nostris.
1003 2569 1136 2624 Eum
1164 2567 1305 2623 enim
1350 2562 1710 2636 prtedicabant
1736 2561 1820 2617 cui
1860 2575 1993 2616 con-

413 2662 788 2719 tradicebatur.
839 2659 1007 2727 Quem
1068 2654 1462 2729 praedicabant?
1510 2653 1771 2713 Mortuum
1821 2666 1997 2706 resur-

411 2755 614 2811 rexisse
641 2753 934 2808 Christum.
959 2750 1088 2818 Quis
1119 2748 1219 2802 hoc
1238 2744 1449 2801 audiat?
1478 2745 1599 2815 quis
1624 2744 1726 2798 hoc
1754 2739 1995 2797 noverit?

412 2845 558 2901 Nova
595 2844 713 2899 res!
751 2842 847 2897 sed
887 2842 1036 2912 signa
1073 2836 1565 2908 consequebantur,
1606 2843 1665 2890 et
1701 2830 1996 2887 incredibili

412 2935 490 2990 rei
535 2933 693 2989 ﬁdem
724 2932 974 2986 miracula
1021 2929 1298 2984 faciebant.
1347 2923 1857 2986 Contradicebatur,
1900 2918 1996 2975 sed

414 3023 777 3081 eontradietor
813 3020 1151 3085 vincebatur,
1192 3027 1248 3073 et
1288 3032 1351 3073 ex
1391 3015 1782 3070 contradictore
1826 3011 1996 3067 ﬁdelis

412 3115 763 3171 efﬁciebatur.
794 3113 870 3169 ibi
908 3120 1301 3179 tametrmagna
1344 3107 1556 3162 ﬂamma
1592 3124 1606 3161 :
1637 3106 1708 3160 ibi
1738 3111 1998 3174 martyres

413 3204 572 3262 cibati
596 3203 663 3259 de
690 3216 827 3273 pane
855 3201 1227 3272 lacrymarum,
1253 3206 1308 3252 et
1336 3196 1501 3266 potati
1530 3196 1583 3250 in
1607 3193 1876 3265 lacrymis;
1902 3190 1998 3247 sed

415 3299 469 3353 in
498 3309 769 3360 mensura,
803 3308 908 3348 non
935 3290 1164 3360 amplius
1189 3303 1347 3359 quam
1372 3295 1615 3356 poterant
1639 3286 1777 3340 terre
1803 3292 1863 3338 ut
1879 3293 2001 3353 post

414 3400 721 3444 mensuram
744 3384 1096 3455 lacrymarum
1115 3384 1428 3451 sequeretur
1446 3390 1642 3432 corona
1662 3365 1996 3445 gaudiorum.

414 3476 487 3533 Et
521 3475 713 3531 inimici
735 3473 892 3530 nostri
920 3471 1350 3528 subsannaoerunt
1381 3484 1493 3523 nos.
1523 3466 1594 3521 Et
1633 3464 1720 3520 ubi
1748 3472 1874 3519 sunt
1902 3461 1996 3532 qui

414 3567 910 3626 subsannaverunt?
954 3565 1055 3621 Diu
1088 3564 1288 3620 dictum
1327 3569 1452 3617 est:
1488 3560 1587 3639 Qui
1628 3566 1753 3613 sunt
1782 3556 1868 3611 isti
1909 3569 2000 3609 co-

416 3663 588 3719 lentes
627 3673 898 3718 mortuum
923 3701 939 3727 ,
966 3658 1252 3714 adorantes
1289 3650 1645 3710 cruciﬁxum?
1672 3649 1762 3706 diu
1800 3647 2000 3703 dictum

418 3755 652 3813 est.‘Uhi
692 3763 775 3810 cst
808 3767 968 3809 nasus
996 3745 1480 3807 subsannantium?
1516 3744 1704 3800 Nonne
1734 3756 1874 3796 nunc
1910 3740 1999 3810 qui

416 3846 816 3918 reprehendunt
838 3885 854 3911 ,
878 3844 931 3899 in
957 3855 1211 3899 cavernas
1237 3838 1442 3909 fugiunt
1459 3877 1474 3904 ,
1498 3850 1565 3890 ne
1592 3830 1906 3911 vidcantur?
1931 3828 2000 3883 Et

418 3938 610 3993 inimici
636 3936 795 3991 nostri
818 3934 1248 3990 subsannaverunt
1273 3946 1383 3983 nos.

490 4034 545 4090 8.
578 4031 728 4106 [νει-ε.
759 4030 815 4098 8,
847 4028 926 4103 9.]
956 4028 1063 4084 Sed
1082 4026 1275 4081 videtis
1293 4023 1417 4095 quid
1442 4022 1681 4093 sequitur
1711 4036 1723 4072 :
1748 4014 1998 4083 Domine’,

418 4123 558 4180 Deus
582 4125 822 4178 uirtutum
844 4162 861 4191 ,
895 4128 1125 4175 conuerte
1154 4134 1275 4181 nos,
1316 4125 1361 4170 et
1390 4113 1592 4169 ostende
1620 4111 1802 4183 facient
1828 4119 1998 4173 tuam,

419 4228 465 4273 et
493 4217 619 4273 salvi
646 4216 848 4270 erimus.
885 4212 1093 4268 Vineam
1128 4227 1189 4266 ea:
1217 4208 1446 4279 .Egypto
1465 4204 1795 4267 transtulisti;
1819 4202 2003 4273 cjecisti

420 4308 638 4374 limites,
671 4317 716 4361 et
750 4304 990 4377 plantasti
1018 4319 1150 4371 eam.
1179 4301 1465 4366 Novimus,
1501 4297 1695 4351 factum
1735 4304 1835 4350 est.
1864 4293 2005 4361 Quot

419 4400 837 4471 gentesejectm
879 4396 1034 4452 sunt!
1075 4393 1411 4469 Amorrluci,
1450 4388 1687 4454 (lethaei,
1733 4388 1961 4444 Jebusaei
1986 4426 2003 4454 ,

422 4491 686 4563 ωειςεεωί
706 4532 721 4558 ,
748 4500 804 4545 ει
825 4488 969 4543 Evmi
996 4504 1008 4541 :
1038 4485 1231 4557 quibus
1259 4481 1493 4555 expulsis
1520 4491 1575 4536 et
1615 4481 1765 4534 victis
1787 4520 1801 4541 ,
1835 4478 2003 4532 intro-

425 4586 616 4641 ductus
652 4592 735 4640 est
768 4582 993 4655 populus
1034 4596 1100 4635 ex
1141 4578 1370 4649 Aigypto
1414 4575 1667 4629 liberatus
1706 4573 1758 4626 in
1810 4582 2007 4625 terram

427 4676 813 4748 promissionis.
843 4673 993 4730 Unde
1018 4673 1172 4727 vinea
1212 4671 1380 4740 ejecta
1405 4667 1512 4733 sit,
1551 4674 1605 4721 et
1650 4664 1737 4719 ubi
1774 4663 2006 4734 plantata

426 4771 533 4831 sit,
579 4766 894 4821 audivimus.
928 4764 1212 4819 Videamus
1248 4758 1374 4831 quid
1414 4756 1604 4812 deinde
1647 4753 1843 4809 factum
1886 4762 2004 4819 est;

431 4859 699 4933 quomodo
723 4857 1040 4923 crediderit,
1071 4862 1329 4928 quantum
1354 4851 1598 4913 creverit,
1625 4848 1750 4919 quid
1779 4861 2009 4916 occupa-

425 4953 582 5009 verit.
619 4949 904 5005 Vineamea:
930 4947 1161 5020 Egypto
1188 4943 1516 5009 transtulisti;
1544 4940 1729 5011 ejecisti
1753 4949 1936 5010 gentes,
1963 4946 2010 4991 et

429 5044 669 5120 plantasti
683 5058 810 5097 eam.
1118 5049 1129 5057 ‘

500 5136 555 5195 9.
589 5133 738 5210 [νοτε.
771 5129 985 5204 1042]
1020 5130 1166 5185 Viam
1203 5129 1365 5203 fecisti
1402 5128 1456 5183 in
1501 5132 1765 5196 conspectu
1793 5124 1901 5194 ejus
1923 5164 1936 5187 ,
1963 5132 2011 5177 et

430 5228 672 5302 plantasti
691 5226 885 5283 radices
911 5225 1017 5296 ejus
1037 5265 1051 5290 ,
1080 5234 1126 5277 et
1143 5222 1365 5294 implevit
1395 5231 1597 5277 terram.
1620 5217 1883 5288 Numquid
1908 5218 2010 5271 im-

432 5322 602 5394 pleret
624 5331 848 5383 terram,
883 5316 983 5371 nisi
1022 5314 1103 5368 via
1137 5314 1286 5369 ﬁeret
1311 5314 1362 5368 in
1392 5320 1678 5381 conspectu
1705 5309 1856 5381 ejus?
1881 5309 2009 5375 Quae

432 5413 512 5467 via
537 5410 674 5467 facta
702 5416 786 5465 est
808 5409 863 5463 in
886 5413 1171 5476 conspectu
1193 5404 1340 5472 ejus?
1362 5402 1473 5472 Ego
1499 5419 1637 5466 sum,
1668 5402 1867 5471 inquit,
1897 5401 1975 5454 via
1994 5439 2011 5468 ,

430 5503 611 5558 veritas
638 5511 686 5555 et
710 5501 811 5555 vita
834 5498 1011 5569 (Joan.
1040 5511 1128 5551 xw
1150 5535 1165 5561 ,
1193 5491 1272 5566 ti).
1298 5492 1483 5547 Merito
1526 5493 1756 5561 implevit
1788 5497 2009 5550 terram.

431 5597 544 5655 Hoc
573 5594 771 5650 dictum
802 5601 887 5648 est
914 5588 1073 5647 modo
1109 5586 1177 5644 de
1205 5587 1357 5640 vinea
1395 5584 1523 5648 ista,
1553 5583 1693 5653 quod
1725 5582 2014 5653 perfectum

431 5697 515 5747 est
538 5702 704 5759 usque
728 5686 783 5741 in
808 5683 968 5741 linem
1003 5702 1017 5739 :
1047 5686 1410 5737 verumtamen
1439 5675 1564 5746 quid
1591 5675 1775 5745 prius?
1806 5674 2015 5744 Uperuit

434 5791 624 5841 montes
646 5779 825 5842 umbra
859 5777 997 5850 ejus,
1046 5784 1090 5833 et
1128 5774 1333 5831 arbusta
1356 5771 1462 5844 ejus
1492 5769 1664 5826 cedrus
1686 5766 1796 5826 Dei.
1822 5765 2013 5824 Eaten-

1619 347 1679 404 S.
1712 343 2075 403 AUGUSTINI
2115 341 2418 399 EPISCOPI

3545 339 3676 396 Ιοὲὶ

2098 455 2216 511 disti
2242 455 2470 525 palmites
2507 453 2615 525 ejus
2644 468 2800 522 usque
2824 451 2892 505 ad
2934 466 3100 520 mare,
3140 460 3188 505 et
3213 467 3371 522 usque
3396 451 3464 504 ad
3480 452 3677 521 ﬂumen

2084 546 2398 616 propagines
2435 544 2563 614 ejus.
2593 543 2703 598 Hoc
2747 542 3014 598 desiderat
3051 542 3280 596 ofﬁcium
3324 542 3678 611 exposueris,

2099 650 2203 690 non
2231 634 2426 690 sufﬁcit
2455 633 2667 690 lectoris
2688 642 2742 689 et
2762 633 3054 688 laudatoris
3082 650 3097 687 :
3129 633 3372 703 adjuvate
3404 648 3489 688 me
3512 633 3682 688 ἰιιιριιο

2097 725 2306 791 dendo;
2329 724 2467 780 solet
2489 725 2632 779 enim
2661 724 2832 779 vineae
2857 721 3016 793 hujus
3043 723 3479 778 commemoratio
3509 725 3559 777 in
3583 722 3685 777 hoc

2099 817 2305 887 psalmo
2324 815 2602 887 caliginem
2632 814 2810 871 facere
2834 815 3010 870 minus
3049 814 3284 870 intentis.
3315 815 3523 870 Etenim
3567 831 3682 870 ma-

2098 908 2319 977 gnitudo
2360 909 2528 963 vineae
2569 906 2727 977 hujus
2764 907 2874 977 jam
2905 922 2933 960 a
2976 906 3130 963 nobis
3169 907 3432 978 explicata
3467 917 3583 975 est;
3630 918 3688 965 et

2099 998 2237 1054 unde
2266 998 2401 1054 facta
2426 1006 2508 1054 est
2536 999 2553 1030 ⁸
2577 1039 2594 1065 ,
2621 1008 2676 1053 ει
2704 998 2843 1053 unde
2871 997 3006 1053 laeta
3036 998 3106 1053 sit
3125 1014 3338 1069 magna,
3366 999 3681 1070 praedictum

2097 1096 2198 1143 est.
2240 1087 2383 1142 Viam
2408 1090 2570 1160 fecisti
2593 1090 2647 1143 in
2674 1098 2938 1161 conspectu
2963 1092 3071 1159 ejus
3094 1102 3125 1158 ,'
3146 1099 3193 1144 et
3216 1089 3455 1162 plantasti
3482 1092 3686 1147 radices

2097 1182 2207 1249 eius
2226 1222 2241 1248 ,
2265 1191 2311 1235 et
2338 1180 2768 1251 implevit’terram
2794 1198 2813 1236 :
2833 1181 2937 1237 hoc
2959 1182 3027 1255 de
3049 1181 3378 1254 perfectione
3405 1183 3566 1253 ipsius
3597 1184 3685 1239 di«

2096 1281 2239 1326 ctum
2279 1283 2380 1329 est.
2420 1272 2524 1329 Sed
2565 1280 2740 1341 tamen
2780 1274 2947 1344 prima
2976 1288 3104 1346 gens
3126 1274 3316 1333 Judzea
3341 1275 3438 1330 fuit
3465 1276 3566 1332 ista
3596 1277 3682 1333 vi-

2098 1380 2216 1419 nea.
2247 1363 2389 1421 Gens
2410 1376 2587 1422 autem
2615 1365 2797 1422 Judaea
2826 1382 2994 1437 usque
3019 1365 3086 1421 ad
3110 1379 3287 1432 mare,
3319 1376 3375 1423 et
3413 1383 3578 1439 usque
3614 1368 3684 1425 ad

2097 1453 2293 1512 ﬂumen
2331 1457 2585 1526 regnavit.
2617 1456 2794 1528 Usque
2827 1457 2893 1512 ad
2939 1472 3083 1513 mare
3115 1476 3127 1511 :
3169 1469 3389 1528 apparet
3433 1460 3484 1514 in
3531 1459 3685 1516 Seri-

2097 1554 2250 1614 ptuta
2274 1547 2416 1616 quod
2443 1561 2589 1602 mare
2609 1547 2682 1602 ibi
2706 1550 2935 1602 vicinum
2960 1549 3030 1603 sit
3071 1547 3253 1620 (Num.
3277 1565 3442 1604 xxxiv
3460 1592 3476 1617 ,
3503 1552 3583 1623 5).
3618 1552 3684 1606 Et

2099 1650 2265 1705 usque
2292 1635 2357 1690 ad
2401 1635 2599 1691 ﬂumen
2642 1635 2951 1691 Jordanem.
2996 1637 3166 1693 Trans
3206 1637 3492 1695 Jordancm
3537 1642 3682 1698 enim

2096 1724 2294 1795 aliquid
2334 1724 2638 1782 indecorum
2668 1727 2984 1783 collocatum
3022 1738 3141 1795 est;
3180 1729 3315 1784 intra
3345 1732 3364 1762 ⁸
3395 1730 3687 1788 Jordanem

2096 1826 2271 1870 autem
2302 1824 2408 1872 tota
2434 1832 2584 1888 gens.
2618 1819 2760 1899 Ergo
2780 1835 2937 1891 usque
2959 1820 3028 1872 ad
3054 1837 3193 1875 mare
3211 1862 3226 1887 ,
3252 1830 3298 1877 et
3317 1838 3472 1894 usque
3486 1826 3555 1877 ad
3578 1826 3687 1894 [ln-

2096 1924 2210 1961 men
2238 1924 2458 1978 regnum
2478 1908 2805 1977 Iudaeorum,
2839 1925 3057 1981 regnum
3089 1911 3249 1967 lsrael
3276 1930 3289 1965 :
3315 1927 3420 1967 non
3445 1922 3620 1969 autem
3652 1932 3686 1968 a

2096 2001 2229 2054 muri
2256 2018 2411 2072 usque
2433 2002 2503 2055 ad
2526 2019 2684 2070 mare,
2716 2012 2761 2056 et
2786 2019 2818 2056 a
2836 2003 3046 2072 ﬂumine
3072 2020 3226 2074 usque
3255 2004 3324 2057 ad
3343 2006 3578 2059 terminos
3597 2023 3686 2059 or-

2095 2091 2172 2146 bis
2196 2102 2341 2146 terra:
2361 2134 2375 2158 ,
2408 2093 2494 2147 illa
2511 2093 2620 2163 jam
2642 2092 2898 2164 perfectio
2919 2095 3084 2148 vineae
3107 2104 3191 2149 est
3216 2094 3283 2149 de
3302 2111 3401 2164 qua
3434 2095 3521 2150 hic
3548 2112 3687 2167 pra:-

2097 2181 2261 2248 dixit,
2303 2182 2451 2237 Viam
2482 2184 2643 2256 fecisti
2670 2185 2723 2237 in
2751 2194 3017 2255 conspectu
3046 2185 3176 2256 ejus,
3206 2195 3251 2239 et
3280 2187 3523 2257 plantasti
3540 2187 3685 2240 radi-

2095 2287 2177 2327 ces
2200 2275 2308 2345 ejus
2327 2314 2342 2340 ,
2364 2283 2410 2326 et
2439 2273 2661 2343 implevit
2688 2283 2893 2328 terram.
2917 2273 3049 2329 Cum
3080 2276 3172 2329 tibi
3194 2290 3323 2346 ergo
3353 2277 3687 2346 przedixisset

2098 2364 2500 2432 perfectionem,
2532 2363 2685 2419 rediit
2714 2365 2780 2419 ad
2808 2366 3032 2431 initium,
3057 2366 3126 2420 de
3148 2380 3254 2436 quo
3277 2367 3425 2422 initio
3447 2368 3516 2423 sit
3545 2368 3681 2423 facta

2098 2451 2373 2523 perfectio.
2403 2453 2611 2509 Initium
2636 2454 2714 2510 vis
2745 2454 2969 2510 audire?
3001 2454 3171 2526 Usque
3193 2457 3262 2509 ad
3290 2474 3429 2511 mare
3455 2469 3501 2511 et
3528 2475 3686 2529 usque

2096 2545 2165 2599 ad
2209 2547 2417 2616 ﬂumen.
2450 2546 2651 2602 ’Finem
2698 2547 2778 2601 vis
2818 2547 3042 2603 audire?
3084 2546 3441 2602 Dominabitur
3479 2566 3512 2603 α
3556 2552 3686 2604 mari

2099 2653 2259 2711 usque
2285 2638 2351 2691 ad
2377 2654 2516 2692 mare
2539 2680 2554 2705 ,
2597 2650 2644 2701 et
2674 2656 2705 2692 a
2740 2639 2951 2710 flumine
2987 2656 3146 2710 usque
3176 2640 3244 2694 ad
3270 2642 3507 2695 terminos
3553 2642 3685 2696 orbis

2100 2736 2247 2783 terra:
2270 2726 2440 2802 (Psal.
2472 2743 2556 2783 LXI
2574 2769 2589 2794 ,
2621 2727 2678 2801 8)
2711 2746 2724 2782 :
2754 2728 2857 2784 hoc
2882 2738 2981 2795 est,
3014 2729 3235 2800 implevit
3259 2741 3461 2784 terram.
3491 2730 3683 2787 Videa-

2025 2836 2029 2840 ν
2097 2833 2219 2872 mus
2238 2832 2368 2888 ergo
2390 2819 2755 2874 testimonium
2779 2819 2993 2889 Asapb;
3025 2819 3151 2890 quid
3173 2818 3369 2875 factum
3393 2830 3475 2877 est
3496 2823 3681 2892 prima:

2097 2909 2267 2964 vinea:
2289 2949 2304 2974 ,
2333 2908 2457 2979 quid
2486 2918 2570 2965 est
2607 2908 3020 2979 exspectandum
3049 2910 3299 2965 secunda:
3328 2910 3490 2965 vinea:
3512 2952 3529 2978 ,
3572 2911 3679 2966 into

2099 3000 2276 3055 cidem
2318 3000 2488 3054 vineae
2516 3017 2530 3054 :
2563 3000 2675 3071 ipsa
2714 3010 2797 3055 est
2835 3001 3009 3066 enim;
3041 3016 3144 3055 non
3186 3002 3329 3056 enim
3374 3001 3537 3057 altera
3578 3010 3681 3056 est.

2098 3092 2226 3148 inde
2254 3092 2495 3149 Christus
2537 3093 2681 3148 salus
2708 3108 2774 3149 ex
2814 3092 3013 3147 iudicis
3055 3091 3232 3164 (Joan.
3267 3109 3353 3161 Iv,
3381 3092 3473 3166 22)
3496 3134 3512 3161 ,
3563 3093 3687 3149 inde

2099 3185 2338 3255 Apostoli
2363 3226 2377 3250 ,
2417 3184 2538 3239 inde
2565 3183 2720 3254 primi
2742 3182 3054 3249 credentes,
3082 3192 3138 3237 et
3162 3184 3329 3254 pretia
3360 3199 3538 3238 rerum
3565 3197 3659 3237 sua

2100 3290 2218 3329 rum
2249 3283 2374 3330 ante
2397 3274 2557 3344 pedes
2585 3273 2960 3343 Apostolorum
2984 3284 3241 3344 ponentes
3266 3276 3401 3347 (Act.
3429 3290 3499 3339 ιι,
3524 3276 3615 3341 45,
3642 3284 3687 3329 et

2101 3385 2187 3437 tv,
2215 3372 2304 3444 55)
2329 3386 2343 3438 ;
2375 3371 2499 3426 inde
2525 3371 2702 3425 omnia
2728 3370 2865 3425 haec.
2896 3369 2965 3424 Et
2985 3371 3027 3424 si
3051 3369 3213 3440 aliqui
3240 3385 3311 3424 ex
3355 3370 3518 3424 ramis
3539 3372 3687 3441 fracti

2100 3471 2217 3515 sunt
2234 3501 2250 3528 ,
2288 3472 2494 3532 propter
2524 3460 2925 3515 incredulitatem
2949 3461 3099 3532 fracti
3118 3470 3231 3514 sunt
3250 3475 3271 3514 :
3294 3470 3349 3513 tu
3366 3472 3562 3526 autem,
3588 3475 3686 3532 po-

2100 3554 2257 3626 pulus
2285 3554 2570 3622 Gentium,
2602 3554 2704 3624 ﬁde
2726 3564 2839 3620 sta;
2871 3554 2976 3608 noli
3001 3552 3161 3606 altum
3186 3568 3364 3623 sapere
3387 3591 3402 3618 ,
3441 3553 3531 3605 sed
3549 3552 3682 3606 time.
3766 3550 3769 3557 ’

2104 3644 2243 3699 Nunt
2268 3647 2310 3700 si
2335 3643 2473 3700 Deus
2502 3644 2815 3699 naturalibus
2842 3645 2999 3698 rantis
3024 3659 3125 3697 non
3145 3643 3386 3713 pepercit,
3418 3659 3578 3714 neque
3600 3641 3687 3696 tibi

2103 3746 2293 3806 parcet.
2327 3736 2389 3791 Si
2418 3747 2585 3790 autent
2613 3736 2772 3789 altum
2798 3735 2966 3805 sapis,
3012 3751 3113 3787 non
3156 3744 3210 3787 tu
3237 3735 3457 3787 radicem
3484 3745 3654 3804 portas
3672 3776 3689 3802 ,

2103 3827 2191 3881 sed
2219 3826 2368 3879 radix
2396 3834 2443 3879 te
2470 3826 2643 3897 (Rom.
2678 3840 2730 3878 ιι
2750 3864 2765 3891 ,
2794 3824 3005 3896 18-21).
3030 3823 3166 3890 Quid
3193 3838 3322 3894 ergo
3340 3864 3356 3891 ,
3386 3825 3539 3879 vinea
3567 3839 3693 3879 ante

2103 3920 2254 3990 cujus
2282 3926 2626 3986 conSpectum
2656 3915 2791 3971 facta
2818 3928 2900 3971 est
2932 3917 3016 3972 via
3038 3961 3057 3987 ,
3096 3926 3152 3971 ut
3179 3917 3425 3987 impleret
3456 3928 3649 3971 terram
3673 3958 3690 3981 ,

2104 4015 2276 4081 primo
2298 4011 2386 4065 ubi
2416 4010 2517 4064 fuit
2542 4008 2601 4063 ’ἲ
2634 4006 2842 4081 Operuit
2871 4017 3063 4062 montes
3084 4008 3259 4061 umbra
3284 4009 3409 4078 ejus.
3443 4008 3542 4076 Qui
3564 4020 3692 4064 sunt

2106 4102 2349 4158 tuentes?
2389 4101 2686 4170 l’rojilietm.
2717 4100 2891 4168 Quare
2920 4100 3130 4170 operuit
3167 4100 3288 4155 illos
3316 4103 3501 4155 umbra
3531 4102 3693 4172 ejus?

2104 4198 2238 4261 Quia
2260 4194 2483 4248 obscure
2510 4193 2670 4247 locuti
2696 4200 2821 4246 sunt
2847 4207 2967 4262 qua:
2999 4194 3171 4246 l‘utura
3209 4195 3515 4246 annuntiata
3543 4206 3689 4247 sunt.

2106 4287 2274 4342 Audis
2292 4301 2322 4340 a
2344 4284 2643 4355 Prophctis,
2671 4285 2907 4339 Observa
2935 4283 3225 4352 sabbatum,
3250 4284 3451 4338 Octavo
3478 4284 3563 4338 die
3584 4286 3694 4338 eir-

2106 4380 2347 4436 cuutcide
2391 4377 2675 4444 infantem,
2713 4376 2857 4433 Oﬂ‘er
2898 4378 3214 4432 sacriﬁcium
3254 4377 3469 4443 arietis,
3501 4377 3649 4431 vituli
3675 4415 3695 4446 ,

2109 4471 2242 4526 hirci
2275 4488 2289 4525 :
2313 4469 2423 4524 noli
2452 4468 2674 4534 moveri;
2696 4468 2880 4521 umbra
2900 4465 3015 4536 ejus
3038 4476 3121 4522 est
3144 4466 3458 4536 coopericns
3488 4478 3698 4521 montes

2109 4563 2225 4631 Dei,
2251 4564 2428 4616 veniet
2459 4569 2578 4631 post
2604 4560 2844 4614 umbram
2874 4557 3251 4612 manifestatio.
3276 4556 3342 4611 Et
3363 4557 3566 4611 arbusta
3587 4560 3699 4629 ejus

2109 4657 2283 4709 cedi-os
2316 4653 2405 4706 Dei
2432 4668 2451 4707 :
2479 4653 2529 4706 id
2554 4661 2637 4707 est
2656 4692 2670 4718 ,
2696 4649 2971 4720 cooperuit
2995 4649 3184 4705 cedros
3211 4650 3339 4717 Dei,
3368 4650 3656 4703 altissimas
3675 4689 3697 4716 ,

2108 4749 2205 4804 sed
2245 4748 2267 4779 ’⁸
2310 4744 2426 4802 Dei.
2476 4746 2610 4800 Sunt
2656 4744 2796 4798 enim
2842 4742 2984 4797 cedri
3031 4739 3390 4812 signiﬁcantes
3436 4741 3703 4810 superbos

2112 4840 2448 4897 evertendos.
2480 4838 2681 4894 Cedros
2702 4835 2920 4901 Libani,
2961 4833 3266 4888 altitudines
3303 4833 3484 4887 mundi
3515 4833 3535 4863 ⁸
3561 4846 3701 4903 ope—

2113 4933 2221 4987 ruit
2242 4929 2533 4987 cresccndo
2564 4932 2718 4983 vinea
2747 4928 2864 4991 ista,
2892 4936 2946 4980 et
2975 4935 3182 4981 montes
3209 4926 3324 4994 Dei,
3354 4939 3543 4980 onmes
3574 4940 3704 4981 San-

2112 5032 2227 5079 ctos
2256 5023 2547 5092 Prophetas
2562 5062 2576 5088 ,
2608 5016 2961 5074 i’atriarehas.
3211 5023 3215 5026 '

2138 5272 2143 5279 ,
2179 5221 2196 5251 ί
2232 5217 2401 5268 ιειιιῑεε
2421 5217 2591 5275 verba,
2614 5220 2659 5265 et
2683 5213 2807 5265 unde
2824 5213 2952 5277 fttcta
2970 5219 3056 5276 est,
3080 5214 3253 5263 absunt
3269 5225 3300 5263 a
3317 5213 3559 5263 nonnullis
3582 5220 3697 5264 Mss.

2179 5282 2200 5312 ’
2233 5286 2307 5328 Er.
2333 5287 2384 5329 et
2407 5286 2533 5338 Mss,
2557 5278 2705 5341 infra.

2181 5345 2202 5377 ³
2233 5344 2305 5391 sic
2326 5336 2632 5403 ειιιίιιιοιιιδέ.
2670 5346 2726 5403 at
2762 5337 2892 5403 add;
2919 5336 3041 5397 Quid
3084 5349 3200 5401 ergo
3236 5336 3374 5403 pinea
3413 5342 3522 5391 ante
3562 5337 3708 5403 cujus

2118 5398 2423 5468 conspectum
2439 5404 2565 5465 (actu
2587 5407 2655 5453 est
2678 5401 2754 5451 via
2773 5400 2798 5449 ἵ
2819 5408 2965 5450 Facta
2988 5406 3056 5450 est
3073 5406 3123 5449 ut
3133 5398 3350 5463 impleret
3365 5406 3568 5450 terram.
3595 5398 3708 5451 Ini-
3796 5444 3805 5461 ε

2116 5481 2211 5518 mo.
2239 5474 2332 5516 etc.

2180 5502 2211 5561 θ
2235 5502 2495 5578 ξιῖείιιιιεε
2517 5537 2665 5588 prope
2689 5530 2795 5572 Mss.
2829 5529 2889 5588 At»
2905 5522 3037 5584 add,
3062 5524 3199 5575 sedes
3220 5523 3323 5573 Dei.

2180 5594 2202 5625 ⁸
2235 5597 2286 5639 ιιι
2310 5589 2491 5649 ttemig.
2517 5584 2863 5648 itsfrepetitur
2878 5586 2971 5635 hoc
2992 5588 3113 5644 loco,
3131 5587 3301 5637 cedrus
3325 5584 3451 5636 Dei:
3474 5584 3603 5649 quod
3623 5587 3707 5635 ab

2121 5664 2200 5706 est
2219 5667 2248 5703 a
2270 5651 2462 5702 caeteris
2484 5650 2636 5699 libris.
2661 5657 2728 5716 an
2750 5650 2875 5716 torte
2888 5650 3176 5716 legendum;
3197 5653 3341 5716 cedri
3358 5650 3520 5703 Libani
3542 5653 3707 5704 altitu-

2120 5716 2475 5791 dominandi;
2498 5711 3017 5791 subaudi,si_gniﬁctint
3041 5724 3055 5763 :
3082 5721 3137 5764 ut
3159 5714 3272 5770 inde
3308 5725 3578 5780 sequatur:
3617 5727 3708 5770 ce-

2122 5792 2235 5843 dros
2260 5783 2349 5834 Dei
2368 5783 2553 5846 aperuit
2577 5783 2851 5843 crescendo,
2872 5787 2965 5832 etc.
