4020 6198
409 423 546 480 i025

471 540 557 595 10.
582 539 709 614 [vers
757 541 864 614 l3.]
882 541 983 599 Sed
1011 559 1286 614 qttousque
1309 548 1571 601 extendiati
1593 549 1822 616 palmites
1839 550 1987 620 ejus?

404 630 571 701 Usque
606 633 674 684 ad
712 650 883 696 mare,
925 643 971 688 et
1012 652 1166 699 usque
1201 637 1268 688 ad
1302 638 1490 706 ﬂumen
1527 640 1829 710 prapagiues
1858 639 1986 710 ejus.

398 720 524 776 Inde
550 723 713 792 quid?
743 721 935 793 thuid
963 726 1261 780 destruxiin
1291 731 1559 783 maceriam
1588 732 1696 801 ejus
1713 732 1750 785 ?'
1770 732 1884 786 Jam
1912 733 1988 786 vi-

399 813 534 868 detis
566 829 803 868 eversam
836 816 975 870 illam
1002 827 1212 886 gentem
1257 818 1595 886 Judaeorum;
1624 824 1732 890 jam
1775 838 1840 877 ex
1880 825 1986 878 alio

399 906 602 972 psalmo
653 906 908 972 audistis,
959 907 1025 962 In
1078 907 1285 963 dolabra
1329 921 1376 964 et
1417 911 1658 980 [ractorio
1699 913 1985 982 dejecerunt

395 1012 505 1048 eain
536 995 705 1066 (Psal.
732 1014 916 1065 Lxxut,
948 998 1026 1070 6).
1051 999 1270 1066 Quando
1295 1001 1464 1069 ﬁeret,
1495 1004 1592 1057 nisi
1614 1004 1728 1073 ejus
1755 1011 1982 1062 maceria

395 1086 801 1142 destrueretur?
826 1091 954 1156 Quae
1001 1101 1083 1146 est
1125 1093 1352 1146 maceria
1393 1095 1547 1162 ejus?
1584 1094 1803 1150 Munitio
1842 1097 1978 1166 ejus.

401 1177 613 1232 Exstitit
649 1181 792 1234 enim
833 1182 1061 1250 superba
1103 1181 1360 1237 adversus
1406 1185 1757 1252 plantatorem
1802 1202 1975 1242 suum.

393 1267 588 1324 Servos
615 1269 680 1324 ad
708 1286 765 1325 sc
785 1272 977 1326 missos
997 1280 1050 1327 et
1076 1283 1319 1342 petentes
1350 1277 1648 1331 mercedem
1679 1278 1854 1333 coloni
1883 1278 1980 1334 lla-

392 1359 752 1429 gellaverunt,
784 1363 1126 1427 ceciderunt,
1159 1365 1490 1421 occiderunt.
1520 1367 1674 1423 Venit
1715 1379 1766 1423 et
1793 1371 1978 1426 unicus

391 1448 584 1516 Filius;
613 1451 851 1506 dixerunt
875 1495 889 1518 ,
927 1452 1022 1506 llic
1047 1464 1118 1509 est
1146 1454 1324 1522 Iuvres,
1353 1458 1510 1510 venite
1536 1459 1821 1515 occidamus
1839 1477 1974 1528 eum,

388 1550 436 1592 et
483 1551 651 1595 nostra
694 1544 784 1596 erit
814 1544 1082 1599 htvreditas
1123 1563 1141 1600 :
1179 1547 1467 1602 occiderunt
1510 1559 1556 1602 ct
1595 1561 1737 1604 extra
1781 1553 1974 1606 vineam

388 1631 703 1702 projecerunt
726 1633 934 1703 (Matth.
962 1652 1046 1690 xx:
1065 1677 1080 1701 ,
1105 1636 1315 1708 54-59).
1339 1638 1632 1709 Projeetus,
1661 1643 1826 1712 magis
1853 1659 1976 1714 pos-

386 1721 526 1775 sedit
569 1722 705 1778 unde
753 1725 1019 1793 projectus
1049 1735 1149 1780 est.
1184 1727 1272 1782 Sic
1319 1729 1458 1782 enim
1506 1731 1555 1784 ei
1603 1732 1834 1788 minatur
1879 1750 1974 1804 per

385 1810 570 1865 Isaiam
605 1829 620 1867 :
651 1811 916 1867 Destruam
945 1817 1213 1870 maceriam
1255 1818 1384 1888 ejus.
1414 1819 1632 1886 Quare?
1673 1821 1972 1893 Exspectavi

380 1903 513 1956 enim
542 1912 594 1955 ut
621 1907 807 1976 faceret
835 1922 1018 1971 urant;
1047 1907 1163 1976 fecit
1207 1919 1373 1962 autem
1411 1911 1584 1979 spinas
1615 1928 1635 1966 :
1663 1917 1968 1982 eXSpectavi

382 1992 503 2046 inde
526 1993 774 2060 fructum,
803 2006 856 2050 et
887 1997 1058 2052 inveni
1093 2009 1384 2067 peceatum.
1417 1999 1551 2067 Quid
1582 2018 1707 2072 ergo
1733 2007 1925 2074 qumvis
1948 2051 1963 2073 ,

310 2157 313 2159 _
379 2100 412 2138 ο
450 2085 658 2155 Asapb,
696 2085 887 2158 th-cid
916 2088 1204 2144 destruxiin
1248 2093 1517 2171 maceriam
1546 2095 1689 2164 ejus?
1720 2097 1798 2150 'l'u
1823 2099 1964 2153 enim

380 2181 552 2234 nescis
589 2181 792 2250 quare?
821 2181 1125 2253 Exspectavi
1161 2192 1214 2237 ut
1258 2189 1443 2255 faceret
1461 2187 1746 2257 judicium,
1778 2198 1823 2243 et
1848 2192 1964 2260 fecit

375 2271 688 2342 iniquitatem
715 2273 864 2342 (Isai.
890 2290 942 2338 v,
971 2275 1024 2340 5,
1049 2275 1104 2342 2,
1129 2276 1221 2343 7):
1246 2292 1350 2330 non
1377 2287 1489 2332 erat
1509 2278 1825 2334 destruenda
1853 2297 1965 2336 ma-

375 2367 514 2418 ceria
546 2365 696 2432 ejus?
725 2365 793 2419 Et
820 2376 1078 2421 venerunt
1105 2366 1302 2423 Gentes
1324 2411 1340 2435 ,
1381 2369 1652 2426 destructa
1692 2375 1918 2429 maceria
1945 2417 1958 2439 ,

376 2455 551 2510 invasa
579 2465 659 2511 est
688 2457 860 2524 vinea,
889 2473 950 2513 ac
977 2458 1208 2514 deletum
1242 2468 1460 2531 regnum
1489 2461 1814 2518 Judaeorum.
1845 2463 1958 2522 Hoc

374 2547 542 2613 primo
570 2548 798 2618 plangit,
827 2549 921 2604 sed
946 2565 1050 2621 non
1086 2551 1202 2605 sine
1231 2566 1346 2620 spe.
1379 2553 1453 2607 De
1489 2553 1784 2610 direCtione
1816 2559 1957 2612 enim

372 2635 546 2690 eordis
571 2637 677 2706 jam
708 2639 970 2708 loquitur,
1008 2639 1060 2694 id
1091 2649 1200 2704 est,
1245 2657 1342 2710 pro
1381 2642 1651 2714 Assyriis,
1693 2659 1790 2714 pro
1831 2647 1961 2702 dif}-

371 2726 614 2794 gentibus
667 2726 908 2783 Psalmus
955 2737 1055 2785 est.
1111 2730 1298 2802 thuid
1347 2731 1638 2787 destruxisti
1686 2737 1956 2792 maceriam

369 2815 508 2882 ejus;
533 2825 578 2868 et
604 2816 908 2871 vindemiant
935 2835 1047 2872 eam
1074 2836 1243 2875 omnes
1275 2829 1589 2878 transeuntes
1612 2826 1742 2879 viam
1759 2827 1785 2880 ?
1818 2828 1953 2897 Quid

367 2915 469 2970 est,
498 2907 628 2959 viam
657 2909 1010 2962 transeuntes?
1035 2909 1422 2978 Temporaliter
1449 2910 1808 2972 dominantes.

440 2997 526 3050 11.
559 2995 710 3069 [rers.
734 2997 845 3071 Η]
870 2997 1158 3052 Devastavit
1179 3017 1288 3054 eam
1323 3018 1444 3072 aper
1470 3003 1532 3057 de
1563 3005 1705 3059 silva.
1750 3010 1949 3078 Aprum

365 3086 432 3140 de
457 3087 584 3140 silva
608 3087 733 3158 quid
757 3089 1122 3160 intelligimus?
1138 3090 1334 3146 Judaeis
1358 3107 1550 3162 porcus
1565 3095 1821 3153 adversus
1845 3109 1944 3166 est,

362 3187 417 3231 et
443 3179 493 3231 in
525 3193 687 3248 porco
731 3189 932 3248 ponunt
957 3192 1206 3251 tanquam
1248 3183 1637 3241 immunditiam
1676 3187 1946 3248 Gentium.

359 3271 403 3322 A
447 3268 704 3324 Gentibus
743 3278 918 3325 autem
955 3285 1138 3326 eversa
1178 3280 1259 3328 est
1301 3289 1432 3343 gens
1457 3264 1645 3332 Judiea
1674 3295 1688 3333 :
1716 3280 1809 3334 sed
1853 3297 1947 3337 rex

360 3359 447 3413 ille
487 3361 572 3430 qui
603 3362 823 3428 evertit,
854 3376 957 3416 non
1001 3371 1202 3418 tantum
1244 3380 1435 3435 porcus
1471 3367 1808 3438 immundus,
1847 3373 1944 3428 sed

357 3453 518 3506 etiam
547 3469 681 3524 aper
705 3455 818 3509 luit.
850 3455 983 3523 Quid
1006 3458 1145 3511 enim
1182 3473 1344 3528 aper,
1373 3460 1471 3514 nisi
1505 3476 1695 3530 porcus
1730 3478 1900 3518 sawus
1923 3506 1938 3532 ,

357 3529 549 3616 porcus
573 3548 868 3616 superbus?
895 3549 1027 3615 Aper
1051 3549 1113 3603 de
1132 3551 1258 3604 silva
1289 3529 1652 3607 vastavitieam.
1681 3553 1758 3608 De
1777 3558 1940 3610 silva:

354 3636 422 3692 de
449 3636 725 3692 Gentibus.
764 3639 973 3694 Etenim
1015 3641 1102 3694 illa
1142 3641 1294 3695 vinea
1330 3653 1478 3710 erat;
1520 3643 1718 3699 Gentes
1760 3657 1938 3701 autem

355 3727 499 3780 silva:
525 3737 694 3781 erant.
726 3728 830 3783 Sed
857 3729 1066 3798 quando
1095 3730 1432 3785 crediderunt
1460 3732 1677 3796 Gentes,
1705 3736 1830 3803 quid
1859 3737 1938 3790 di-

355 3820 496 3864 ctum
527 3812 646 3866 est?
679 3829 697 3862 ι
733 3813 883 3867 Tunc
927 3813 1263 3866 exsultabunt
1303 3816 1480 3869 omnia
1507 3817 1647 3886 ligna
1685 3819 1934 3874 silvarum

354 3899 525 3971 (Psal.
545 3916 664 3969 xcv,
691 3899 800 3975 l2).
839 3902 1140 3956 Devastavit
1159 3919 1277 3958 eam
1312 3919 1440 3974 aper
1475 3905 1541 3960 de
1563 3907 1716 3976 silva,
1737 3919 1790 3964 et
1815 3910 1928 3964 sin-

350 3976 547 4062 gularis
588 3991 732 4047 ferus
757 3992 1008 4063 depastus
1037 4000 1120 4048 est
1156 4009 1292 4048 eam.
1333 4013 1352 4047 ι
1385 3995 1520 4062 Quid
1550 4007 1651 4064 est,
1691 4018 1710 4051 ‹
1749 4000 1934 4071 singu-

352 4085 475 4139 laris
499 4083 682 4139 ferus?
716 4103 735 4136 ι
769 4085 885 4154 Ipse
911 4099 1040 4155 aper
1068 4086 1158 4156 qui
1189 4085 1481 4142 devastavit
1509 4105 1660 4156 eam,
1696 4091 1932 4162 singula-

349 4176 422 4230 ris
463 4174 623 4229 l‘erus.
650 4174 977 4246 Singularis,
1013 4177 1134 4247 quia
1165 4180 1446 4247 superbus.
1479 4179 1592 4234 Hoc
1634 4182 1776 4237 enim
1805 4184 1933 4240 dicit

347 4266 522 4320 omnis
546 4266 807 4336 superbus
836 4284 850 4322 :
878 4266 990 4337 Ego
1017 4283 1155 4334 sum;
1179 4283 1277 4337 ego
1299 4283 1438 4336 sum,
1470 4279 1524 4325 et
1546 4286 1724 4328 nemo.

418 4357 503 4412 i2.
529 4357 679 4432 [vers.
709 4360 797 4427 15,
823 4357 934 4432 16.]
960 4359 1064 4415 Sed
1089 4376 1194 4430 quo
1215 4359 1387 4415 fructu
1419 4362 1572 4418 haec?
1601 4382 1618 4414 ι
1657 4364 1794 4420 Deus
1819 4367 1927 4422 vir-

346 4461 514 4507 tutum
543 4461 854 4508 convertere
884 4467 1027 4506 vero.
1083 4471 1102 4504 »
1149 4451 1400 4519 Quamvis
1445 4454 1558 4508 haec
1605 4453 1738 4530 facta
1777 4458 1923 4528 sint,

349 4561 367 4595 ι
402 4551 714 4598 convertere
738 4557 887 4597 vero.
919 4541 1142 4611 Respice
1168 4542 1234 4598 de
1262 4543 1418 4610 coelo,
1441 4553 1495 4598 et
1522 4545 1658 4609 vide,
1687 4555 1739 4602 et
1770 4550 1925 4603 visita

340 4637 550 4691 vineam
575 4635 750 4690 istam.
782 4634 846 4689 Et
875 4634 1069 4704 perﬁce
1097 4651 1213 4691 eam
1243 4651 1398 4706 quam
1426 4637 1682 4706 plantavit
1707 4640 1923 4697 dextera

342 4740 451 4782 tua.
483 4745 502 4780 ι
535 4726 650 4781 Non
678 4727 834 4805 aliam
879 4726 1131 4792 institue,
1173 4727 1267 4783 sed
1309 4729 1444 4783 hanc
1488 4731 1702 4799 perﬁce.
1745 4732 1922 4804 Ipsum

339 4828 422 4874 est
443 4818 584 4872 enim
606 4833 786 4872 semen
813 4817 1100 4882 Abraham,
1121 4818 1293 4888 ipsum
1315 4829 1394 4874 est
1417 4835 1599 4876 semen
1628 4823 1678 4876 in
1701 4838 1804 4894 quo
1825 4825 1920 4881 be-

340 4909 655 4964 nedicuntur
695 4924 882 4964 omnes
910 4908 1114 4965 Gentes
1155 4907 1306 4980 (Gen.
1355 4926 1495 4977 xxii,
1545 4911 1635 4982 l8)
1679 4930 1692 4965 :
1727 4914 1798 4969 ibi
1839 4923 1922 4972 est

337 5003 518 5069 radix,
547 5002 635 5058 ubi
680 5012 920 5072 portatur
957 5001 1189 5057 oleaster
1224 5003 1473 5057 insertus.
1504 5002 1701 5074 Perﬁce
1725 5007 1921 5063 vineam

335 5097 482 5150 istam
509 5111 657 5164 quam
698 5093 942 5165 plantavit
973 5092 1175 5147 dextera
1203 5103 1309 5147 tua.
1339 5092 1442 5149 Sed
1470 5095 1557 5150 ubi
1585 5097 1831 5166 perﬁcit?
1854 5097 1920 5155 Et

333 5204 486 5256 super
516 5187 679 5257 ﬁlium
708 5185 924 5240 hominis
957 5201 1102 5254 quem
1129 5187 1438 5252 conﬁrmasti
1481 5187 1587 5240 tibi.
1630 5188 1765 5257 Quid
1809 5193 1920 5246 evi-

332 5277 582 5332 dentius?
623 5276 746 5347 quid
777 5276 948 5331 adhuc
976 5277 1301 5346 exspectatis
1327 5287 1384 5332 ut
1419 5278 1570 5333 vobis
1599 5279 1916 5350 disputando

332 5383 661 5439 exponamus
680 5411 695 5435 ,
736 5378 790 5424 et
826 5384 933 5422 non
963 5369 1138 5439 potius
1167 5368 1437 5424 vobiscum
1468 5370 1779 5426 admirando
1806 5373 1916 5428 cla-

332 5475 538 5516 memus
571 5477 584 5513 :
620 5458 818 5528 Perﬁce
845 5460 1040 5513 vineam
1079 5461 1225 5514 istaut
1253 5477 1402 5530 quam
1440 5460 1684 5531 plantavit
1711 5463 1916 5522 dextera

331 5563 438 5620 tua,
468 5560 514 5607 et
536 5566 688 5620 super
713 5551 878 5619 ﬁlium
902 5550 1118 5604 hominis
1143 5566 1258 5606 eam
1289 5550 1522 5622 perﬁce?
1547 5551 1715 5620 Quem
1748 5551 1911 5610 ﬁlium

331 5642 598 5700 hominis?
630 5642 790 5709 Quem
819 5643 1129 5712 conﬁrmasti
1174 5642 1280 5698 tibi.
1331 5643 1576 5716 Magnum
1604 5645 1910 5701 ﬁrmamen-

329 5737 461 5790 tum!
486 5735 686 5790 :rdiﬁea
712 5744 966 5804 quantum
989 5745 1158 5805 potes.
1177 5733 1588 5790 Fundamentum
1611 5737 1741 5791 enim
1767 5737 1910 5792 aliud

331 5843 478 5902 nemo
497 5834 654 5895 potest
677 5841 876 5895 ponere,
897 5835 1078 5895 prwter
1096 5843 1244 5894 quam
1265 5828 1399 5895 quod
1422 5829 1636 5900 positum
1659 5842 1749 5896 ett,
1778 5831 1910 5902 quod

330 5925 401 5972 est
423 5893 822 5973 Cin‘istus'desus
858 5893 1040 5984 (lVCor.
1071 5893 1123 5971 ut
1150 5959 1164 5987 ,
1195 5893 1308 5987 ll).

1454 427 1845 485 ENARRATIO
1885 428 1947 484 IN
1988 428 2309 494 PSALMUM
2349 441 2580 499 LXXIX.

2166 579 2259 634 ib.
2279 580 2429 652 [vers.
2465 586 2575 659 l7.)
2609 589 2864 648 Succensa
2898 598 3004 668 igni
3028 609 3073 653 et
3100 601 3313 675 eﬂ'ossa,
3350 611 3415 665 ab
3451 571 3660 687 increpa

2095 667 2230 777 tigne
2268 673 2432 728 vultus
2469 679 2543 730 tui
2572 681 2822 748 peribunt.
2856 667 2984 754 Quae
3023 667 3150 748 sunt
3188 667 3441 757 succensa
3490 667 3688 777 ignire-t~

2095 759 2316 860 effossa,
2362 781 2481 835 qute
2512 771 2759 837 peribunt
2793 777 2860 832 ab
2899 780 3260 853 increpatione
3302 793 3478 851 vultus
3506 759 3677 868 :‘jus?
3747 787 3784 820 λ

2098 849 2380 910 Videamus
2418 867 2472 912 et
2515 861 2870 934 intelligamus
2893 887 3011 940 qua:
3046 849 3151 931 sint
3180 879 3282 950 igni
3318 849 3579 950 succensa
3621 902 3675 948 et

2090 941 2302 998 effossa.
2335 946 2474 1015 Quid
2499 951 2788 1023 increpavit
2811 960 3092 1019 Christus?
3123 941 3344 1028 Peccata
3376 993 3388 1028 :
3415 941 3675 1040 abicere;

2091 1034 2301 1101 patione
2343 1038 2528 1138 vultus
2572 1043 2689 1114 ejus
2734 1062 2947 1117 peccata
2992 1057 3281 1124 perierunt.
3327 1064 3500 1134 Quare
3544 1087 3674 1144 ergo

2089 1133 2303 1191 peccata
2341 1127 2444 1198 igni
2476 1146 2729 1190 succensa
2759 1147 2813 1193 et
2838 1141 3070 1200 eﬁ‘ossa?
3097 1147 3283 1206 Omnia
3314 1127 3525 1224 peccata

2087 1230 2172 1323 {es
2199 1215 2394 1318 faciunt
2416 1223 2476 1322 in
2503 1223 2750 1296 homine;
2781 1235 3042 1303 cupiditas
3061 1281 3076 1305 ,
3104 1250 3158 1296 et
3183 1215 3361 1302 timor.
3394 1215 3667 1323 Cogitate:

2085 1303 2363 1375 discutite,
2414 1311 2736 1387 interrogate
2781 1325 2940 1379 corda
2989 1341 3202 1399 vestra,
3263 1303 3668 1405 perserdiamini

2081 1398 2468 1468 conscientias;
2495 1405 2668 1462 videte
2701 1420 2873 1467 utrmn
2906 1418 3111 1484 possint
3136 1398 3495 1497 esse'peccata
3515 1475 3530 1498 ,
3564 1415 3672 1490 nisi

2079 1496 2170 1541 aut
2214 1491 2513 1560 cupiendo,
2570 1507 2662 1553 aut
2713 1501 2966 1562 timendo.
3021 1491 3340 1583 Proponitur
3383 1491 3666 1590 prmitium

2082 1587 2138 1630 ut
2181 1595 2403 1687 pecces,
2449 1586 2499 1640 id
2543 1599 2658 1656 est,
2704 1595 2844 1662 quod
2890 1607 2939 1652 le
2967 1599 3226 1671 delectat;
3279 1586 3406 1668 iacis
3449 1625 3666 1687 prepter

2077 1673 2218 1740 quod
2250 1677 2418 1745 cupis.
2449 1678 2556 1734 Sed
2605 1681 2738 1739 forte
2767 1702 2870 1742 non
2915 1691 3182 1751 induceris
3209 1699 3362 1756 donis
3382 1743 3395 1767 ,
3445 1673 3664 1764 ierreris

2077 1765 2267 1831 minis;
2323 1766 2454 1824 facis
2509 1784 2728 1845 pr0pter
2778 1780 2919 1850 quod
2969 1783 3145 1842 times.
3195 1765 3554 1866 Cor-rumpere
3605 1805 3658 1854 te

2075 1857 2188 1948 vult
2233 1859 2446 1929 aliquis,
2476 1874 2533 1919 ut
2554 1865 2724 1934 dicas,
2749 1873 2896 1929 verbi
2923 1879 3089 1945 gratia
3111 1921 3126 1947 ,
3177 1881 3367 1942 falsum
3416 1857 3655 1948 testimo-

2074 1945 2240 2000 nium.
2275 1949 2679 2011 Innumerabilia
2702 1970 2863 2028 sunt,
2895 1966 2988 2022 sed
3009 1945 3244 2036 planiora
3279 1991 3547 2050 propono,
3590 1945 3659 2041 de

2072 2040 2264 2108 quibus
2304 2055 2498 2121 (vetera
2549 2051 2863 2122 eonjiciatis.
2906 2058 3188 2118 Attendisti
3240 2040 3295 2120 tu
3345 2040 3546 2139 deum,
3603 2040 3658 2132 et

2071 2130 2249 2188 dixisti
2315 2135 2367 2189 in
2430 2139 2610 2195 animo
2672 2153 2763 2199 tuo
2813 2163 2825 2199 :
2879 2148 3015 2215 Quid
3066 2155 3266 2223 prodest
3327 2130 3552 2231 homini,

2071 2230 2230 2277 totum
2259 2227 2501 2282 mundum
2541 2231 2794 2302 lucretur,
2821 2241 3006 2296 auium:
3039 2256 3204 2310 autem
3232 2265 3339 2304 sua:
3379 2255 3654 2312 detrimen-

2067 2321 2172 2365 tum
2203 2317 2463 2390 patiatur(
2489 2321 2676 2378 Matth.
2700 2343 2805 2394 xvi,
2837 2330 2980 2401 26)?
3004 2334 3118 2390 Non
3145 2339 3379 2396 adducor
3409 2349 3650 2415 prtemio,

2068 2412 2124 2457 ut
2149 2406 2368 2475 perdam
2389 2411 2620 2468 animam
2652 2432 2826 2472 meam
2871 2435 2972 2490 pro
3019 2424 3166 2482 luero
3209 2406 3466 2500 pecuniae.
3502 2406 3650 2496 Con;

2067 2497 2225 2552 vertit
2265 2499 2357 2554 ille
2398 2517 2459 2558 se
2500 2505 2566 2558 ad
2618 2507 2978 2567 incutiendum
3026 2497 3254 2586 metum;
3297 2527 3384 2595 qui
3428 2533 3649 2598 pra-mia

2063 2603 2407 2662 corrumpere
2442 2611 2545 2651 non
2577 2599 2777 2667 valuit,
2820 2603 3004 2676 incipit
3034 2609 3224 2668 minari
3254 2615 3529 2689 damnum,
3553 2639 3645 2680 διο

2064 2680 2379 2749 pulsionem,
2408 2687 2582 2743 aedes
2605 2689 2847 2749 fortassis
2868 2705 2922 2752 et
2941 2709 3167 2757 mortem
3195 2722 3208 2758 :
3235 2705 3303 2760 ibi
3328 2707 3458 2778 jam,
3485 2680 3530 2768 si
3548 2728 3651 2770 cu-

2062 2771 2252 2840 piditas
2275 2791 2379 2830 non
2404 2778 2584 2844 valuit,
2609 2781 2746 2840 forte
2771 2787 2929 2843 timor
2946 2790 3140 2848 valebit
3161 2804 3217 2850 ut
3236 2771 3455 2866 pecces.
3474 2802 3644 2860 Porro

2058 2874 2236 2921 autem
2277 2868 2321 2922 si
2367 2871 2435 2926 de
2483 2871 2770 2945 Scripturis
2795 2891 2980 2936 contra
3010 2886 3350 2954 cupiditatem
3378 2894 3520 2949 venit
3546 2897 3640 2954 tibi

2058 2956 2112 3012 in
2139 2971 2392 3027 mentem,
2422 2964 2558 3032 Quid
2582 2971 2783 3037 prodest
2810 2972 3019 3042 homini,
3043 2978 3087 3030 si
3108 2988 3265 3034 totum
3291 2985 3530 3040 mundum
3550 2990 3635 3041 lu-

2055 3061 2241 3118 cretur,
2271 3055 2454 3110 anima:
2475 3065 2640 3112 autem
2663 3077 2771 3115 sua:
2796 3063 3147 3122 detrimentum
3179 3072 3432 3137 patiatur;
3458 3078 3637 3134 veniat

2054 3143 2211 3196 etiam
2241 3155 2425 3202 contra
2467 3150 2710 3206 timerem
2758 3155 2808 3208 in
2853 3166 3110 3224 mentem,
3140 3159 3314 3216 Nolite
3346 3165 3521 3223 timere
3552 3185 3638 3226 eos

2052 3235 2140 3301 qui
2165 3252 2348 3306 corpus
2372 3241 2639 3308 occidunt;
2676 3247 2898 3302 animam
2933 3260 3097 3304 autem
3128 3269 3228 3309 non
3267 3270 3476 3326 possunt
3498 3265 3635 3319 occi-

2055 3323 2173 3424 dere
2201 3325 2322 3393 (Id.
2352 3345 2405 3390 χ.
2430 3330 2559 3402 28).
2589 3334 2915 3408 Quicumque
2942 3348 2994 3395 te
3019 3343 3130 3398 vult
3161 3323 3438 3416 occidere,
3465 3367 3635 3424 usque

2048 3413 2115 3468 ad
2137 3430 2329 3487 corpus
2356 3421 2404 3475 ei
2433 3421 2583 3489 licet;
2615 3440 2780 3495 usque
2800 3428 2866 3482 ad
2886 3431 3116 3487 animam
3142 3451 3245 3490 non
3270 3413 3630 3501 licetaAniina

2048 3515 2136 3562 tua
2167 3525 2272 3565 non
2296 3514 2572 3578 morietur,
2604 3519 2702 3572 nisi
2732 3529 2785 3573 tu
2817 3535 2934 3575 eam
2957 3523 3186 3580 volueris
3211 3529 3474 3588 occidere.
3503 3535 3632 3592 Per-

2046 3599 2175 3653 imat
2201 3601 2374 3656 aliena
2399 3605 2645 3675 iniquitas
2670 3625 2884 3666 carnem
2910 3623 3079 3682 tuam,
3095 3617 3218 3672 dum
3238 3632 3416 3678 servet
3433 3628 3630 3684 veritas

2043 3693 2275 3749 animam
2307 3705 2468 3753 tuam.
2501 3701 2556 3755 Si
2583 3713 2760 3759 autem
2788 3721 2817 3761 a
2844 3709 3063 3767 veritate
3087 3715 3358 3786 resilieris,
3385 3721 3510 3790 quid
3534 3724 3630 3781 tibi

2043 3783 2270 3878 amplius
2300 3785 2532 3844 facturus
2557 3802 2638 3846 est
2660 3793 2922 3862 inimicus,
2940 3815 3096 3870 quam
3127 3811 3182 3857 tu
3201 3805 3301 3861 tibi
3325 3783 3438 3878 ipse
3460 3813 3642 3870 facis?-

2043 3868 2292 3929 lnimieus
2314 3880 2540 3935 saeviens
2565 3897 2778 3940 carnem
2821 3868 2995 3956 potest
3033 3893 3275 3952 occidere
3303 3915 3317 3952 :
3345 3868 3402 3953 tu
3445 3912 3625 3961 autem

2021 3959 2266 4019 ~dicendo
2309 3968 2498 4026 falsum
2546 3973 2906 4032 testimonium
2954 3981 3186 4040 animam
3234 3989 3451 4046 occidis.
3484 3959 3623 4051 Audi

2040 4055 2366 4128 Scripturam
2395 4076 2410 4114 :
2437 4060 2508 4116 0s
2532 4065 2666 4134 quod
2705 4067 2976 4138 mentitur,
3009 4073 3190 4127 occidit
3213 4077 3436 4134 annuam
3464 4080 3620 4156 (Sep.

2038 4165 2076 4216 ι,
2110 4151 2169 4206 Η
2201 4151 2241 4222 ).
2274 4151 2474 4223 Itaque,
2511 4153 2703 4212 fratres
2745 4159 2880 4226 mei,
2929 4163 2996 4218 ad
3035 4179 3194 4222 omne
3238 4180 3381 4227 recte
3424 4151 3620 4234 factum

2036 4257 2188 4298 amor
2222 4253 2276 4298 et
2321 4245 2477 4300 timor
2501 4246 2646 4303 ducit
2673 4265 2688 4302 :
2719 4249 2784 4305 ad
2810 4267 2971 4309 omne
2997 4267 3270 4324 peceatum
3297 4277 3447 4319 amor
3473 4275 3528 4321 et
3555 4269 3621 4323 ti-

2036 4352 2154 4391 mor
2195 4337 2358 4392 dueit.
2405 4339 2474 4395 Ut
2518 4340 2677 4396 facias
2718 4343 2878 4411 bene,
2925 4362 3074 4403 amas
3115 4351 3317 4420 Deum,
3365 4366 3419 4412 et
3463 4359 3619 4418 times

2035 4430 2201 4486 Deum
2234 4449 2248 4488 :
2279 4441 2335 4487 ut
2364 4441 2538 4488 autem
2569 4433 2730 4490 facias
2756 4439 2928 4504 male,
2964 4457 3112 4499 amas
3147 4447 3402 4504 mundum
3426 4491 3441 4515 ,
3471 4460 3526 4507 et
3553 4455 3618 4508 ti.

2033 4538 2147 4578 mes
2192 4523 2471 4579 mundum.
2525 4525 2650 4582 llaec
2695 4527 2802 4583 duo
2840 4541 3218 4590 convertantur
3259 4537 3325 4592 ad
3371 4539 3612 4598 bonum:

2029 4615 2246 4671 amabas
2288 4627 2481 4671 terram
2504 4659 2519 4681 ,
2551 4632 2668 4672 ama
2701 4620 2863 4675 vitam
2893 4632 3181 4693 aeternam;
3217 4628 3440 4686 timebas
3469 4650 3616 4690 mor-

2031 4715 2157 4773 tem,
2184 4708 2310 4762 time
2336 4710 2659 4779 gehennam.
2690 4711 2954 4782 Quidquid
2979 4715 3071 4770 tibi
3099 4717 3281 4790 iniquo
3307 4725 3614 4792 promiserit

2028 4799 2292 4867 mundus,
2325 4800 2578 4887 numquid
2617 4811 2794 4872 potest
2830 4804 2957 4862 dare
2999 4818 3257 4878 quantum
3299 4812 3445 4869 dabit
3466 4815 3614 4887 justo

2029 4889 2208 4943 Deus?
2249 4885 2514 4960 Quidquid
2561 4892 2652 4948 tibi
2690 4893 2836 4964 justo
2876 4898 3107 4954 minatus
3146 4900 3306 4958 fuerit
3344 4885 3609 4976 mundus,

2028 4983 2280 5053 numquid
2321 4993 2489 5054 potest
2531 4983 2709 5042 facere
2750 4987 2894 5057 quod
2941 4988 3063 5046 facit
3101 4992 3280 5064 iniquo
3312 4995 3489 5053 Deus?
3517 4998 3611 5057 Vis

2026 5074 2206 5130 videre
2233 5075 2358 5143 quid
2384 5074 2602 5132 daturus
2629 5087 2712 5132 est
2738 5079 2896 5146 Dens,
2920 5081 2964 5136 si
2986 5081 3128 5151 juste
3148 5085 3378 5140 vixeris?
3410 5087 3607 5156 Venite,

2024 5166 2264 5220 benedicti
2290 5165 2457 5221 Patris
2482 5168 2610 5231 mei;
2639 5169 2875 5240 percipite
2900 5188 3106 5242 regnum
3135 5177 3272 5245 quod
3295 5177 3429 5232 vobis
3451 5193 3599 5246 para-

2025 5267 2128 5311 tum
2153 5268 2224 5312 est
2249 5257 2310 5311 ab
2335 5259 2528 5330 origine
2557 5262 2751 5315 mundi.
2785 5262 2876 5318 Vis
2901 5263 3079 5320 videre
3108 5267 3231 5337 quid
3264 5268 3498 5325 facturus
3524 5282 3604 5328 est

2023 5349 2234 5417 impiis?
2265 5347 2344 5403 Ite
2368 5351 2418 5404 in
2445 5351 2611 5422 ignem
2634 5362 2894 5419 a'ternum,
2925 5357 3011 5427 qui
3053 5367 3260 5427 paratus
3295 5368 3369 5413 est
3403 5360 3607 5416 diabolo

2021 5449 2066 5494 et
2093 5441 2284 5511 angelis
2325 5442 2436 5510 ejus
2465 5441 2485 5512 (
2506 5440 2687 5498 Matth.
2735 5459 2858 5510 xxv,
2890 5447 2979 5513 54,
3025 5449 3151 5517 41).
3202 5447 3346 5503 Bene
3387 5451 3602 5521 quidem

2021 5531 2153 5586 nihil
2183 5541 2238 5586 tu
2275 5532 2416 5587 aliud
2444 5534 2522 5588 vis
2543 5576 2558 5600 ,
2599 5551 2755 5604 quam
2789 5545 2846 5591 ut
2885 5537 3020 5592 bene
3051 5539 3141 5592 tibi
3172 5540 3256 5592 sit.
3293 5539 3425 5595 Nam
3457 5543 3508 5596 in
3537 5559 3605 5599 eo

2020 5622 2162 5694 quod
2189 5638 2355 5690 amas,
2380 5625 2459 5680 vis
2485 5635 2544 5679 ut
2570 5625 2703 5681 bene
2732 5627 2824 5682 tibi
2855 5628 2952 5692 sit;
2981 5638 3034 5683 et
3063 5629 3115 5683 in
3135 5643 3200 5684 eo
3225 5631 3366 5699 quod
3407 5632 3562 5688 times
3582 5675 3600 5700 ,

2020 5729 2124 5768 non
2149 5714 2228 5769 vis
2255 5722 2312 5770 ut
2334 5715 2475 5771 male
2504 5716 2595 5770 tibi
2618 5717 2688 5771 sit
2707 5734 2720 5774 :
2741 5716 2835 5772 sed
2861 5732 2964 5772 non
2988 5718 3038 5772 in
3063 5733 3124 5773 ea
3147 5720 3361 5790 regione
3381 5724 3600 5794 quaeris,

2019 5807 2070 5861 in
2102 5823 2203 5878 qua
2232 5808 2576 5878 quaerendum
2607 5819 2709 5865 est.
2761 5810 3038 5876 Festinas;
3088 5827 3208 5868 nam
3235 5822 3289 5868 et
3312 5813 3428 5872 sine
3455 5815 3598 5873 indi-

2020 5901 2196 5972 gentia
2225 5901 2303 5955 vis
2347 5915 2488 5957 esse.
2535 5910 2587 5955 et
2628 5901 2743 5957 sine
2785 5901 3070 5958 molestia:
3099 5903 3297 5961 bonum
3331 5915 3412 5963 est
3456 5908 3596 5978 quod
