4020 6198
434 312 569 368 1023

428 438 543 497 utp

430 520 559 597 irf,’
573 522 670 579 sed
695 522 861 578 tolera
890 521 1031 593 quod
1059 536 1163 577 non
1187 521 1287 588 vis,
1323 530 1381 577 ut
1418 523 1719 592 assequeris
1754 523 1895 594 quod
1915 523 2022 601 συιδ.

434 612 677 670 Proinde
706 613 847 668 illius
874 614 1034 668 facies
1057 611 1245 668 deleas
1274 621 1510 682 peccata,
1536 612 1662 683 quid
1692 613 1886 669 faciet?
1903 628 2023 684 quae

440 713 567 760 sunt
596 713 805 775 peccata
834 720 1090 760 succensa
1131 704 1236 774 igni
1274 714 1329 760 ct
1367 704 1598 760 effossa?
1641 705 1778 772 Quid
1822 704 2024 762 fecerat

439 784 827 855 amofmalus?
863 798 1137 868 Tanquam
1166 799 1341 868 ignem
1367 796 1733 854 succenderat.
1774 796 1910 866 Quid
1946 794 2024 854 fe-

440 902 590 947 cerat
617 893 778 947 timor
802 891 1013 947 malas?
1037 891 1306 960 Tanquam
1333 890 1610 946 effoderet.
1641 893 1804 946 Amor
1828 892 2023 961 quippe

440 984 763 1050 inflammat;
797 984 957 1038 timor
977 982 1218 1037 bumiliat
1241 1000 1255 1033 :
1278 982 1399 1036 ideo
1422 993 1635 1051 peccata
1654 982 1777 1035 mali
1800 984 2016 1044 amoris.

440 1077 560 1145 igne
606 1090 860 1130 succensa
903 1084 1064 1140 sunt;
1117 1082 1329 1144 peccata
1374 1074 1498 1128 mali
1542 1074 1782 1139 timoris,
1827 1074 2018 1147 effossa

438 1175 582 1222 sunt.
626 1167 877 1222 llumiliat
921 1176 976 1221 et
1017 1167 1186 1220 bonus
1234 1166 1410 1228 timor,
1455 1163 1703 1219 accendit
1746 1173 1800 1218 et
1849 1164 2022 1219 bonus

440 1273 618 1337 arnor;
649 1261 743 1313 sed
771 1258 947 1325 aliter,
974 1268 1135 1328 atque
1158 1258 1331 1312 aliter.
1363 1255 1494 1310 Nam
1525 1265 1579 1311 et
1603 1255 1825 1311 colonus
1851 1255 2015 1310 inter-

438 1351 636 1407 cedens
659 1365 756 1420 pro
792 1352 1005 1415 arbore,
1035 1364 1154 1420 quis
1194 1349 1392 1404 fructus
1421 1362 1527 1402 non
1566 1345 1761 1414 dabat,
1798 1361 1868 1402 ne
1895 1347 2021 1402 sub-

440 1454 753 1507 verteretur,
783 1444 856 1498 ait
880 1460 895 1498 :
920 1441 1264 1514 Cimmnfcidio
1288 1456 1420 1506 eam,
1444 1449 1491 1493 et
1511 1438 1723 1493 adhibeo
1747 1438 2022 1510 cophimms

437 1524 670 1591 stercoris
696 1533 842 1605 (Luc.
869 1549 983 1601 xm,
1009 1533 1088 1604 8).
1116 1532 1279 1587 Fossa
1302 1530 1563 1603 significat
1587 1529 1729 1601 piam
1754 1529 2024 1585 humilita-

439 1636 544 1683 tem
576 1627 827 1691 timentis,
855 1635 911 1681 et
933 1624 1184 1680 stercoris
1211 1622 1473 1693 cophinus
1497 1621 1684 1677 sordes
1714 1621 1873 1676 utiles
1900 1635 2017 1690 pm-

437 1718 675 1774 nitentis.
722 1717 797 1773 De
838 1717 958 1786 igne
997 1724 1174 1770 autem
1203 1712 1326 1769 boni
1354 1713 1552 1768 amoris
1589 1712 1842 1767 Dominus
1867 1710 2017 1779 dicit,

440 1808 615 1880 Ignem
640 1808 750 1863 ueni
775 1806 1035 1862 milterein
1054 1806 1298 1859 mundum
1327 1803 1446 1876 (Id.
1477 1818 1570 1870 ιιι,
1599 1801 1727 1874 49).
1758 1802 1877 1870 Quo
1900 1803 2020 1872 igne

438 1902 775 1957 inardescunt
811 1898 997 1969 spiritu
1034 1898 1319 1961 ferventes,
1346 1904 1401 1951 et
1432 1894 1523 1950 Dei
1550 1908 1616 1950 ac
1638 1893 1865 1965 proximi
1891 1892 2021 1949 eba-

336 1996 343 2003 '
435 1994 590 2048 ritate
619 1992 1022 2062 ﬁsgrsntes..Ac
1050 2003 1146 2060 per
1175 1989 1294 2051 hoc,
1325 1988 1463 2044 sicut
1490 1987 1668 2057 omnia
1688 1984 1832 2056 justo
1853 1997 2015 2055 opera

436 2082 577 2138 bono
606 2082 798 2137 timore
822 2090 877 2135 et
903 2080 1044 2134 bono
1071 2092 1255 2136 amore
1288 2076 1453 2141 (lunt;
1491 2075 1569 2131 sic
1591 2075 1730 2129 malo
1757 2088 1943 2129 amore
1964 2080 2021 2127 et

435 2174 576 2229 malo
603 2174 792 2227 timore
812 2173 991 2226 omnia
1012 2180 1228 2240 peccata
1247 2168 1670 2237 committuntur.
1700 2166 1863 2239 Ergo,
1887 2163 2021 2223 Suc-

433 2281 583 2320 censa
603 2265 709 2336 igni
731 2273 777 2318 et
805 2261 1008 2330 eﬂ'ossa,
1031 2261 1209 2315 omnia
1243 2259 1448 2315 scilicet
1485 2265 1721 2329 peccata,
1752 2255 1816 2311 ob
1841 2256 2015 2310 incre-

433 2357 634 2426 patione
659 2355 827 2409 vultus
851 2355 924 2407 tui
953 2354 1201 2421 peribunt.

503 2448 591 2503 M.
633 2445 785 2520 [rem
813 2445 878 2501 l8
909 2443 1026 2518 20.]
1062 2443 1179 2498 Fiet
1205 2459 1383 2497 manus
1412 2452 1497 2498 tua
1522 2458 1674 2511 super
1700 2420 1861 2496 virum
1889 2441 2019 2497 des:-

432 2549 551 2595 terae
577 2549 698 2606 tua,
729 2549 776 2592 et
799 2554 952 2610 super
976 2538 1141 2609 [ilium
1166 2537 1382 2592 hominis
1406 2552 1552 2608 quens
1573 2536 1884 2603 conﬁrmasti
1904 2534 2017 2592 tibi.

434 2629 499 2685 Et
539 2647 637 2685 non
668 2631 971 2684 discedimus
993 2647 1027 2684 a
1052 2639 1118 2683 te.
1165 2626 1426 2696 Quamdiu
1468 2628 1743 2698 generatio
1772 2641 1933 2696 prava
1960 2634 2017 2680 et

429 2723 818 2788 amaricans,et
840 2738 959 2792 quin
984 2737 1078 2777 cor
1105 2736 1209 2775 non
1233 2720 1411 2791 dirigit
1430 2732 1585 2774 suum
1611 2717 1782 2790 (Psal.
1801 2728 2012 2784 tum,

425 2816 479 2874 8.
514 2812 627 2887 9)?
667 2814 815 2867 Dicat
854 2812 1032 2883 Asaph
1064 2829 1079 2865 :
1110 2811 1365 2867 Ostendat
1391 2825 1450 2865 se
1479 2808 1841 2864 misericordia
1884 2815 2012 2873 tua;

426 2906 506 2961 fac
537 2906 670 2960 bene
693 2920 811 2960 cum
834 2905 985 2959 vinea
1010 2914 1117 2968 tua,
1142 2901 1336 2972 portico
1362 2901 1527 2962 illam,
1551 2900 1789 2971 quoniam
1813 2898 2015 2953 caecitas

425 3014 489 3052 ex
516 3007 654 3065 parte
672 2995 840 3052 Israel
858 3001 992 3068 facta
1016 3006 1111 3061 est,
1134 3004 1189 3049 ut
1216 2993 1474 3065 plmitudo
1505 2991 1738 3048 Gentium
1763 2990 2010 3055 introiret,

424 3099 470 3141 et
495 3089 570 3140 sic
594 3089 755 3141 mmsis
786 3086 949 3141 luas!
972 3087 1140 3140 salvus
1168 3087 1306 3155 ﬁeret
1337 3086 1510 3155 (Rom.
1536 3100 1609 3148 st,
1635 3084 1727 3148 ‘25,
1756 3082 1872 3153 26).
1905 3082 2011 3137 De-

426 3184 716 3231 Inoustrata
770 3177 901 3231 facie
950 3187 1037 3230 tua
1084 3192 1236 3245 super
1274 3177 1435 3230 virum
1470 3177 1688 3230 dextera:
1730 3184 1831 3228 tute
1862 3189 2009 3239 quem

425 3268 738 3336 conﬁrmasti
765 3267 869 3333 tibi,
903 3283 1002 3320 non
1027 3266 1330 3321 discedimus
1354 3283 1385 3319 α
1414 3275 1463 3319 te
1491 3282 1512 3319 :
1538 3264 1792 3335 quamdiu
1813 3280 1911 3318 nos
1931 3266 2013 3318 in-

427 3359 654 3429 erepas?
675 3358 923 3429 quamdiu
944 3357 1196 3413 accusas?
1226 3356 1339 3412 Hoc
1368 3355 1471 3422 fac,
1502 3366 1550 3410 et
1575 3372 1673 3409 non
1699 3354 2012 3408 discedimus

423 3469 453 3504 a
481 3463 526 3505 te
552 3467 571 3505 :
610 3450 892 3520 l'iviﬁcobis
920 3466 1031 3515 nos,
1070 3460 1116 3505 et
1156 3467 1334 3505 nomen
1370 3458 1511 3503 tuum
1539 3449 1899 3504 invocabimus.
1931 3447 2009 3501 'l‘u

429 3526 583 3597 nobis
615 3543 790 3597 dulcis
825 3542 966 3608 eris;
999 3542 1270 3609 viriﬁeabis
1291 3558 1404 3597 nos.
1454 3540 1585 3595 Nam
1615 3538 1763 3609 prius
1790 3537 2009 3591 amaba~

431 3648 549 3688 mna
578 3641 794 3695 terram,
827 3650 934 3688 non
969 3642 1053 3699 te;
1082 3633 1174 3688 scd
1202 3631 1531 3688 mortiiicasti
1561 3630 1796 3686 membra
1829 3638 2008 3683 nostra

425 3738 545 3797 qua:
588 3735 715 3780 sunt
750 3739 911 3796 super
945 3733 1140 3780 terram
1166 3727 1185 3797 (
1209 3720 1403 3781 Coloss.
1438 3739 1517 3790 ιιι,
1544 3718 1641 3791 5).
1686 3719 1817 3775 Illud
1863 3717 2009 3773 enim

1614 411 1673 468 s.
1716 375 2079 471 ttionemn
2120 404 2435 473 enecari

3571 418 3705 477 4038

2134 525 2297 582 Vetus
2340 527 2734 583 Testamentum
2782 525 2988 584 habens
3025 529 3282 599 promissa
3328 539 3560 596 terrena,
3611 533 3706 591 hoc

2131 616 2339 673 videtur
2384 616 2628 683 suadere,
2665 632 2732 673 ne
2773 619 2937 689 gratis
2979 618 3185 675 colatur
3231 606 3399 685 Deus;
3448 622 3556 678 sed
3584 624 3703 694 quia

2128 708 2326 779 aliquid
2368 707 2459 769 dat
2502 709 2555 767 in
2602 717 2765 774 terra,
2808 709 2930 765 ideo
2969 710 3236 780 diligatur.
3285 711 3423 779 Quid
3451 727 3622 777 amas,
3655 726 3708 768 ut

2132 802 2296 857 Deum
2338 816 2443 856 non
2484 802 2664 856 ames?
2692 801 2778 857 dic
2808 803 2956 857 mibi.
3002 800 3157 868 Ama,
3186 804 3230 857 si
3275 815 3465 873 potes,
3504 805 3704 875 aliquid

2129 892 2269 964 quod
2299 893 2387 948 ille
2427 906 2530 947 non
2573 892 2712 948 fecit.
2756 892 3123 963 Circumspice
3156 892 3461 948 universam
3496 904 3708 949 creatu-

2129 999 2277 1048 ram;
2311 983 2431 1039 vide
2458 995 2631 1038 utrum
2658 983 2851 1038 alicubi
2876 984 3178 1053 cupiditatis
3201 984 3347 1039 visco
3371 986 3630 1053 tenearis,
3659 995 3708 1042 ct

2128 1090 2156 1127 a
2178 1074 2443 1145 diligendo
2466 1074 2719 1129 Crantore
2740 1074 3060 1143 iinpediaris,
3085 1075 3186 1129 nisi
3210 1090 3271 1129 ea
3299 1091 3358 1130 re
3383 1090 3539 1145 quam
3566 1091 3710 1132 crea-

2126 1169 2201 1223 vit
2228 1169 2341 1237 ipse
2368 1182 2523 1239 quem
2551 1167 2791 1238 ncgligis.
2831 1167 3007 1235 Quare
3043 1176 3221 1222 autem
3264 1182 3413 1222 amas
3454 1168 3573 1233 ista,
3607 1168 3705 1224 nisi

2126 1262 2245 1331 quia
2279 1262 2495 1331 pulchra
2522 1260 2683 1315 sunt?
2713 1258 2939 1316 Possunt
2970 1272 3090 1316 esse
3115 1270 3222 1315 tam
3261 1258 3480 1329 pulchra
3501 1302 3517 1327 ,
3545 1276 3705 1330 quam

2126 1353 2215 1407 ille
2243 1364 2271 1406 a
2296 1364 2402 1423 quo
2432 1351 2568 1406 facta
2594 1350 2754 1406 sum?
2781 1349 2987 1405 Miraris
3007 1352 3140 1415 hac,
3170 1349 3293 1419 quia
3325 1349 3474 1405 illum
3501 1364 3609 1405 non
3643 1350 3706 1405 ri-

2124 1444 2220 1498 dcs
2249 1460 2264 1497 ε
2289 1442 2382 1499 sed
2427 1457 2523 1513 per
2555 1457 2616 1497 ea
2656 1456 2776 1513 quae
2814 1440 3045 1505 miraris,
3075 1455 3192 1495 ama
3213 1455 3373 1511 quem
3399 1455 3503 1495 non
3533 1441 3702 1496 vides.

2124 1532 2394 1605 Interroga
2423 1543 2757 1598 creaturam;
2789 1532 2833 1589 si
2864 1546 2895 1586 a
2921 1529 3094 1598 scipsa
3118 1539 3220 1599 est,
3248 1547 3469 1587 remane
3493 1531 3546 1586 in
3572 1532 3662 1587 illa
3687 1551 3702 1588 :

2123 1623 2168 1681 si
2190 1634 2367 1680 autem
2396 1625 2464 1680 ab
2488 1625 2580 1680 illo
2601 1633 2683 1681 est
2701 1666 2717 1693 ,
2748 1639 2856 1680 non
2876 1624 2948 1681 ob
2966 1622 3111 1679 aliud
3135 1623 3427 1695 perniciosa
3452 1631 3537 1680 est
3562 1640 3704 1680 ama-

2126 1719 2247 1785 tori,
2281 1718 2381 1773 nisi
2416 1718 2538 1789 quia
2574 1717 2904 1788 praeponitur
2932 1715 3192 1772 Creatori.
3219 1715 3396 1784 Quare
3431 1715 3535 1772 hoc
3554 1715 3703 1772 disi?

2125 1812 2349 1882 Propter
2370 1826 2581 1866 versum
2610 1810 2789 1872 istum,
2814 1807 3024 1863 fratres.
3052 1807 3253 1875 ΜονιυίΔ
3268 1820 3397 1879 ergo
3424 1817 3597 1875 erant,
3617 1808 3703 1879 qni

2122 1911 2404 1974 propterea
2444 1901 2607 1957 Deum
2650 1900 2897 1957 colebant
2944 1907 3003 1954 ut
3044 1899 3122 1954 eis
3160 1899 3453 1954 secundum
3488 1912 3702 1956 carnem

2120 1995 2259 2051 bene
2284 2001 2425 2050 esset
2447 2011 2464 2049 :
2486 2007 2676 2064 sapere
2714 1990 2857 2047 enim
2892 1990 3185 2047 secundum
3212 2004 3428 2049 carnem
3454 2004 3601 2046 mors
3625 2000 3702 2047 est

2124 2086 2314 2159 (Rom.
2342 2101 2433 2140 vni
2458 2126 2472 2150 ,
2497 2083 2595 2155 6);
2626 2094 2684 2141 et
2708 2082 2901 2138 mortui
2931 2081 3171 2152 suntqui
3199 2096 3307 2137 non
3336 2080 3503 2136 Deum
3543 2083 3704 2152 gratis

2120 2177 2327 2245 colunt,
2352 2176 2405 2231 id
2432 2185 2536 2240 est,
2558 2176 2678 2246 quia
2707 2176 2822 2245 ipse
2847 2173 3018 2230 bonus
3042 2181 3146 2239 est,
3177 2188 3281 2228 non
3311 2173 3434 2244 quia
3462 2172 3554 2228 dat
3581 2174 3701 2229 talia

2119 2269 2259 2325 bona
2300 2283 2419 2341 quas
2465 2268 2559 2324 dat
2603 2275 2661 2324 et
2704 2281 2810 2322 non
2857 2265 3031 2322 bonis.
3083 2264 3367 2320 Pecuniam
3391 2263 3525 2321 visa
3554 2263 3702 2320 Deo?

2121 2362 2291 2418 [labet
2318 2369 2373 2417 et
2398 2362 2552 2417 latro.
2598 2360 2851 2425 Uxorem,
2882 2357 3257 2414 fecunditatem
3290 2356 3544 2423 filiorum,
3566 2357 3702 2412 salu-

2121 2464 2228 2511 tem
2254 2455 2514 2525 corporis,
2532 2453 2841 2525 dignitatem
2868 2450 3089 2508 szeculi?
3111 2449 3340 2506 Attende
3365 2465 3525 2521 quam
3554 2450 3698 2505 multi

2122 2549 2247 2603 mali
2278 2547 2496 2604 habent.
2529 2547 2643 2603 Hoc
2663 2555 2747 2602 est
2774 2553 2939 2601 totum
2970 2552 3189 2617 promer
3211 2543 3353 2615 quod
3379 2558 3500 2599 eum
3527 2543 3700 2598 colis?

2117 2640 2388 2696 Nutabnnt
2433 2640 2593 2712 pedes
2633 2641 2729 2706 tui,
2777 2638 2987 2710 putabis
3039 2645 3093 2694 te
3142 2636 3259 2693 sine
3302 2650 3462 2692 causa
3503 2638 3696 2704 colere,

2117 2734 2332 2806 quando
2370 2732 2421 2789 in
2459 2734 2538 2789 eis
2563 2731 2711 2788 vides
2751 2732 2851 2787 ista
2881 2732 2969 2802 qui
2996 2746 3117 2786 eum
3149 2747 3255 2786 non
3286 2731 3469 2786 colunt
3507 2730 3527 2802 (
3554 2729 3692 2784 Psnl.

2120 2843 2281 2890 uxn,
2308 2826 2388 2894 2).
2412 2824 2557 2896 Ergo
2582 2826 2678 2879 ista
2708 2823 2801 2880 dat
2825 2824 3003 2879 omnia
3028 2824 3187 2880 etiam
3213 2822 3404 2889 malis;
3438 2836 3497 2877 se
3522 2822 3689 2876 solum

2118 2928 2297 2975 servm
2336 2918 2510 2974 bonis.
2549 2915 2835 2986 Viviﬁcabis
2880 2931 2973 2970 nos
3004 2931 3022 2969 :
3048 2929 3171 2969 nam
3214 2913 3407 2968 mortui
3447 2927 3688 2974 eramus,

2116 3008 2332 3080 quando
2354 3008 2579 3063 terrenis
2609 3006 2768 3062 rebus
2789 3004 3216 3071 inhaerebamus;
3247 3003 3441 3058 met-tui
3464 3014 3692 3068 eraiuus,

2115 3099 2328 3173 quando
2358 3100 2550 3156 terreni
2586 3098 2816 3153 hominis
2844 3096 3128 3167 imaginem
3152 3094 3513 3166 portabamus.
3564 3092 3695 3149 Vivi-

2117 3194 2291 3264 ﬁcabis
2320 3210 2410 3248 nos
2438 3208 2459 3246 :
2491 3189 2767 3247 innovabis
2808 3205 2941 3254 nos;
2969 3189 3130 3243 vitam
3174 3186 3443 3243 interioris
3470 3186 3696 3242 hominis

2115 3284 2266 3340 dabis
2306 3282 2479 3338 nobis.
2522 3281 2589 3337 Et
2627 3298 2807 3336 nomen
2831 3288 2972 3334 tuum
2996 3277 3335 3334 invocabimus
3363 3292 3382 3331 :
3412 3275 3466 3331 id
3497 3285 3610 3340 est,
3645 3283 3694 3329 te

2115 3375 2415 3446 diligemus.
2454 3375 2534 3430 Tu
2561 3374 2716 3429 nobis
2743 3372 2914 3428 dulcis
2942 3371 3048 3427 eris
3073 3370 3328 3426 remissor
3357 3377 3690 3438 peccatorum

2116 3479 2448 3531 nostrorum;
2496 3476 2549 3521 tu
2589 3465 2697 3522 eris
2740 3472 2909 3520 totum
2955 3463 3229 3534 pnemium
3269 3459 3684 3532 justiﬁestoruut.

2116 3561 2330 3615 Domine
2374 3558 2513 3614 Deus
2535 3560 2792 3620 virtutum,
2816 3567 3042 3613 converte
3061 3570 3189 3621 nos;
3213 3565 3258 3611 et
3286 3554 3495 3609 ostende
3520 3551 3688 3624 [aciem

2116 3662 2275 3721 tuam,
2306 3662 2352 3706 et
2379 3653 2505 3707 salvi
2534 3654 2737 3707 erimus.

1314 4143 1688 4208 EXPLICIT
1732 4138 1934 4204 TOMI
1977 4140 2274 4216 QUARTI
2318 4138 2518 4201 PARS
2559 4134 2823 4199 PRIOR.

2372 5850 2616 5936 Susus.
2650 5901 2718 5914 —
2741 5870 2816 5928 Ex
2845 5863 3013 5939 'l'ypis
3042 5852 3186 5917 ιρι).
3218 5850 3449 5911 ιίιδκε.
