3956 6392
870 475 1028 483 ._.__
1046 476 1115 484 --
1372 478 1408 485 .-
1946 482 1988 488 .-

182 471 3508 547 mm
820 518 1773 532 ._-_._._.__._____.._..___

935 674 1105 777 IN
1206 674 1958 802 QUARTUM
2064 680 2598 787 TOMUM

1469 910 2154 1090 ἦβϊθεῐᾱῐὶο.

1748 1197 2460 1244 000%

1215 1200 1743 1236 —-—-—---‘=

224 1352 295 1421 (Si
321 1362 623 1422 postremos
645 1355 764 1409 illos
784 1354 1241 1411 Retractationum
1266 1355 1434 1411 libros
1464 1358 1618 1412 nobis
1640 1360 1968 1429 Augustinus
1987 1359 2324 1430 reliquisset,
2348 1362 2542 1433 quibus
2566 1362 2775 1421 habitos
2802 1365 2870 1421 ad
2912 1367 3165 1438 populum
3203 1370 3247 1425 Τ
3251 1381 3482 1429 metatus

170 1461 464 1503 recensere
485 1462 545 1501 se
571 1447 708 1502 velle
732 1448 958 1514 epistola
984 1462 1079 1502 sua
1102 1448 1167 1503 ad
1185 1448 1612 1517 Quodvultdeum
1637 1452 1931 1507 testabatur
1956 1450 2150 1523 (Epist.
2176 1452 2283 1508 224
2301 1496 2315 1519 ,
2340 1471 2395 1509 n.
2421 1454 2517 1526 2);
2548 1457 2869 1513 immensum
2894 1458 2993 1516 hoc
3028 1464 3081 1517 in
3110 1463 3352 1518 Psalmos
3380 1466 3483 1519 Da-

170 1538 373 1593 vidicos
400 1555 534 1608 opus
564 1539 635 1594 ibi
664 1539 803 1593 haud
827 1540 986 1594 dubie
1017 1539 1332 1595 illustrasset
1360 1539 1425 1594 iis
1448 1540 1946 1608 observationibus,
1978 1559 2097 1613 quae
2126 1544 2454 1613 pra-fationis
2476 1546 2592 1601 loco
2612 1590 2627 1615 ,
2658 1559 2839 1603 nostra
2883 1551 3051 1606 multo
3086 1554 3331 1614 utilioris.
3357 1574 3475 1609 esset.

171 1633 494 1702 potuissent.
524 1634 594 1687 At
622 1648 742 1687 cum
773 1634 1104 1703 propositum
1132 1634 1354 1701 exsequi
1381 1632 1540 1687 beato
1570 1633 1699 1689 Viro
1728 1650 1826 1705 per
1850 1646 2077 1692 mortem
2102 1652 2207 1693 non
2238 1639 2479 1703 licuerit.
2509 1642 2833 1699 arbitramur
2857 1644 3020 1700 officii
3044 1648 3209 1704 nostri
3235 1644 3475 1701 hoeloco

169 1725 359 1793 paucis
402 1739 711 1793 exponere,
736 1726 911 1793 primo
948 1726 1143 1795 quibus
1182 1727 1470 1799 momentis
1507 1726 1575 1781 ad
1616 1728 2009 1800 suscipiendam
2052 1730 2383 1786 Psalmorum
2425 1738 2821 1791 enarrationem
2864 1739 3125 1809 impulsus
3164 1737 3263 1803 sit,
3302 1750 3489 1809 postea

164 1832 327 1888 quem
351 1818 403 1871 in
434 1831 497 1873 ea
517 1817 760 1874 ordinem
782 1819 1112 1885 servaverit,
1145 1817 1341 1873 deinde
1365 1834 1524 1889 quam
1549 1830 1768 1876 secutus
1798 1819 1957 1877 fuerit
1986 1823 2038 1877 in
2063 1823 2387 1893 exponendo
2410 1826 2672 1882 rationem
2691 1870 2708 1894 ,
2740 1839 2849 1884 tum
2881 1846 3014 1901 quas
3045 1830 3193 1902 leges
3214 1830 3315 1886 sibi
3340 1847 3485 1902 prte-

162 1911 407 1967 stituerit
428 1954 443 1977 ,
470 1912 700 1983 denique
723 1910 935 1967 cuinam
963 1910 1217 1967 institerit
1244 1911 1591 1969 Versionum.

245 2002 475 2059 Psalmis
500 2003 766 2059 Davidicis
790 2002 985 2059 mirum
1013 2003 1067 2058 in
1093 2003 1309 2060 modum
1346 2002 1659 2074 capiebatur
1681 2006 2024 2077 Augusnnus.
2056 2005 2256 2062 Eorum
2282 2016 2502 2074 cautus,
2532 2024 2640 2080 quo
2674 2018 2915 2081 tempore
2950 2011 3098 2067 illum
3142 2012 3197 2066 in
3227 2012 3469 2070 Ecclesia

165 2097 557 2154 Mediolanensi
581 2096 768 2152 audire
796 2096 961 2166 cepit
978 2136 994 2163 ,
1022 2095 1159 2151 adeo
1181 2095 1418 2152 suaviter
1444 2096 1611 2167 ipsius
1638 2096 1908 2153 afﬁciebat
1924 2099 2160 2153 animum
2182 2141 2198 2165 ,
2228 2107 2285 2155 ut
2309 2098 2407 2168 piis
2432 2098 2581 2156 hisce
2605 2104 2840 2159 motibus
2864 2104 2929 2159 ad
2953 2105 3323 2161 maturandam
3345 2121 3481 2161 con-

168 2189 477 2246 versionem
511 2204 662 2244 suam
706 2188 1076 2245 vehementius
1114 2189 1487 2245 stimularetur
1509 2187 1921 2263 (Confessiouum
1948 2190 2034 2245 tib.
2060 2191 2126 2256 9,
2160 2208 2207 2244 c.
2255 2193 2288 2246 6
2318 2202 2367 2247 et
2393 2193 2467 2264 7).
2505 2192 2691 2248 Tradit
2716 2196 2876 2250 etiam
2924 2196 3016 2251 Vir
3042 2194 3257 2253 sanctus
3296 2199 3350 2252 in
3376 2214 3481 2253 suo

162 2298 388 2340 seeessu
416 2284 554 2356 apud
597 2285 955 2341 Cassisiacum
974 2325 993 2353 ,
1024 2284 1112 2342 ubi
1142 2300 1205 2341 se
1231 2285 1298 2340 ad
1329 2285 1656 2355 Baptismum
1682 2286 2056 2357 comparabat,
2087 2295 2366 2356 tantopere
2396 2286 2632 2342 divinum
2664 2290 2716 2343 in
2746 2303 2807 2344 se
2835 2303 3075 2344 amorem
3103 2291 3371 2347 exarsisse
3400 2292 3481 2347 le-

158 2376 356 2447 gendis
384 2376 574 2432 iisdem
602 2376 771 2431 sacris
791 2375 1025 2433 Canticis
1045 2418 1063 2445 ,
1091 2386 1148 2431 ut
1178 2376 1556 2432 ardentissimo
1589 2376 1846 2447 ﬂagraret
1863 2375 2133 2433 desiderio
2162 2379 2279 2433 illos
2303 2395 2399 2449 per
2423 2381 2608 2436 orbem
2651 2381 2960 2435 universum
2983 2424 2997 2445 ,
3029 2381 3073 2436 si
3101 2397 3203 2453 qua
3236 2382 3348 2438 fieri
3379 2399 3479 2456 po-

161 2470 387 2533 tuisset,
416 2470 705 2536 recitandi;
729 2469 995 2541 simulque
1023 2468 1369 2525 amarissimo
1390 2468 1591 2524 doloris
1614 2483 1738 2525 cum
1765 2465 2129 2538 indignatione
2148 2483 2210 2525 ac
2230 2470 2699 2526 commiseratione
2727 2470 2997 2542 conjuncti
3023 2487 3184 2527 sensu
3214 2488 3482 2544 pungere-

156 2573 268 2628 tur,
301 2562 444 2634 quod
471 2579 591 2634 qua:
620 2564 875 2636 mysteria
905 2563 1251 2634 remediaque
1280 2563 1391 2619 illic
1430 2562 1794 2629 continentur,
1821 2559 2099 2619 Manichwi
2142 2563 2369 2634 lugenda
2408 2568 2647 2620 comitate
2686 2580 2792 2619 non
2832 2565 3114 2633 viderent,
3142 2576 3304 2639 atque
3344 2568 3484 2625 adeo

152 2656 459 2711 antidotum
478 2696 495 2723 ,
528 2672 635 2727 quo
655 2657 856 2711 sanitas
873 2657 953 2711 eis
973 2657 1181 2711 restitui
1203 2656 1499 2728 potuisset,
1523 2663 1839 2729 respuerent
1866 2652 2055 2729 (Ibid.,
2086 2669 2133 2708 ο.
2167 2657 2247 2725 4).

232 2748 395 2820 Atqui
424 2748 550 2803 licet
574 2763 605 2803 e
633 2747 862 2804 Psalmis
890 2756 1097 2803 tantum
1122 2746 1349 2803 luminis
1369 2746 1491 2802 duei
1511 2788 1529 2814 ,
1563 2756 1669 2801 tam
1698 2745 1922 2802 uberem
1951 2746 2164 2816 pietatis
2184 2762 2401 2803 succum
2427 2747 2656 2817 exprimi
2685 2764 2841 2818 posse
2874 2750 3196 2820 intelligeret
3214 2792 3229 2816 ,
3259 2754 3482 2822 proprio

150 2841 413 2897 nimirum
451 2838 846 2911 experimento;
875 2848 1109 2894 attamen
1141 2837 1345 2910 privata
1383 2853 1479 2894 sua
1518 2838 1867 2893 meditatione
1893 2844 2207 2904 contentus,
2248 2853 2519 2909 nunquam
2559 2837 2805 2894 fortassis
2830 2840 2898 2895 ad
2939 2856 3033 2895 eos
3062 2842 3273 2911 publice
3307 2859 3477 2914 expo-

149 2929 370 2986 nendos
389 2930 625 2984 animum
654 2928 971 2999 appulisset,
993 2927 1096 2984 nisi
1124 2928 1297 2999 ipsum
1318 2928 1498 2999 petita:
1518 2923 1737 2983 aliunde
1756 2942 1935 2983 causa:
1956 2928 2366 2997 permovissent.
2391 2929 2678 2983 Enimvero
2704 2939 2813 2984 tam
2836 2931 3167 3001 magnificam
3191 2932 3472 2991 imbiberat

150 3022 224 3077 de
248 3022 587 3078 Psalmorum
620 3022 925 3091 przestantia
947 3021 1286 3091 opinionem,
1314 3030 1373 3076 ut
1392 3029 1653 3091 quotquot
1674 3035 1740 3075 ex
1770 3019 1874 3075 illis
1911 3020 2237 3091 apertissimi
2268 3019 2607 3088 videbantur,
2640 3021 2802 3077 iidem
2836 3021 3065 3079 habendi
3094 3034 3277 3082 essent
3311 3028 3479 3098 ipsius

148 3116 359 3187 iudicio
387 3114 817 3172 reconditissimi.
860 3112 973 3170 Nec
997 3128 1128 3169 sane
1152 3112 1295 3170 aliud
1335 3128 1512 3168 causae
1553 3109 1721 3167 fuisse
1770 3125 1870 3166 cur
1908 3111 1975 3167 ad
2012 3112 2275 3183 psalmum
2316 3112 2669 3168 centesimum
2708 3113 2976 3170 decimum
3015 3127 3294 3184 octavum,
3326 3122 3483 3189 cujus

147 3209 553 3278 expositionem
583 3206 653 3263 ab
689 3222 754 3263 eo
783 3216 987 3261 tantum
1024 3222 1132 3263 non
1162 3205 1421 3261 conviciis
1455 3204 1799 3276 ﬂagitabant,
1826 3204 2258 3275 explanandum,
2290 3214 2413 3275 post
2454 3215 2628 3261 tantas
2654 3222 2835 3263 moras
2876 3217 2932 3263 et
2969 3211 3485 3279 procrastinationes

146 3300 491 3372 accesserit,
533 3300 649 3370 ipse
687 3300 818 3354 satis
856 3298 1093 3354 declarat
1134 3297 1254 3353 istis
1289 3296 1496 3367 verbis,
1544 3297 1746 3364 Quanto
1786 3296 1923 3351 enim
1961 3296 2158 3351 videtur
2200 3296 2446 3366 apertior,
2474 3306 2615 3350 tanto
2653 3296 2782 3350 mihi
2810 3299 3117 3368 profundior
3157 3300 3314 3355 videri
3354 3302 3487 3357 solet

144 3395 162 3464 (
176 3390 401 3463 Prolog.
423 3391 479 3445 in
505 3387 653 3445 Psal.
681 3388 892 3467 cxvm).
917 3389 1297 3444 Verumtamen
1319 3402 1442 3442 eum
1463 3387 1735 3458 dignitatis
1760 3401 1922 3457 quam
1941 3387 2162 3457 gerebat
2189 3385 2327 3441 ratio
2346 3385 2584 3458 exigeret
2603 3397 2662 3441 ut
2681 3387 2894 3457 plebem
2922 3403 3067 3444 cura:
3090 3404 3201 3445 suae
3220 3393 3480 3450 creditum

142 3482 446 3556 przcceptis
481 3482 817 3546 institueret,
851 3478 1315 3551 objurgationibus
1346 3478 1672 3550 corrigeret,
1705 3477 2018 3535 informaret
2057 3476 2126 3531 ad
2171 3476 2421 3545 pietatem
2443 3518 2457 3541 ,
2486 3476 2540 3531 in
2566 3477 2830 3532 bonorum
2860 3493 3083 3547 operum
3118 3481 3482 3552 virtuttunquo

140 3578 580 3633 christianarum
607 3575 785 3631 studio
814 3583 868 3630 et
888 3590 986 3628 usu
1012 3571 1395 3637 confirmaret;
1420 3581 1720 3642 quanquam
1747 3568 2020 3641 Scriptura
2050 3569 2225 3623 omnis
2245 3611 2261 3636 ,
2290 3569 2550 3639 Apostolo
2578 3576 2715 3624 teste
2734 3610 2750 3633 ,
2781 3569 2848 3623 ad
2884 3570 2935 3625 id
2963 3571 3212 3628 conducit
3241 3574 3307 3644 (il
3334 3573 3474 3631 Tim.

138 3688 199 3728 tu
220 3715 237 3739 ,
270 3671 371 3743 16)
397 3688 411 3732 ;
446 3685 567 3724 cum
596 3678 771 3723 tamen
799 3666 1034 3735 oportuit
1072 3668 1125 3720 in
1154 3665 1340 3735 primis
1368 3662 1614 3720 Psalmos
1645 3663 1939 3729 adhibere,
1970 3670 2153 3733 utpote
2189 3676 2323 3731 quos
2351 3662 2548 3732 passim
2578 3660 2757 3730 populi
2784 3662 3030 3717 manibus
3056 3665 3154 3718 teri
3192 3680 3258 3720 ac
3292 3666 3345 3721 in
3377 3682 3476 3722 ore

137 3762 368 3820 versari
399 3770 680 3825 cerneret,
703 3774 876 3826 eoque
904 3759 969 3813 ad
998 3757 1126 3814 illud
1164 3755 1559 3827 assequendum
1594 3754 1861 3825 iudicaret
1886 3752 2217 3809 efﬁcaciores
2236 3794 2251 3818 ,
2279 3752 2421 3823 quod
2461 3753 2717 3824 mysteria
2742 3761 2903 3824 atque
2941 3765 3207 3826 prmeepta
3235 3757 3288 3814 in
3314 3762 3485 3813 sacris

134 3857 416 3911 omnibus
446 3854 681 3924 paginis,
709 3868 934 3922 quarum
969 3852 1041 3905 illi
1062 3849 1329 3922 quoddam
1360 3848 1520 3905 veluti
1549 3846 1926 3920 compendium
1954 3846 2211 3901 exhibent
2230 3886 2246 3911 ,
2277 3845 2517 3915 dispersa
2541 3886 2556 3909 ,
2590 3844 2641 3899 in
2670 3860 2731 3901 se
2759 3844 3208 3917 complectantur.
3240 3849 3479 3906 Desuda-

133 3952 215 4004 vit
251 3949 434 4020 igitur
465 3949 514 4001 in
539 3946 639 4000 hoc
663 3947 845 4001 labore
868 3959 1075 3999 summa
1097 3957 1221 3997 cura
1245 3950 1301 3996 et
1320 3939 1603 3997 sedulitate
1623 3982 1640 4004 ,
1669 3947 1723 3994 et
1747 3938 1795 3992 si
1821 3937 2036 4008 quando
2058 3937 2298 3992 molestis
2325 3936 2691 4005 improbisque
2720 3935 2968 4027 precibus
2997 3953 3187 3995 eorum
3214 3941 3303 4010 qui
3330 3956 3484 3997 com-

132 4041 527 4099 mentationes
570 4038 621 4092 in
649 4037 923 4102 Psaimos,
956 4051 1090 4106 quos
1119 4034 1233 4104 ipse
1275 4033 1432 4087 nimis
1472 4030 1720 4085 difficiles
1759 4029 2138 4095 existimabat,
2174 4026 2555 4099 postulabant,
2608 4027 2817 4087 nonnisi
2844 4026 2987 4098 aegre
3028 4045 3231 4085 morem
3273 4034 3478 4103 gessit:

133 4146 345 4191 contra
384 4132 633 4187 videmus
658 4129 944 4202 aliquando
977 4128 1120 4201 nolle
1150 4129 1322 4198 ipsum
1354 4125 1607 4189 Psalmis,
1638 4141 1773 4195 quos
1818 4125 1870 4179 in
1901 4123 2150 4177 manibus
2191 4121 2416 4177 habebat
2442 4164 2459 4187 ,
2485 4122 2714 4183 relictis,
2745 4123 2812 4180 ad
2858 4124 2959 4179 alia
2990 4127 3254 4182 calamum
3295 4140 3475 4185 trans-

135 4233 318 4298 ferre;
356 4229 595 4301 ecquod
622 4245 743 4299 qua:
771 4227 954 4283 multis
990 4233 1174 4283 essent
1215 4222 1600 4285 conducibilia.
1629 4220 1820 4276 eadem
1860 4227 2071 4290 putaret
2112 4234 2325 4287 semper
2367 4215 2765 4285 anteponenda.
2808 4216 2981 4289 Magis
3024 4230 3235 4291 urgent,
3270 4223 3475 4296 inquit,

127 4342 255 4397 qua:
282 4322 536 4394 pluribus
562 4321 708 4377 utilia
737 4322 847 4390 {ore
869 4336 1132 4391 speramus
1162 4316 1351 4386 (Epist.
1383 4316 1484 4371 169
1502 4359 1515 4379 .
1546 4315 1615 4368 ad
1641 4313 1890 4370 Euodium
1911 4353 1927 4378 ,
1959 4330 2013 4367 η.
2046 4314 2122 4381 1).

201 4417 359 4472 Cum
392 4414 631 4485 primum
661 4411 727 4466 ad
758 4411 883 4466 illud
914 4427 1047 4481 opus
1068 4423 1348 4481 aggreSSus
1370 4417 1454 4463 est
1478 4407 1841 4477 Augustinus,
1872 4402 2325 4476 quemadmodum
2356 4403 2522 4473 ipsius
2546 4404 2831 4459 consilium
2864 4420 2970 4460 non
3011 4416 3130 4461 erat
3167 4409 3474 4469 Davidicum

125 4526 303 4568 omne
334 4506 672 4565 Psalterium
704 4504 1090 4570 commentari,
1118 4503 1190 4557 ita
1220 4501 1481 4557 rationem
1524 4498 1731 4555 ordinis
1757 4496 1899 4552 haud
1925 4509 2250 4567 magnopere
2272 4493 2571 4549 habendam
2612 4495 2956 4550 existimavit.
2995 4498 3061 4551 Et
3100 4500 3314 4569 quidem
3358 4506 3481 4573 epi~

127 4606 302 4663 etoia:
326 4604 404 4657 ad
439 4598 722 4657 Paulinum
748 4612 892 4653 anno
912 4594 1126 4651 circiter
1161 4594 1268 4648 414
1295 4594 1507 4662 scriptre
1533 4591 1686 4646 locus
1711 4589 1823 4653 ille,
1851 4603 1959 4660 quo
1983 4588 2303 4643 strictiorem
2328 4587 2516 4656 psalmi
2542 4586 2739 4643 decimi
2769 4590 2904 4644 sexti
2939 4592 3335 4649 enarrationem
3364 4596 3472 4651 duo

122 4697 262 4753 dum
295 4696 413 4749 abs
439 4706 502 4746 se
526 4690 719 4745 factam
754 4696 996 4753 testatur,
1024 4684 1273 4741 Βερενιευί
1292 4723 1308 4751 ,
1336 4682 1600 4755 inquiens,
1628 4678 1970 4735 brevissimam
1990 4679 2268 4750 quamdam
2289 4677 2514 4749 ejusdem
2544 4677 2732 4749 psalmi
2753 4680 3149 4750 expositionem,
3179 4700 3331 4753 quam
3356 4690 3475 4757 jam

125 4792 255 4848 nam
286 4788 622 4843 αῖσιαυρταηι
646 4781 839 4856 (Epist.
876 4779 1010 4848 149,
1039 4795 1094 4833 n.
1121 4776 1202 4847 5),
1234 4790 1299 4831 eo
1337 4773 1715 4845 cogitationem
1746 4780 1983 4828 nostram
2027 4770 2282 4840 impellit,
2316 4780 2407 4837 ut,
2432 4786 2553 4825 cum
2594 4772 2839 4828 eamdem
2871 4772 3017 4830 illam
3050 4777 3475 4847 expositionem,

123 4896 243 4941 tum
276 4891 501 4937 omnes
526 4875 659 4929 alias
680 4873 869 4930 eadem
896 4870 1157 4927 brevitate
1175 4883 1239 4923 ac
1261 4866 1402 4937 ston
1418 4862 1763 4920 concinnatas
1779 4905 1793 4927 .
1816 4864 1979 4920 totius
2002 4862 2181 4932 operis
2203 4862 2404 4931 primas
2426 4862 2623 4917 exiisse
2646 4862 2990 4918 arbitremur.
3016 4863 3281 4923 Statuerat
3310 4871 3473 4925 etiam

119 4973 460 5031 Graduales
491 4982 628 5036 quos
654 4973 849 5021 vocant
877 4964 1120 5020 Psalmos
1158 4976 1221 5014 ex
1254 4958 1444 5012 ordine
1480 4957 1796 5021 enucleare,
1836 4954 1976 5023 quod
2011 4956 2064 5008 in
2106 4954 2461 5009 centesimum
2501 4954 2818 5025 vigesimum
2859 4957 3156 5014 secundum
3202 4961 3481 5017 disserens

117 5068 417 5140 signiﬁcat
454 5059 544 5116 his
566 5058 771 5121 verbis,
807 5054 1135 5109 .‘iscendentis
1158 5051 1369 5106 Cantica
1387 5065 1454 5103 ea:
1471 5049 1650 5103 ordine
1677 5065 1794 5103 cum
1824 5047 2108 5102 Sanctitate
2143 5044 2319 5099 Vestra
2339 5045 2711 5100 consideranda
2733 5050 2950 5117 suscepi.
2982 5050 3242 5108 Similiter
3266 5054 3317 5107 in
3340 5070 3475 5110 cen-

120 5137 400 5217 tesimum
435 5149 758 5221 vigesimum
791 5148 1031 5219 quintum
1058 5160 1122 5199 ac
1145 5142 1497 5198 centesimum
1522 5141 1850 5211 trigesimum
1880 5138 2108 5210 primum
2136 5137 2266 5191 dicit
2288 5137 2359 5192 ita
2399 5152 2457 5191 se
2498 5137 2561 5191 ad
2604 5137 2840 5208 psalmos
2868 5140 2988 5193 illos
3013 5143 3256 5209 venisse.
3289 5154 3347 5199 ut
3374 5163 3475 5201 eu-

114 5255 330 5323 jusque
360 5244 516 5303 ordo
545 5241 848 5313 postulabat
878 5258 895 5293 ι
926 5254 1049 5294 cum
1074 5246 1252 5291 tamen
1279 5233 1595 5306 vigesimum
1628 5242 1848 5323 sextum
1876 5229 1929 5286 in
1955 5230 2092 5323 festo
2216 5228 2476 5323 Crispina:
2496 5270 2512 5295 ,
2531 5231 2699 5323 “cujus
2729 5244 2952 5323 agonem
2987 5234 3141 5287 nonis
3166 5236 3472 5296 decembris

121 5320 389 5400 retentat
424 5331 813 5404 Martyrologia
833 5372 849 5398 ,
878 5329 1142 5400 psalmum
1182 5341 1310 5381 vero
1336 5322 1667 5395 trigesimum
1714 5322 2000 5393 septimum
2045 5321 2097 5376 in
2124 5321 2211 5375 die
2243 5320 2406 5374 natali
2439 5320 2495 5373 S.
2527 5320 2749 5381 Felicis.
2777 5321 2928 5390 cujus
2967 5326 3279 5395 martyrium
3312 5336 3471 5387 nonis

124 5427 473 5490 novembris
504 5423 865 5485 renuntiatur,
896 5418 1223 5490 exposuerit.
1260 5415 1364 5471 Sed
1401 5414 1454 5470 in
1496 5414 1715 5485 reliquis
1740 5413 1992 5469 omnibus
2019 5427 2142 5467 eum
2170 5412 2345 5466 ordini
2380 5428 2484 5467 non
2523 5410 2686 5467 fuisse
2723 5414 3030 5480 addictum,
3059 5418 3189 5471 varii
3222 5420 3321 5473 loci
3354 5423 3471 5490 pla-

123 5543 260 5584 num
286 5522 526 5581 faciunt
571 5513 813 5583 Exempli
854 5528 1014 5567 causa
1036 5551 1051 5576 ,
1082 5511 1136 5564 in
1164 5508 1425 5578 psalmum
1453 5508 1844 5577 sexagesimum
1865 5515 2077 5561 sextum
2114 5505 2517 5572 explanationes
2537 5505 2816 5559 centesimi
2846 5506 3067 5561 secundi
3109 5518 3164 5564 et
3190 5515 3468 5570 centesimi

126 5622 278 5681 tertii
307 5617 497 5677 citat;
530 5608 583 5664 in
608 5606 959 5663 centesimum
998 5602 1292 5658 secundum
1327 5600 1720 5656 enarrationem
1759 5598 2036 5653 centesimi
2065 5598 2241 5661 tertii,
2271 5612 2429 5667 quam
2459 5597 2625 5652 etiam
2651 5597 2703 5651 in
2734 5600 3051 5668 exponendo
3077 5606 3463 5675 octogesimum

138 5715 376 5773 undam
412 5702 593 5763 modo
614 5700 829 5755 videtur
855 5696 1107 5753 indicare.
1141 5695 1195 5750 in
1220 5693 1443 5765 epistola
1468 5692 1536 5748 ad
1574 5692 1833 5748 Evodium
1855 5690 1981 5747 data
2000 5699 2232 5746 exeunte
2258 5705 2401 5745 anno
2426 5690 2566 5754 415,
2598 5689 2757 5745 tradit
2796 5692 3038 5761 proxime
3076 5694 3303 5752 dictatas
3339 5715 3367 5751 a
3408 5717 3474 5757 se

130 5812 492 5885 γκηιηιοι-υιη
530 5792 853 5866 sexagesimi
878 5789 1112 5861 septimi,
1142 5784 1520 5857 septuagesimi
1543 5786 1697 5857 primi
1723 5795 1778 5840 et
1797 5783 2172 5857 septuagesimi
2196 5783 2411 5853 septimi
2438 5784 2807 5841 enarratioues
2830 5783 3034 5853 fuisse;
3067 5790 3210 5846 nolle
3234 5808 3363 5850 vero
3384 5812 3467 5859 se,

126 5874 290 5965 ;uum
336 5901 395 5957 ίη
451 5889 705 5959 reliquos
747 5886 979 5956 psztlmns
1003 5926 1018 5947 .
1041 5898 1176 5954 quos
1205 5880 1432 5937 necdum
1474 5877 1862 5950 explicaverat,
1904 5876 2143 5935 laborem
2173 5876 2436 5947 interpelli
2462 5874 2658 5948 (Epist.
2691 5877 2836 5947 169,
2856 5896 2910 5933 η.
2944 5881 3000 5948 1)
3029 5897 3043 5934 :
3072 5882 3212 5940 unde
3246 5889 3466 5961 colligas

415 5990 713 6052 Panem.
760 5976 1057 6044 XXXVI.
1668 6042 1699 6141 1
1738 6056 1754 6085 ﬁ
1772 6042 1850 6131 η
1868 6044 1977 6141 3.;

1668 6042 1699 6141 ι
1737 6042 2177 6143 23:38.3
2936 5974 3160 6054 mw
