3956 6342
522 384 592 440 ’11
1990 375 2084 432 PR.

2276 374 2372 431 'IO.
3762 387 3838 441 12

521 511 650 555 tunc
677 514 781 555 tuon
804 505 937 553 nene
965 497 1161 552 multos
1190 494 1521 565 superfuisse
1546 508 1683 565 quos
1718 500 1990 548 tractaret.
2020 491 2197 557 Loca,
2232 502 2505 562 tempora,
2536 504 2693 545 casus
2712 531 2725 554 ,
2759 505 3031 561 personat,
3057 505 3201 562 saepe
3244 495 3439 559 smptus
3476 492 3849 548 enarrandum

520 593 778 660 psalmum
808 591 856 645 ei
881 588 1263 661 suggerebant.
1294 587 1559 642 Debemus
1598 585 1856 656 trigesimi
1890 584 2066 655 quarti
2109 594 2164 639 et
2200 584 2477 641 centesimi
2523 583 2776 653 trigesimi
2817 582 2944 639 noni
2984 583 3466 638 commentationes
3495 583 3727 653 imperio
3752 586 3846 641 vel

517 683 767 751 precibus
792 683 1171 753 episcoporum
1192 723 1209 749 ,
1239 695 1377 753 quos
1398 687 1523 734 tunc
1554 677 1812 748 temporis
1839 686 2161 733 conventum
2186 675 2417 746 aliquem
2444 674 2692 729 habuisse
2711 674 2981 744 conjitere
3008 683 3110 730 est.
3143 673 3286 729 Idem
3317 684 3442 744 puta
3462 673 3531 729 de
3555 690 3851 756 commenf

517 779 721 834 tatione
748 777 800 830 in
840 774 1173 845 trigesimum
1216 780 1464 835 sextum,
1491 768 1947 841 quemadmodum
1993 769 2045 822 in
2094 767 2318 823 exordio
2345 768 2612 821 sermonis
2655 764 2879 820 secundi
2923 778 3090 836 super
3135 763 3327 820 eodem
3372 763 3579 834 psalmo
3603 761 3852 836 ipsemet

522 882 725 928 narrat.
774 870 1282 941 Quinquagesimum
1332 865 1627 922 secundum
1674 862 1909 926 Fratris,
1956 861 2180 931 alicujus
2223 859 2447 917 forsitan
2490 858 2760 929 episcopi,
2794 858 3025 928 impulsu
3054 871 3115 912 se
3154 856 3491 913 tractandum
3532 857 3851 927 suscepisse

524 973 771 1019 testatur.
801 961 1216 1032 Nonagesimum
1257 967 1504 1028 quartum
1534 955 1731 1027 populo
1761 955 2008 1025 exposuit
2034 951 2208 1008 Patris
2227 995 2241 1017 ,
2272 962 2329 1007 ut
2352 952 2457 1017 ait,
2484 952 2649 1019 jussis
2678 956 3060 1017 obsecuturus,
3089 950 3339 1005 nimirum
3366 949 3448 1005 vel
3476 950 3681 1007 Aurelii
3708 949 3844 1006 Car-

519 1058 852 1130 thaginensis
871 1100 886 1121 ,
918 1056 1003 1111 vel
1030 1054 1176 1112 senis
1204 1053 1399 1108 Valerii
1418 1092 1433 1116 ,
1463 1066 1621 1121 quem
1664 1051 1715 1104 in
1744 1050 2055 1120 episcopatu
2082 1046 2408 1118 Augustinus
2443 1044 2675 1113 excepit,
2710 1045 2783 1098 De
2810 1043 3015 1114 psalmo
3063 1045 3359 1099 centesimo
3391 1043 3555 1099 tertio
3596 1042 3739 1098 idem
3769 1044 3843 1099 si-

515 1152 720 1209 militer
743 1149 1045 1205 declaratur
1073 1147 1125 1201 in
1151 1144 1389 1202 secundo
1416 1143 1763 1215 prolixiorum
1790 1142 2045 1196 horumce
2063 1149 2291 1211 quatuor
2320 1154 2629 1194 sermonum
2651 1181 2666 1200 ,
2694 1137 2888 1207 quibus
2907 1131 3229 1207 Carthagine
3258 1136 3352 1191 Vir
3375 1144 3596 1192 sanctus
3623 1152 3841 1193 mento-

514 1256 688 1301 ratum
716 1245 979 1316 psalmum
1008 1241 1316 1297 edisseruit.
1350 1238 1687 1308 Propositum
1724 1237 1824 1292 sibi
1851 1252 1881 1292 a
1910 1236 2029 1291 viro
2060 1235 2295 1306 quodam
2337 1249 2544 1305 magna:
2586 1234 2919 1288 auctoritatis
2940 1276 2955 1299 ,
2982 1248 3140 1304 quem
3177 1248 3333 1287 suum
3372 1246 3586 1303 quoque
3625 1242 3840 1302 patrem

516 1336 750 1400 vocitat,
788 1334 1052 1405 psalmum
1089 1331 1473 1401 octogesimum
1495 1337 1706 1386 sextum
1734 1330 1972 1384 excussit
1992 1344 2059 1383 ex
2101 1337 2360 1394 tempore.
2396 1327 2533 1394 Quin
2565 1327 2725 1380 etiam
2749 1325 2962 1380 videtur
2993 1327 3045 1379 in
3074 1326 3571 1397 quinquagesimum
3603 1326 3840 1397 primum

516 1428 675 1482 verba
707 1427 927 1485 fecisse.
958 1440 1063 1481 non
1092 1434 1219 1479 ante
1258 1422 1543 1476 meditatus
1572 1435 1692 1491 quae
1718 1421 1961 1476 diceret:
1989 1435 2109 1474 cum
2140 1418 2214 1472 ibi
2240 1418 2417 1473 vereri
2460 1432 2522 1473 se
2558 1426 2803 1483 testetur,
2837 1426 2893 1471 ut
2931 1417 2982 1471 id
3027 1427 3171 1473 tanta
3202 1418 3545 1474 aceuratione
3576 1428 3801 1488 pra-stet
3820 1461 3837 1481 ,

515 1530 767 1591 quantam
794 1517 959 1589 exigit
978 1518 1150 1575 oratio
1172 1560 1187 1582 ,
1221 1532 1326 1570 non
1348 1522 1551 1570 attente
1578 1514 1752 1569 solum
1783 1513 2088 1568 auditorum
2118 1512 2340 1567 auribus
2363 1553 2378 1575 ,
2406 1510 2502 1567 sed
2528 1509 2846 1594 scriptorum
2873 1527 3087 1581 quoque
3124 1511 3330 1567 calamo
3348 1552 3364 1578 ,
3393 1519 3450 1566 ut
3476 1511 3687 1583 publici
3695 1512 3841 1583 juris

516 1614 633 1678 liat,
657 1611 988 1683 excipienda.
1017 1607 1478 1679 Quandoquidem,
1513 1607 1720 1677 inquit,
1751 1606 1943 1677 placuit
1972 1605 2216 1678 fratribus
2235 1647 2248 1663 .
2282 1622 2383 1659 non
2404 1614 2600 1658 tantum
2630 1621 2754 1658 aure
2773 1620 2817 1658 et
2843 1606 2993 1659 corde
3013 1646 3028 1669 ,
3057 1606 3148 1659 sed
3174 1616 3219 1660 rt
3240 1607 3373 1677 stle
3400 1606 3702 1679 excipienda
3720 1623 3842 1679 qui:

512 1705 758 1767 dicimus.
787 1714 841 1757 nt
867 1719 969 1757 non
993 1702 1278 1755 auditorem
1317 1708 1512 1752 tantum
1536 1741 1552 1764 ,
1581 1698 1671 1753 sed
1707 1706 1753 1752 et
1779 1698 2019 1752 lectorem
2049 1699 2198 1752 etiam
2224 1690 2448 1768 cogitare
2470 1697 2737 1750 debeamus
2767 1695 2857 1768 (In
2899 1694 3043 1750 Psal.
3070 1713 3116 1751 ιι
3139 1738 3153 1759 ,
3188 1715 3240 1751 ιι.
3278 1696 3354 1768 l).
3404 1696 3618 1753 Psalmo
3645 1710 3839 1754 cente-

519 1799 659 1853 simo
685 1797 960 1868 trigesimo
986 1803 1178 1850 octavo
1202 1791 1423 1848 alterius
1448 1791 1715 1846 brevioris
1731 1790 1849 1847 vice
1870 1832 1887 1857 ,
1917 1804 2076 1859 quem
2103 1790 2432 1861 Augustinus
2453 1798 2730 1859 paraverat
2747 1830 2761 1855 ,
2791 1805 2855 1845 ac
2880 1789 2951 1845 de
2978 1807 3127 1845 inore
3152 1801 3275 1845 ante
3300 1790 3688 1861 expositionem
3722 1793 3831 1864 legi

514 1888 779 1961 iusserat,
809 1886 1069 1949 recitato;
1094 1899 1279 1939 casum
1312 1883 1454 1938 hunc
1480 1882 1569 1937 ille
1595 1882 1650 1936 in
1675 1891 2048 1953 argumentum
2083 1881 2284 1936 divina:
2308 1881 2599 1938 voluntatis
2623 1881 2818 1949 traxit,
2849 1891 3008 1953 atque
3028 1898 3093 1937 ex
3122 1892 3363 1954 tempore
3397 1883 3646 1941 eumdem
3676 1886 3835 1944 illum

515 1981 783 2052 psalmum
811 1977 1137 2049 explanavit.
1164 1975 1362 2032 Diebus
1391 1974 1675 2031 dominica:
1707 1974 1951 2031 Passieni
1977 1973 2146 2030 sacris
2168 1973 2361 2045 psalmi
2384 1974 2629 2045 vigesimi
2660 1974 2847 2045 primi,
2876 1976 3019 2047 quod
3049 1976 3095 2033 is
3131 1977 3306 2032 eidem
3335 1980 3595 2050 mysterio
3618 1995 3837 2040 conve-

510 2074 653 2129 niret
673 2070 1080 2145 ,‘pronttntiavit
1108 2068 1362 2125 fusiorem
1387 2069 1859 2138 explanationem;
1895 2067 2037 2123 sicut
2059 2075 2113 2122 et
2137 2065 2329 2137 psalmi
2354 2067 2637 2123 centesimi
2668 2064 2818 2123 lestis
2850 2068 3192 2125 Paschalibus
3210 2111 3226 2136 ,
3253 2072 3405 2140 queis
3430 2071 3500 2128 ob
3526 2072 3838 2145 inscriptio-

513 2182 635 2221 nem
665 2163 890 2219 Alleluia
918 2161 1183 2233 congruit.
1217 2160 1410 2231 Operac
1444 2174 1550 2214 non
1574 2168 1689 2226 est,
1718 2159 1854 2213 alios
1879 2158 2146 2229 psalmos,
2168 2174 2303 2228 quos
2334 2158 2457 2213 nata
2480 2160 2766 2215 occasione
2808 2168 2887 2216 tot
2928 2161 3086 2216 rariis
3110 2162 3539 2221 solemnitatibus
3567 2181 3631 2222 ac
3658 2166 3795 2225 locis
3813 2208 3835 2235 ,

510 2254 967 2327 Hippone-regio,
992 2251 1350 2323 Carthagine,
1384 2249 1552 2307 Utica:
1594 2260 1757 2321 atque
1793 2250 1923 2305 alibi
1948 2249 2048 2306 fuit
2086 2250 2497 2318 interpretatus,
2530 2250 2617 2307 hic
2643 2260 2903 2309 annotare
2927 2270 2941 2308 :
2967 2254 3097 2309 satis
3135 2256 3277 2310 enim
3323 2266 3438 2324 est,
3466 2258 3607 2328 quod
3636 2275 3700 2317 ea
3730 2277 3836 2319 suo

506 2350 729 2419 qumque
758 2345 877 2403 loco
900 2345 951 2400 in
982 2344 1165 2399 limine
1186 2342 1498 2399 earumdem
1519 2342 1919 2398 enarrationum
1947 2342 2263 2399 indicamus.
2298 2342 2559 2399 Addimus
2584 2343 2689 2400 hoc
2717 2361 2910 2411 unum,
2941 2347 3250 2403 coronidem
3279 2349 3429 2420 operi
3461 2365 3558 2407 suo
3582 2363 3833 2410 sanctum

505 2441 813 2495 Antistitem
835 2439 1080 2510 posuisse
1105 2434 1351 2506 exposito
1376 2434 1672 2492 centesimo
1697 2434 1908 2492 decimo
1927 2445 2118 2493 octavo
2162 2437 2388 2507 psalmo,
2420 2446 2578 2510 prout
2603 2437 2656 2493 in
2686 2439 2928 2511 ejusdem
2961 2442 3178 2514 prologo
3203 2444 3500 2516 signiﬁcat,
3522 2462 3683 2519 quem
3710 2454 3836 2520 qui-

504 2533 630 2589 dem
657 2531 856 2603 placuit
881 2529 984 2587 hoc
1006 2528 1108 2583 loci
1137 2527 1403 2599 integrum
1427 2537 1835 2597 repracsentare.

582 2624 819 2681 Psalmos
845 2639 1019 2678 omnes
1044 2630 1251 2677 crateras
1274 2662 1288 2685 ,
1316 2622 1431 2687 ait,
1461 2636 1599 2690 Quos
1616 2619 1840 2675 codicem
1875 2619 2201 2675 Psalmorum
2230 2620 2463 2676 nouimus
2491 2623 2747 2677 continere
2764 2665 2780 2691 ,
2807 2626 2944 2695 quod
2968 2624 3213 2682 Ecclesia:
3234 2630 3599 2687 consuetudine
3625 2630 3837 2689 Psalte-

505 2717 643 2771 riunt
682 2722 1009 2785 nuncupatur
1032 2753 1049 2778 ,
1079 2712 1270 2782 partim
1311 2710 1697 2765 sermocinando
1738 2711 1793 2765 in
1833 2710 2038 2782 populis
2062 2751 2076 2773 ,
2121 2712 2306 2781 partim
2353 2710 2594 2765 dictando
2621 2714 2834 2781 (seposui
2857 2754 2873 2781 ,
2911 2716 3133 2770 donante
3169 2716 3393 2774 Domino
3417 2760 3433 2786 ,
3462 2721 3591 2776 sicut
3637 2726 3784 2793 potui
3812 2742 3833 2781 :

507 2807 760 2877 psalmum
776 2820 894 2859 vero
920 2802 1245 2857 centesimum
1270 2813 1505 2855 octavum
1525 2801 1777 2855 decimum
1796 2842 1810 2864 ,
1843 2817 1946 2856 non
1961 2811 2063 2855 tam
2091 2811 2298 2871 propter
2319 2803 2433 2871 ejus
2456 2803 2772 2857 notissimam
2798 2805 3202 2877 longitudinem,
3233 2825 3386 2879 quam
3416 2822 3625 2883 propter
3648 2814 3832 2869 αιιῑιιι-

504 2900 680 2955 dinem
706 2896 883 2969 paucis
900 2894 1291 2966 cognoscibilem
1315 2891 1633 2977 di/I'ercbam.
1658 2891 1862 2947 Etcum
1883 2894 2233 2948 molestissime
2254 2894 2443 2965 ferrent
2472 2896 2658 2966 fratres
2687 2890 2785 2949 mei
2804 2937 2819 2961 ,
2843 2897 2953 2968 ejus
2972 2898 3132 2954 solius
3156 2902 3519 2970 expositionem
3538 2945 3554 2970 ,
3582 2917 3833 2976 quantum

507 2993 577 3048 σα
601 2991 831 3066 ejusdem
847 2987 1075 3061 corporis
1104 2984 1339 3043 Psalntos
1359 2986 1594 3059 pertinet,
1622 2985 1796 3040 deesse
1813 2988 2074 3058 opusculis
2099 2988 2286 3042 nostris
2305 3028 2322 3055 ,
2348 3004 2525 3075 meque
2549 2989 2620 3042 ad
2647 2989 2742 3044 ltoc
2761 2991 3057 3047 solvendum
3083 2995 3303 3050 debitum
3331 2978 3646 3057 uehententer
3669 3019 3832 3075 υννε-

506 3096 656 3149 rent;
678 3084 767 3138 diu
800 3079 1079 3155 petentibus
1087 3076 1488 3151 jubentibusqne
1507 3092 1607 3130 non
1628 3077 1754 3131 cessi
1778 3091 1797 3129 :
1819 3078 1939 3146 quia
1965 3082 2375 3151 quotiescumque
2409 3070 2532 3134 inde
2555 3080 2784 3150 cogitare
2816 3087 3003 3138 tentari
3021 3126 3036 3147 ,
3063 3100 3262 3156 seraper
3291 3087 3428 3144 vires
3448 3100 3637 3146 nostra:
3662 3070 3834 3148 inten-

505 3179 657 3234 tionis
683 3175 916 3231 cxcessit.
941 3173 1144 3241 Quanto
1171 3170 1307 3226 enim
1332 3170 1529 3224 vitietur
1563 3169 1786 3240 apertior
1806 3211 1823 3236 ,
1847 3178 1989 3223 tanto
2016 3170 2143 3225 mihi
2163 3171 2465 3238 profundior
2491 3170 2652 3226 videri
2669 3174 2829 3239 solet;
2854 3175 2926 3229 ita
2950 3185 3008 3229 ut
3034 3178 3187 3231 etiant
3212 3195 3367 3247 quam
3395 3181 3459 3236 sit
3488 3185 3782 3255 profundus
3810 3229 3828 3256 ,

505 3270 854 3323 demonstrare
877 3282 980 3321 non
1021 3263 1231 3335 possim.
1257 3262 1489 3316 Aliorum
1517 3265 1724 3332 quippe,
1751 3261 1838 3332 qui
1868 3260 2070 3334 diﬁicile
2093 3264 2469 3336 intelliguntur,
2497 3265 2697 3319 etiamsi
2719 3265 2773 3320 in
2799 3268 3104 3324 obscuritate
3125 3286 3303 3327 sensus
3328 3270 3450 3328 latet
3471 3316 3488 3341 ,
3508 3275 3622 3348 ipsa
3661 3287 3831 3336 tamen

505 3374 718 3434 apparet
743 3361 1025 3417 obscuritas
1048 3374 1070 3425 ;
1098 3359 1253 3430 hujus
1279 3366 1449 3411 autem
1478 3373 1570 3410 nec
1595 3357 1707 3427 ipsa
1728 3372 1749 3409 :
1768 3357 2010 3428 quoniam
2030 3359 2185 3413 talent
2217 3360 2405 3428 prtebet
2424 3359 2742 3430 superficiem
2766 3401 2780 3423 ,
2808 3371 2865 3414 ut
2903 3361 3141 3418 lectorem
3177 3374 3329 3437 atque
3365 3368 3652 3438 auditorem
3674 3414 3690 3438 ,
3723 3390 3831 3430 ιιοκ

505 3457 842 3528 expositorem
884 3453 1222 3509 necessarium
1268 3451 1450 3506 habere
1488 3450 1743 3505 credatur.
1772 3450 1839 3504 Et
1877 3466 2014 3506 nunc
2055 3453 2195 3520 quod
2219 3453 2422 3508 tondent
2471 3455 2542 3509 ad
2577 3457 3019 3526 pertractationem
3056 3460 3170 3528 eius
3209 3462 3393 3517 accedo
3417 3505 3433 3530 ,
3486 3432 3612 3536 quid
3661 3467 3716 3523 in
3767 3488 3831 3526 eo

507 3548 736 3619 possint,
768 3562 977 3618 prorsus
1002 3545 1183 3615 ignaro
1209 3558 1231 3623 ξ
1258 3558 1405 3614 spero
1430 3552 1596 3596 tamen
1615 3550 1667 3594 ut
1696 3541 1893 3611 aliquid
1912 3544 2099 3612 possim
2118 3586 2133 3610 ,
2159 3544 2442 3611 aﬂ'uturum
2462 3553 2613 3616 atque
2630 3546 2931 3616 adjuturum
2956 3548 3141 3604 Deum.
3169 3550 3259 3606 Sic
3285 3554 3418 3608 enim
3447 3555 3545 3623 feci
3564 3556 3628 3611 de
3650 3561 3829 3614 omni-

503 3658 636 3710 bus.
668 3654 996 3711 quaecumque
1035 3622 1371 3709 suﬁciemer,
1401 3652 1515 3689 cum
1554 3635 1698 3706 prius
1748 3635 1872 3689 mihi
1920 3638 1989 3688 ad
2014 3637 2397 3710 intelligendum
2439 3639 2518 3693 vel
2554 3639 2910 3710 explicandum
2952 3643 3177 3715 dificilia
3217 3661 3279 3700 ac
3320 3664 3447 3718 pene
3492 3630 3829 3720 impossibilia

503 3738 795 3792 uiderentur
815 3774 833 3800 ,
862 3730 1297 3804 exposui..Statu_i
1329 3740 1498 3783 autem
1524 3745 1614 3800 per
1637 3744 1894 3784 sermones
1922 3730 1978 3783 id
1998 3748 2149 3802 agere
2170 3772 2184 3796 ,
2217 3732 2305 3803 qui
2330 3731 2656 3802 proferantur
2698 3735 2751 3786 in
2780 3736 2983 3805 populis
3005 3777 3020 3804 ,
3052 3753 3177 3808 quos
3208 3736 3371 3794 ϐιωςὶ
3399 3746 3590 3809 ὁμιλίας
3616 3757 3825 3804 uocant.

510 3831 626 3887 Hoc
672 3831 806 3886 enim
834 3828 1027 3901 justius
1055 3843 1164 3882 esse
1184 3825 1436 3889 arbitror,
1466 3834 1521 3878 ut
1547 3834 1822 3879 conventus
1846 3825 2170 3880 ecclesiastici
2196 3842 2297 3880 non
2326 3829 2630 3896 fraudentur
2657 3826 2807 3881 etiam
2836 3828 3019 3899 psalmi
3049 3829 3202 3900 Itujus
3228 3831 3561 3905 intelligentia
3578 3879 3595 3903 ,
3637 3839 3787 3910 cujus
3807 3880 3824 3906 ,

508 3934 564 3978 ut
592 3923 812 3979 aliorum
832 3962 847 3986 ,
868 3919 1113 3998 delectari
1128 3917 1349 3974 assolent
1364 3914 1640 3971 cantilena.

577 4017 751 4073 Fuere
800 4014 964 4087 igitur
1008 4011 1065 4068 hi
1109 4025 1389 4067 sermones
1422 4010 1634 4079 triginta
1678 4008 1787 4063 duo
1813 4008 1866 4063 in
1917 4010 2180 4079 psalmum
2218 4010 2566 4066 centesimum
2596 3998 2861 4066 decimum
2892 4020 3139 4067 octavum
3188 4015 3370 4087 populi
3412 4003 3630 4087 quidem
3661 4036 3825 4078 causa

502 4107 769 4166 lucubrati
794 4148 810 4169 ,
842 4105 939 4163 sed
970 4117 1304 4175 nequaquam
1347 4102 1418 4157 ab
1445 4100 1740 4171 Augustino
1767 4101 2112 4169 pronuntiati.
2145 4101 2213 4157 Et
2240 4101 2342 4157 hoc
2367 4101 2542 4172 ipsum
2572 4099 2711 4157 forte
2750 4101 3103 4172 signiﬁcatum
3151 4106 3317 4161 voluit
3346 4107 3656 4179 Possidius,
3698 4129 3823 4169 cmn

504 4213 627 4277 post
645 4207 987 4258 enumeratos
1012 4196 1398 4267 expositiones,
1430 4209 1563 4264 quas
1590 4193 1933 4250 solummodo
1965 4195 2055 4249 Vir
2084 4205 2301 4251 sanctus
2320 4196 2561 4260 dictavit,
2590 4204 2664 4252 '.t°
2683 4197 2863 4253 subdit
2895 4216 2909 4252 :
2938 4200 3142 4273 Reliqui
3162 4218 3333 4257 omnes
3353 4200 3584 4272 Psalnti,
3606 4219 3821 4279 excepto

498 4297 775 4353 centesimo
802 4294 995 4348 decimo
1014 4300 1191 4345 octavo
1211 4332 1225 4353 ,
1254 4290 1308 4343 in
1337 4287 1529 4361 populo
1558 4287 1806 4357 disputati
1821 4296 1939 4341 sunt
1957 4285 2189 4361 (Possid.
2212 4289 2265 4343 in
2287 4288 2444 4344 indic.
2472 4306 2589 4360 cap.
2616 4289 2700 4361 ι).

572 4389 911 4446 Psalmorum
964 4391 1145 4439 autem
1187 4397 1220 4438 e
1245 4394 1403 4437 sacro
1430 4368 1684 4451 suggestu
1718 4378 2021 4435 habitorum
2054 4396 2309 4438 numerus
2335 4381 2473 4438 alios
2511 4382 2668 4453 longe
2695 4394 2934 4453 superat.
2981 4384 3112 4452 Qua:
3143 4403 3230 4442 res
3261 4387 3411 4445 facile
3440 4389 3609 4457 videri
3637 4404 3823 4463 posset

503 4484 629 4541 inde
669 4480 960 4552 contigisse
980 4520 997 4543 ,
1030 4476 1172 4547 quod
1199 4488 1423 4546 magnus
1445 4473 1649 4529 Prmsul
1692 4482 1770 4528 tot
1793 4488 1859 4528 ac
1896 4482 2005 4530 tam
2034 4477 2193 4534 variis
2226 4477 2486 4534 Ecclesia:
2510 4479 2654 4534 curis
2672 4479 2979 4548 districtus,
3011 4484 3095 4538 vix
3126 4485 3269 4540 aliud
3300 4495 3509 4558 tempus
3540 4491 3821 4547 naucisce-

503 4586 649 4632 retur
669 4614 685 4640 ,
715 4572 857 4645 quod
883 4570 970 4627 isti
998 4568 1166 4624 labori
1195 4566 1532 4635 impenderet
1557 4582 1572 4619 :
1602 4565 1695 4623 sed
1725 4581 1794 4620 ex
1824 4567 1888 4619 iis
1908 4581 2028 4637 qua:
2056 4582 2213 4640 supra
2244 4570 2524 4625 retulimus
2554 4585 2619 4626 ex
2642 4573 2834 4644 psalmi
2861 4576 3140 4631 centesimi
3174 4560 3366 4633 decimi
3388 4582 3561 4637 octavi
3591 4598 3820 4640 enarra-

502 4665 649 4724 tione
676 4663 1016 4722 manil'estum
1045 4667 1161 4725 est,
1203 4658 1405 4712 hancce
1442 4655 1753 4712 methodum
1791 4658 2120 4727 explicanda:
2148 4660 2438 4730 Scriptura:
2467 4662 2636 4733 magis
2666 4663 2738 4717 illi
2772 4665 3047 4734 probatam
3079 4667 3244 4727 fuisse
3276 4684 3494 4741 prop:er
3521 4675 3774 4746 pepulum
3801 4719 3818 4743 ,

502 4760 593 4831 qui
622 4758 737 4815 sola
766 4756 871 4812 hac
894 4754 980 4811 via
1009 4753 1309 4808 divinarum
1339 4750 1665 4806 Litterarum
1706 4764 1926 4806 sensum
1970 4753 2020 4807 in
2051 4754 2399 4811 eoncionibus
2423 4757 2801 4814 ecclesiasticis
2836 4760 3016 4816 doceri
3064 4773 3289 4832 poterat.
3324 4765 3379 4821 In
3419 4767 3525 4824 illis
3564 4785 3723 4840 porro
3751 4773 3818 4825 ad

502 4852 714 4924 plebem
740 4849 1101 4913 Tractatibus,
1133 4845 1539 4901 observationes
1562 4844 1807 4915 qumdant
1836 4844 2165 4913 inseruntur,
2196 4862 2260 4903 ac
2286 4859 2448 4905 certa:
2479 4850 2812 4905 Psalmorum
2842 4854 3124 4909 sententia:
3152 4857 3203 4911 in
3235 4857 3522 4914 schismata
3547 4904 3563 4929 ,
3593 4862 3644 4916 in
3670 4878 3819 4918 erro-

502 4963 590 5005 res
618 4961 683 5000 ac
712 4944 764 5000 in
796 4942 921 4998 vitia
951 4948 1256 5010 temporum
1290 4938 1512 4992 istorum
1553 4933 1904 5006 torquentur,
1935 4938 2128 5009 quibus
2155 4954 2341 4995 eorum
2371 4942 2526 4996 lectio
2554 4946 2721 4999 multo
2759 4944 3050 5015 jucundior
3078 4950 3274 5005 evadit.
3316 4950 3427 5008 lltic
3468 4955 3626 5008 etiam
3671 4955 3817 5011 locos

500 5058 566 5097 ev
620 5034 911 5104 Evangelio
931 5074 950 5100 ,
994 5032 1216 5088 Actibus
1246 5042 1407 5102 atque
1446 5030 1699 5100 Epistolis
1745 5032 2124 5100 Apostolorum
2156 5033 2388 5087 maxime
2420 5035 2654 5104 insignes
2684 5039 2941 5108 reperias,
2977 5055 3111 5110 quos
3140 5042 3339 5100 idcirco
3368 5056 3586 5101 sanctus
3626 5049 3818 5103 Doctor

502 5147 606 5188 una
637 5143 759 5184 cum
802 5126 1018 5182 Psalqu
1044 5123 1345 5181 enucleavit
1367 5163 1383 5187 ,
1410 5122 1531 5192 quia
1562 5121 1752 5177 eodem
1783 5122 1870 5176 die
1894 5124 2097 5177 recitati
2125 5121 2336 5178 fuerant
2362 5126 2414 5179 in
2444 5127 2692 5182 ecclesia.
2723 5129 2959 5199 Denique
2985 5144 3274 5188 occurrunt
3298 5135 3701 5194 adhortationes
3729 5157 3817 5195 ve-

503 5227 803 5285 hementes,
827 5235 949 5290 quat
975 5216 1334 5289 persuadeant
1358 5216 1732 5282 ;clocutiones
1754 5214 2094 5271 inﬂammata:
2114 5258 2129 5276 .
2158 5232 2278 5286 quae
2299 5219 2597 5288 abripiant;
2630 5220 2811 5293 ﬁgura:
2844 5234 2917 5278 tot
2943 5224 3174 5281 ﬂammis
3201 5238 3362 5299 atque
3388 5229 3597 5300 ignibus
3616 5273 3633 5299 ,
3664 5232 3710 5288 si
3738 5232 3817 5290 fas

504 5323 576 5377 ita
608 5315 753 5383 l0qui
772 5356 788 5379 ,
820 5310 1054 5386 gravidae
1077 5352 1094 5377 ,
1119 5318 1176 5365 ut
1203 5308 1256 5364 in
1288 5324 1381 5364 eas
1410 5307 1595 5363 oculos
1616 5307 1883 5377 conjicere
1912 5309 2002 5375 vix,
2025 5310 2305 5380 quisquam
2335 5312 2536 5381 possit,
2581 5314 2706 5383 quin
2741 5314 3054 5379 incendatur
3081 5318 3270 5375 eodem
3297 5319 3493 5379 ardore
3519 5339 3677 5393 quem
3718 5342 3814 5381 ex-

504 5417 666 5489 periri
693 5430 753 5472 se
782 5412 1114 5467 testabantur
1143 5408 1178 5462 ii
1209 5407 1298 5476 qui
1330 5405 1578 5461 dicebant
1601 5422 1627 5459 τ·
1642 5402 1829 5459 Nonne
1863 5421 1949 5457 cor
1974 5420 2201 5460 nostrum
2226 5405 2408 5459 ardens
2434 5416 2540 5460 erat
2568 5407 2619 5459 ir:
2644 5408 2812 5469 nobis.
2834 5411 2953 5463 dum
2987 5412 3274 5481 loqueretur
3298 5414 3350 5468 in
3376 5416 3489 5480 via,
3523 5425 3575 5471 et.
3593 5419 3814 5489 aperiret

503 5512 647 5565 nobis
676 5508 975 5573 Scripturas
996 5500 1146 5570 (Luc.
1171 5514 1321 5560 sxw,
1346 5498 1483 5567 δεμ

576 5601 632 5655 Id
658 5607 910 5667 expertus
936 5606 1013 5649 est
1047 5593 1234 5647 beatus
1256 5591 1567 5661 Fulgentius
1592 5632 1607 5655 ,
1633 5606 1753 5644 cum
1786 5590 2089 5645 Tractatum
2119 5591 2172 5646 in
2212 5593 2471 5675 psalmum
2505 5595 2831 5663 trigesimum
2864 5608 3071 5652 sextum
3100 5600 3334 5670 legeret,
3364 5604 3516 5671 cujus
3537 5605 3814 5661 exordium

507 5711 541 5751 ε
581 5689 1009 5748 consideratione
1050 5686 1150 5741 diei
1200 5684 1425 5739 extremi
1459 5682 1647 5755 judicii
1692 5683 1813 5738 ideo
1843 5683 2103 5748 sumitur,
2139 5685 2280 5756 quod
2326 5702 2392 5740 eo
2420 5685 2505 5739 die
2550 5696 2709 5756 caput
2756 5705 2877 5741 xxiv
2925 5688 3155 5745 Matthxi
3189 5690 3361 5747 fuerat
3389 5693 3688 5753 recitatum.
3725 5698 3816 5755 llic

507 5782 794 5856 siquidem,
828 5784 963 5839 utin
993 5782 1110 5853 ejus
1137 5780 1258 5835 Vita
1284 5777 1589 5833 Ferrandus
1625 5786 1815 5834 auctor
1840 5785 1957 5843 est,
1988 5791 2109 5833 eum
2154 5777 2292 5848 apud
2343 5779 2576 5833 animum
2624 5794 2775 5834 suum
2814 5783 2922 5849 jam
2963 5784 3290 5842 decrevisset
3332 5789 3531 5843 mundo
3577 5793 3814 5849 nuntium
