3956 6326
304 405 369 458 1.5
1746 396 1866 453 PR}

2030 395 2130 451 τιο.
3524 405 3592 463 Μ

292 523 567 569 remittere
584 554 599 578 ,
626 515 754 567 beati
778 514 1045 585 Augustini
1072 516 1366 585 exponentis
1403 514 1712 574 trigesimum
1740 521 1935 565 sextum
1972 513 2223 574 psalmum
2255 510 2597 577 disputatione
2627 515 2957 569 commonitus
2976 558 2990 579 ,
3021 517 3279 581 publicare
3315 535 3462 573 sum
3485 533 3593 574 ιω-

292 617 381 657 tmt
404 621 593 671 notant,
616 619 810 660 mutare
828 609 1041 679 gestiens
1062 608 1285 661 habitum
1306 610 1456 676 (Cap.
1486 610 1540 665 5)

360 695 510 760 Quod
539 711 666 750 vero
695 697 759 750 ad
802 698 1012 766 plebem
1035 738 1051 763 ,
1082 696 1233 765 cujus
1260 713 1416 752 aures
1458 696 1749 765 implebant
1776 710 2055 751 sermones
2086 696 2156 748 illi
2188 696 2423 748 Pastoris
2458 699 2538 749 sui
2582 700 2787 752 terrore
2825 700 3027 753 incitati
3056 710 3109 753 et
3135 701 3284 771 quasi
3326 701 3571 770 animati,

289 788 427 841 haud
456 804 597 856 :egre
618 787 935 844 adducimur
963 799 1017 843 ut
1043 789 1324 844 credamus
1352 804 1470 843 eam
1500 788 1805 865 frequenter
1830 788 1936 843 illis
1963 787 2192 841 motibus
2220 796 2424 855 raptam
2456 784 2651 852 fuisse,
2680 804 2814 857 quos
2850 805 3228 859 nonnunquam
3254 796 3364 845 suis
3392 797 3582 861 plausi-

289 878 388 932 bus
413 878 674 949 signiﬁcat
705 898 717 933 :
747 882 898 946 cujus
922 879 1138 949 quidem
1168 880 1337 950 plebis
1378 878 1616 932 aviditati
1648 878 1944 934 referenda:
1973 886 2097 932 sunt
2125 888 2359 945 accepta:
2388 885 2463 931 tot
2508 878 2732 946 egregia:
2779 881 2842 931 ad
2886 895 3065 935 mores
3110 880 3472 935 informandus
3500 881 3586 951 di-

281 971 590 1040 gressiones
609 1011 624 1036 ,
653 971 704 1024 in
736 986 868 1040 quas
896 980 1110 1027 sanctus
1140 959 1336 1025 Praesul
1364 970 1814 1040 opportunitatem
1841 978 2029 1025 nactus
2056 968 2343 1023 divertitur
2364 1009 2379 1032 ,
2406 967 2853 1037 quemadmodum
2898 988 2946 1021 ιιι
2976 984 3075 1023 suo
3106 975 3322 1039 prologo
3345 967 3409 1024 ad
3442 967 3586 1024 Psal-

282 1077 402 1117 mos
426 1070 573 1115 notat
595 1062 945 1116 Cassiodorus
977 1080 991 1115 τ
1021 1062 1147 1117 Cum
1185 1062 1334 1115 nimis
1355 1061 1530 1115 avidos
1554 1060 1771 1131 populos
1791 1103 1809 1125 ,
1840 1062 2013 1132 inquit
2032 1101 2047 1124 ,
2072 1060 2419 1114 ecclesiasticis
2442 1058 2659 1129 dapibus
2678 1058 2883 1127 explere
2914 1062 3073 1130 cupit,
3100 1078 3379 1115 necessario
3399 1065 3588 1128 fluenta

285 1166 392 1205 tam
416 1168 615 1223 magna:
644 1152 1019 1221 pm'dicatiouis
1052 1154 1319 1206 emanavit.

360 1246 503 1299 Idem
529 1252 718 1298 auctor
743 1244 931 1299 eodem
982 1245 1100 1300 loco
1128 1252 1293 1298 totum
1326 1244 1425 1297 hoc
1450 1242 1729 1312 Augustini
1776 1244 2216 1298 commentarium
2246 1243 2296 1296 in
2344 1240 2574 1297 decadas
2618 1239 2782 1296 fuisse
2826 1240 3163 1296 distributum
3214 1242 3383 1295 innuit
3435 1242 3583 1296 hisce

280 1338 460 1391 verbis
492 1355 506 1391 :
538 1335 666 1402 Qua!
693 1336 815 1400 ille,
844 1337 1034 1406 inquit,
1059 1336 1112 1388 in
1146 1334 1362 1389 decedas
1395 1334 1677 1399 quindecim
1696 1334 1991 1388 mirabiliter
2012 1334 2297 1403 explicavit.
2322 1332 2483 1401 Cujus
2515 1334 2811 1401 partitionis
2842 1334 3121 1402 vestigium
3149 1334 3350 1388 nullum
3384 1333 3433 1385 in
3468 1348 3582 1403 ma;

282 1427 897 1497 ouscriptis'repcrimus
920 1468 937 1493 ,
966 1427 1205 1496 exceptis
1234 1427 1434 1491 tribus,
1476 1442 1585 1480 uno
1609 1424 1838 1498 Jolyano
1876 1426 2126 1482 Ecclesia:
2157 1425 2506 1490 Parisiensis,
2538 1425 2628 1494 qui
2670 1428 2720 1478 in
2749 1424 2924 1479 fronte
2957 1424 3191 1492 pr-el’crt,
3222 1424 3412 1491 Incipit
3454 1424 3581 1476 liber

280 1520 475 1574 decede
517 1521 710 1573 domini
738 1520 1009 1589 Augustini
1033 1537 1066 1571 α
1114 1518 1326 1573 Psalmo
1350 1534 1366 1571 ι
1388 1563 1401 1583 ,
1434 1516 1623 1573 Beatus
1650 1519 1726 1572 vir
1744 1561 1759 1582 ,
1792 1535 1950 1587 usque
1978 1535 2025 1573 ιι
2044 1559 2059 1584 ,
2088 1526 2143 1572 et
2186 1516 2396 1572 duobus
2424 1515 2744 1572 Colbertinis
2763 1560 2778 1581 ,
2809 1532 3039 1587 quorum
3082 1516 3219 1569 alter
3243 1516 3573 1570 enarrationi

281 1612 471 1684 psalmi
500 1611 887 1680 quadragesimi
933 1594 1049 1664 hmo
1087 1608 1303 1674 subdit,
1347 1610 1478 1663 beati
1502 1609 1697 1663 Aurelii
1720 1608 1990 1680 Augustini
2016 1609 2239 1679 episcopi
2266 1609 2379 1677 [init
2405 1608 2597 1662 decada
2625 1608 2689 1663 de
2717 1609 2842 1662 libro
2873 1609 3056 1679 primo.
3087 1608 3237 1663 Alter
3265 1622 3394 1661 vero
3425 1622 3575 1661 com-

282 1703 534 1774 pendium
578 1702 739 1756 totius
767 1701 945 1770 operis
968 1702 1330 1769 complectens
1352 1741 1368 1764 ,
1398 1714 1584 1755 versus
1610 1699 1867 1770 quosdam
1900 1701 1951 1753 in
1995 1699 2170 1768 capite
2196 1699 2482 1754 voluminis
2507 1698 2762 1761 exhibet,
2795 1699 2882 1768 qui
2917 1713 3042 1753 cum
3085 1700 3484 1769 praefationibus
3520 1714 3585 1753 ac

280 1798 476 1866 elogiis
499 1798 634 1855 inira
666 1800 889 1855 edendis
918 1799 1092 1854 locum
1126 1797 1388 1863 habeant,
1418 1813 1523 1852 non
1552 1797 1820 1868 indignos.
1857 1796 1912 1851 lu
1936 1796 2018 1851 his
2046 1805 2225 1851 autem
2248 1796 2423 1851 istbuc
2450 1794 2682 1866 pertinet
2705 1795 2750 1851 is
2778 1810 2967 1851 versus
2994 1812 3010 1852 :

1026 1916 1120 1959 Ter
1132 1909 1306 1974 quinis
1324 1908 1523 1959 demdis
1542 1908 1729 1973 grande
1752 1908 1950 1972 peregit
1970 1921 2115 1972 opus.

281 2012 657 2070 Verumtamen
678 2031 796 2070 cum
820 2014 1095 2069 Possidius
1113 2013 1504 2068 distributionis
1542 2012 1803 2081 ejusmodi
1848 2029 1952 2067 non
2000 2012 2337 2074 meminerit,
2364 2026 2483 2066 eam
2513 2011 2791 2080 Augustini
2833 2019 3073 2081 tempore
3099 2012 3179 2064 vel
3202 2012 3353 2079 jussu
3385 2010 3579 2064 factam

274 2105 537 2161 credibile
558 2121 663 2160 non
684 2114 784 2161 est.
811 2107 984 2175 Atque
1015 2104 1153 2158 idem
1179 2104 1314 2158 forte
1344 2103 1429 2158 hic
1457 2104 1742 2167 acciderit,
1765 2103 1905 2174 quod
1927 2103 1991 2156 Τ.
2032 2103 2163 2157 Livii
2196 2103 2349 2162 libro,
2378 2119 2542 2170 quem,
2572 2112 2626 2154 ut
2658 2102 2943 2157 Petrarcha
2970 2102 3193 2172 epistola
3222 2101 3287 2154 ad
3315 2101 3579 2157 Joannem

276 2195 592 2251 Boccacium
614 2197 893 2261 observat,
920 2198 973 2250 in
1012 2209 1180 2265 partes
1207 2211 1331 2264 quas
1357 2196 1571 2250 decades
1596 2205 1771 2249 uocant
1790 2236 1803 2261 ,
1836 2212 1935 2248 non
1968 2195 2077 2264 ipse
2100 2195 2187 2265 qui
2214 2194 2414 2264 scripsit
2438 2234 2453 2257 ,
2484 2194 2572 2247 sed
2606 2195 2875 2256 fastidiosa
2898 2194 3175 2264 legentium
3198 2193 3346 2247 scidit
3374 2194 3579 2263 ignavia

278 2287 473 2357 (Epist.
507 2289 695 2341 νοτίαν.
722 2288 795 2343 22
822 2288 900 2342 uel
934 2287 1046 2358 24).

352 2377 639 2434 Veniamus
658 2379 769 2450 jam
793 2379 860 2434 ad
890 2380 1212 2450 pneeipuum
1242 2387 1429 2448 caput,
1458 2380 1670 2449 regulas
1691 2378 1937 2433 videlicet
1955 2394 2089 2449 quas
2118 2378 2169 2431 in
2205 2378 2607 2447 interpretando
2634 2378 2865 2432 servavit
2898 2377 3245 2447 Augustinus.
3278 2377 3437 2432 Multa
3469 2377 3558 2431 hic

276 2479 461 2525 essent
486 2469 771 2525 observato
794 2473 1126 2531 necessaria.
1160 2472 1260 2526 nisi
1302 2471 1404 2527 hoc
1442 2480 1814 2543 argumentum
1862 2472 2088 2542 ipsemet
2127 2472 2313 2527 beatus
2355 2473 2550 2526 Doctor
2590 2472 2642 2525 in
2687 2472 2838 2526 libris
2872 2472 2940 2526 de
2984 2472 3230 2528 Doctrina
3261 2471 3566 2527 Christiana

275 2572 677 2630 pertractasset.
720 2563 901 2619 Primo
919 2566 1182 2634 siquidem
1206 2564 1346 2634 quod
1374 2563 1443 2618 ad
1468 2564 1699 2619 litteram
1729 2573 1968 2634 spectat,
1999 2571 2057 2618 ut
2087 2578 2205 2618 eam
2229 2563 2489 2632 integram
2514 2574 2678 2632 atque
2719 2564 2974 2617 illibatam
3005 2564 3198 2618 habent
3220 2605 3235 2629 ,
3280 2579 3399 2633 quze
3423 2578 3566 2633 pne-

276 2664 433 2725 cepta
465 2656 571 2711 illic
596 2655 785 2720 tradit,
818 2672 880 2712 ea
913 2673 1010 2727 pro
1035 2672 1129 2710 sua
1157 2657 1295 2711 virili
1326 2657 1430 2712 hoc
1455 2657 1508 2711 in
1536 2656 1923 2712 commentario
1951 2657 2211 2726 sequitur.
2242 2655 2459 2710 Latinas
2484 2654 2747 2709 editiones
2770 2656 2911 2710 inter
2951 2671 3007 2709 se
3045 2657 3351 2723 componit,
3384 2672 3569 2710 exeni-

279 2748 445 2818 plaria
473 2764 645 2821 grtcea
671 2750 944 2817 consulit,
983 2750 1186 2821 colligit
1232 2750 1406 2804 varias
1456 2750 1752 2814 lectiones;
1800 2750 2067 2803 nndenam
2112 2748 2383 2817 irrepserit
2412 2749 2719 2811 diversitas,
2764 2764 2833 2802 ex
2861 2749 3210 2819 interpretum
3239 2749 3402 2809 vitio.
3428 2765 3494 2802 an
3542 2765 3573 2803 e

278 2850 455 2897 textus
482 2844 643 2914 grrcci
669 2843 1015 2914 ambiguitate
1044 2843 1326 2913 investigat
1358 2861 1371 2897 :
1400 2843 1518 2912 ejus
1542 2842 1773 2911 denique
1796 2843 1884 2895 illa
1912 2842 2187 2905 sedulitas,
2216 2856 2319 2912 qua
2352 2850 2427 2895 tot
2456 2842 2601 2895 locos
2640 2851 2747 2895 tam
2785 2843 2943 2896 anxie
2989 2843 3277 2909 discussit,
3307 2842 3412 2896 huc
3445 2859 3568 2897 eum

275 2934 524 3006 impulit,
553 2947 610 2991 ut
638 2936 952 2992 Psalterium
977 2936 1250 2991 multoties
1277 2935 1342 2990 ad
1374 2936 1566 2989 idioma
1603 2936 1929 2989 hellenicum
1958 2944 2266 2991 recenseret
2291 2938 2702 3007 castigaretque.
2737 2939 2847 2993 lloc
2876 2940 3145 3007 intelligas
3174 2940 3297 2993 licet
3324 2955 3389 2993 ex
3418 2940 3565 3007 ejus-

275 3029 400 3084 dem
427 3029 494 3083 ad
519 3029 791 3085 Audacem
833 3031 1055 3100 epistola
1079 3072 1093 3095 ,
1123 3029 1212 3084 ubi
1242 3044 1361 3084 cum
1404 3028 1627 3083 dixisset
1665 3028 1985 3083 Psalterium
2016 3045 2045 3081 a
2078 3029 2235 3083 beato
2264 3028 2589 3097 Hieronymo
2634 3046 2696 3084 ex
2727 3031 2945 3085 hebrum
2971 3046 3217 3085 sermone
3241 3046 3561 3085 conversum

279 3134 386 3176 non
418 3121 615 3179 habere
642 3137 725 3187 se,
759 3124 1098 3194 prosequitur
1126 3121 1179 3176 in
1210 3120 1354 3177 hunc
1384 3120 1603 3175 modum
1628 3137 1643 3173 :
1680 3119 1793 3173 Nos
1813 3129 1980 3175 autem
2006 3138 2107 3174 non
2136 3122 2453 3192 interpretati
2473 3138 2645 3176 sumus
2665 3164 2678 3185 ,
2707 3122 2798 3176 sed
2838 3123 3068 3176 codicum
3104 3122 3402 3176 Latinorum
3431 3140 3567 3177 nou-

276 3215 448 3269 tntllas
472 3216 825 3271 mandositates
852 3231 916 3270 ea:
933 3216 1111 3288 grecis
1137 3214 1507 3285 exemplaribus
1526 3212 1933 3267 emendavimus.
1968 3212 2118 3268 Unde
2141 3213 2374 3283 fortassis
2403 3212 2669 3283 fecerimus
2699 3214 2897 3283 aliquid
2917 3216 3233 3268 commodius
3254 3231 3406 3283 quam
3435 3224 3564 3277 erat,

281 3318 571 3363 nontamen
598 3308 700 3363 tale
721 3308 998 3376 quale-esse
1017 3306 1241 3361 debebat.
1273 3305 1412 3360 Nam
1438 3306 1590 3359 etiam
1618 3322 1773 3369 nunc,
1797 3319 1912 3372 qua:
1940 3310 2071 3376 forte
2098 3320 2188 3357 nos
2220 3315 2339 3357 tunc
2367 3305 2746 3373 prtelcrieruut,
2787 3306 2831 3359 si
2861 3304 3079 3375 legentes
3100 3308 3341 3359 moverint
3358 3346 3373 3371 ,
3407 3304 3567 3359 colla-

280 3403 349 3455 tis
376 3401 630 3455 codicibus
653 3402 977 3457 emendamus
1007 3397 1201 3472 (Epist.
1227 3399 1353 3464 261,
1387 3416 1441 3449 n.
1469 3398 1545 3466 ὅ).

348 3494 556 3548 Primus
580 3495 770 3549 littera:
790 3508 981 3549 sensus
1008 3491 1273 3546 interdum
1312 3490 1444 3544 nihil
1473 3491 1745 3553 continet,
1780 3488 1880 3542 nisi
1915 3489 2172 3556 simplicis
2216 3503 2277 3541 ac
2304 3488 2590 3554 spiritualis
2620 3505 2633 3541 τ
2667 3498 2722 3540 at
2770 3489 2910 3542 idem
2970 3490 3165 3557 saepius
3193 3488 3392 3541 relatus
3421 3497 3474 3540 et
3502 3487 3567 3539 li-

271 3596 494 3658 guratus
520 3595 621 3642 est.
652 3586 911 3657 Tuncque
934 3600 1062 3640 vere
1093 3584 1363 3639 aﬂirmare
1400 3596 1721 3654 possumus,
1778 3579 1921 3650 quod
1956 3590 2038 3635 est
2065 3580 2233 3634 dictio
2260 3579 2632 3649 signiﬁcationi
2666 3596 2777 3633 sua:
2816 3589 3123 3647 comparata
3154 3622 3167 3645 ,
3202 3580 3251 3632 id
3283 3588 3395 3638 est.
3425 3578 3571 3631 litto~

277 3678 446 3732 ralem
478 3692 694 3733 sensum
720 3690 841 3732 esse
863 3691 987 3731 cum
1014 3674 1277 3745 spirituali
1296 3687 1662 3743 comparatum
1689 3688 1703 3723 :
1730 3680 1785 3727 et
1806 3670 2262 3741 quemadmodum
2292 3671 2404 3726 fieri
2432 3689 2536 3726 non
2570 3682 2742 3741 potest
2776 3684 2829 3725 ut
2852 3672 2917 3725 ad
2959 3688 3174 3727 sensum
3206 3672 3350 3726 illum
3398 3672 3563 3741 spiri-

276 3768 475 3823 tualem
508 3768 914 3837 perveniamus,
950 3768 1055 3821 nisi
1083 3767 1230 3837 prius
1257 3765 1542 3820 lilteralem
1565 3764 1731 3835 probe
1757 3772 2093 3833 perspectum
2142 3763 2522 3829 habuerimus;
2554 3766 2623 3818 ita
2674 3766 2919 3820 litterulis
2970 3782 3423 3835 supervacaneam
3453 3764 3566 3820 fore

272 3860 631 3929 cognitionem
656 3901 672 3924 ,
704 3858 748 3913 si
774 3858 1107 3928 spiritualcm
1138 3857 1355 3927 assequi
1378 3857 1725 3927 negligamus.
1757 3855 1870 3910 Hoc
1899 3854 1995 3910 fuit
2032 3856 2084 3909 in
2115 3871 2275 3911 causa
2306 3871 2401 3909 cur
2432 3866 2649 3911 sanctus
2680 3858 2878 3911 Prtcsul
2906 3900 2919 3920 ,
2950 3873 3111 3914 sensu
3145 3859 3357 3912 litterati
3380 3899 3396 3923 ,
3425 3874 3565 3927 quo.

274 3954 378 4008 ties
402 3967 527 4006 eum
555 3953 686 4007 satis
717 3967 811 4022 per
835 3966 894 4007 se
913 3958 1153 4021 apertum
1178 3949 1558 4021 cognitumque
1582 3948 1933 4011 existimavit,
1965 3949 2201 4011 omisso,
2248 3958 2389 4002 recta
2421 3949 2471 4002 in
2503 3949 2834 4017 spiritualem
2863 3951 3126 4005 tenderet.
3157 3951 3309 4017 Quod
3347 3949 3561 4020 quidem

272 4052 323 4102 ei
351 4064 455 4101 non
477 4047 649 4101 solum
674 4061 778 4101 usu
806 4047 952 4101 venit
980 4047 1032 4101 in
1052 4044 1399 4101 sermonibus
1438 4042 1507 4097 ad
1546 4043 1797 4113 populum
1830 4042 2060 4108 habitis,
2092 4041 2145 4095 in
2175 4041 2367 4111 quibus
2405 4042 2521 4111 ejus
2560 4044 2889 4111 potissimum
2922 4044 3181 4112 profcctui
3235 4045 3437 4098 servire
3475 4058 3564 4096 Co-

272 4140 531 4211 gebatur;
565 4155 746 4194 verum
775 4140 936 4194 etiam
963 4139 1015 4193 in
1041 4136 1465 4208 expositionibus
1487 4176 1502 4201 ,
1535 4150 1666 4205 quas
1692 4135 1743 4189 in
1772 4134 2031 4203 quosdam
2061 4134 2389 4188 Psalmorum
2420 4135 2673 4203 dictavit,
2701 4137 2789 4189 ubi
2818 4152 2883 4191 ex
2922 4138 3081 4191 animi
3124 4138 3395 4191 voluntate
3425 4139 3565 4208 ston

274 4233 554 4304 indulgere
590 4232 688 4302 ipsi
712 4230 792 4285 fas
819 4240 955 4286 erat.

343 4324 479 4377 Cum
496 4338 623 4378 vero
639 4324 691 4377 in
711 4329 909 4377 sanctae
925 4321 1218 4390 Scriptura:
1232 4321 1453 4373 vocibus
1470 4319 1773 4389 spirituales
1794 4332 1986 4373 sensus
2012 4318 2209 4373 lateant
2232 4318 2466 4387 plurimi,
2486 4320 2575 4388 qui
2591 4336 2777 4374 omnes
2801 4338 3046 4391 perteque
3075 4323 3166 4391 pii,
3188 4339 3434 4392 lll‘t'ﬂ‘qlll‘.
3455 4324 3561 4374 veri

273 4416 442 4471 videri
470 4416 711 4487 possint,
742 4414 880 4468 haud
906 4428 1120 4482 semper
1151 4421 1433 4467 contentus
1464 4410 1562 4465 fuit
1590 4412 1809 4465 unicum
1838 4424 2173 4479 expromere.
2201 4409 2280 4463 Ad
2312 4411 2525 4465 tertium
2550 4426 2719 4481 usque
2738 4414 2929 4466 eruite
2953 4415 3155 4482 psalmo
3178 4415 3336 4467 tertio
3358 4456 3372 4479 ,
3400 4431 3559 4483 quem

277 4512 448 4579 primo
471 4508 685 4579 quidem
728 4507 942 4571 Christo
976 4507 1197 4561 Domino
1218 4507 1269 4560 in
1302 4506 1514 4575 propria
1544 4520 1641 4559 sua
1687 4518 1917 4575 persona
1960 4504 2300 4558 considerato
2321 4545 2336 4569 ,
2370 4521 2490 4558 mox
2538 4506 2711 4560 eidem
2734 4522 2853 4560 cum
2888 4508 3160 4571 Ecclesia,
3194 4525 3421 4577 quacum
3475 4509 3562 4562 ille

274 4619 439 4658 unutn
465 4602 616 4673 quasi
639 4616 839 4672 corpus
862 4599 1057 4666 efﬁcit,
1087 4600 1403 4668 conjuncta;
1434 4597 1666 4667 denique
1705 4596 1939 4650 ﬁdelium
1967 4596 2190 4665 singulis
2228 4598 2618 4651 accommodat.
2651 4597 2704 4652 In
2749 4600 2961 4653 tertium
2990 4616 3123 4653 vero
3162 4602 3332 4669 quarti
3365 4600 3557 4654 decimi

275 4694 467 4767 psalmi
490 4710 740 4762 versum,
767 4694 1010 4763 exposito
1058 4691 1229 4761 primo
1256 4704 1420 4746 sensu
1466 4688 1686 4758 pulchre
1721 4690 1960 4757 sciteque
2002 4688 2187 4743 subdit
2218 4706 2230 4741 :
2268 4687 2369 4741 Iste
2393 4690 2611 4758 simplex
2639 4690 2924 4745 intellectus
2954 4694 3036 4744 cui
3062 4692 3240 4761 sufficit
3262 4735 3274 4753 ,
3303 4693 3519 4759 sufficiat
3547 4708 3565 4752 ,-

274 4790 363 4842 scd
395 4786 645 4842 nonnulla
668 4788 816 4841 verba
842 4785 1225 4855 Scripturarum
1249 4783 1549 4837 obscuritate
1567 4798 1659 4834 sua
1684 4781 1780 4835 hoc
1803 4782 2131 4849 profuerunt,
2154 4781 2291 4850 quod
2314 4783 2499 4835 multas
2526 4783 2885 4853 intelligentias
2907 4797 3223 4854 pepererunt.
3256 4789 3439 4855 Itaque
3467 4788 3562 4836 Iure

278 4884 321 4935 si
364 4882 574 4950 planum
600 4887 760 4945 esset,
792 4895 948 4931 unum
969 4876 1163 4946 aliquid
1190 4876 1467 4938 audiretis;
1497 4874 1614 4943 quia
1658 4890 1773 4926 vero
1802 4873 2008 4927 obscure
2038 4875 2225 4925 dictum
2256 4884 2326 4925 est
2348 4915 2361 4934 ,
2389 4873 2547 4926 multa
2574 4875 2801 4927 audituri
2825 4879 2963 4928 estis.

346 4973 575 5043 Regulus
604 4972 656 5025 in
684 4969 931 5025 habendo
956 4970 1222 5023 variorum
1271 4981 1523 5021 sensuum
1545 5006 1559 5029 ,
1588 4966 1680 5036 qui
1718 4966 1897 5018 animo
1926 4974 2246 5029 occurrunt,
2273 4967 2483 5020 delectu
2506 5008 2521 5029 ,
2544 4969 2787 5037 sequitur
2812 4970 2982 5024 errori
3028 4971 3246 5024 minime
3275 4972 3559 5024 obnoxias.

277 5068 559 5122 Eniinvero
585 5072 938 5133 prmterquam
970 5060 1109 5132 quod
1142 5061 1403 5114 rationem
1428 5102 1443 5125 ,
1469 5068 1526 5112 ut
1547 5059 1857 5113 dicebamus
1878 5098 1893 5121 ,
1925 5059 2081 5127 longe
2122 5060 2408 5112 maximam
2438 5060 2597 5114 habet
2628 5063 2851 5120 litterrc,
2879 5064 2963 5117 eui
2987 5065 3201 5130 quidem
3230 5060 3354 5119 ante
3380 5066 3559 5117 omnia

275 5173 462 5212 sensus
491 5155 555 5209 ad
584 5156 840 5209 amussim
868 5154 1025 5221 quad:
1039 5161 1090 5207 et
1117 5166 1338 5206 necesse
1369 5160 1487 5215 est;
1519 5165 1729 5217 semper
1762 5151 1831 5201 ob
1851 5150 2035 5202 oculos
2057 5149 2155 5202 sibi
2203 5148 2517 5204 charitatem
2558 5154 2985 5206 constituendam
3013 5156 3194 5222 ponit.
3224 5172 3381 5221 quam
3414 5156 3559 5209 Scri-

276 5261 441 5321 ptura!
482 5247 645 5303 totius
673 5246 833 5301 linem
873 5260 991 5299 esse
1028 5245 1187 5300 docet
1228 5246 1276 5295 in
1312 5243 1571 5309 psalmum
1612 5243 1964 5295 centesimum
2000 5240 2465 5309 quadragesimum
2497 5260 2510 5295 :
2544 5244 2805 5310 Quidquid
2842 5248 3131 5311 salubriter,
3165 5247 3355 5314 inquit,
3398 5259 3567 5299 metue

272 5342 572 5409 concipitur,
600 5338 806 5408 quiquid
829 5354 913 5391 ore
939 5338 1215 5407 profertur,
1244 5336 1318 5387 vel
1344 5336 1405 5387 tle
1440 5334 1654 5403 qualibet
1684 5333 1869 5403 pagina
1893 5333 2230 5398 exsculpitur,
2260 5350 2359 5386 non
2389 5333 2536 5387 habet
2573 5337 2726 5404 finem
2768 5338 2864 5390 nisi
2891 5340 3203 5393 charitatem.
3235 5341 3404 5408 Quam
3427 5341 3560 5394 doc--

275 5434 465 5486 trinam
501 5437 808 5498 sumpserat
852 5444 971 5481 cum
1003 5442 1066 5480 ex
1110 5425 1397 5495 Evangelio
1422 5466 1437 5489 ,
1467 5425 1554 5477 ubi
1601 5424 1918 5493 generaliter
1960 5439 1993 5477 a
2034 5424 2246 5479 Christo
2285 5428 2658 5493 pronuntiatur
2698 5429 2824 5483 illud
2858 5431 3112 5494 effatum,
3155 5432 3219 5485 lu
3258 5435 3333 5487 Itis
3360 5435 3556 5487 duobus

272 5524 524 5579 nsandatis
543 5524 772 5577 uniuersa
790 5523 896 5575 Lex
917 5520 1097 5589 pendet
1122 5528 1167 5572 et
1196 5519 1467 5588 PrOphette
1492 5516 1703 5588 (Matth.
1727 5533 1858 5577 χιιι,
1886 5517 2009 5587 ιωε
2045 5528 2156 5571 tum
2182 5534 2247 5571 ex
2282 5516 2536 5586 Apostolo
2557 5564 2571 5584 ,
2604 5523 2901 5592 quojudice
2929 5528 3111 5593 priuno
3132 5528 3195 5580 ad
3218 5528 3559 5582 TimOlltctun

273 5620 441 5690 capite
464 5617 665 5686 primo,
696 5614 841 5667 Finis
861 5612 1097 5683 prwcepti
1126 5621 1198 5665 est
1222 5612 1445 5665 cbaritas
1471 5608 1673 5680 (ITim.
1703 5624 1740 5672 l,
1764 5606 1841 5680 5).
1873 5608 2039 5677 Hujus
2063 5610 2260 5679 regulm
2282 5611 2545 5666 bcnelicio
2569 5628 2759 5667 sensus
2779 5616 3084 5671 Christianis
3114 5620 3352 5671 moribus
3370 5635 3555 5687 parum

273 5724 560 5782 congruos.
586 5723 722 5777 quos
752 5706 988 5762 nonnulli
1020 5704 1349 5760 Psalmorum
1375 5702 1473 5756 loci
1496 5701 1729 5771 objicerc
1747 5700 1928 5754 animo
1955 5711 2202 5769 possent,
2234 5703 2413 5771 procul
2432 5705 2884 5761 amandat:verba
2903 5726 3021 5777 quae
3051 5711 3117 5764 ah
3140 5711 3426 5765 ulciscendi
3446 5714 3562 5767 libi-

272 5805 390 5861 dine
410 5802 675 5885 prolieisci
705 5810 863 5871 atque
885 5798 1141 5868 improbis
1164 5797 1382 5852 exitium
1401 5794 1683 5865 imprecari
1701 5794 1999 5860 videantur,
2027 5793 2180 5848 docet
2203 5794 2329 5849 nihil
2353 5795 2493 5850 aliud
2514 5812 2634 5853 esse
2657 5815 2815 5870 quam
2844 5803 3104 5857 malorum
3124 5804 3315 5876 quibus
3338 5806 3429 5867 illi,
3456 5806 3558 5860 nisi
