3956 6336
435 397 504 450 t5
1890 381 2283 443 PBEF’A‘HO.
3663 386 3730 446 η

433 505 793 575 corrigantur,
821 500 1085 557 ohrncndi
1109 508 1271 564 sunt,
1305 498 1615 570 prophetias
1653 515 1718 556 ac
1757 497 2134 569 przedictiones
2164 517 2179 553 :
2210 496 2426 553 Davidis
2461 507 2583 552 vota
2632 495 2891 554 adversus
2935 497 3180 556 inimicos
3222 515 3349 557 suos
3375 500 3654 558 meliorem
3683 505 3738 561 in

435 610 639 668 partem
670 595 976 664 accipienda
997 637 1013 661 ,
1037 595 1217 671 ibique
1254 608 1442 665 preces
1469 594 1662 663 quibus
1684 593 1788 648 viri
1815 594 1985 647 sancti
2031 602 2344 664 peccatores
2390 591 2500 646 Deo
2537 591 2960 656 commendant,
3001 592 3413 664 intelligendas:
3441 593 3741 650 locutiones

436 694 573 758 illas.
603 693 752 763 queis
775 691 1116 746 adversarios
1144 703 1270 744 suos
1289 687 1579 752 confundi,
1606 684 1804 743 cadere
1821 728 1836 753 ,
1865 686 2134 756 prosterni
2160 685 2339 755 petit,
2361 684 2589 740 obscura
2631 683 2865 755 quadam
2904 685 3113 740 ratione
3145 695 3484 754 peccatorum
3506 701 3740 742 conver-

435 789 642 842 sionem
685 801 746 838 ac
775 784 1143 854 imiiitentiam
1176 782 1411 837 indicare
1438 800 1453 836 :
1477 783 1522 835 si
1561 779 1775 850 quando
1803 779 1990 834 hostes
2015 780 2232 834 vincere
2269 787 2366 833 aut
2390 778 2458 832 ab
2503 777 2706 833 eisdem
2737 776 2953 832 liberari
2979 778 3160 848 cupiat
3180 817 3196 843 ,
3253 793 3436 834 revera
3465 781 3742 836 orationes

434 894 578 941 esse,
602 894 670 930 ne
697 880 749 931 in
776 876 1160 930 tentationibus
1185 871 1496 929 succumbat
1524 889 1539 926 :
1569 872 1803 942 denique
1832 886 1930 941 per
1970 872 2216 926 inimicos
2265 871 2508 934 Davidis,
2540 886 2646 924 non
2691 870 2965 926 daemones
3015 879 3220 927 tantum
3261 880 3353 925 aut
3391 883 3740 943 peccatores,

435 973 528 1027 sed
559 981 613 1027 et
639 972 766 1026 vitia
789 979 947 1040 atque
973 971 1135 1024 animi
1164 969 1406 1034 affectus,
1429 967 1623 1038 quibus
1661 967 1916 1022 continuo
1954 966 2007 1020 in
2036 965 2118 1021 via
2145 966 2332 1020 salutis
2356 967 2748 1036 impugnamur,
2777 964 3068 1034 designari.

509 1063 619 1118 Hac
647 1063 834 1118 eadem
864 1062 1041 1133 regula
1070 1061 1390 1125 adducitur,
1411 1068 1469 1114 ut
1497 1059 1782 1129 petitiones
1823 1058 2318 1127 promissionesquc
2354 1056 2714 1117 Psalmornm,
2745 1072 2864 1125 qua:
2892 1056 2958 1110 ad
3001 1057 3181 1126 apices
3222 1055 3480 1128 esposita:
3525 1059 3742 1113 nonnisi

436 1155 747 1224 temporalia
776 1154 911 1212 bona
941 1153 1265 1223 significant.
1297 1151 1511 1207 mternis
1553 1151 1922 1206 accommodet
1949 1169 1962 1205 :
1992 1165 2112 1221 quae
2158 1149 2227 1204 de
2250 1150 2503 1204 exteriori
2533 1151 2788 1203 virtutum
2835 1150 3091 1204 exercitio
3121 1151 3534 1222 prmeipiunutr,
3557 1151 3626 1206 ad
3656 1153 3743 1207 in-

438 1249 689 1299 teriorem
738 1247 987 1312 pietatem
1027 1243 1352 1297 transferat:
1395 1243 1608 1298 demum
1662 1241 1985 1310 ubicumque
2029 1240 2255 1309 templi,
2304 1241 2617 1296 elevationis
2665 1241 2942 1296 oculorum
2969 1283 2985 1306 ,
3031 1242 3543 1308 clamoris,canuci
3570 1247 3739 1314 novi,
3774 1273 3776 1275 >

439 1337 614 1390 laudis
633 1338 834 1391 mentio
863 1336 918 1390 lit
936 1377 951 1402 ,
982 1351 1079 1390 nos
1105 1335 1226 1394 inde
1247 1335 1312 1387 ad
1341 1337 1534 1389 mentis
1560 1344 1614 1388 et
1633 1333 1811 1388 cordis
1837 1333 2149 1389 atlectiones
2177 1347 2242 1387 ac
2269 1342 2467 1398 motus,
2491 1331 2559 1387 ad
2590 1333 2748 1388 vitam
2786 1350 3000 1400 novam,
3030 1350 3239 1391 necnon
3273 1335 3339 1389 ad
3369 1351 3593 1407 operum
3621 1355 3743 1409 qua:

435 1430 575 1482 Deus
598 1429 647 1481 in
679 1443 828 1482 suam
853 1426 1074 1498 gloriam
1102 1426 1297 1481 cedere
1317 1427 1487 1495 jubet,
1517 1427 1854 1481 sanctitatem
1888 1425 2152 1482 traducat.

504 1521 992 1590 Utexpeditiorcm
1036 1519 1188 1575 nobis
1216 1519 1418 1575 aditum
1470 1519 1534 1573 ad
1565 1533 1755 1573 sensus
1809 1519 1932 1573 illos
1973 1519 2308 1576 insinuanda;
2349 1517 2532 1588 pietati
2582 1518 2717 1573 adeo
2764 1517 3131 1575 conducibiles
3174 1529 3415 1592 pararet,
3455 1519 3597 1578 viam
3629 1540 3739 1580 non

434 1614 604 1684 potuit
625 1615 756 1670 inire
783 1614 1001 1683 majoris
1042 1612 1376 1684 compendii,
1405 1628 1564 1683 quam
1602 1612 1647 1666 si
1672 1614 1977 1681 loquentem
2028 1610 2243 1667 Davidis
2276 1625 2370 1665 ore
2409 1608 2691 1665 Dominum
2735 1608 2916 1666 Jcsum
2967 1611 3278 1676 induceret,
3309 1623 3466 1684 prout
3505 1615 3582 1671 illi
3613 1631 3739 1672 cum

435 1706 687 1762 Veterum
717 1721 843 1761 usus
863 1747 879 1771 ,
911 1715 1021 1761 tum
1052 1707 1135 1761 vel
1161 1706 1392 1760 maxime
1415 1705 1771 1775 quorumdam
1798 1705 2043 1759 locorum
2076 1720 2107 1759 e
2135 1703 2364 1759 Psalmis
2402 1704 2454 1756 in
2479 1702 2630 1758 Novo
2654 1703 3002 1759 Testamento
3033 1704 3167 1758 faeta
3203 1705 3576 1776 interpretatio
3604 1725 3742 1777 prmo

434 1799 758 1855 scribebant.
787 1797 1148 1854 Tertullianus
1187 1800 1242 1853 in
1283 1797 1422 1853 libro
1449 1792 1706 1853 adversus
1733 1796 1996 1853 Praxeam
2020 1797 2206 1852 scribit
2236 1815 2250 1850 :
2285 1795 2392 1852 Sed
2428 1806 2476 1852 et
2505 1814 2678 1851 omnes
2723 1814 2855 1868 pene
2887 1795 3085 1852 Psalmi
3106 1795 3300 1854 Christi
3325 1815 3594 1870 personant
3619 1817 3740 1857 sus-

435 1897 628 1959 tinent,
661 1891 710 1946 F
709 1892 854 1946 ilium
878 1891 946 1945 ad
975 1890 1203 1957 Patrem,
1233 1892 1288 1946 id
1312 1900 1387 1946 est
1417 1890 1675 1946 Christum
1696 1891 1765 1945 ad
1809 1891 1968 1945 Deum
2009 1893 2156 1948 verba
2182 1894 2448 1962 facientem
2485 1904 2846 1962 reprwsentaut
2873 1894 3037 1966 (Cap.
3071 1895 3192 1967 ll).
3223 1895 3584 1970 Hieronymus
3620 1900 3740 1971 epi-

436 1986 572 2041 stola
605 1987 671 2040 ad
713 1986 990 2041 Paulinum
1023 2004 1037 2040 :
1065 1984 1245 2049 David,
1270 1984 1560 2039 Simonides
1586 1996 1775 2051 noster,
1813 1983 2077 2041 Pindarus
2113 1996 2162 2041 et
2195 1987 2431 2052 Alaeus,
2463 1986 2682 2042 Flaccus
2719 2005 2947 2059 quoque,
2993 1987 3237 2054 Catulus.
3281 1999 3433 2062 atque
3470 1991 3697 2050 Serenus
3717 2035 3738 2059 ,

435 2075 697 2133 Christum
723 2078 839 2147 lyra
881 2085 1116 2147 personat
1141 2075 1330 2147 (Epist.
1362 2074 1508 2146 105).
1535 2075 1767 2132 Hilarius
1788 2093 1916 2130 vero
1967 2076 2021 2132 in
2071 2076 2289 2147 prologo
2334 2092 2430 2131 suo
2456 2077 2522 2130 ad
2551 2077 2794 2133 Psalmos
2835 2079 2885 2133 id
2929 2079 3101 2150 ipsum
3133 2081 3316 2135 multis
3352 2085 3738 2154 prosequitur,

435 2171 616 2240 ibique
636 2169 908 2225 contendit
937 2169 1176 2224 Psalmos
1207 2169 1490 2224 universos
1508 2169 1793 2240 allegoricis
1821 2179 1867 2223 et
1895 2170 2081 2241 typicis
2105 2180 2365 2224 contextus
2394 2187 2500 2224 esse
2519 2170 2784 2224 virtutibus
2804 2213 2820 2237 ,
2847 2188 2966 2243 qua:
2989 2172 3056 2227 ad
3080 2171 3354 2229 Christum
3379 2177 3687 2246 pertineant
3695 2195 3724 2262 δ

432 2262 550 2329 ejus
587 2261 901 2324 adventum,
927 2261 1346 2315 incarnationem
1371 2302 1384 2323 ,
1435 2261 1737 2330 passionem
1759 2300 1776 2327 ,
1802 2261 2249 2317 resurrectionem
2299 2261 2528 2332 denique
2575 2278 2638 2316 ac
2658 2261 2918 2332 judicium
2945 2305 2960 2327 ,
2990 2265 3267 2321 materiam
3310 2284 3525 2324 omnem
3567 2261 3738 2326 sacris

438 2352 584 2410 hisce
606 2353 843 2409 Canticis
871 2352 1242 2422 suppeditare;
1273 2350 1586 2407 eorunrdem
1620 2353 1995 2422 mysteriorum
2020 2349 2177 2408 fidem
2205 2342 2362 2407 clavis
2390 2353 2668 2421 cujusdam
2701 2356 2862 2409 veluti
2895 2359 3011 2411 vice
3039 2356 3184 2426 fungi
3209 2399 3225 2422 ,
3257 2359 3376 2413 sine
3401 2360 3552 2429 cujus
3573 2379 3739 2433 opera
3775 2382 3782 2388 ν

431 2464 678 2505 accessus
703 2448 769 2503 ad
799 2449 1133 2503 Psalmorum
1162 2447 1566 2515 intelligentiam
1606 2447 1675 2500 sit
1702 2447 2039 2500 interclusus.
2076 2446 2129 2501 Id
2175 2448 2422 2501 similiter
2455 2448 2780 2514 Augustinus
2823 2449 2874 2502 in
2926 2449 3030 2504 illis
3071 2450 3404 2517 explicandis
3457 2469 3732 2526 nunquam

437 2559 543 2598 non
590 2542 857 2606 inculcat,
885 2549 943 2596 ut
968 2542 1126 2595 etiam
1155 2539 1270 2609 ipse
1297 2553 1575 2593 necessum
1605 2537 1797 2593 habeat
1842 2538 2184 2607 repetitiones
2228 2553 2355 2594 suas
2398 2538 2661 2594 interdum
2707 2553 2995 2606 excusare,
3040 2540 3199 2611 hujus
3234 2543 3430 2614 regula:
3459 2546 3740 2604 utilitatem

435 2650 645 2690 necnon
692 2634 834 2687 illius
881 2633 1046 2702 probe
1090 2629 1447 2701 intelligenda:
1495 2631 1872 2686 necessitatem
1924 2628 1978 2684 in
2022 2629 2258 2684 medium
2303 2628 2600 2698 proferens.
2626 2630 2755 2697 Ejus
2780 2629 2855 2683 rei
2897 2641 3209 2700 argumenta
3239 2633 3543 2700 producite
3569 2637 3741 2692 sacris

432 2726 724 2781 tiodicibus
753 2727 916 2796 petita
945 2743 958 2779 :
989 2725 1146 2795 quale
1169 2734 1274 2786 est,
1297 2722 1445 2778 verbi
1475 2723 1666 2794 gratia,
1698 2723 1828 2777 illud
1843 2721 2040 2777 Christi
2068 2723 2466 2792 pronuntiatum
2486 2763 2502 2784 .
2528 2719 2746 2775 Necesse
2773 2731 2846 2777 est
2868 2722 3070 2792 impleri
3088 2724 3259 2778 omnia
3278 2740 3392 2794 qua
3409 2726 3598 2796 scripta
3623 2737 3742 2782 sunt

425 2823 484 2875 in
506 2823 612 2890 tege
637 2819 835 2890 Moysi,
861 2829 907 2874 et
939 2818 1231 2888 Prophetis,
1255 2825 1300 2870 et
1325 2815 1546 2870 Psalmis
1576 2815 1640 2869 de
1677 2831 1759 2870 me
1792 2814 1939 2884 (Luc.
1971 2827 2097 2868 xxrv
2121 2855 2136 2879 ,
2169 2814 2287 2883 44).
2312 2813 2528 2882 Repetit
2559 2813 2889 2883 frequentius
2931 2814 3184 2870 Davidem
3228 2815 3429 2871 Christi
3477 2833 3542 2872 ex
3571 2818 3739 2888 ipsius

429 2913 638 2968 semine
666 2912 920 2967 nascituri
949 2911 1169 2980 figuram
1191 2923 1380 2981 gerere
1404 2947 1419 2973 ,
1449 2907 1616 2976 ipsius
1644 2922 1838 2960 nomen
1883 2905 2269 2976 signiﬁcatione
2296 2920 2392 2959 sua
2417 2901 2688 2959 Christum
2733 2904 3033 2974 designare,
3064 2905 3164 2959 sub
3187 2921 3294 2976 quo
3322 2908 3482 2962 etiam
3514 2910 3734 2964 nomine

434 3006 577 3058 hunc
600 3019 630 3054 a
664 3002 844 3056 multis
873 3001 1267 3070 PrOphetarum
1299 2998 1669 3053 annnntiatnm
1700 3005 1944 3063 constat;
1974 3013 2082 3051 non
2124 3011 2290 3066 pauca
2324 3010 2445 3052 esse
2471 3012 2594 3067 qua:
2625 2996 2807 3051 Davidi
2842 2998 3011 3065 aptari
3055 3010 3321 3068 nequeant
3351 3017 3364 3054 :
3389 3000 3531 3069 quod
3561 3001 3736 3070 ipsum

431 3094 540 3166 jam
562 3102 686 3148 ante
711 3094 922 3162 plurimi
970 3095 1263 3162 scriptorcs
1308 3090 1604 3144 doctissimi
1648 3089 2135 3144 animadverteram
2157 3132 2171 3154 ,
2199 3090 2429 3145 maxime
2460 3091 2511 3142 in
2544 3090 2779 3158 psalmos
2804 3091 3255 3160 septuagesimum
3275 3100 3327 3148 et
3347 3093 3735 3163 octogesimum

431 3194 721 3250 octavum;
754 3195 913 3256 atque
957 3184 1092 3240 adeo
1132 3185 1359 3254 ipsemet
1401 3183 1781 3253 Apostolorum
1830 3182 2086 3253 Princeps
2136 3183 2187 3236 in
2234 3183 2462 3238 Actnum
2503 3197 2554 3238 c.
2585 3185 2651 3247 2,
2699 3183 2733 3251 ᾗ
2759 3220 2773 3237 .
2797 3183 2868 3238 25
2891 3226 2905 3247 .
2938 3184 3024 3240 ubi
3077 3184 3250 3239 locum
3285 3200 3448 3240 unum
3473 3200 3506 3241 e
3529 3186 3740 3255 psalmo

431 3283 622 3347 quinto
646 3276 858 3332 decimo
886 3277 1070 3333 refert.
1097 3278 1361 3333 Observat
1392 3275 1607 3332 tandem
1628 3274 1898 3332 Christum
1927 3288 1961 3331 e
2000 3289 2164 3332 cruce
2192 3274 2518 3346 pendentem
2562 3273 2692 3345 ipsis
2735 3275 3065 3330 Psalmornm
3109 3277 3331 3333 vocibus
3361 3292 3515 3334 usum
3535 3318 3554 3344 ,
3584 3278 3739 3350 quasi

435 3370 563 3425 illud
586 3383 685 3424 nos
710 3370 900 3425 docere
931 3370 1222 3436 voluisset,
1249 3369 1469 3424 eosdem
1490 3383 1649 3425 causa
1678 3383 1774 3423 sua
1798 3367 1966 3423 fuisse
1990 3367 2239 3440 scriptos.
2275 3367 2471 3424 Verum
2497 3383 2621 3424 cum
2644 3384 2748 3423 non
2771 3384 2959 3439 pauca,
2990 3386 3112 3440 quae
3156 3371 3224 3426 ab
3251 3372 3419 3441 ipsius
3445 3375 3732 3430 sanctitate

433 3462 783 3526 abhorreant,
816 3461 886 3516 ibi
915 3461 1178 3531 legantur,
1210 3468 1392 3515 monet
1414 3459 1646 3516 subinde
1675 3459 1863 3513 beatus
1892 3459 2090 3514 Doctor
2113 3475 2180 3513 ne
2209 3457 2478 3513 Cbristu‘m
2511 3466 2764 3529 tanquam
2793 3469 3103 3530 separatum
3126 3477 3156 3516 a
3179 3462 3436 3519 membris
3460 3464 3610 3534 suis,
3632 3465 3738 3522 hoc

440 3563 520 3607 rst
561 3551 876 3608 Christianis
897 3594 909 3618 ,
943 3551 1363 3614 consideremus;
1386 3551 1480 3606 sed
1509 3560 1762 3620 tanquam
1792 3549 2044 3604 universo
2068 3549 2324 3605 Ecclesia:
2353 3549 2605 3619 corpori,
2634 3549 2787 3620 cujus
2835 3560 2996 3620 caput
3038 3561 3156 3616 est,
3206 3555 3423 3609 vinculo
3465 3571 3740 3627 nunquam

437 3643 785 3700 dissolvendo
812 3646 1158 3713 conjunctnm
1188 3664 1202 3698 :
1232 3644 1376 3700 unde
1396 3644 1489 3710 fit,
1516 3653 1575 3698 ut
1601 3644 1941 3699 inﬁrmitates
1973 3651 2206 3704 nostras.
2239 3645 2374 3699 mala
2399 3655 2558 3715 atque
2587 3655 2804 3714 peccata
2826 3645 2929 3700 sibi
2955 3646 3258 3716 adscribat;
3285 3651 3741 3722 quemadmodum

441 3739 493 3791 in
524 3737 730 3808 psalmo
759 3736 1020 3807 vigesimo
1047 3736 1216 3805 primo
1238 3778 1251 3796 ,
1283 3736 1433 3804 cujus
1463 3736 1640 3791 verbis
1661 3736 1716 3790 in
1743 3736 1993 3805 passione
2025 3751 2117 3790 sua
2150 3735 2405 3805 loquitur,
2436 3737 2785 3794 advertimus.

527 3833 651 3888 Vias
680 3835 976 3902 Augustino
1008 3835 1142 3888 mire
1170 3833 1503 3902 ingeniosus,
1534 3833 1726 3903 quibus
1749 3834 2018 3887 Christum
2053 3831 2154 3887 sub
2188 3833 2350 3886 variis
2377 3833 2670 3888 rationibus
2699 3833 2751 3888 in
2778 3833 3004 3890 Psalmis
3033 3834 3404 3890 adumbratam
3433 3836 3743 3908 deprehen-

440 3926 591 3979 deret
618 3926 1016 3996 detegeretque,
1043 3926 1286 3994 ejusdem
1311 3924 1510 3981 Christi
1537 3924 1772 3980 charitas
1801 3925 2136 3996 suggerebat.
2168 3925 2284 3980 Non
2317 3938 2493 3982 tamen
2522 3925 2773 3984 iverimus
2800 3928 3026 3995 inﬁcias,
3054 3930 3180 3999 quin
3210 3929 3453 3996 Veteres,
3484 3946 3513 3986 a
3544 3930 3743 4002 quibus

439 4033 722 4076 excussum
746 4021 859 4090 jam
889 4018 1061 4075 fuerat
1088 4019 1228 4075 idem
1255 4029 1646 4089 argumentum,
1677 4018 1935 4089 plurimos
1959 4035 2024 4073 ac
2049 4019 2336 4089 praeclaros
2360 4034 2568 4082 sensus.
2596 4019 2687 4091 qui
2717 4020 2818 4075 sub
2846 4021 3130 4090 figurarum
3162 4023 3452 4080 involucris
3481 4025 3738 4090 latebant,

443 4113 498 4172 in
530 4115 698 4168 lucem
730 4114 1065 4168 extulissent.
1110 4117 1181 4168 At
1217 4114 1260 4168 si
1308 4112 1468 4182 hujus
1513 4112 1834 4181 illorumque
1877 4113 2359 4168 commentationes
2404 4112 2545 4167 inter
2585 4127 2644 4168 se
2690 4114 3036 4170 Conferantur
3055 4156 3077 4178 ,1
3105 4124 3214 4170 tum
3257 4116 3583 4187 intelligetur
3615 4133 3739 4173 eum

443 4210 739 4278 smpissimc
783 4211 867 4264 vel
912 4194 1165 4280 majorem
1211 4209 1384 4263 lucem
1423 4209 1615 4264 afferre
1657 4207 1843 4264 iisdem
1875 4207 2177 4279 mysteriis.
2207 4209 2287 4261 vel
2318 4206 2476 4261 etiam
2503 4192 2675 4270 nova,
2708 4225 2827 4278 qua:
2867 4209 2938 4263 illi
2970 4225 3273 4280 quanquam
3321 4228 3426 4266 non
3471 4213 3739 4270 diversam

444 4302 753 4358 methodum
787 4304 952 4356 secuti
986 4303 1437 4372 pnetermiserant
1456 4344 1470 4367 ,
1503 4301 1771 4356 evolvere.
1808 4299 1992 4369 Neque
2015 4315 2144 4355 vero
2171 4301 2553 4370 Hieronymum
2582 4302 2634 4356 in
2661 4302 2885 4372 epistola
2909 4319 3003 4358 sua
3029 4304 3102 4358 92
3123 4345 3138 4368 ,
3169 4321 3289 4375 qua:
3319 4306 3459 4360 inter
3485 4306 3739 4372 Augusti~

445 4399 629 4452 nianas
655 4397 723 4451 '72
759 4408 1068 4453 numeratur
1088 4440 1101 4460 ,
1133 4397 1278 4452 aliud
1313 4397 1412 4451 sibi
1451 4395 1684 4450 voluisse
1712 4394 2136 4458 crediderimus,
2166 4395 2254 4448 ubi
2297 4405 2575 4463 postquam
2617 4403 2843 4451 testatus
2881 4407 2998 4461 est,
3028 4397 3072 4451 si
3103 4398 3296 4454 dixerit
3325 4415 3431 4454 non
3462 4400 3740 4456 defuturos

447 4490 577 4547 forte
606 4494 692 4562 qui
740 4493 887 4548 libris
930 4492 1048 4558 ejus
1090 4501 1269 4545 notam
1319 4491 1523 4544 illinant
1568 4489 1905 4549 censoriam,
1948 4504 2069 4542 cum
2116 4487 2287 4556 ipsum
2336 4501 2549 4558 quoque
2600 4489 2940 4558 Evangelinm
2990 4491 3152 4560 impio
3195 4493 3525 4561 perditorum
3577 4492 3740 4549 dente

450 4585 768 4648 mordeatur,
801 4585 928 4639 illud
956 4601 1056 4638 non
1083 4599 1148 4639 eo
1173 4599 1231 4639 sc
1252 4583 1471 4646 dixisse,
1497 4583 1634 4652 quod
1659 4585 1713 4635 in
1734 4580 1966 4652 operibus
1991 4582 2107 4644 tuis,
2135 4580 2326 4649 inquit,
2355 4580 2587 4651 quadam
2610 4582 3024 4651 reprehendendo
3040 4586 3156 4655 jam
3178 4602 3408 4640 censeam
3429 4601 3448 4640 :
3468 4586 3741 4658 subjungit

448 4675 509 4729 .le
534 4677 931 4731 commentariis
955 4676 1069 4745 ejus
1098 4676 1149 4730 in
1177 4675 1418 4730 Psalmos
1437 4717 1453 4741 ,
1480 4690 1601 4730 esse
1631 4673 1916 4730 nonnullos
1955 4672 2094 4743 apud
2125 4689 2183 4727 se
2214 4674 2402 4745 (erant
2432 4674 2467 4727 ii
2497 4671 2719 4728 forsitan
2751 4675 3023 4732 breviores
3051 4678 3330 4732 Tractatns
3359 4694 3522 4750 super
3553 4681 3741 4749 primis

446 4767 657 4836 triginta
688 4768 896 4835 duobus
927 4761 1143 4836 psalmis
1180 4767 1269 4821 diu
1311 4777 1433 4820 ante
1471 4782 1667 4820 annum
1700 4767 1803 4820 ili
1823 4808 1836 4829 ,
1866 4765 1940 4819 uti
1968 4765 2079 4834 jam
2106 4766 2449 4819 observatum
2481 4767 2635 4822 nobis
2664 4778 2746 4821 est
2766 4809 2781 4830 ,
2814 4771 3134 4836 compositi,
3168 4772 3277 4826 imo
3302 4773 3463 4827 etiam
3495 4772 3741 4828 fortassis

446 4871 567 4914 ante
595 4861 696 4915 404
716 4903 731 4925 ,
762 4847 875 4930 qui?
897 4861 1108 4916 circiter
1133 4877 1273 4913 anno
1307 4863 1502 4929 scripta
1537 4860 1630 4913 fuit
1659 4859 1846 4914 eadem
1889 4857 1977 4911 illa
2014 4857 2272 4927 epistola)
2291 4899 2308 4920 ,
2348 4873 2473 4929 quos
2493 4898 2508 4924 ,
2540 4861 2713 4928 pergit
2742 4860 3102 4932 Hieronymus
3124 4905 3138 4927 ,
3169 4864 3214 4918 si
3252 4865 3429 4918 uellem
3468 4864 3739 4932 discutere,

448 4972 545 5008 non
572 4956 757 5021 dicam,
787 4973 821 5008 a
845 4972 944 5021 me,
972 4959 1055 5024 qui
1081 4956 1207 5008 nihil
1231 4972 1362 5016 sum,
1391 4955 1479 5009 sed
1503 4971 1534 5005 a
1558 4963 1774 5007 ueterum
1804 4951 2095 5007 ercorum
2121 4951 2611 5020 interpretationibus
2636 4952 2862 5008 docerem
2888 4955 3194 5026 discrepare.
3220 4956 3448 5024 Quidam
3471 4958 3740 5013 recentior

445 5049 638 5102 asserit
680 5048 782 5103 hoc
826 5049 944 5101 loco
981 5045 1366 5118 Hieronymum
1404 5046 1703 5116 improbare
1732 5060 1849 5099 eam
1881 5044 2172 5110 rationem,
2203 5059 2305 5112 qua
2336 5044 2696 5113 Augustinus,
2727 5045 2910 5100 relicta
2950 5046 3175 5101 aliorum
3217 5048 3429 5102 Patrum
3459 5049 3736 5111 methodo,

449 5142 689 5196 Psalmos
725 5151 807 5195 est
849 5141 1241 5210 interpretatus.
1292 5142 1355 5193 At
1381 5139 1739 5210 Hieronymus
1759 5179 1773 5202 ,
1805 5137 2025 5207 epistola
2058 5151 2150 5190 sua
2180 5137 2250 5190 75
2280 5136 2419 5190 inter
2444 5137 2886 5207 Augustinianas,
2920 5154 3024 5192 non
3057 5140 3228 5194 multo
3255 5150 3378 5210 post
3403 5141 3738 5211 superiorem

443 5232 590 5298 «iam,
617 5248 679 5288 se
704 5233 817 5302 ipse
843 5230 1178 5286 commodius
1205 5231 1433 5300 explicat
1462 5249 1474 5284 :
1505 5231 1634 5285 satis
1660 5229 1858 5301 quippe
1886 5227 2058 5282 innuit
2085 5242 2190 5282 non
2221 5217 2325 5281 alio
2351 5236 2621 5297 spectasse
2659 5239 2952 5284 memorata
2983 5231 3142 5285 verba
3164 5252 3190 5294 ,υ
3211 5247 3370 5301 quam
3403 5241 3463 5286 ut
3489 5234 3739 5304 Augusti-

449 5329 664 5378 niannm
688 5333 1081 5394 argumentum,
1109 5339 1214 5394 quo
1238 5334 1356 5393 post
1381 5323 1721 5393 Septuaginta
1751 5323 2097 5391 interpretum
2121 5321 2454 5382 Versionem,
2483 5337 2542 5376 ea
2568 5339 2724 5393 quam
2751 5323 2992 5378 ediderat
3019 5324 3218 5380 inutilis
3246 5340 3366 5381 esse
3395 5327 3738 5396 arguebatur,

447 5419 692 5473 dilueret.
723 5419 883 5488 igitur
910 5418 1233 5487 propositum
1261 5417 1508 5471 dilen‘ma
1541 5425 1812 5486 retorquet
1851 5416 1901 5469 in
1935 5414 2075 5468 hunc
2103 5412 2317 5467 modum
2346 5431 2359 5467 :
2393 5414 2713 5483 Respondeat
2742 5415 2865 5469 mihi
2895 5415 3165 5486 prudentia
3203 5427 3320 5481 tua,
3351 5433 3507 5489 quare
3544 5427 3600 5472 tu
3627 5426 3739 5489 post

445 5523 613 5566 (avitos
637 5523 686 5566 et
712 5514 834 5568 tales
860 5512 1151 5583 interpretes
1177 5511 1229 5564 in
1255 5511 1611 5583 explanatione
1639 5509 1958 5564 Psalmorum
1989 5508 2185 5562 diversa
2208 5509 2422 5562 senseris
2442 5510 2467 5562 ?
2498 5509 2555 5562 Si
2583 5511 2715 5564 enim
2743 5510 2942 5564 obscuri
2970 5519 3090 5565 sunt
3121 5509 3314 5588 Psalmi
3333 5551 3350 5577 ,
3383 5521 3431 5565 te
3465 5529 3661 5581 quoque
3685 5514 3738 5566 in

449 5607 521 5656 eis
547 5604 660 5673 falli
688 5605 907 5674 potuisse
935 5604 1238 5659 credendum
1268 5615 1339 5658 est
1366 5619 1385 5658 :
1409 5605 1454 5658 si
1478 5603 1762 5672 manifesti,
1807 5603 1921 5656 illos
1955 5602 2007 5653 in
2042 5602 2111 5654 eis
2151 5601 2262 5668 {alii
2304 5603 2524 5670 potuisse
2565 5620 2665 5655 non
2706 5604 2926 5656 creditur
2949 5619 2967 5656 :
2994 5621 3054 5656 ac
3085 5622 3174 5672 per
3213 5606 3306 5657 hoc
3343 5615 3553 5676 utroque
3587 5609 3739 5659 modo

449 5699 713 5768 superﬂua
734 5700 827 5754 erit
847 5701 1190 5770 interpretatio
1217 5709 1300 5751 tua
1322 5717 1341 5753 :
1366 5709 1410 5752 et
1436 5701 1531 5752 hac
1560 5698 1666 5770 lege
1692 5705 1801 5768 post
1832 5697 2022 5767 priores
2047 5712 2190 5748 nemo
2215 5696 2349 5764 loqui
2377 5695 2615 5762 audebit;
2641 5706 2689 5752 et
2714 5701 3062 5767 quodcumque
3083 5699 3217 5752 alius
3241 5699 3578 5769 occupaverit,
3604 5701 3737 5757 alius

454 5796 518 5848 de
540 5807 601 5846 eo
628 5791 874 5848 scribendi
901 5810 1002 5849 non
1032 5793 1226 5848 habebit
1251 5789 1522 5848 licentiam.
1556 5791 1624 5848 Et
1650 5801 1794 5847 certe
1824 5791 1876 5844 in
1907 5799 2091 5844 neutra
2121 5789 2462 5857 epistolarum
2506 5791 2572 5844 de
2609 5801 2862 5847 consueta
2903 5794 3109 5850 ratione
3138 5795 3438 5865 exponendi
3471 5796 3733 5861 Psalmos.
