3956 6350
208 479 268 534 η
1650 471 2036 531 PREFATIO.
3376 494 3385 502 ’
3428 488 3502 547 ts

205 608 271 649 ne
293 591 506 649 verbum
534 590 774 662 quidem.
818 589 972 660 Quod
1013 590 1061 646 si
1101 588 1339 649 laborem
1385 591 1663 661 Augustini
1710 591 1774 645 ad
1806 606 2033 647 examen
2063 606 2317 648 revocare
2356 592 2681 666 Hieronymo
2720 598 2995 667 libuisset,
3036 601 3161 659 huic
3186 604 3306 661 sine
3329 605 3495 662 duino

202 684 553 741 occurrissent
578 683 615 741 ii
638 697 865 750 sensus,
897 698 1031 752 quos
1053 683 1192 755 apud
1221 684 1553 753 antiquiores
1582 701 1685 737 non
1719 683 2009 753 reperisset
2036 702 2049 742 :
2076 699 2413 755 nequaquam
2444 703 2573 743 vero
2600 689 2703 745 alia
2732 689 3048 761 methodus;
3077 698 3293 767 quando
3320 699 3495 754 eidem

198 777 414 834 sdltesit
438 785 658 833 sanctus
674 776 934 843 Antistes,
962 791 1122 846 quam
1145 770 1398 843 Hilarius,
1425 774 1742 830 Ambrosius
1761 784 1819 831 et
1842 776 2022 831 caeteri
2050 792 2184 847 quos
2209 777 2389 851 laudat
2410 778 2788 851 Hieronymus,
2813 794 2965 841 erant
2989 787 3178 841 secuti.
3204 787 3297 843 Sin
3324 790 3498 858 agitur

200 873 263 928 de
288 870 443 928 modo
484 871 755 929 sermonis
799 872 964 927 divini
992 872 1275 944 allegorice
1303 888 1368 929 ac
1404 873 1680 929 moraliter
1720 872 2088 937 edisserendi,
2129 869 2248 944 quis
2285 884 2458 944 potest
2499 891 2621 931 eum
2670 876 2960 934 universim
3006 880 3341 949 vituperare;
3371 898 3497 938 cum

200 965 375 1020 eodem
404 972 461 1020 et
482 964 665 1020 caeteri
692 965 879 1021 Patres
906 980 1031 1020 cum
1060 966 1378 1037 Augustino,
1405 966 1719 1039 etipsemet
1746 966 2101 1038 Hieronymus
2131 983 2237 1021 non
2268 984 2390 1022 raro
2417 985 2544 1024 usus
2578 968 2759 1030 fuerit.
2793 973 3085 1028 secundum
3113 974 3491 1043 Apostolorum

196 1058 487 1128 exemplum
514 1068 677 1129 atque
706 1059 1047 1115 doctrinam?
1072 1059 1247 1117 Testis
1276 1069 1361 1117 est
1386 1060 1571 1117 beatus
1600 1060 1796 1115 Paulus
1814 1101 1829 1126 ,
1874 1075 2222 1131 quzecnmqne
2264 1060 2315 1114 in
2348 1061 2521 1117 Veteri
2551 1062 2893 1119 Testamento
2922 1076 3074 1136 gesta
3104 1079 3491 1134 memorantur,

196 1167 255 1209 ca
287 1152 478 1223 ﬁguras
504 1167 627 1209 esse
646 1195 662 1215 .
692 1152 962 1226 fuisseque
1092 1162 1329 1224 nostram
1360 1154 1747 1211 institutionem
1777 1155 1975 1224 scripta
2002 1154 2056 1223 (ι
2084 1153 2198 1208 Car.
2231 1172 2261 1209 x
2284 1197 2299 1221 ,
2331 1154 2419 1228 li)
2450 1173 2462 1205 :
2493 1156 2637 1226 atqui
2672 1156 2804 1211 facta
2846 1157 2935 1213 illa
2976 1158 3232 1229 pleraque
3267 1160 3493 1217 Psalmis

196 1247 462 1301 materiam
485 1245 850 1315 suppeditant,
882 1246 1091 1325 ipsique
1113 1247 1250 1303 adeo
1275 1248 1469 1305 Psalmi
1498 1248 1956 1317 metaplanrarum,
1984 1248 2349 1318 aanigmatunt,
2384 1264 2588 1303 necnon
2621 1249 3052 1319 pmplteticarum
3076 1251 3496 1323 descriptionum

201 1336 337 1408 pleni
362 1348 488 1393 sunt
517 1356 533 1395 :
560 1352 627 1394 ac
660 1337 885 1409 proinde
911 1338 1001 1410 qui
1034 1355 1130 1394 nos
1161 1341 1295 1394 intra
1322 1340 1579 1410 simplicis
1606 1340 1800 1394 littera:
1825 1340 2095 1410 angustias
2122 1356 2374 1395 coercere
2404 1341 2598 1407 vellet,
2632 1340 2677 1395 is
2706 1341 2919 1411 quidem
2952 1359 3050 1398 nos
3078 1346 3401 1415 deprimeret
3429 1347 3494 1400 ad

196 1430 548 1487 conditionem
573 1428 879 1488 Judzeorum
898 1471 917 1500 ,
944 1447 1080 1503 quos
1101 1446 1215 1488 suae
1237 1433 1473 1502 ipsorum
1498 1433 1721 1488 caacitati
1753 1432 1891 1487 Deus
1922 1432 2185 1501 permisit,
2217 1441 2272 1485 ut
2296 1431 2518 1487 videntes
2544 1449 2646 1487 non
2673 1433 2873 1486 videant
2904 1433 3051 1503 (Luc.
3085 1451 3171 1489 \‘lll
3194 1476 3207 1496 .
3238 1437 3349 1503 l0).

262 1524 430 1595 Atque
454 1523 575 1579 h:ce
602 1540 631 1577 a
659 1523 815 1579 nobis
840 1523 982 1580 dicta
1003 1524 1133 1591 sint,
1156 1530 1219 1580 ut
1240 1525 1535 1595 generatim
1558 1523 1839 1595 Augustini
1865 1523 2175 1578 metbodum
2202 1521 2552 1580 defendamus
2576 1542 2592 1581 :
2617 1525 2826 1579 tametsi
2859 1528 3023 1578 nostri
3052 1525 3258 1579 consilii
3293 1542 3396 1578 non
3422 1525 3495 1579 sit

197 1628 509 1691 extorquere
535 1618 609 1673 ab
634 1618 907 1685 omnibus,
936 1625 997 1672 ut
1018 1617 1104 1674 vel
1131 1617 1437 1673 levissimas
1464 1617 1701 1688 ejusdem
1731 1616 2019 1672 allusiones
2043 1613 2255 1682 eadem,
2282 1630 2384 1688 qua
2412 1632 2512 1671 nos
2538 1616 2662 1687 ipsi,
2697 1618 3038 1671 veneratione
3068 1626 3460 1687 prosequantur
3476 1635 3507 1673 ιλ

198 1709 324 1765 satis
348 1708 482 1775 erit,
512 1710 559 1764 si
590 1723 696 1765 non
736 1708 982 1781 indignas
1016 1710 1238 1765 materia
1277 1725 1397 1780 qua:
1435 1715 1726 1776 tractatur,
1761 1709 1901 1779 mqui
1942 1724 2121 1764 rerum
2164 1709 2521 1766 mstitnatores
2559 1708 2819 1781 judicent.
2861 1710 2973 1765 imo
3005 1727 3129 1765 vero
3166 1711 3209 1765 si
3244 1711 3496 1780 temporis

194 1798 399 1872 ingenio
418 1801 626 1855 servire
648 1816 711 1857 ac
729 1815 850 1857 sese
870 1798 1047 1872 plebis
1064 1802 1244 1872 captui
1265 1801 1675 1856 accommodare
1702 1815 1807 1855 non
1830 1800 2065 1856 novisset
2091 1800 2280 1856 beatus
2296 1800 2524 1866 Prazsul,
2549 1800 2618 1857 ab
2638 1818 2697 1855 ea
2720 1802 2927 1857 ratione
2949 1804 3138 1873 agendi
3161 1805 3493 1870 descivisset,

192 1910 343 1965 quam
372 1895 605 1964 ipsemet
627 1896 764 1950 Deus
782 1894 1001 1950 adhibet
1020 1894 1074 1950 in
1097 1896 1265 1952 sacris
1285 1894 1533 1961 Litteris;
1556 1892 1649 1949 ubi
1670 1894 1899 1966 Spiritus
1920 1903 2136 1949 sanctus
2158 1894 2373 1949 humani
2394 1894 2658 1950 sermonis
2681 1912 2885 1950 morem
2909 1908 3146 1966 usurpat,
3173 1898 3499 1954 humillimas

191 2002 423 2058 quasque
448 1987 662 2043 dicendi
688 1986 890 2042 formas
915 2002 1018 2043 non
1049 1986 1369 2059 repudians;
1398 1988 1487 2043 ubi
1515 1988 1673 2042 etiam
1694 2030 1709 2052 ,
1741 2002 1849 2059 quo
1874 1988 2129 2042 veritates
2162 1987 2229 2041 ad
2272 1987 2495 2043 salutem
2537 1989 2870 2044 necessarias
2911 1989 3215 2046 hominibus
3252 1992 3491 2059 instillet,

192 2079 495 2138 historicam
539 2079 854 2135 varietatem
892 2096 955 2135 ac
990 2079 1255 2152 poeticam
1289 2079 1654 2137 ammnitatem
1697 2096 1819 2135 cum
1870 2079 2345 2137 instrumentorum
2388 2081 2711 2136 musicorum
2759 2083 3020 2138 suavitate
3059 2084 3497 2155 Psalmorumquo

187 2182 340 2229 cantu
369 2175 668 2245 conjungit.
703 2174 975 2229 Patiamur
1002 2175 1181 2245 itaque
1209 2173 1561 2245 Augustinum
1591 2172 1863 2244 allegoriis
1899 2182 2060 2242 atque
2096 2174 2217 2230 aliis
2246 2174 2707 2231 observationibus
2731 2176 2807 2230 uti
2825 2188 2850 2243 ,'
2882 2175 3074 2247 quibus
3104 2193 3207 2230 non
3236 2176 3495 2247 imparem

190 2266 470 2322 arbitratur
497 2266 757 2337 populum
786 2281 977 2331 suum;
1010 2277 1065 2322 et
1096 2269 1209 2321 haec
1238 2278 1418 2321 nostra
1447 2282 1573 2322 cura
1600 2266 1702 2331 sit,
1734 2266 2132 2323 admirabilibus
2172 2269 2485 2338 incomptis,
2519 2285 2639 2341 qua:
2666 2270 2790 2325 inde
2818 2279 2971 2341 capta
3011 2272 3293 2326 occasione
3321 2271 3495 2327 eidem

190 2362 371 2429 tradit,
398 2362 774 2419 adbrerescere
802 2381 815 2417 :
849 2365 991 2434 quod
1022 2363 1196 2434 ipsum
1226 2364 1473 2437 similiter
1502 2364 1789 2418 observare
1829 2378 1928 2418 nos
1954 2364 2271 2431 conveniet,
2304 2364 2350 2417 si
2380 2363 2596 2434 quando
2622 2365 2865 2420 nonnihil
2894 2381 2926 2423 a
2954 2381 3079 2422 vera
3108 2366 3497 2437 signiﬁcatione

190 2451 591 2521 deﬂectentem,
616 2454 816 2524 optima
846 2464 1022 2509 tanten
1050 2456 1342 2525 prmcipere
1369 2462 1531 2525 atque
1559 2454 1624 2508 ad
1653 2453 1905 2524 pietatem
1935 2454 2165 2509 maxime
2190 2454 2532 2510 accommoda
2562 2457 2913 2525 reperiemus.

260 2546 525 2602 Caeterum
570 2548 641 2603 de
678 2548 1186 2603 commentariorum
1230 2548 1486 2601 horumce
1525 2548 1719 2602 merito
1758 2559 1866 2601 non
1910 2553 1993 2599 est
2036 2546 2484 2615 pronuntiandum
2525 2556 2831 2617 comparate
2875 2546 2941 2602 ad
2983 2548 3252 2604 ltebratum
3294 2559 3495 2606 textum

191 2636 527 2707 hodiernum,
550 2655 729 2711 neque
748 2640 909 2697 etiam
930 2638 998 2696 ad
1020 2639 1493 2711 Hieronymianum
1515 2656 1530 2702 ;
1558 2637 1771 2709 quando
1788 2638 2115 2707 Augustinus
2132 2636 2275 2694 LXX
2299 2638 2642 2709 interpretes,
2665 2640 2753 2709 qui
2777 2641 2912 2695 forte
2932 2638 3202 2696 hcbrmum
3223 2642 3499 2712 exemplar

190 2746 335 2804 a-que
362 2732 442 2788 vel
470 2733 636 2788 etiam
666 2733 835 2804 magis
859 2731 1202 2788 emendatum
1234 2732 1490 2799 habuere,
1524 2728 1827 2801 sequendos
1857 2730 1957 2785 sibi
1986 2730 2280 2803 proposuit.
2311 2729 2534 2786 Nescius
2560 2741 2641 2785 est
2670 2746 2831 2787 nemo
2870 2741 3126 2801 quantum
3166 2734 3497 2788 auctoritatis

190 2839 367 2879 eorum
410 2824 736 2881 traductioni
777 2825 889 2896 jam
930 2824 1054 2879 inde
1082 2840 1110 2878 a
1143 2825 1330 2895 primis
1368 2823 1697 2894 temporibus
1729 2824 1868 2879 Deus
1895 2822 2122 2878 voluerit
2157 2837 2278 2878 esse
2307 2822 2361 2876 in
2390 2821 2665 2888 Ecclesia;
2697 2832 2956 2893 quantum
2995 2825 3407 2880 existimationis
3444 2827 3503 2881 ei

188 2917 487 2986 pepererint
518 2916 801 2987 Apostoli,
832 2916 979 2971 illam
1016 2915 1069 2971 in
1097 2914 1231 2971 Novi
1262 2915 1590 2971 Testamenti
1634 2914 1842 2985 paginis
1879 2915 2292 2986 consignantes;
2342 2921 2599 2985 quantum
2647 2914 2883 2986 denique
2928 2917 3357 2973 testimoniorum
3396 2918 3495 2989 ipsi

190 3006 504 3075 ιποιιιιει-ἰιιι
546 3007 752 3063 eisdem
794 3008 1009 3073 verbis,
1056 3006 1250 3077 quibus
1293 3008 1345 3061 in
1386 3006 1701 3063 earumdem
1741 3004 2097 3076 interpretum
2140 3006 2391 3078 leguntur
2426 3005 2686 3062 Psalterio
2718 3023 2733 3063 :
2761 3021 2830 3063 ex
2858 3023 2964 3079 quo
2992 3008 3208 3080 quidem
3240 3009 3499 3067 Psalterio

189 3099 477 3157 Yersiones
503 3114 700 3156 omnes
725 3116 844 3171 quae
874 3100 1133 3156 hactenus
1165 3102 1216 3157 in
1245 3099 1485 3157 Ecclesia
1516 3099 1761 3167 valuere,
1786 3098 2041 3157 traducta:
2068 3110 2214 3158 sunt.

258 3190 363 3248 Sed
389 3192 611 3264 quando
640 3207 739 3248 nos
763 3192 869 3248 huc
893 3191 1114 3248 adduxit
1136 3191 1331 3259 oratio,
1362 3205 1510 3248 extra
1539 3194 1875 3265 prOpositum
1904 3209 2009 3250 non
2038 3192 2202 3250 luerit
2226 3192 2295 3249 de
2320 3193 2481 3249 variis
2508 3191 2614 3250 iliis
2639 3193 2989 3251 Versionibus
3015 3212 3181 3267 pauca
3207 3196 3495 3268 subjicere.

190 3286 547 3361 Hieronymus
573 3289 632 3347 in
655 3288 885 3364 epistola
913 3288 1019 3344 i55
1037 3330 1052 3353 ,
1085 3287 1151 3343 ad
1180 3287 1436 3345 Sanniam
1469 3298 1523 3345 et
1549 3288 1847 3356 Fretelam,
1876 3287 2158 3344 occasione
2187 3285 2539 3359 quorumdam
2569 3288 2809 3344 locorum
2841 3288 3115 3356 Psalterii,
3143 3288 3211 3346 de
3238 3305 3345 3361 quo
3372 3306 3498 3347 eum

190 3364 575 3450 consulebant,
602 3397 832 3455 grteeam
857 3378 1003 3440 LXX
1031 3381 1388 3454 interpretum
1426 3381 1741 3437 Versionem
1772 3390 1956 3438 mouet
1986 3380 2038 3435 in
2069 3378 2278 3436 duabus
2304 3378 2637 3435 circumferri
2671 3379 3027 3446 editionibus;
3057 3396 3281 3452 quarum
3307 3383 3497 3447 altera,

190 3482 245 3529 et
269 3488 332 3530 ea
358 3474 577 3546 quidem
618 3474 788 3545 ipsius
816 3473 1019 3542 judicio
1061 3472 1240 3529 minus
1267 3474 1518 3544 castigata
1547 3515 1559 3539 ,
1588 3472 1867 3530 dicebatur
1892 3471 2237 3542 Communis,
2263 3469 2485 3543 Vulgata
2507 3514 2524 3539 ,
2550 3483 2606 3527 et
2634 3471 2852 3530 Lneiani
2884 3472 3051 3529 editio
3083 3492 3097 3527 :
3127 3473 3294 3528 altera
3320 3483 3496 3529 autem

188 3573 329 3631 erat,
354 3582 478 3638 quae
496 3608 515 3634 ,
546 3574 607 3620 ut
631 3566 747 3638 ejus
773 3564 936 3620 verba
964 3579 1307 3634 usurpemus.
1335 3564 1545 3619 habetur
1573 3564 1626 3618 in
1660 3561 1933 3633 Hexaplis,
1962 3571 2017 3620 et
2042 3578 2157 3634 quc
2183 3569 2238 3617 tu
2261 3565 2575 3618 eruditorum
2602 3562 2743 3618 libris
2765 3565 3064 3636 incorrupta
3090 3575 3138 3618 et
3168 3565 3498 3619 immaculata

187 3666 489 3713 reservatur.
524 3658 604 3714 De
627 3672 731 3728 qua
756 3657 916 3715 etiam
943 3656 1104 3727 paulo
1126 3663 1250 3710 ante
1274 3653 1519 3721 dixerat,
1552 3653 1624 3710 Et
1650 3671 1682 3708 α
1707 3652 1851 3710 nobis
1878 3654 1932 3709 in
1960 3652 2177 3709 latinum
2205 3669 2487 3709 sermonm
2516 3651 2732 3721 ﬁdeliter
2755 3667 2899 3709 uersa
2926 3663 2997 3710 est
3014 3696 3029 3718 ,
3060 3665 3104 3707 et
3133 3653 3497 3727 Hierosolyma:

188 3756 334 3819 atqu
356 3749 409 3803 in
443 3748 669 3805 Orientis
698 3748 939 3805 Ecclesiis
971 3750 1289 3822 decantat”.
1330 3747 1479 3805 lianc
1508 3758 1838 3819 postremam
1877 3746 2139 3805 orationis
2172 3760 2381 3819 partem
2416 3748 2627 3805 videtur
2656 3746 3009 3813 Hincmarus,
3038 3753 3260 3822 epistola
3296 3767 3391 3806 sua
3431 3753 3497 3807 ad

188 3837 513 3901 Ludovicuiu
538 3842 843 3899 Germanim
862 3858 1061 3914 regem.
1087 3841 1416 3898 intellexisse
1438 3840 1507 3898 de
1526 3841 1641 3913 ipsa
1661 3840 1973 3914 Hieronymi
2002 3840 2357 3907 traductione,
2387 3856 2511 3897 cum
2539 3842 2741 3897 rectius
2770 3841 2837 3897 de
2866 3857 3037 3914 graeca
3066 3842 3301 3899 editione
3326 3835 3501 3899 llexao'

189 3935 395 4007 piorum
425 3936 777 4009 intelligatur.
807 3936 948 3992 Petri
976 3936 1170 3991 Pitbmi
1196 3949 1326 3991 vero
1353 3933 1454 3990 fuit
1480 3933 1683 4006 opinio,
1711 3932 1959 3990 eamdem
1989 3950 2112 3991 esse
2137 3936 2441 3991 versionem
2472 3933 2615 3988 illam
2638 3934 2971 4007 Hieronymi,
2998 3946 3157 4005 atque
3179 3932 3497 3991 Psalterium

185 4026 327 4098 quod
365 4028 673 4085 Romanum
716 4039 945 4094 vocant;
976 4028 1258 4103 Vulgatam
1308 4042 1472 4097 porro
1517 4035 1758 4081 nostram
1813 4042 1913 4083 ιοιι
1957 4025 2120 4082 aliam
2164 4026 2499 4091 trahendam,
2532 4042 2691 4097 quam
2720 4037 2957 4083 veterem
2992 4026 3309 4084 Vcrsionem
3340 4045 3405 4084 ex
3436 4043 3499 4084 ea

187 4119 420 4177 editione
444 4135 569 4192 qua:
598 4118 818 4176 Luciani
852 4117 1132 4176 dicebatur
1169 4116 1272 4191 (De
1293 4117 1468 4173 Latin.
1496 4116 1711 4172 Biblior.
1738 4110 2126 4187 interpretibus,
2159 4134 2279 4190 pag.
2307 4116 2385 4191 ϐ).
2425 4118 2624 4173 Verum
2654 4132 2761 4173 non
2793 4119 2851 4173 lit
2878 4118 3166 4173 admodum
3205 4120 3499 4175 verisimile

189 4223 290 4269 tam
316 4214 421 4271 levi
452 4213 672 4286 negotio
699 4212 1018 4269 Psalterium
1057 4226 1220 4268 suum
1253 4220 1492 4269 mutasse
1521 4211 1817 4269 Ecclesiam
1847 4211 2147 4268 Romanam
2177 4230 2191 4267 :
2222 4222 2418 4284 printer
2438 4229 2599 4284 quam
2632 4215 2774 4285 quod
2814 4216 2867 4272 in
2904 4217 3095 4273 eodem
3125 4216 3214 4273 illo
3239 4216 3503 4273 Psalterio

188 4306 441 4363 lectiones
466 4304 717 4379 quedam
745 4303 1120 4362 desiderantur
1146 4303 1400 4361 meliores
1430 4319 1495 4359 ac
1528 4303 1958 4371 emendatiorcs,
1986 4319 2123 4375 quas
2163 4303 2221 4360 in
2254 4318 2434 4377 graeco
2468 4304 2831 4375 Hexaplorum
2870 4324 2929 4363 se
2969 4308 3235 4378 reperisse
3278 4318 3503 4366 testatur

188 4397 565 4471 Hieronymus.
593 4395 675 4454 Ad
698 4396 978 4469 Vulgatam
1001 4395 1292 4453 editionem
1318 4394 1461 4468 quod
1488 4396 1700 4460 attinet,
1729 4395 1866 4450 bona
1888 4392 1994 4451 [ide
2015 4404 2231 4451 nostras
2255 4394 2321 4450 de
2346 4392 2435 4453 illa
2458 4396 2796 4467 cuttjccturas
2818 4394 2909 4454 bie
2935 4415 3315 4469 proponemus.
3353 4398 3500 4454 idem

190 4490 298 4559 ipse
324 4492 693 4563 Hieronymus
728 4487 952 4563 epistola
992 4503 1088 4544 sua
1130 4488 1198 4546 ad
1243 4488 1463 4545 Paulam
1500 4496 1556 4543 et
1592 4487 1943 4543 Eustochium
1992 4486 2260 4558 signiﬁcat
2301 4500 2361 4543 se
2404 4488 2570 4544 semel
2611 4498 2774 4560 atque
2815 4490 3007 4547 iterum
3049 4491 3306 4548 Psalterio
3336 4493 3502 4549 latino

187 4581 251 4638 ad
275 4581 417 4639 LXX
450 4580 810 4652 interpretum
848 4578 1143 4637 editionem
1182 4580 1496 4650 castigando
1533 4594 2045 4657 operam‘navasse;
2076 4578 2250 4650 primo
2274 4579 2465 4634 cursim
2489 4591 2537 4634 et
2564 4597 2748 4651 mgna
2776 4598 2839 4637 ea:
2867 4590 3042 4653 parte,
3069 4598 3193 4637 cum
3231 4582 3408 4638 adlmc
3445 4584 3498 4637 in

156 4724 159 4731 ,
190 4673 315 4730 urbe
346 4682 706 4731 versaretur:
734 4674 973 4745 secundo
1009 4672 1306 4744 diligenter,
1346 4670 1567 4742 jamque
1602 4672 1656 4725 in
1686 4686 1903 4727 secessu
1941 4670 2155 4726 abditus
2188 4670 2652 4728 Bethlehemitico.
2698 4672 2908 4735 Ultimae
2952 4673 3113 4744 ltujns
3154 4677 3503 4731 correctionis

188 4768 512 4840 exemplaria
534 4773 685 4837 optat
706 4774 765 4821 ut
786 4746 1057 4821 cum'cura
1080 4772 1137 4820 et
1155 4763 1425 4834 diligentia
1443 4762 1910 4829 transcribantnr;
1936 4776 2146 4818 necnon
2170 4760 2346 4817 eidem
2368 4761 2561 4817 additze
2585 4763 2683 4819 abs
2704 4778 2765 4819 se
2789 4773 2928 4818 nou:
2954 4764 3325 4835 appingautur,
3357 4769 3498 4822 obeli

189 4857 471 4924 videlicet.
500 4872 533 4915 ι
560 4855 756 4930 quibus
794 4871 963 4927 usque
1000 4853 1068 4910 ad
1107 4853 1385 4926 sequentia
1416 4853 1521 4909 duo
1552 4863 1780 4925 puncta,
1825 4868 1944 4923 quae
1985 4852 2297 4923 legebantur
2335 4853 2476 4923 apud
2500 4852 2664 4909 LXX
2707 4870 2827 4909 cum
2875 4855 2927 4910 in
2972 4855 3190 4913 hcbrleo
3226 4858 3501 4925 deessent,

190 4942 635 5014 includebantur;
661 4957 718 5004 et
740 4947 981 5003 asterisci
1002 4990 1017 5014 ,
1045 4946 1239 5019 quibus
1264 4944 1511 5001 similiter
1536 4961 1657 5015 quae
1682 4944 1748 4999 ad
1779 4945 2020 5014 proxima
2052 4945 2161 5000 duo
2182 4953 2374 5015 puncta
2401 4946 2764 5015 sequebantur
2782 4987 2799 5013 ,
2823 4962 2888 5002 ex
2918 4948 3131 5002 hebraco
3146 4947 3297 5018 juxta
3317 4949 3502 5008 Theo-

190 5042 419 5101 dotionis
451 5041 748 5099 editionem
782 5038 927 5099 LXX
957 5037 1339 5108 interpretibus
1368 5039 1665 5094 accessisse
1694 5046 1875 5091 notum
1906 5036 2082 5093 ﬁeret.
2118 5036 2280 5106 Atqui
2313 5037 2614 5107 hujusmodi
2646 5041 2793 5107 signa
2825 5041 3119 5096 etiamnum
3148 5043 3198 5096 iu
3228 5046 3501 5100 veteribus

188 5137 505 5207 quibusdam
536 5134 776 5206 Vulgata
801 5132 1210 5202 manuscriptis,
1251 5146 1357 5186 non
1392 5140 1570 5187 autem
1602 5130 1654 5187 in
1690 5130 1799 5185 alio
1836 5130 1950 5185 ullo
1984 5129 2370 5185 Psalteriorum
2405 5132 2693 5187 latinorum
2731 5135 2970 5191 invenire
3006 5146 3109 5191 est.
3152 5138 3278 5193 ilice
3304 5141 3417 5209 ipsa
3450 5141 3501 5197 in

191 5228 557 5302 compluribus
592 5225 865 5287 codicibus
899 5225 1000 5281 sibi
1036 5225 1317 5280 observata
1344 5222 1572 5278 Jacobus
1597 5221 1771 5278 Faber
1797 5220 2133 5292 Stapulensis
2158 5222 2389 5276 affirmat
2429 5222 2664 5294 (Prolog.
2697 5226 2751 5279 in
2785 5224 3099 5280 Psalterium
3127 5230 3454 5302 quincuplex)
3486 5252 3501 5285 :

194 5320 393 5394 ipsique
420 5322 685 5377 habemus
710 5335 821 5391 pra:
847 5316 1097 5378 manibus
1128 5317 1557 5387 antiquissimum
1596 5314 1917 5395 tripartitum
1947 5313 2264 5370 Psalterium
2293 5314 2522 5369 abbatiae
2548 5316 2729 5370 Sancti
2764 5317 2904 5373 Petri
2934 5318 3283 5375 Carnutensis
3302 5364 3318 5387 ,
3360 5324 3502 5394 quod

196 5413 247 5469 in
272 5414 439 5487 prima
465 5414 718 5495 columna
743 5411 1063 5470 Psalterium
1091 5408 1404 5479 Hieronymi
1429 5424 1494 5465 ex
1524 5407 1739 5464 bebweo
1758 5407 2019 5469 continet.
2048 5406 2102 5461 in
2127 5406 2284 5463 tertia
2311 5416 2466 5463 vetus
2491 5408 2809 5465 Psalterium
2838 5424 2868 5463 a
2898 5411 3138 5467 Romano
3162 5423 3324 5495 atque
3348 5414 3417 5468 ab
3436 5431 3506 5470 eo

196 5521 301 5576 quo
317 5518 448 5563 usus
467 5514 555 5563 est
574 5505 922 5577 Augustinus,
952 5518 1139 5574 parum
1159 5500 1505 5572 discrepans;
1532 5500 1585 5556 in
1606 5498 1839 5556 sectanda
1860 5513 1991 5554 vero
2010 5497 2302 5555 editionem
2319 5497 2603 5571 Vulgatam
2621 5501 2840 5558 exhibet
2861 5518 2982 5559 cum
3004 5519 3164 5576 supra
3186 5508 3504 5564 memoratis

198 5597 509 5673 Hieronymi
539 5596 715 5655 obelis
738 5606 794 5652 et
815 5596 1108 5650 astet-iacis.
1139 5594 1274 5652 Hinc
1298 5592 1455 5651 facile
1475 5582 1857 5663 persuademur
1883 5588 2166 5661 Vulgatam
2190 5606 2312 5648 esse
2343 5591 2517 5663 ipsam
2554 5592 2699 5649 illam
2728 5594 3045 5653 Versionem
3072 5596 3142 5652 ab
3168 5594 3502 5671 Hieronymo

197 5692 445 5750 secundis
467 5690 615 5748 curis
643 5689 987 5748 emendatam
1012 5705 1031 5745 :
1056 5703 1176 5764 qua:
1200 5697 1383 5745 nostra
1406 5682 1674 5743 sententia
1699 5682 1922 5754 insuper
1942 5681 2263 5742 auctoritate
2287 5685 2636 5757 manuscripti
2662 5685 3003 5745 bibliothecis
3023 5687 3347 5746 Colbertinat
3367 5700 3497 5750 ante

200 5785 565 5857 septingentos
586 5799 760 5843 annos
784 5784 990 5839 exarati
1010 5782 1380 5847 conﬁrmatur,
1409 5780 1499 5851 qui
1521 5777 1802 5850 Vulgatam
1822 5790 1947 5831 cum
1971 5775 2162 5833 iisdem
2189 5776 2621 5850 Hieronymianis
2642 5778 2807 5845 notis,
2834 5789 2889 5836 et
2911 5780 3013 5837 sub
3039 5784 3139 5839 hac
3160 5780 3508 5853 inscriptione

202 5876 623 5950 cornprehendit,
653 5874 803 5933 Liber
826 5873 1154 5933 Paulinorum
1177 5874 1241 5932 de
1266 5874 1595 5931 translatione
1612 5872 1953 5949 Septuaginta
1965 5870 2325 5944 interpretum,
2354 5869 2676 5927 ematdattmt
2698 5887 2733 5927 ο
2757 5882 2933 5929 sancto
2955 5873 3278 5947 Hieronyme
3295 5877 3349 5932 in
3371 5894 3500 5934 novo
