3956 6372
416 460 486 516 19
1883 442 2269 506 PREFATIO.
3651 438 3719 494 20

413 573 593 637 (forte,
620 572 684 627 de
706 571 875 637 novo).
904 568 1298 640 Comprobatur
1319 565 1549 637 denique
1570 564 1878 621 testimonio
1899 562 2157 619 Valalridi
2174 560 2475 630 Strabonis,
2502 559 2656 630 cujus
2677 575 2777 615 nos
2798 556 2932 613 intra
2972 558 3147 613 locum
3185 571 3371 612 sumus
3407 552 3724 612 exhibituri.

486 661 684 719 Verum
706 663 833 719 illud
865 662 1047 716 forsan
1072 660 1248 715 minus
1268 658 1605 728 exploratum
1631 667 1736 724 est,
1767 656 1863 712 sed
1892 663 2080 711 nostro
2095 652 2299 725 judicio
2318 668 2412 710 sua
2445 667 2551 707 non
2576 661 2724 708 caret
2748 650 3236 717 verisimilitudine,
3270 650 3523 704 nimirum
3567 662 3717 702 eant-

415 755 536 810 dem
564 757 702 811 hanc
728 768 967 810 nostram
998 752 1282 824 Vulgatam
1298 752 1549 822 potuisse
1574 751 1643 807 ab
1668 750 1998 822 llieronymo
2018 748 2243 819 epistola
2266 746 2371 804 155
2398 745 2505 802 dici
2532 743 2949 803 Traductionem
2976 759 3042 799 ex
3068 734 3322 813 Hexaplis
3348 757 3379 796 a
3406 756 3467 797 se
3492 742 3719 808 editam,

416 844 562 911 quod
591 846 735 899 illam
766 844 969 899 eisdem
998 842 1396 913 exemplaribus
1421 842 1850 898 consentientem
1892 840 2189 900 effecisset;
2230 838 2458 908 epistola
2486 849 2615 891 vero
2642 835 2823 891 Paulis
2849 845 2903 890 et
2943 833 3238 890 Eustochio
3262 834 3463 901 scripta
3496 828 3719 885 Versic-

418 953 543 993 nem
575 936 944 991 tantummodo
983 944 1298 1000 correctam,
1326 933 1470 1007 quod
1502 934 1735 1004 antiquze
1760 933 1944 997 verba,
1985 940 2247 1002 quantum
2287 930 2341 984 in
2384 929 2505 999 ipso
2536 927 2732 992 fuerat,
2758 928 3093 984 retinuisset.
3124 926 3268 982 Inter
3291 926 3425 980 alias
3453 925 3719 986 rationes,

418 1042 545 1097 quae
581 1042 680 1081 nos
725 1041 791 1081 eo
818 1026 1120 1096 impellunt,
1154 1025 1270 1081 hare
1300 1035 1409 1093 est,
1440 1025 1585 1096 quod
1615 1024 1869 1081 videlicet
1906 1024 1941 1078 ii
1985 1022 2109 1090 loci,
2135 1037 2272 1092 quos
2310 1021 2669 1093 Hieronymus
2698 1029 2821 1091 post
2862 1019 3056 1075 iactam
3099 1018 3427 1074 mentionem
3458 1016 3727 1073 versionis

416 1133 536 1173 sum
561 1133 626 1173 ex
660 1117 912 1187 Hexaplis
937 1117 1225 1174 defendere
1250 1118 1578 1190 aggreditur,
1603 1118 1656 1173 in
1684 1116 2066 1187 manuscriptis
2088 1116 2332 1186 Vulgata:
2361 1115 2639 1172 codicibus
2662 1115 3024 1185 reperiuntur.
3060 1113 3195 1169 Nam
3222 1114 3323 1169 etsi
3359 1112 3550 1169 eadem
3588 1112 3727 1167 Vul-

419 1217 548 1279 gata
576 1207 626 1263 in
658 1207 843 1263 Bibliis
866 1210 1079 1265 excusis
1104 1208 1320 1276 habeat,
1353 1209 1500 1265 verbi
1536 1210 1730 1280 gratia,
1760 1209 1899 1266 hanc
1941 1210 1994 1263 in
2029 1210 2236 1279 psalmo
2262 1209 2471 1278 quinto.
2514 1208 2550 1278 ᾗ
2580 1246 2594 1260 .
2625 1207 2679 1268 9.
2707 1207 3016 1273 lectionem,
3044 1206 3226 1276 Dirige
3266 1207 3321 1261 in
3344 1216 3617 1277 conspectu
3642 1214 3736 1259 tuo

436 1303 572 1354 viam
620 1317 807 1364 meam,
835 1317 955 1370 qua:
981 1301 1306 1375 Hieronymo
1338 1318 1442 1357 non
1467 1302 1722 1372 probatur
1748 1321 1759 1355 :
1789 1299 2108 1357 attameu'in
2136 1298 2283 1356 MSS.
2311 1299 2460 1355 illam
2494 1299 2751 1364 ostendit,
2778 1315 2937 1370 quant
2963 1300 3258 1356 secundum
3279 1298 3424 1355 LXX
3451 1296 3723 1368 interpre-

438 1406 519 1449 tes
550 1394 828 1464 legendam
857 1396 1048 1450 astruit
1075 1396 1214 1452 idem
1243 1397 1463 1464 Doctor,
1502 1413 1717 1467 nempe,
1760 1394 1934 1467 Dirige
1959 1396 2009 1448 in
2035 1402 2307 1465 conspectu
2344 1410 2454 1449 meo
2492 1395 2625 1449 viam
2649 1402 2811 1451 tuam.
2841 1393 2991 1449 Haud
3035 1407 3193 1449 secus
3219 1393 3464 1449 existima
3492 1391 3562 1447 de
3596 1407 3734 1448 voce

423 1497 590 1552 terrm,
620 1503 781 1557 quam
806 1489 1009 1544 idcirco
1032 1490 1117 1560 ei
1142 1530 1155 1543 .
1185 1490 1219 1546 5
1249 1490 1437 1560 psalmi
1464 1506 1605 1546 xum
1633 1499 1690 1546 et
1714 1504 1746 1544 e
1786 1491 1821 1558 Ῡ
1845 1529 1858 1542 .
1887 1505 1921 1543 lI
1954 1487 2089 1557 psal.
2124 1502 2256 1544 snt
2285 1487 2383 1542 abs
2406 1501 2468 1543 se
2485 1486 2719 1542 deletam
2740 1487 2949 1551 scribit,
2971 1487 3094 1559 quia
3124 1502 3301 1559 neque
3328 1486 3381 1542 in
3410 1473 3633 1542 hebrtno
3655 1487 3738 1543 ιε.

421 1580 563 1644 gitur
586 1595 760 1649 neque
795 1580 847 1635 in
878 1580 1044 1643 LXX,
1076 1597 1196 1651 qua:
1224 1597 1325 1635 vox
1355 1581 1554 1650 pariter
1583 1579 1639 1636 in
1676 1580 1915 1651 Vulgata:
1943 1595 2105 1635 manu
2133 1578 2369 1636 exaratis
2391 1576 2668 1634 codicibus
2694 1593 2803 1633 non
2835 1578 3119 1647 reperitur.
3163 1576 3231 1632 Et
3252 1583 3440 1632 contra
3465 1585 3647 1632 exstat
3674 1578 3730 1632 in

423 1666 490 1721 iis
509 1684 609 1724 vox
639 1686 806 1730 suam.
827 1686 989 1742 quam
1022 1671 1075 1725 in
1102 1670 1351 1743 IIexnplis
1373 1670 1473 1727 sub
1488 1686 1621 1728 veru
1650 1670 1886 1726 additam
1937 1685 2062 1726 cum
2095 1670 2456 1743 Hieronymus
2480 1670 2772 1741 reperisset
2790 1668 2898 1741 in)
2923 1708 2938 1723 .
2966 1670 3001 1724 6
3023 1668 3214 1740 psalmi
3235 1682 3386 1735 mn,
3414 1667 3737 1725 servandam

422 1757 769 1814 existimavit.

497 1850 659 1907 Forte
687 1852 847 1909 etiam
873 1852 1159 1924 contigerit
1184 1861 1243 1909 ut
1269 1867 1332 1910 ea
1365 1852 1577 1920 Versio,
1616 1851 1771 1924 cujus
1784 1854 1928 1917 certi
1951 1854 2060 1911 loci
2099 1853 2325 1913 Sunuice
2362 1861 2418 1908 et
2445 1850 2696 1919 Freteltc,
2726 1852 2819 1924 qui
2846 1852 3114 1924 degebant
3150 1851 3204 1907 in
3232 1849 3541 1918 Germania,
3573 1867 3739 1922 nego-

428 1945 560 2000 tium
591 1942 948 2009 faccssebant,
966 1944 1078 2017 jam
1109 1945 1232 2001 inde
1257 1946 1325 2002 ab
1341 1945 1428 2003 his
1449 1945 1783 2019 temporibus
1810 1945 1867 2002 in
1895 1946 2101 2003 Gallias
2123 1945 2431 2018 pervenerit
2456 1962 2471 2001 :
2501 1946 2763 2016 quamvis,
2785 1944 2831 2001 si
2852 1940 3173 2015 quibusdam
3200 1940 3462 1999 habeatur
3489 1943 3646 2009 ﬁdes,
3669 1961 3740 1999 eo

426 2050 536 2090 non
565 2035 666 2090 nisi
704 2045 827 2105 post
850 2052 1021 2092 annos
1046 2028 1280 2108 amplius
1306 2038 1411 2108 150
1447 2053 1515 2095 ex
1547 2037 1689 2095 Urbe
1721 2038 1925 2108 perlata
1954 2040 2044 2096 sit.
2088 2038 2223 2095 Illud
2250 2046 2481 2094 testatur
2505 2036 2806 2094 Valal‘ridus
2839 2036 3032 2092 Strabo
3053 2034 3122 2091 de
3149 2034 3314 2091 rebus
3339 2034 3738 2091 Eccleﬁasticis

425 2143 547 2198 cap.
573 2129 645 2199 25
666 2130 718 2184 in
741 2128 856 2185 hmc
876 2130 1036 2185 verba
1062 2105 1340 2185 :Psalmol
1360 2141 1529 2187 autem
1563 2147 1679 2185 cum
1706 2105 1983 2185 secundum
2003 2130 2157 2187 LXX
2183 2131 2495 2202 lnterpretes
2517 2129 2737 2185 Romani
2760 2126 2929 2183 adhuc
2948 2126 3187 2190 habeant,
3216 2125 3354 2181 Galli
3378 2136 3427 2181 et
3453 2126 3743 2183 Germano—

426 2239 543 2276 rum
577 2222 735 2293 aliqui
760 2224 1038 2278 secundum
1065 2224 1485 2288 emendationem,
1522 2241 1677 2297 quam
1706 2224 2053 2297 Hieronymus
2081 2238 2225 2297 pater
2261 2227 2325 2282 de
2350 2225 2501 2281 LXX
2533 2224 2753 2282 editione
2783 2228 3090 2299 composuit,
3142 2225 3450 2281 Psalterium
3489 2234 3745 2279 cantant:

427 2332 583 2381 quant
606 2314 883 2388 Gregorius
916 2315 1226 2372 Turonensis
1263 2318 1532 2388 episcopus
1562 2334 1595 2372 α
1621 2319 1849 2387 partibus
1877 2316 2129 2374 Romanis
2158 2329 2466 2387 mutuatum,
2504 2321 2559 2373 in
2589 2317 2877 2374 Galliarum
2903 2320 3092 2373 dicitur
3116 2317 3375 2374 Ecclesias
3404 2318 3743 2372 transtulisse.

429 2409 609 2465 Hocce
644 2408 981 2472 Psalterium,
1010 2408 1175 2480 quod,
1203 2410 1327 2480 quia
1368 2410 1462 2464 illo
1488 2408 1645 2480 primi
1671 2408 1908 2463 omnium
1936 2408 2075 2466 Galli
2104 2411 2184 2464 usi
2220 2420 2365 2477 sunt,
2396 2409 2743 2465 Gallicanum
2773 2420 3016 2477 vocatur,
3055 2410 3257 2464 sensim
3288 2410 3341 2464 iu
3371 2423 3563 2465 omnes
3587 2410 3737 2466 occl-

426 2500 673 2555 deutalcs
699 2498 970 2555 Ecclesias
992 2498 1093 2554 fuit
1111 2508 1420 2571 receptum.
1444 2499 1543 2555 Vir
1570 2499 1785 2556 cximim
1812 2498 2139 2556 eruditionis
2165 2515 2228 2556 ac
2249 2501 2349 2569 piae
2374 2499 2670 2567 memoriae,
2701 2494 3003 2555 Cardinalis
3028 2498 3198 2563 Bona,
3228 2499 3298 2555 de
3325 2500 3486 2555 rebus
3505 2499 3748 2569 Liturgi-

427 2592 510 2649 cis
523 2592 618 2671 lib.
645 2591 702 2657 2,
725 2607 845 2659 cap.
869 2592 925 2658 5,
950 2601 1137 2646 censet
1156 2592 1274 2661 ejus
1300 2607 1453 2647 usum
1477 2601 1604 2646 ante
1632 2606 1805 2647 annos
1835 2590 2034 2647 abhinc
2054 2600 2341 2647 sexcentos
2366 2591 2660 2646 admissum
2685 2589 2737 2645 in
2760 2586 2908 2645 Italia
2931 2589 3119 2658 fuisse,
3152 2600 3509 2661 pneterquam
3546 2589 3601 2645 in
3628 2590 3743 2645 ne.

428 2683 729 2739 «liolanensi
763 2681 1027 2750 Ecclesia,
1057 2698 1177 2751 qu:e
1205 2683 1486 2755 antiquum
1526 2699 1681 2739 suum
1707 2682 2028 2739 Psalterium
2067 2684 2336 2753 hodieque
2372 2682 2604 2750 retinet;
2636 2692 2991 2753 praeterquam
3018 2683 3181 2738 etiam
3205 2683 3259 2738 in
3288 2681 3451 2739 Urbis
3476 2682 3742 2738 Ecclesiis

433 2780 489 2835 in
521 2776 713 2849 quibus
739 2774 1012 2844 proprium
1040 2789 1194 2829 suum
1220 2776 1459 2831 obtinuit
1486 2775 1553 2832 ad
1576 2786 1789 2833 mtatcm
1818 2792 1987 2847 usque
2009 2777 2086 2832 Pii
2111 2776 2178 2841 ν,
2209 2776 2362 2847 cujus
2382 2775 2537 2848 jussu
2561 2775 2667 2830 illa:
2699 2775 2975 2847 Vulgatam
3000 2775 3291 2831 editionem
3308 2774 3570 2845 amplexae
3590 2779 3746 2843 sunt,

441 2876 667 2938 excepta
690 2881 794 2921 una
820 2864 1095 2929 Vaticana,
1118 2866 1207 2920 ubi
1229 2866 1393 2921 etiam
1421 2881 1563 2922 nunc
1581 2866 1888 2923 Romanum
1918 2868 2130 2922 canitur
2156 2866 2498 2923 Psalterium.

510 2961 605 3017 llis
631 2957 699 3015 ad
724 2973 846 3014 eum
877 2958 1095 3037 modum
1122 2956 1384 3027 expositis
1412 2958 1517 3014 erit
1538 2955 1763 3017 forsitan
1786 2958 1877 3030 qui
1909 2971 2073 3015 nosse
2099 2959 2280 3029 cupiat
2298 2974 2459 3030 quem
2487 2958 2664 3014 locum
2689 2958 2829 3014 inter
2855 2958 2957 3013 alia
2988 2958 3242 3013 Psalteria
3284 2957 3739 3029 Augustinianum

430 3056 535 3112 sibi
558 3054 836 3116 vindicet;
864 3068 930 3106 an
962 3050 1126 3107 varia:
1154 3050 1259 3106 illa:
1280 3050 1566 3119 lectiones,
1589 3054 1644 3107 in
1666 3049 1868 3121 quibus
1894 3066 1925 3107 a
1948 3049 2172 3123 Vulgata
2194 3060 2379 3109 nostra
2398 3051 2638 3116 dissidet,
2664 3051 2890 3107 aliorum
2917 3050 3170 3123 sutiragio
3199 3050 3528 3115 innituntur;
3556 3060 3747 3106 utrum

430 3149 647 3205 tandem
675 3164 797 3205 cum
836 3162 1015 3219 graeco
1040 3143 1187 3201 LXX
1228 3142 1608 3215 Interpretum,
1636 3143 1777 3216 quod
1822 3155 2005 3201 nostra
2049 3145 2150 3202 hac
2194 3146 2451 3204 memoria
2488 3156 2682 3212 exstat,
2714 3146 2835 3217 plus
2864 3149 3109 3202 minusve
3142 3147 3465 3205 eensentiat.
3506 3146 3587 3202 Ea
3620 3158 3751 3202 sunt

430 3238 555 3312 quia
584 3239 740 3297 nobis
766 3239 1032 3295 induxere
1060 3238 1114 3292 in
1144 3235 1405 3303 animum,
1436 3245 1501 3291 ut
1518 3235 1843 3306 exemplaria
1868 3235 2104 3304 diversa,
2132 3246 2243 3293 tum
2268 3238 2436 3308 prelo,
2460 3247 2572 3293 tum
2599 3238 2807 3294 calamo
2836 3239 2971 3293 edita
2995 3239 3383 3306 conferremus,
3414 3254 3480 3295 ac
3503 3229 3747 3294 varieta-

431 3339 517 3386 tes
544 3330 781 3386 maxime
805 3329 1057 3399 insignes,
1087 3342 1223 3399 quas
1257 3326 1732 3397 deprehendimus,
1761 3326 1947 3385 lectori
1978 3344 2420 3401 proponeremus.
2455 3330 2557 3385 Eas
2584 3330 2745 3402 igitur
2770 3330 2904 3384 intra
2945 3329 3178 3386 habituri
3216 3332 3367 3397 estis,
3398 3346 3519 3387 cum
3560 3332 3746 3388 locum

433 3437 600 3478 uuum
630 3420 1049 3494 praemiserimus
1086 3418 1281 3475 elibro
1310 3419 1375 3473 I-7
1414 3418 1483 3475 de
1511 3418 1739 3476 Civitatc
1770 3420 1890 3488 Dei,
1917 3420 2005 3476 ubi
2035 3421 2386 3493 Augustinus,
2416 3436 2537 3491 qua:
2566 3435 2662 3476 sua
2690 3419 2852 3477 sit-de
2877 3421 3138 3477 Psalterio
3167 3422 3423 3480 Davidieo
3447 3424 3745 3490 sententia,

431 3516 725 3587 expromit.

1516 3650 2513 3729 *κου’-’ΞψὲΜῶ
2551 3686 2620 3697 ~~
2648 3686 2671 3693 -

1213 3855 1327 3918 ΕΧ
1375 3857 1618 3919 LIBRO
1657 3856 1835 3920 XVII
1870 3856 1977 3919 DE
2005 3857 2389 3923 CIVITATE
2418 3859 2582 3929 DI-II,
2613 3862 2786 3922 CAP.
2829 3862 2976 3923 XIV
3003 3907 3019 3936 ,

1667 4064 1751 4106 DE
1786 4062 2169 4107 ΡςΑιιιιοιιυκ
2222 4062 2536 4107 Αυετοιιιί.

502 4237 633 4295 Erat
660 4238 827 4294 David
852 4239 931 4295 vir
951 4239 1006 4294 in
1032 4238 1244 4294 canticis
1270 4237 1519 4305 eruditus,
1545 4238 1631 4308 qui
1651 4238 1966 4291 harmoniam
1988 4235 2235 4291 musicam
2264 4253 2365 4291 non
2391 4238 2589 4309 vulgari
2608 4239 2883 4307 voluptate,
2906 4240 2996 4294 sed
3024 4240 3167 4309 ﬁdeli
3192 4241 3450 4297 voluntate
3473 4242 3748 4310 diluerit;

430 4347 588 4404 eaque
610 4330 722 4389 Deo
744 4348 859 4399 suo,
883 4333 969 4404 qui
992 4348 1139 4387 verus
1160 4339 1236 4387 est
1260 4328 1421 4393 Deus,
1453 4329 1666 4401 mystica
1690 4329 1765 4383 rei
1787 4343 1986 4399 magna:
2009 4328 2323 4399 ﬁguratione
2347 4330 2594 4384 servierit.
2634 4329 2963 4385 Diversarum
2988 4333 3122 4386 enim
3153 4349 3393 4388 sonorum
3421 4335 3743 4394 rationabilis

430 4425 823 4497 moderatusque
854 4435 1148 4492 concentus,
1179 4410 1421 4478 concordi
1455 4424 1693 4477 varietate
1728 4430 2044 4494 compactam
2068 4420 2193 4476 bene
2226 4421 2478 4476 ordinatae
2504 4423 2721 4478 civitatis
2762 4424 2987 4479 insinuat
3023 4427 3285 4481 unitatem.
3318 4426 3550 4499 Denique
3574 4432 3743 4488 omnis

434 4522 543 4591 fere
569 4521 835 4591 prophetia
860 4522 973 4592 ejus
996 4520 1050 4574 in
1074 4517 1298 4573 Psalmis
1316 4526 1391 4571 est
1417 4531 1436 4570 :
1464 4532 1591 4587 quos
1619 4525 1817 4570 centum
1843 4515 2215 4588 quinquaginta
2245 4517 2370 4570 liber
2394 4518 2638 4585 ccutinet,
2663 4534 2811 4589 quem
2834 4517 3162 4574 Psalmorum
3185 4534 3422 4577 vocamus
3446 4538 3465 4579 ε
3488 4524 3542 4578 in
3563 4526 3746 4596 quibus

430 4614 669 4669 nonnulli
698 4615 893 4679 volunt,
922 4631 1007 4669 eos
1030 4614 1164 4667 solos
1192 4616 1357 4685 factos
1382 4627 1488 4666 esse
1510 4627 1543 4664 a
1566 4609 1760 4673 David,
1787 4610 1876 4681 qui
1901 4609 2012 4680 ejus
2044 4609 2250 4664 nomine
2273 4609 2506 4681 inscripti
2529 4622 2646 4665 sunt
2669 4629 2687 4665 :
2713 4622 2831 4667 sunt
2855 4615 3006 4668 etiam
3037 4616 3124 4686 qui
3150 4616 3332 4686 putant
3361 4613 3462 4671 non
3481 4614 3631 4674 abeo
3657 4625 3742 4691 fa-

430 4718 560 4771 c:os,
600 4708 707 4777 nisi
738 4712 823 4777 qui
852 4715 1218 4777 praenotantur,
1252 4704 1422 4774 Ipsius
1460 4702 1656 4768 David;
1688 4702 1774 4774 qui
1811 4718 1927 4756 vero
1970 4699 2155 4755 habent
2181 4701 2237 4755 in
2273 4702 2452 4766 titulis,
2496 4700 2599 4772 Ipsi
2630 4703 2816 4767 David,
2846 4703 2909 4757 ab
2950 4706 3065 4759 aliis
3095 4710 3280 4777 factos,
3316 4723 3544 4777 personat
3571 4710 3739 4780 ipsius

434 4801 592 4872 fuisse
614 4810 898 4869 coaptatos.
928 4798 1058 4864 Qua:
1083 4798 1257 4867 opinio
1284 4812 1403 4851 voce
1429 4794 1719 4867 evangelica
1747 4792 2036 4850 Saluatoris
2061 4793 2223 4864 ipsius
2250 4793 2525 4863 refutatur,
2557 4793 2647 4848 ubi
2670 4796 2765 4862 ait,
2792 4796 2928 4867 quod
2945 4796 3055 4867 ipse
3082 4796 3248 4851 David
3274 4799 3329 4852 in
3355 4799 3557 4868 Spiritu
3584 4798 3761 4856 σὴν-ἰδ’

430 4904 563 4946 stum
580 4892 774 4947 dixerit
795 4908 903 4946 esse
927 4878 1078 4944 suum
1102 4889 1376 4943 Dominum
1411 4886 1625 4960 (Matth.
1657 4902 1791 4957 χιιι,
1816 4884 1911 4959 45)
1944 4902 1958 4940 :
1985 4887 2226 4958 quoniam
2252 4884 2481 4957 psalmus
2506 4888 2807 4942 centesimus
2832 4905 2999 4943 nonus
3021 4891 3097 4945 sic
3124 4890 3305 4962 incipit
3326 4906 3349 4948 :
3376 4892 3518 4948 Dixit
3554 4895 3741 4951 Domi-

434 4999 539 5039 nus
568 4984 795 5038 Domino
823 4997 965 5047 meo,
993 4980 1135 5038 Sede
1162 4996 1191 5035 a
1234 4980 1440 5035 dextris
1468 4979 1624 5045 meis,
1658 4978 1831 5034 donec
1873 4993 2067 5047 ponam
2104 4978 2352 5035 inimicos
2383 4988 2502 5033 tuos
2539 4978 2828 5034 scabellum
2858 4980 3058 5050 pedum
3086 4990 3322 5039 tuorum.
3351 4982 3420 5039 Et
3445 4999 3577 5042 certe
3602 4987 3738 5044 idem

434 5075 667 5145 psalmus
692 5091 793 5128 non
831 5073 980 5128 habet
1008 5073 1062 5127 in
1090 5069 1260 5137 titulo,
1293 5070 1463 5142 Ipsius
1501 5068 1699 5135 David;
1721 5069 1812 5124 sed
1844 5069 1945 5139 Ipsi
1968 5068 2161 5133 David,
2193 5070 2324 5124 sicut
2354 5070 2581 5140 plurimi.
2613 5070 2746 5125 Mihi
2771 5082 2940 5126 autem
2969 5074 3262 5129 credibilius
3293 5075 3522 5146 videntur
3555 5080 3735 5134 existi-

434 5183 597 5233 mare,
628 5168 715 5236 qui
739 5180 912 5220 onmes
937 5165 1055 5219 illos
1074 5173 1274 5218 centum
1302 5162 1670 5236 quinquaginta
1691 5160 1932 5217 Psalmos
1960 5163 2071 5232 ejus
2094 5163 2238 5231 operi
2265 5161 2513 5229 tribuunt,
2540 5175 2754 5234 euntque
2778 5164 2976 5235 aliquos
3001 5175 3310 5235 practotasse
3333 5169 3488 5224 etiam
3522 5174 3741 5227 κοπείηὲ-

436 5262 527 5314 bus
552 5258 792 5320 aliorum,
817 5255 1014 5327 aliquid
1037 5255 1174 5327 quod
1205 5255 1274 5309 ad
1307 5271 1413 5308 rem
1449 5254 1692 5324 pertineat
1717 5252 2056 5326 liqut-antibus
2076 5267 2097 5308 :
2121 5262 2330 5308 exteras
2370 5264 2541 5309 autem
2569 5253 2769 5311 nullius
2795 5257 3023 5312 hominis
3057 5275 3238 5314 nomen
3273 5261 3328 5315 in
3362 5261 3522 5319 titulis
3558 5264 3743 5319 habere

436 5350 697 5413 uoluisse;
721 5348 851 5402 sicut
878 5348 924 5400 ei
959 5346 1218 5401 varietatis
1243 5347 1397 5416 hujus
1424 5345 1828 5417 dispositionem,
1851 5344 2079 5415 quamvis
2099 5344 2423 5411 latebrosum,
2457 5364 2559 5401 non
2590 5357 2755 5403 tamen
2781 5349 3006 5413 inanem,
3040 5351 3288 5408 Dominus
3307 5354 3592 5426 inspiravit.
3627 5355 3740 5411 Nec

438 5459 638 5498 movere
656 5442 799 5496 debet
826 5433 895 5494 ad
915 5439 1011 5494 hoc
1035 5454 1137 5493 non
1163 5438 1493 5504 credendum,
1518 5436 1654 5509 quod
1681 5436 2044 5491 nonnullorum
2071 5437 2282 5492 nomina
2309 5437 2703 5507 Prophetarum,
2728 5442 2818 5512 qui
2837 5441 2987 5513 longe
3014 5454 3127 5512 pou
3152 5443 3319 5499 David
3340 5448 3472 5519 regis
3500 5457 3737 5520 tempora

442 5538 665 5609 fuerunt,
695 5534 996 5603 quibusdam
1026 5531 1313 5601 psalmisin
1354 5546 1412 5585 eo
1445 5529 1574 5584 libro
1594 5530 1832 5598 leguntur
1858 5529 2126 5600 inscripta,
2169 5538 2219 5583 et
2240 5546 2353 5601 quin
2375 5531 2446 5585 ibi
2475 5532 2734 5596 dicuntur,
2761 5535 2895 5588 velut
2930 5534 2993 5588 ab
3034 5535 3107 5589 eis
3140 5535 3242 5590 dici
3266 5537 3517 5595 videntur.
3558 5538 3739 5612 Neque

440 5630 575 5681 enim
595 5644 695 5680 non
721 5631 885 5697 potuit
909 5624 1229 5697 prapheticus
1255 5623 1481 5693 Spiritus
1501 5622 1823 5694 praphetanti
1848 5621 1956 5693 regi
1978 5620 2145 5676 Dauid
2163 5621 2272 5677 haec
2290 5625 2441 5677 etiam
2462 5628 2754 5694 futurorum
2780 5624 3157 5700 Prophetarum
3180 5633 3389 5687 nomina
3414 5633 3654 5703 revelare,
3680 5650 3757 5691 ut

440 5723 636 5786 aliquid
661 5722 793 5790 quod
812 5736 994 5774 eorum
1018 5732 1257 5788 persona:
1273 5717 1580 5783 conveniret,
1605 5714 1893 5787 prophetiae
1916 5725 2207 5771 cantaretur
2234 5731 2254 5770 :
2272 5715 2402 5770 sicut
2427 5734 2519 5772 res
2543 5716 2717 5772 Jasias
2744 5731 3012 5777 exorturus
3039 5730 3087 5776 et
3107 5733 3409 5794 regnaturus
3439 5736 3551 5796 post
3571 5744 3734 5784 annos

441 5816 667 5889 amplius
687 5830 838 5885 quam
864 5823 1129 5880 trecentos,
1155 5812 1356 5877 cuidam
1382 5811 1662 5883 prophetat,
1690 5807 1778 5880 qui
1798 5807 1950 5891 etiam
1969 5809 2106 5878 facta
2128 5810 2239 5883 ejus
2263 5811 2439 5883 futura
2460 5812 2719 5887 prtedia'it,
2746 5831 2860 5869 cum
2887 5831 2980 5871 suo
3006 5817 3209 5872 nomine
3232 5819 3482 5876 revelatus
3509 5834 3601 5877 est.
