  <div class='ocr_page' id='page_1' title='image "/cluster/home/n/w/nwhite01/storage/ocr_20150623/36/umn.319510024773307/028.png"; bbox 0 0 3956 6318; ppageno 0'>
   <div class='ocr_carea' id='block_1_1' title="bbox 220 363 3510 433">
    <p class='ocr_par' dir='ltr' id='par_1_1' title="bbox 220 363 3510 433">
     <span class='ocr_line' id='line_1_1' title="bbox 220 363 3510 433; baseline -0.003 -8"><span class='ocrx_word' id='word_1_1' title='bbox 220 373 274 425; x_wconf 74' lang='grc' dir='ltr'><em>ιι</em></span> <span class='ocrx_word' id='word_1_2' title='bbox 1378 363 1750 421; x_wconf 77' lang='lat' dir='ltr'><strong>VARIANTIA</strong></span> <span class='ocrx_word' id='word_1_3' title='bbox 1809 364 1876 420; x_wconf 70' lang='lat' dir='ltr'><strong>IN</strong></span> <span class='ocrx_word' id='word_1_4' title='bbox 1917 363 2335 420; x_wconf 74' lang='lat' dir='ltr'><em>PSAL&#39;I&#39;LRIIS.</em></span> <span class='ocrx_word' id='word_1_5' title='bbox 3441 379 3510 433; x_wconf 67' lang='grc' dir='ltr'><em>,ις</em></span> 
     </span>
    </p>
   </div>
   <div class='ocr_carea' id='block_1_2' title="bbox 221 477 1235 549">
    <p class='ocr_par' dir='ltr' id='par_1_2' title="bbox 221 477 1235 549">
     <span class='ocr_line' id='line_1_2' title="bbox 221 477 1235 549; baseline -0.008 -12"><span class='ocrx_word' id='word_1_6' title='bbox 221 485 341 537; x_wconf 81' lang='lat' dir='ltr'><em>Item</em></span> <span class='ocrx_word' id='word_1_7' title='bbox 390 482 420 548; x_wconf 90' lang='lat'><em>7</em></span> <span class='ocrx_word' id='word_1_8' title='bbox 447 520 461 533; x_wconf 94' lang='lat'>.</span> <span class='ocrx_word' id='word_1_9' title='bbox 490 479 582 534; x_wconf 69' lang='lat'><em>28.</em></span> <span class='ocrx_word' id='word_1_10' title='bbox 614 480 666 536; x_wconf 88' lang='lat' dir='ltr'><em>in</em></span> <span class='ocrx_word' id='word_1_11' title='bbox 693 480 870 549; x_wconf 83' lang='lat' dir='ltr'><em>portis.</em></span> <span class='ocrx_word' id='word_1_12' title='bbox 903 480 967 533; x_wconf 83' lang='lat' dir='ltr'><em>A.</em></span> <span class='ocrx_word' id='word_1_13' title='bbox 997 479 1047 531; x_wconf 89' lang='lat' dir='ltr'><em>in</em></span> <span class='ocrx_word' id='word_1_14' title='bbox 1070 477 1235 530; x_wconf 86' lang='lat' dir='ltr'><em>atriis.</em></span> 
     </span>
    </p>
   </div>
   <div class='ocr_carea' id='block_1_3' title="bbox 737 562 1268 605">
    <p class='ocr_par' dir='ltr' id='par_1_3' title="bbox 737 562 1268 605">
     <span class='ocr_line' id='line_1_3' title="bbox 737 562 1268 605; baseline -0.008 0"><span class='ocrx_word' id='word_1_15' title='bbox 737 567 805 605; x_wconf 72' lang='lat' dir='ltr'><em>EX</em></span> <span class='ocrx_word' id='word_1_16' title='bbox 842 562 1042 604; x_wconf 58' lang='lat' dir='ltr'><em>WALII’</em></span> <span class='ocrx_word' id='word_1_17' title='bbox 1083 563 1268 602; x_wconf 68' lang='lat' dir='ltr'><em>LXXIII.</em></span> 
     </span>
    </p>
   </div>
   <div class='ocr_carea' id='block_1_4' title="bbox 231 620 1391 690">
    <p class='ocr_par' dir='ltr' id='par_1_4' title="bbox 231 620 1391 690">
     <span class='ocr_line' id='line_1_4' title="bbox 231 620 1391 690; baseline -0.003 -16"><span class='ocrx_word' id='word_1_18' title='bbox 231 625 261 688; x_wconf 83' lang='lat'><em>7</em></span> <span class='ocrx_word' id='word_1_19' title='bbox 285 660 298 674; x_wconf 97' lang='lat'><em>.</em></span> <span class='ocrx_word' id='word_1_20' title='bbox 323 623 375 675; x_wconf 90' lang='lat' dir='ltr'><em>I.</em></span> <span class='ocrx_word' id='word_1_21' title='bbox 405 623 552 690; x_wconf 80' lang='lat' dir='ltr'><em>furor</em></span> <span class='ocrx_word' id='word_1_22' title='bbox 579 630 720 676; x_wconf 88' lang='lat' dir='ltr'><em>tuus.</em></span> <span class='ocrx_word' id='word_1_23' title='bbox 747 623 814 675; x_wconf 82' lang='lat' dir='ltr'><em>A.</em></span> <span class='ocrx_word' id='word_1_24' title='bbox 841 620 909 675; x_wconf 79' lang='grc' dir='ltr'><em>Μ.</em></span> <span class='ocrx_word' id='word_1_25' title='bbox 940 623 998 673; x_wconf 74' lang='lat' dir='ltr'><strong>C.</strong></span> <span class='ocrx_word' id='word_1_26' title='bbox 1032 621 1230 690; x_wconf 75' lang='lat' dir='ltr'><em>animus</em></span> <span class='ocrx_word' id='word_1_27' title='bbox 1255 629 1391 690; x_wconf 81' lang='lat' dir='ltr'><em>tuus.</em></span> 
     </span>
    </p>
   </div>
   <div class='ocr_carea' id='block_1_5' title="bbox 219 687 1808 759">
    <p class='ocr_par' dir='ltr' id='par_1_5' title="bbox 219 687 1808 759">
     <span class='ocr_line' id='line_1_5' title="bbox 219 687 1808 759; baseline -0.001 -15"><span class='ocrx_word' id='word_1_28' title='bbox 219 687 340 746; x_wconf 79' lang='lat' dir='ltr'><em>Item</em></span> <span class='ocrx_word' id='word_1_29' title='bbox 383 687 414 759; x_wconf 86' lang='lat'><em>7</em></span> <span class='ocrx_word' id='word_1_30' title='bbox 445 730 460 745; x_wconf 95' lang='lat'>.</span> <span class='ocrx_word' id='word_1_31' title='bbox 489 691 542 745; x_wconf 89' lang='lat' dir='ltr'>I.</span> <span class='ocrx_word' id='word_1_32' title='bbox 568 708 774 758; x_wconf 75' lang='lat' dir='ltr'><em>pascua:</em></span> <span class='ocrx_word' id='word_1_33' title='bbox 798 702 916 745; x_wconf 71' lang='lat' dir='ltr'><em>tuta.</em></span> <span class='ocrx_word' id='word_1_34' title='bbox 951 691 1014 743; x_wconf 84' lang='lat' dir='ltr'><em>A.</em></span> <span class='ocrx_word' id='word_1_35' title='bbox 1045 689 1108 742; x_wconf 90' lang='lat' dir='ltr'>II.</span> <span class='ocrx_word' id='word_1_36' title='bbox 1143 689 1296 743; x_wconf 88' lang='lat' dir='ltr'><em>Rom.</em></span> <span class='ocrx_word' id='word_1_37' title='bbox 1331 689 1402 743; x_wconf 87' lang='grc' dir='ltr'><em>Μ.</em></span> <span class='ocrx_word' id='word_1_38' title='bbox 1432 687 1495 742; x_wconf 86' lang='lat' dir='ltr'><em>C.</em></span> <span class='ocrx_word' id='word_1_39' title='bbox 1522 688 1688 759; x_wconf 82' lang='lat' dir='ltr'><em>gregis</em></span> <span class='ocrx_word' id='word_1_40' title='bbox 1715 689 1808 742; x_wconf 88' lang='lat' dir='ltr'><em>tui.</em></span> 
     </span>
    </p>
   </div>
   <div class='ocr_carea' id='block_1_6' title="bbox 233 758 1809 832">
    <p class='ocr_par' dir='ltr' id='par_1_6' title="bbox 233 758 1809 832">
     <span class='ocr_line' id='line_1_6' title="bbox 233 758 1809 832; baseline -0.001 -18"><span class='ocrx_word' id='word_1_41' title='bbox 233 765 260 832; x_wconf 82' lang='lat'><em>7</em></span> <span class='ocrx_word' id='word_1_42' title='bbox 286 803 298 814; x_wconf 97' lang='lat'><em>.</em></span> <span class='ocrx_word' id='word_1_43' title='bbox 327 758 392 819; x_wconf 63' lang='grc' dir='ltr'>ἓ.</span> <span class='ocrx_word' id='word_1_44' title='bbox 409 778 568 832; x_wconf 78' lang='lat' dir='ltr'><em>quam</em></span> <span class='ocrx_word' id='word_1_45' title='bbox 593 760 876 829; x_wconf 68' lang='lat' dir='ltr'><em>possedisti.</em></span> <span class='ocrx_word' id='word_1_46' title='bbox 898 759 1136 832; x_wconf 70' lang='lat' dir='ltr'><em>G.qnam</em></span> <span class='ocrx_word' id='word_1_47' title='bbox 1159 759 1436 828; x_wconf 76' lang='lat' dir='ltr'><em>acquisiui.</em></span> <span class='ocrx_word' id='word_1_48' title='bbox 1465 759 1526 813; x_wconf 87' lang='lat' dir='ltr'><em>R.</em></span> <span class='ocrx_word' id='word_1_49' title='bbox 1559 758 1712 812; x_wconf 90' lang='lat' dir='ltr'><em>Rom.</em></span> 
     </span>
    </p>
   </div>
   <div class='ocr_carea' id='block_1_7' title="bbox 281 830 1814 902">
    <p class='ocr_par' dir='ltr' id='par_1_7' title="bbox 281 830 1814 902">
     <span class='ocr_line' id='line_1_7' title="bbox 281 830 1814 902; baseline 0 -18"><span class='ocrx_word' id='word_1_50' title='bbox 281 832 344 884; x_wconf 74' lang='grc' dir='ltr'><em>(Σ.</em></span> <span class='ocrx_word' id='word_1_51' title='bbox 383 830 542 901; x_wconf 78' lang='lat' dir='ltr'><em>quam</em></span> <span class='ocrx_word' id='word_1_52' title='bbox 572 833 755 887; x_wconf 89' lang='lat' dir='ltr'><em>creasti</em></span> <span class='ocrx_word' id='word_1_53' title='bbox 781 848 794 886; x_wconf 83' lang='lat'><strong><em>:</em></strong></span> <span class='ocrx_word' id='word_1_54' title='bbox 823 832 944 901; x_wconf 82' lang='lat' dir='ltr'><em>quia</em></span> <span class='ocrx_word' id='word_1_55' title='bbox 974 831 1238 902; x_wconf 74' lang='lat' dir='ltr'><em>interpres</em></span> <span class='ocrx_word' id='word_1_56' title='bbox 1276 846 1372 900; x_wconf 84' lang='lat' dir='ltr'><em>pro</em></span> <span class='ocrx_word' id='word_1_57' title='bbox 1399 836 1577 891; x_wconf 58' lang='lat' dir='ltr'><em>lxrrjcu</em></span> <span class='ocrx_word' id='word_1_58' title='bbox 1607 830 1814 900; x_wconf 83' lang='lat' dir='ltr'><em>accepit</em></span> 
     </span>
    </p>
   </div>
   <div class='ocr_carea' id='block_1_8' title="bbox 283 909 467 958">
    <p class='ocr_par' dir='ltr' id='par_1_8' title="bbox 283 909 467 958">
     <span class='ocr_line' id='line_1_8' title="bbox 283 909 467 958; baseline -0.011 -1"><span class='ocrx_word' id='word_1_59' title='bbox 283 909 467 958; x_wconf 61' lang='lat' dir='ltr'><em>intra.</em></span> 
     </span>
    </p>
   </div>
   <div class='ocr_carea' id='block_1_9' title="bbox 221 969 1814 1042">
    <p class='ocr_par' dir='ltr' id='par_1_9' title="bbox 221 969 1814 1042">
     <span class='ocr_line' id='line_1_9' title="bbox 221 969 1814 1042; baseline -0.003 -14"><span class='ocrx_word' id='word_1_60' title='bbox 221 974 342 1028; x_wconf 87' lang='lat' dir='ltr'><em>Item</em></span> <span class='ocrx_word' id='word_1_61' title='bbox 387 974 422 1042; x_wconf 99' lang='lat'><em>7</em></span> <span class='ocrx_word' id='word_1_62' title='bbox 447 1012 462 1026; x_wconf 96' lang='lat'><em>.</em></span> <span class='ocrx_word' id='word_1_63' title='bbox 486 974 542 1027; x_wconf 75' lang='lat'><em>2.</em></span> <span class='ocrx_word' id='word_1_64' title='bbox 569 989 715 1026; x_wconf 88' lang='lat' dir='ltr'><em>mons</em></span> <span class='ocrx_word' id='word_1_65' title='bbox 739 971 889 1037; x_wconf 76' lang='lat' dir='ltr'><em>Sion,</em></span> <span class='ocrx_word' id='word_1_66' title='bbox 923 971 974 1024; x_wconf 86' lang='lat' dir='ltr'><em>in</em></span> <span class='ocrx_word' id='word_1_67' title='bbox 1000 969 1364 1042; x_wconf 12' lang='lat' dir='ltr'><em>quoi/iubilain</em></span> <span class='ocrx_word' id='word_1_68' title='bbox 1384 970 1434 1021; x_wconf 88' lang='lat' dir='ltr'><em>in</em></span> <span class='ocrx_word' id='word_1_69' title='bbox 1464 985 1540 1023; x_wconf 83' lang='lat' dir='ltr'><em>eo.</em></span> <span class='ocrx_word' id='word_1_70' title='bbox 1572 971 1636 1024; x_wconf 88' lang='lat' dir='ltr'><strong>A.</strong></span> <span class='ocrx_word' id='word_1_71' title='bbox 1670 987 1814 1042; x_wconf 80' lang='lat' dir='ltr'><em>mon-</em></span> 
     </span>
    </p>
   </div>
   <div class='ocr_carea' id='block_1_10' title="bbox 287 1039 1804 1110">
    <p class='ocr_par' dir='ltr' id='par_1_10' title="bbox 287 1039 1804 1110">
     <span class='ocr_line' id='line_1_10' title="bbox 287 1039 1804 1110; baseline 0.001 -16"><span class='ocrx_word' id='word_1_72' title='bbox 287 1039 543 1098; x_wconf 41' lang='lat' dir='ltr'><em>tent&#39;Sion</em></span> <span class='ocrx_word' id='word_1_73' title='bbox 563 1087 578 1107; x_wconf 87' lang='grc'>,</span> <span class='ocrx_word' id='word_1_74' title='bbox 615 1045 768 1096; x_wconf 87' lang='lat' dir='ltr'><em>istum</em></span> <span class='ocrx_word' id='word_1_75' title='bbox 797 1059 940 1110; x_wconf 77' lang='lat' dir='ltr'><em>quem</em></span> <span class='ocrx_word' id='word_1_76' title='bbox 971 1041 1263 1093; x_wconf 87' lang='lat' dir='ltr'><em>inhabitasti</em></span> <span class='ocrx_word' id='word_1_77' title='bbox 1286 1043 1339 1093; x_wconf 88' lang='lat' dir='ltr'><em>in</em></span> <span class='ocrx_word' id='word_1_78' title='bbox 1364 1042 1474 1105; x_wconf 84' lang='lat' dir='ltr'><em>ipso</em></span> <span class='ocrx_word' id='word_1_79' title='bbox 1499 1056 1518 1093; x_wconf 90' lang='lat'><strong><em>:</em></strong></span> <span class='ocrx_word' id='word_1_80' title='bbox 1549 1042 1688 1096; x_wconf 66' lang='lat' dir='ltr'><em>favet</em></span> <span class='ocrx_word' id='word_1_81' title='bbox 1713 1039 1804 1096; x_wconf 85' lang='lat' dir='ltr'><em>Gr.</em></span> 
     </span>
    </p>
   </div>
   <div class='ocr_carea' id='block_1_11' title="bbox 289 1111 1574 1180">
    <p class='ocr_par' dir='ltr' id='par_1_11' title="bbox 289 1111 1574 1180">
     <span class='ocr_line' id='line_1_11' title="bbox 289 1111 1574 1180; baseline -0.001 -14"><span class='ocrx_word' id='word_1_82' title='bbox 289 1119 355 1167; x_wconf 75' lang='lat' dir='ltr'><em>At</em></span> <span class='ocrx_word' id='word_1_83' title='bbox 384 1113 450 1170; x_wconf 85' lang='lat' dir='ltr'>II.</span> <span class='ocrx_word' id='word_1_84' title='bbox 478 1131 624 1168; x_wconf 87' lang='lat' dir='ltr'><em>mons</em></span> <span class='ocrx_word' id='word_1_85' title='bbox 651 1111 800 1176; x_wconf 88' lang='lat' dir='ltr'><em>Sion,</em></span> <span class='ocrx_word' id='word_1_86' title='bbox 834 1113 884 1164; x_wconf 89' lang='lat' dir='ltr'><em>in</em></span> <span class='ocrx_word' id='word_1_87' title='bbox 910 1128 1007 1178; x_wconf 81' lang='lat' dir='ltr'><em>quo</em></span> <span class='ocrx_word' id='word_1_88' title='bbox 1037 1111 1232 1162; x_wconf 90' lang='lat' dir='ltr'><em>habitas</em></span> <span class='ocrx_word' id='word_1_89' title='bbox 1261 1112 1310 1162; x_wconf 92' lang='lat' dir='ltr'><em>in</em></span> <span class='ocrx_word' id='word_1_90' title='bbox 1331 1112 1574 1180; x_wconf 87' lang='lat' dir='ltr'><em>idipsum.</em></span> 
     </span>
    </p>
   </div>
   <div class='ocr_carea' id='block_1_12' title="bbox 234 1180 1815 1254">
    <p class='ocr_par' dir='ltr' id='par_1_12' title="bbox 234 1180 1815 1254">
     <span class='ocr_line' id='line_1_12' title="bbox 234 1180 1815 1254; baseline -0.001 -17"><span class='ocrx_word' id='word_1_91' title='bbox 234 1184 302 1254; x_wconf 85' lang='lat'><em>7.</em></span> <span class='ocrx_word' id='word_1_92' title='bbox 340 1185 394 1238; x_wconf 78' lang='grc'>5.</span> <span class='ocrx_word' id='word_1_93' title='bbox 438 1182 579 1237; x_wconf 62' lang='lat' dir='ltr'><em>Lava</em></span> <span class='ocrx_word' id='word_1_94' title='bbox 615 1199 796 1237; x_wconf 81' lang='lat' dir='ltr'><em>manus</em></span> <span class='ocrx_word' id='word_1_95' title='bbox 832 1193 965 1236; x_wconf 84' lang='lat' dir='ltr'><em>tuas.</em></span> <span class='ocrx_word' id='word_1_96' title='bbox 1008 1184 1070 1234; x_wconf 82' lang='lat' dir='ltr'><em>A.</em></span> <span class='ocrx_word' id='word_1_97' title='bbox 1115 1181 1182 1236; x_wconf 93' lang='lat' dir='ltr'><em>R.</em></span> <span class='ocrx_word' id='word_1_98' title='bbox 1216 1180 1373 1235; x_wconf 73' lang='lat' dir='ltr'><em>Rom.</em></span> <span class='ocrx_word' id='word_1_99' title='bbox 1418 1181 1575 1234; x_wconf 79' lang='lat' dir='ltr'><em>Eleva</em></span> <span class='ocrx_word' id='word_1_100' title='bbox 1607 1198 1815 1236; x_wconf 87' lang='lat' dir='ltr'><em>manum</em></span> 
     </span>
    </p>
   </div>
   <div class='ocr_carea' id='block_1_13' title="bbox 288 1264 446 1308">
    <p class='ocr_par' dir='ltr' id='par_1_13' title="bbox 288 1264 446 1308">
     <span class='ocr_line' id='line_1_13' title="bbox 288 1264 446 1308; baseline 0 -2"><span class='ocrx_word' id='word_1_101' title='bbox 288 1264 305 1306; x_wconf 82' lang='grc' dir='ltr'><strong><em>Ι</em></strong></span> <span class='ocrx_word' id='word_1_102' title='bbox 308 1270 446 1308; x_wconf 72' lang='grc' dir='ltr'><em>καηι.</em></span> 
     </span>
    </p>
   </div>
   <div class='ocr_carea' id='block_1_14' title="bbox 223 1322 1739 1392">
    <p class='ocr_par' dir='ltr' id='par_1_14' title="bbox 223 1322 1739 1392">
     <span class='ocr_line' id='line_1_14' title="bbox 223 1322 1739 1392; baseline -0.003 -14"><span class='ocrx_word' id='word_1_103' title='bbox 223 1326 346 1382; x_wconf 77' lang='lat' dir='ltr'><em>Item</em></span> <span class='ocrx_word' id='word_1_104' title='bbox 393 1324 430 1392; x_wconf 94' lang='lat'><em>7</em></span> <span class='ocrx_word' id='word_1_105' title='bbox 455 1362 470 1376; x_wconf 93' lang='lat'><em>.</em></span> <span class='ocrx_word' id='word_1_106' title='bbox 504 1325 560 1379; x_wconf 79' lang='lat'><strong>3.</strong></span> <span class='ocrx_word' id='word_1_107' title='bbox 591 1322 896 1392; x_wconf 83' lang='lat' dir='ltr'><em>malignatus</em></span> <span class='ocrx_word' id='word_1_108' title='bbox 922 1332 1013 1376; x_wconf 89' lang='lat' dir='ltr'><em>est.</em></span> <span class='ocrx_word' id='word_1_109' title='bbox 1045 1322 1108 1374; x_wconf 80' lang='grc' dir='ltr'>Α.</span> <span class='ocrx_word' id='word_1_110' title='bbox 1142 1322 1361 1392; x_wconf 77' lang='lat' dir='ltr'><em>maligne</em></span> <span class='ocrx_word' id='word_1_111' title='bbox 1377 1330 1624 1392; x_wconf 82' lang='lat' dir='ltr'><em>operatus</em></span> <span class='ocrx_word' id='word_1_112' title='bbox 1648 1331 1739 1392; x_wconf 72' lang='lat' dir='ltr'><em>est.</em></span> 
     </span>
    </p>
   </div>
   <div class='ocr_carea' id='block_1_15' title="bbox 225 1324 1809 1464">
    <p class='ocr_par' dir='ltr' id='par_1_15' title="bbox 225 1324 1809 1464">
     <span class='ocr_line' id='line_1_15' title="bbox 225 1324 1739 1392; baseline -0.003 -14"><span class='ocrx_word' id='word_1_113' title='bbox 225 1326 346 1382; x_wconf 77' lang='lat' dir='ltr'><em>Item</em></span> <span class='ocrx_word' id='word_1_114' title='bbox 455 1362 470 1376; x_wconf 93' lang='lat'><em>.</em></span> <span class='ocrx_word' id='word_1_115' title='bbox 504 1325 560 1379; x_wconf 79' lang='lat'><strong>3.</strong></span> <span class='ocrx_word' id='word_1_116' title='bbox 591 1324 896 1392; x_wconf 83' lang='lat' dir='ltr'><em>malignatus</em></span> <span class='ocrx_word' id='word_1_117' title='bbox 922 1332 1013 1376; x_wconf 89' lang='lat' dir='ltr'><em>est.</em></span> <span class='ocrx_word' id='word_1_118' title='bbox 1045 1324 1108 1374; x_wconf 80' lang='grc' dir='ltr'>Α.</span> <span class='ocrx_word' id='word_1_119' title='bbox 1142 1324 1361 1388; x_wconf 82' lang='lat' dir='ltr'><em>maligne</em></span> <span class='ocrx_word' id='word_1_120' title='bbox 1387 1330 1624 1391; x_wconf 88' lang='lat' dir='ltr'><em>operatus</em></span> <span class='ocrx_word' id='word_1_121' title='bbox 1648 1331 1739 1375; x_wconf 72' lang='lat' dir='ltr'><em>est.</em></span> 
     </span>
     <span class='ocr_line' id='line_1_16' title="bbox 225 1324 1809 1464; baseline -0.002 -17"><span class='ocrx_word' id='word_1_122' title='bbox 225 1396 345 1449; x_wconf 83' lang='lat' dir='ltr'><em>Item</em></span> <span class='ocrx_word' id='word_1_123' title='bbox 486 1394 542 1449; x_wconf 76' lang='lat'><strong>3.</strong></span> <span class='ocrx_word' id='word_1_124' title='bbox 577 1395 632 1446; x_wconf 84' lang='lat' dir='ltr'><em>in</em></span> <span class='ocrx_word' id='word_1_125' title='bbox 658 1403 851 1447; x_wconf 85' lang='lat' dir='ltr'><em>sancto.</em></span> <span class='ocrx_word' id='word_1_126' title='bbox 880 1394 948 1446; x_wconf 85' lang='grc' dir='ltr'>Δ.</span> <span class='ocrx_word' id='word_1_127' title='bbox 978 1391 1043 1446; x_wconf 89' lang='lat' dir='ltr'><em>R.</em></span> <span class='ocrx_word' id='word_1_128' title='bbox 1075 1392 1228 1446; x_wconf 89' lang='lat' dir='ltr'><em>Rom.</em></span> <span class='ocrx_word' id='word_1_129' title='bbox 1256 1391 1322 1446; x_wconf 91' lang='grc' dir='ltr'><em>Μ.</em></span> <span class='ocrx_word' id='word_1_130' title='bbox 1356 1391 1422 1448; x_wconf 87' lang='lat' dir='ltr'><em>G.</em></span> <span class='ocrx_word' id='word_1_131' title='bbox 1448 1391 1512 1446; x_wconf 90' lang='lat' dir='ltr'><em>C.</em></span> <span class='ocrx_word' id='word_1_132' title='bbox 1540 1392 1688 1461; x_wconf 79' lang='lat' dir='ltr'><em>juxta</em></span> <span class='ocrx_word' id='word_1_133' title='bbox 1715 1390 1809 1447; x_wconf 85' lang='lat' dir='ltr'><em>Gr.</em></span> 
     </span>
    </p>
   </div>
   <div class='ocr_carea' id='block_1_16' title="bbox 287 1464 712 1518">
    <p class='ocr_par' dir='ltr' id='par_1_16' title="bbox 287 1464 712 1518">
     <span class='ocr_line' id='line_1_17' title="bbox 287 1464 712 1518; baseline -0.005 -1"><span class='ocrx_word' id='word_1_134' title='bbox 287 1465 340 1517; x_wconf 90' lang='lat' dir='ltr'><em>in</em></span> <span class='ocrx_word' id='word_1_135' title='bbox 365 1467 560 1518; x_wconf 89' lang='lat' dir='ltr'><em>sanctis</em></span> <span class='ocrx_word' id='word_1_136' title='bbox 593 1464 712 1516; x_wconf 86' lang='lat' dir='ltr'><em>tuis.</em></span> 
     </span>
    </p>
   </div>
   <div class='ocr_carea' id='block_1_17' title="bbox 236 1530 1816 1605">
    <p class='ocr_par' dir='ltr' id='par_1_17' title="bbox 236 1530 1816 1605">
     <span class='ocr_line' id='line_1_18' title="bbox 236 1530 1816 1605; baseline -0.003 -16"><span class='ocrx_word' id='word_1_137' title='bbox 236 1535 384 1605; x_wconf 67' lang='lat'><em>7.4.</em></span> <span class='ocrx_word' id='word_1_138' title='bbox 419 1537 473 1588; x_wconf 86' lang='lat' dir='ltr'><em>in</em></span> <span class='ocrx_word' id='word_1_139' title='bbox 518 1534 685 1587; x_wconf 86' lang='lat' dir='ltr'><em>medio</em></span> <span class='ocrx_word' id='word_1_140' title='bbox 721 1532 1048 1605; x_wconf 72' lang='lat' dir='ltr'><em>solemnitatis</em></span> <span class='ocrx_word' id='word_1_141' title='bbox 1091 1541 1211 1605; x_wconf 73' lang='lat' dir='ltr'><em>tute.</em></span> <span class='ocrx_word' id='word_1_142' title='bbox 1251 1530 1311 1585; x_wconf 93' lang='lat' dir='ltr'><em>R.</em></span> <span class='ocrx_word' id='word_1_143' title='bbox 1360 1532 1516 1605; x_wconf 82' lang='lat' dir='ltr'><em>Rom.</em></span> <span class='ocrx_word' id='word_1_144' title='bbox 1557 1530 1620 1587; x_wconf 89' lang='lat' dir='ltr'><em>G.</em></span> <span class='ocrx_word' id='word_1_145' title='bbox 1661 1531 1722 1587; x_wconf 79' lang='grc' dir='ltr'><em>Ο.</em></span> <span class='ocrx_word' id='word_1_146' title='bbox 1765 1534 1816 1585; x_wconf 88' lang='lat' dir='ltr'><em>in</em></span> 
     </span>
    </p>
   </div>
   <div class='ocr_carea' id='block_1_18' title="bbox 292 1602 1496 1671">
    <p class='ocr_par' dir='ltr' id='par_1_18' title="bbox 292 1602 1496 1671">
     <span class='ocr_line' id='line_1_19' title="bbox 292 1602 1496 1671; baseline -0.003 -13"><span class='ocrx_word' id='word_1_147' title='bbox 292 1605 458 1658; x_wconf 86' lang='lat' dir='ltr'><em>medio</em></span> <span class='ocrx_word' id='word_1_148' title='bbox 487 1605 621 1656; x_wconf 89' lang='lat' dir='ltr'><em>atrio</em></span> <span class='ocrx_word' id='word_1_149' title='bbox 644 1613 750 1656; x_wconf 86' lang='lat' dir='ltr'><em>tuo.</em></span> <span class='ocrx_word' id='word_1_150' title='bbox 779 1602 940 1656; x_wconf 84' lang='lat' dir='ltr'><em>Hebr.</em></span> <span class='ocrx_word' id='word_1_151' title='bbox 969 1603 1020 1655; x_wconf 89' lang='lat' dir='ltr'><em>in</em></span> <span class='ocrx_word' id='word_1_152' title='bbox 1051 1603 1214 1655; x_wconf 78' lang='lat' dir='ltr'><em>medio</em></span> <span class='ocrx_word' id='word_1_153' title='bbox 1241 1603 1372 1671; x_wconf 84' lang='lat' dir='ltr'><em>pacti</em></span> <span class='ocrx_word' id='word_1_154' title='bbox 1404 1602 1496 1654; x_wconf 86' lang='lat' dir='ltr'><em>tui.</em></span> 
     </span>
    </p>
   </div>
   <div class='ocr_carea' id='block_1_19' title="bbox 236 1672 1820 1747">
    <p class='ocr_par' dir='ltr' id='par_1_19' title="bbox 236 1672 1820 1747">
     <span class='ocr_line' id='line_1_20' title="bbox 236 1672 1820 1747; baseline -0.003 -18"><span class='ocrx_word' id='word_1_155' title='bbox 236 1675 271 1747; x_wconf 91' lang='lat'><em>7</em></span> <span class='ocrx_word' id='word_1_156' title='bbox 293 1713 308 1729; x_wconf 96' lang='lat'>.</span> <span class='ocrx_word' id='word_1_157' title='bbox 335 1675 389 1730; x_wconf 87' lang='lat'><em>5.</em></span> <span class='ocrx_word' id='word_1_158' title='bbox 419 1676 550 1747; x_wconf 83' lang='lat' dir='ltr'><em>sicut</em></span> <span class='ocrx_word' id='word_1_159' title='bbox 581 1675 634 1727; x_wconf 88' lang='lat' dir='ltr'><em>in</em></span> <span class='ocrx_word' id='word_1_160' title='bbox 661 1674 979 1747; x_wconf 44' lang='lat' dir='ltr'><em>egituguper</em></span> <span class='ocrx_word' id='word_1_161' title='bbox 1007 1689 1284 1747; x_wconf 64' lang='lat' dir='ltr'><em>summum.</em></span> <span class='ocrx_word' id='word_1_162' title='bbox 1309 1675 1374 1725; x_wconf 84' lang='lat' dir='ltr'><strong>A.</strong></span> <span class='ocrx_word' id='word_1_163' title='bbox 1403 1673 1530 1725; x_wconf 89' lang='lat' dir='ltr'><em>sicut</em></span> <span class='ocrx_word' id='word_1_164' title='bbox 1565 1672 1617 1725; x_wconf 90' lang='lat' dir='ltr'><em>in</em></span> <span class='ocrx_word' id='word_1_165' title='bbox 1652 1689 1820 1743; x_wconf 85' lang='lat' dir='ltr'><em>egres-</em></span> 
     </span>
    </p>
   </div>
   <div class='ocr_carea' id='block_1_20' title="bbox 286 1742 1816 1814">
    <p class='ocr_par' dir='ltr' id='par_1_20' title="bbox 286 1742 1816 1814">
     <span class='ocr_line' id='line_1_21' title="bbox 286 1742 1816 1814; baseline -0.002 -16"><span class='ocrx_word' id='word_1_166' title='bbox 286 1762 401 1800; x_wconf 86' lang='lat' dir='ltr'><em>sum</em></span> <span class='ocrx_word' id='word_1_167' title='bbox 433 1746 673 1812; x_wconf 76' lang='lat' dir='ltr'><em>desuper.</em></span> <span class='ocrx_word' id='word_1_168' title='bbox 703 1744 768 1797; x_wconf 89' lang='lat' dir='ltr'><em>R.</em></span> <span class='ocrx_word' id='word_1_169' title='bbox 801 1742 956 1814; x_wconf 86' lang='lat' dir='ltr'><em>Rom.</em></span> <span class='ocrx_word' id='word_1_170' title='bbox 999 1744 1128 1796; x_wconf 90' lang='lat' dir='ltr'><em>sicut</em></span> <span class='ocrx_word' id='word_1_171' title='bbox 1147 1744 1210 1814; x_wconf 88' lang='lat' dir='ltr'><em>_in</em></span> <span class='ocrx_word' id='word_1_172' title='bbox 1240 1742 1320 1794; x_wconf 86' lang='lat' dir='ltr'><em>via</em></span> <span class='ocrx_word' id='word_1_173' title='bbox 1356 1759 1511 1814; x_wconf 80' lang='lat' dir='ltr'><em>supra</em></span> <span class='ocrx_word' id='word_1_174' title='bbox 1542 1742 1816 1796; x_wconf 85' lang='lat' dir='ltr'><em>summam.</em></span> 
     </span>
    </p>
   </div>
   <div class='ocr_carea' id='block_1_21' title="bbox 289 1812 1821 1884">
    <p class='ocr_par' dir='ltr' id='par_1_21' title="bbox 289 1812 1821 1884">
     <span class='ocr_line' id='line_1_22' title="bbox 289 1812 1821 1884; baseline -0.003 -14"><span class='ocrx_word' id='word_1_175' title='bbox 289 1815 358 1870; x_wconf 82' lang='grc' dir='ltr'><em>Μ.</em></span> <span class='ocrx_word' id='word_1_176' title='bbox 389 1817 521 1869; x_wconf 86' lang='lat' dir='ltr'><em>sicut</em></span> <span class='ocrx_word' id='word_1_177' title='bbox 551 1817 603 1868; x_wconf 89' lang='lat' dir='ltr'><em>in</em></span> <span class='ocrx_word' id='word_1_178' title='bbox 633 1817 770 1868; x_wconf 67' lang='lat' dir='ltr'><em>exitu</em></span> <span class='ocrx_word' id='word_1_179' title='bbox 792 1813 853 1884; x_wconf 88' lang='lat' dir='ltr'><em>de</em></span> <span class='ocrx_word' id='word_1_180' title='bbox 882 1813 1105 1880; x_wconf 77' lang='lat' dir='ltr'><em>insuper.</em></span> <span class='ocrx_word' id='word_1_181' title='bbox 1132 1812 1225 1866; x_wconf 85' lang='lat' dir='ltr'><em>Gr.</em></span> <span class='ocrx_word' id='word_1_182' title='bbox 1256 1814 1380 1879; x_wconf 82' lang='lat' dir='ltr'><em>sicut</em></span> <span class='ocrx_word' id='word_1_183' title='bbox 1402 1812 1452 1866; x_wconf 82' lang='lat' dir='ltr'><em>in</em></span> <span class='ocrx_word' id='word_1_184' title='bbox 1477 1813 1703 1884; x_wconf 82' lang='lat' dir='ltr'><em>ingressu</em></span> <span class='ocrx_word' id='word_1_185' title='bbox 1732 1814 1821 1866; x_wconf 81' lang='lat' dir='ltr'><em>dc-</em></span> 
     </span>
    </p>
   </div>
   <div class='ocr_carea' id='block_1_22' title="bbox 291 1883 1534 1951">
    <p class='ocr_par' dir='ltr' id='par_1_22' title="bbox 291 1883 1534 1951">
     <span class='ocr_line' id='line_1_23' title="bbox 291 1883 1534 1951; baseline -0.005 -10"><span class='ocrx_word' id='word_1_186' title='bbox 291 1902 464 1949; x_wconf 81' lang='lat' dir='ltr'><em>super.</em></span> <span class='ocrx_word' id='word_1_187' title='bbox 490 1885 557 1941; x_wconf 87' lang='lat' dir='ltr'><em>G.</em></span> <span class='ocrx_word' id='word_1_188' title='bbox 593 1885 721 1938; x_wconf 84' lang='lat' dir='ltr'><em>sicut</em></span> <span class='ocrx_word' id='word_1_189' title='bbox 743 1885 792 1937; x_wconf 89' lang='lat' dir='ltr'><em>in</em></span> <span class='ocrx_word' id='word_1_190' title='bbox 815 1883 1072 1936; x_wconf 71' lang='lat' dir='ltr'><em>introitum</em></span> <span class='ocrx_word' id='word_1_191' title='bbox 1101 1898 1273 1934; x_wconf 77' lang='lat' dir='ltr'><em>eorum</em></span> <span class='ocrx_word' id='word_1_192' title='bbox 1300 1885 1534 1951; x_wconf 80' lang='lat' dir='ltr'><em>desuper.</em></span> 
     </span>
    </p>
   </div>
   <div class='ocr_carea' id='block_1_23' title="bbox 295 1952 1699 2021">
    <p class='ocr_par' dir='ltr' id='par_1_23' title="bbox 295 1952 1699 2021">
     <span class='ocr_line' id='line_1_24' title="bbox 295 1952 1699 2021; baseline -0.004 -11"><span class='ocrx_word' id='word_1_193' title='bbox 295 1994 310 2009; x_wconf 95' lang='lat'>.</span> <span class='ocrx_word' id='word_1_194' title='bbox 332 1956 389 2010; x_wconf 85' lang='lat'><em>6.</em></span> <span class='ocrx_word' id='word_1_195' title='bbox 420 1957 473 2009; x_wconf 89' lang='lat' dir='ltr'><em>in</em></span> <span class='ocrx_word' id='word_1_196' title='bbox 499 1955 668 2014; x_wconf 84' lang='lat' dir='ltr'><em>securi</em></span> <span class='ocrx_word' id='word_1_197' title='bbox 694 1965 742 2008; x_wconf 89' lang='lat' dir='ltr'><em>et</em></span> <span class='ocrx_word' id='word_1_198' title='bbox 767 1955 926 2007; x_wconf 90' lang='lat' dir='ltr'><em>ascia.</em></span> <span class='ocrx_word' id='word_1_199' title='bbox 959 1956 1021 2006; x_wconf 84' lang='lat' dir='ltr'><em>A.</em></span> <span class='ocrx_word' id='word_1_200' title='bbox 1048 1954 1100 2005; x_wconf 91' lang='lat' dir='ltr'><em>in</em></span> <span class='ocrx_word' id='word_1_201' title='bbox 1127 1952 1337 2005; x_wconf 91' lang='lat' dir='ltr'><em>dolabra</em></span> <span class='ocrx_word' id='word_1_202' title='bbox 1363 1962 1407 2006; x_wconf 91' lang='lat' dir='ltr'><em>et</em></span> <span class='ocrx_word' id='word_1_203' title='bbox 1436 1952 1699 2021; x_wconf 89' lang='lat' dir='ltr'><em>fractorio.</em></span> 
     </span>
    </p>
   </div>
   <div class='ocr_carea' id='block_1_24' title="bbox 239 1958 1822 2098">
    <p class='ocr_par' dir='ltr' id='par_1_24' title="bbox 239 1958 1822 2098">
     <span class='ocr_line' id='line_1_25' title="bbox 295 1958 1699 2021; baseline -0.004 -11"><span class='ocrx_word' id='word_1_204' title='bbox 295 1994 310 2009; x_wconf 95' lang='lat'>.</span> <span class='ocrx_word' id='word_1_205' title='bbox 332 1958 389 2010; x_wconf 84' lang='lat'><em>6.</em></span> <span class='ocrx_word' id='word_1_206' title='bbox 420 1958 473 2009; x_wconf 89' lang='lat' dir='ltr'><em>in</em></span> <span class='ocrx_word' id='word_1_207' title='bbox 499 1958 668 2014; x_wconf 84' lang='lat' dir='ltr'><em>securi</em></span> <span class='ocrx_word' id='word_1_208' title='bbox 694 1965 742 2008; x_wconf 89' lang='lat' dir='ltr'><em>et</em></span> <span class='ocrx_word' id='word_1_209' title='bbox 767 1958 926 2007; x_wconf 88' lang='lat' dir='ltr'><em>ascia.</em></span> <span class='ocrx_word' id='word_1_210' title='bbox 959 1958 1021 2006; x_wconf 83' lang='lat' dir='ltr'><em>A.</em></span> <span class='ocrx_word' id='word_1_211' title='bbox 1048 1958 1100 2005; x_wconf 90' lang='lat' dir='ltr'><em>in</em></span> <span class='ocrx_word' id='word_1_212' title='bbox 1127 1958 1337 2005; x_wconf 91' lang='lat' dir='ltr'><em>dolabra</em></span> <span class='ocrx_word' id='word_1_213' title='bbox 1363 1962 1407 2006; x_wconf 91' lang='lat' dir='ltr'><em>et</em></span> <span class='ocrx_word' id='word_1_214' title='bbox 1436 1958 1699 2021; x_wconf 88' lang='lat' dir='ltr'><em>fractorio.</em></span> 
     </span>
     <span class='ocr_line' id='line_1_26' title="bbox 239 1958 1822 2098; baseline -0.001 -20"><span class='ocrx_word' id='word_1_215' title='bbox 239 1958 308 2098; x_wconf 52' lang='grc' dir='ltr'>ζ.</span> <span class='ocrx_word' id='word_1_216' title='bbox 338 2026 393 2098; x_wconf 84' lang='grc'><em>8.</em></span> <span class='ocrx_word' id='word_1_217' title='bbox 427 2025 697 2098; x_wconf 82' lang='lat' dir='ltr'><em>Quiescere</em></span> <span class='ocrx_word' id='word_1_218' title='bbox 726 2024 994 2095; x_wconf 79' lang='lat' dir='ltr'><em>faciamus.</em></span> <span class='ocrx_word' id='word_1_219' title='bbox 1033 2025 1097 2077; x_wconf 83' lang='lat' dir='ltr'><strong>A.</strong></span> <span class='ocrx_word' id='word_1_220' title='bbox 1137 2021 1203 2076; x_wconf 77' lang='grc' dir='ltr'>Β.</span> <span class='ocrx_word' id='word_1_221' title='bbox 1231 2023 1390 2078; x_wconf 86' lang='lat' dir='ltr'><em>Rom.</em></span> <span class='ocrx_word' id='word_1_222' title='bbox 1423 2023 1494 2077; x_wconf 92' lang='grc' dir='ltr'><em>Μ.</em></span> <span class='ocrx_word' id='word_1_223' title='bbox 1528 2023 1592 2080; x_wconf 86' lang='lat' dir='ltr'><em>G.</em></span> <span class='ocrx_word' id='word_1_224' title='bbox 1622 2025 1684 2078; x_wconf 78' lang='lat' dir='ltr'><em>C.</em></span> <span class='ocrx_word' id='word_1_225' title='bbox 1722 2020 1822 2076; x_wconf 80' lang='lat' dir='ltr'><em>Ve-</em></span> 
     </span>
    </p>
   </div>
   <div class='ocr_carea' id='block_1_25' title="bbox 295 2096 859 2164">
    <p class='ocr_par' dir='ltr' id='par_1_25' title="bbox 295 2096 859 2164">
     <span class='ocr_line' id='line_1_27' title="bbox 295 2096 859 2164; baseline -0.007 -14"><span class='ocrx_word' id='word_1_226' title='bbox 295 2097 413 2160; x_wconf 86' lang='lat' dir='ltr'><em>nite,</em></span> <span class='ocrx_word' id='word_1_227' title='bbox 441 2096 859 2164; x_wconf 84' lang='lat' dir='ltr'><em>comprimamus.</em></span> 
     </span>
    </p>
   </div>
   <div class='ocr_carea' id='block_1_26' title="bbox 244 2163 1820 2236">
    <p class='ocr_par' dir='ltr' id='par_1_26' title="bbox 244 2163 1820 2236">
     <span class='ocr_line' id='line_1_28' title="bbox 244 2163 1820 2236; baseline -0.001 -18"><span class='ocrx_word' id='word_1_228' title='bbox 244 2169 273 2235; x_wconf 89' lang='lat'><em>7</em></span> <span class='ocrx_word' id='word_1_229' title='bbox 298 2207 310 2218; x_wconf 96' lang='lat'>.</span> <span class='ocrx_word' id='word_1_230' title='bbox 343 2167 396 2222; x_wconf 93' lang='lat'><em>9.</em></span> <span class='ocrx_word' id='word_1_231' title='bbox 428 2184 532 2220; x_wconf 89' lang='lat' dir='ltr'><em>non</em></span> <span class='ocrx_word' id='word_1_232' title='bbox 553 2163 814 2236; x_wconf 79' lang='lat' dir='ltr'><em>cognoscet</em></span> <span class='ocrx_word' id='word_1_233' title='bbox 844 2163 1083 2232; x_wconf 76' lang='lat' dir='ltr'><em>amplius.</em></span> <span class='ocrx_word' id='word_1_234' title='bbox 1124 2165 1190 2218; x_wconf 84' lang='lat' dir='ltr'><em>A.</em></span> <span class='ocrx_word' id='word_1_235' title='bbox 1219 2180 1319 2218; x_wconf 91' lang='lat' dir='ltr'><em>non</em></span> <span class='ocrx_word' id='word_1_236' title='bbox 1344 2173 1608 2235; x_wconf 82' lang='lat' dir='ltr'><em>cognoscet</em></span> <span class='ocrx_word' id='word_1_237' title='bbox 1630 2163 1820 2218; x_wconf 78' lang='lat' dir='ltr'><em>adhuc.</em></span> 
     </span>
    </p>
   </div>
   <div class='ocr_carea' id='block_1_27' title="bbox 294 2237 790 2293">
    <p class='ocr_par' dir='ltr' id='par_1_27' title="bbox 294 2237 790 2293">
     <span class='ocr_line' id='line_1_29' title="bbox 294 2237 790 2293; baseline -0.01 0"><span class='ocrx_word' id='word_1_238' title='bbox 294 2237 334 2293; x_wconf 67' lang='grc' dir='ltr'><strong>(ἶ</strong></span> <span class='ocrx_word' id='word_1_239' title='bbox 345 2276 357 2288; x_wconf 93' lang='grc'><em>.</em></span> <span class='ocrx_word' id='word_1_240' title='bbox 383 2237 574 2291; x_wconf 76' lang='lat' dir='ltr'><em>nesciet</em></span> <span class='ocrx_word' id='word_1_241' title='bbox 602 2237 790 2288; x_wconf 83' lang='lat' dir='ltr'><em>adhuc.</em></span> 
     </span>
    </p>
   </div>
   <div class='ocr_carea' id='block_1_28' title="bbox 245 2302 1824 2378">
    <p class='ocr_par' dir='ltr' id='par_1_28' title="bbox 245 2302 1824 2378">
     <span class='ocr_line' id='line_1_30' title="bbox 245 2302 1824 2378; baseline -0.004 -16"><span class='ocrx_word' id='word_1_242' title='bbox 245 2309 312 2378; x_wconf 90' lang='lat'><em>7.</em></span> <span class='ocrx_word' id='word_1_243' title='bbox 348 2309 434 2362; x_wconf 91' lang='lat' dir='ltr'>II.</span> <span class='ocrx_word' id='word_1_244' title='bbox 465 2323 674 2378; x_wconf 86' lang='lat' dir='ltr'><em>manum</em></span> <span class='ocrx_word' id='word_1_245' title='bbox 695 2317 855 2359; x_wconf 88' lang='lat' dir='ltr'><em>tuam.</em></span> <span class='ocrx_word' id='word_1_246' title='bbox 887 2305 954 2359; x_wconf 89' lang='lat' dir='ltr'><em>R.</em></span> <span class='ocrx_word' id='word_1_247' title='bbox 981 2304 1135 2359; x_wconf 88' lang='lat' dir='ltr'><em>Rom.</em></span> <span class='ocrx_word' id='word_1_248' title='bbox 1163 2307 1344 2376; x_wconf 75' lang='lat' dir='ltr'><em>faciem</em></span> <span class='ocrx_word' id='word_1_249' title='bbox 1365 2314 1523 2358; x_wconf 89' lang='lat' dir='ltr'><em>tuam.</em></span> <span class='ocrx_word' id='word_1_250' title='bbox 1552 2302 1824 2373; x_wconf 39' lang='lat' dir='ltr'><em>Gcfaciem</em></span> 
     </span>
    </p>
   </div>
   <div class='ocr_carea' id='block_1_29' title="bbox 297 2377 682 2432">
    <p class='ocr_par' dir='ltr' id='par_1_29' title="bbox 297 2377 682 2432">
     <span class='ocr_line' id='line_1_31' title="bbox 297 2377 682 2432; baseline -0.013 -1"><span class='ocrx_word' id='word_1_251' title='bbox 297 2390 435 2432; x_wconf 85' lang='lat' dir='ltr'><em>tuam</em></span> <span class='ocrx_word' id='word_1_252' title='bbox 459 2395 492 2430; x_wconf 91' lang='lat' dir='ltr'><em>a</em></span> <span class='ocrx_word' id='word_1_253' title='bbox 520 2377 682 2431; x_wconf 85' lang='lat' dir='ltr'><em>nobis.</em></span> 
     </span>
    </p>
   </div>
   <div class='ocr_carea' id='block_1_30' title="bbox 227 2443 1679 2516">
    <p class='ocr_par' dir='ltr' id='par_1_30' title="bbox 227 2443 1679 2516">
     <span class='ocr_line' id='line_1_32' title="bbox 227 2443 1679 2516; baseline -0.004 -14"><span class='ocrx_word' id='word_1_254' title='bbox 227 2447 354 2504; x_wconf 90' lang='lat' dir='ltr'><em>Item</em></span> <span class='ocrx_word' id='word_1_255' title='bbox 401 2449 435 2516; x_wconf 94' lang='lat'><em>7</em></span> <span class='ocrx_word' id='word_1_256' title='bbox 461 2486 476 2501; x_wconf 95' lang='lat'>.</span> <span class='ocrx_word' id='word_1_257' title='bbox 510 2448 599 2502; x_wconf 84' lang='lat' dir='ltr'>II.</span> <span class='ocrx_word' id='word_1_258' title='bbox 631 2457 677 2500; x_wconf 91' lang='lat' dir='ltr'><em>et</em></span> <span class='ocrx_word' id='word_1_259' title='bbox 707 2447 964 2500; x_wconf 71' lang='lat' dir='ltr'><em>dexteram</em></span> <span class='ocrx_word' id='word_1_260' title='bbox 989 2455 1148 2516; x_wconf 81' lang='lat' dir='ltr'><em>tuam.</em></span> <span class='ocrx_word' id='word_1_261' title='bbox 1268 2456 1314 2499; x_wconf 91' lang='lat' dir='ltr'><em>et</em></span> <span class='ocrx_word' id='word_1_262' title='bbox 1342 2446 1679 2516; x_wconf 68' lang='lat' dir='ltr'><em>dexteratua.</em></span> 
     </span>
    </p>
   </div>
   <div class='ocr_carea' id='block_1_31' title="bbox 247 2513 1824 2588">
    <p class='ocr_par' dir='ltr' id='par_1_31' title="bbox 247 2513 1824 2588">
     <span class='ocr_line' id='line_1_33' title="bbox 247 2513 1824 2588; baseline -0.003 -17"><span class='ocrx_word' id='word_1_263' title='bbox 247 2522 313 2587; x_wconf 89' lang='lat'><em>7.</em></span> <span class='ocrx_word' id='word_1_264' title='bbox 345 2513 429 2573; x_wconf 74' lang='lat' dir='ltr'><em>I5.</em></span> <span class='ocrx_word' id='word_1_265' title='bbox 463 2520 515 2570; x_wconf 89' lang='lat' dir='ltr'><em>in</em></span> <span class='ocrx_word' id='word_1_266' title='bbox 559 2519 721 2588; x_wconf 75' lang='lat' dir='ltr'><em>aquis.</em></span> <span class='ocrx_word' id='word_1_267' title='bbox 764 2518 826 2569; x_wconf 73' lang='grc' dir='ltr'>Α.</span> <span class='ocrx_word' id='word_1_268' title='bbox 859 2516 1010 2584; x_wconf 79' lang='lat' dir='ltr'><em>juxta</em></span> <span class='ocrx_word' id='word_1_269' title='bbox 1049 2515 1144 2570; x_wconf 83' lang='lat' dir='ltr'><em>Gr.</em></span> <span class='ocrx_word' id='word_1_270' title='bbox 1179 2515 1233 2569; x_wconf 84' lang='lat' dir='ltr'><em>in</em></span> <span class='ocrx_word' id='word_1_271' title='bbox 1274 2533 1425 2588; x_wconf 79' lang='lat' dir='ltr'><em>aqua.</em></span> <span class='ocrx_word' id='word_1_272' title='bbox 1459 2514 1524 2568; x_wconf 93' lang='lat' dir='ltr'><em>R.</em></span> <span class='ocrx_word' id='word_1_273' title='bbox 1556 2514 1713 2568; x_wconf 88' lang='lat' dir='ltr'><em>Rom.</em></span> <span class='ocrx_word' id='word_1_274' title='bbox 1753 2513 1824 2567; x_wconf 84' lang='grc' dir='ltr'><em>Μ.</em></span> 
     </span>
    </p>
   </div>
   <div class='ocr_carea' id='block_1_32' title="bbox 299 2586 1162 2658">
    <p class='ocr_par' dir='ltr' id='par_1_32' title="bbox 299 2586 1162 2658">
     <span class='ocr_line' id='line_1_34' title="bbox 299 2586 1162 2658; baseline -0.003 -16"><span class='ocrx_word' id='word_1_275' title='bbox 299 2606 453 2658; x_wconf 87' lang='lat' dir='ltr'><em>super</em></span> <span class='ocrx_word' id='word_1_276' title='bbox 480 2586 660 2655; x_wconf 79' lang='lat' dir='ltr'><em>aquas.</em></span> <span class='ocrx_word' id='word_1_277' title='bbox 691 2586 756 2641; x_wconf 88' lang='lat' dir='ltr'><em>G.</em></span> <span class='ocrx_word' id='word_1_278' title='bbox 781 2603 935 2654; x_wconf 81' lang='lat' dir='ltr'><em>super</em></span> <span class='ocrx_word' id='word_1_279' title='bbox 957 2602 1162 2658; x_wconf 83' lang='lat' dir='ltr'><em>aquam.</em></span> 
     </span>
    </p>
   </div>
   <div class='ocr_carea' id='block_1_33' title="bbox 251 2654 1823 2728">
    <p class='ocr_par' dir='ltr' id='par_1_33' title="bbox 251 2654 1823 2728">
     <span class='ocr_line' id='line_1_35' title="bbox 251 2654 1823 2728; baseline -0.004 -14"><span class='ocrx_word' id='word_1_280' title='bbox 251 2661 316 2728; x_wconf 87' lang='lat'><em>7.</em></span> <span class='ocrx_word' id='word_1_281' title='bbox 343 2654 430 2713; x_wconf 66' lang='lat' dir='ltr'>I4.</span> <span class='ocrx_word' id='word_1_282' title='bbox 461 2654 635 2727; x_wconf 73' lang='lat' dir='ltr'><em>capita</em></span> <span class='ocrx_word' id='word_1_283' title='bbox 669 2658 924 2709; x_wconf 88' lang='lat' dir='ltr'><em>draconis.</em></span> <span class='ocrx_word' id='word_1_284' title='bbox 961 2654 1026 2728; x_wconf 68' lang='grc' dir='ltr'>Α.</span> <span class='ocrx_word' id='word_1_285' title='bbox 1059 2655 1130 2709; x_wconf 94' lang='grc' dir='ltr'><em>Μ.</em></span> <span class='ocrx_word' id='word_1_286' title='bbox 1267 2665 1419 2726; x_wconf 88' lang='lat' dir='ltr'><em>caput</em></span> <span class='ocrx_word' id='word_1_287' title='bbox 1449 2655 1712 2709; x_wconf 74' lang='lat' dir='ltr'><em>&quot;draconis.</em></span> <span class='ocrx_word' id='word_1_288' title='bbox 1756 2654 1823 2708; x_wconf 89' lang='lat' dir='ltr'><em>R.</em></span> 
     </span>
    </p>
   </div>
   <div class='ocr_carea' id='block_1_34' title="bbox 300 2727 1216 2796">
    <p class='ocr_par' dir='ltr' id='par_1_34' title="bbox 300 2727 1216 2796">
     <span class='ocr_line' id='line_1_36' title="bbox 300 2727 1216 2796; baseline -0.007 -12"><span class='ocrx_word' id='word_1_289' title='bbox 300 2729 460 2784; x_wconf 88' lang='lat' dir='ltr'><em>Rom.</em></span> <span class='ocrx_word' id='word_1_290' title='bbox 483 2728 552 2784; x_wconf 78' lang='grc' dir='ltr'><em>Ο.</em></span> <span class='ocrx_word' id='word_1_291' title='bbox 580 2738 734 2796; x_wconf 84' lang='lat' dir='ltr'><em>caput</em></span> <span class='ocrx_word' id='word_1_292' title='bbox 762 2727 997 2780; x_wconf 86' lang='lat' dir='ltr'><em>draconis</em></span> <span class='ocrx_word' id='word_1_293' title='bbox 1026 2727 1216 2796; x_wconf 84' lang='lat' dir='ltr'><em>magni.</em></span> 
     </span>
    </p>
   </div>
   <div class='ocr_carea' id='block_1_35' title="bbox 248 2791 1827 2870">
    <p class='ocr_par' dir='ltr' id='par_1_35' title="bbox 248 2791 1827 2870">
     <span class='ocr_line' id='line_1_37' title="bbox 248 2791 1827 2870; baseline -0.001 -21"><span class='ocrx_word' id='word_1_294' title='bbox 248 2799 428 2870; x_wconf 57' lang='lat' dir='ltr'><em>7J6.</em></span> <span class='ocrx_word' id='word_1_295' title='bbox 455 2809 513 2852; x_wconf 83' lang='lat' dir='ltr'><em>tu</em></span> <span class='ocrx_word' id='word_1_296' title='bbox 535 2791 815 2870; x_wconf 69' lang='lat' dir='ltr'><em>fabricatus</em></span> <span class='ocrx_word' id='word_1_297' title='bbox 849 2814 901 2870; x_wconf 76' lang='lat' dir='ltr'><em>es</em></span> <span class='ocrx_word' id='word_1_298' title='bbox 933 2791 1172 2870; x_wconf 75' lang='lat' dir='ltr'><em>aurordm</em></span> <span class='ocrx_word' id='word_1_299' title='bbox 1200 2807 1246 2849; x_wconf 89' lang='lat' dir='ltr'><em>et</em></span> <span class='ocrx_word' id='word_1_300' title='bbox 1273 2797 1450 2870; x_wconf 48' lang='lat' dir='ltr'><em>solem.</em></span> <span class='ocrx_word' id='word_1_301' title='bbox 1487 2796 1551 2850; x_wconf 83' lang='lat' dir='ltr'><em>A.</em></span> <span class='ocrx_word' id='word_1_302' title='bbox 1677 2793 1827 2870; x_wconf 75' lang='lat' dir='ltr'><em>juxta</em></span> 
     </span>
    </p>
   </div>
   <div class='ocr_carea' id='block_1_36' title="bbox 300 2866 1831 2937">
    <p class='ocr_par' dir='ltr' id='par_1_36' title="bbox 300 2866 1831 2937">
     <span class='ocr_line' id='line_1_38' title="bbox 300 2866 1831 2937; baseline -0.005 -13"><span class='ocrx_word' id='word_1_303' title='bbox 300 2869 392 2924; x_wconf 84' lang='lat' dir='ltr'><em>Gr.</em></span> <span class='ocrx_word' id='word_1_304' title='bbox 420 2879 476 2923; x_wconf 89' lang='lat' dir='ltr'><em>tu</em></span> <span class='ocrx_word' id='word_1_305' title='bbox 505 2866 761 2937; x_wconf 75' lang='lat' dir='ltr'><em>perfecisti</em></span> <span class='ocrx_word' id='word_1_306' title='bbox 789 2866 945 2921; x_wconf 85' lang='lat' dir='ltr'><em>solem</em></span> <span class='ocrx_word' id='word_1_307' title='bbox 971 2879 1018 2920; x_wconf 85' lang='lat' dir='ltr'><em>et</em></span> <span class='ocrx_word' id='word_1_308' title='bbox 1052 2867 1246 2920; x_wconf 89' lang='lat' dir='ltr'><em>lunam.</em></span> <span class='ocrx_word' id='word_1_309' title='bbox 1286 2867 1353 2920; x_wconf 93' lang='lat' dir='ltr'><em>R.</em></span> <span class='ocrx_word' id='word_1_310' title='bbox 1389 2867 1542 2920; x_wconf 86' lang='lat' dir='ltr'><em>Rom.</em></span> <span class='ocrx_word' id='word_1_311' title='bbox 1565 2866 1631 2922; x_wconf 78' lang='lat' dir='ltr'><strong>C.</strong></span> <span class='ocrx_word' id='word_1_312' title='bbox 1667 2876 1723 2937; x_wconf 85' lang='lat' dir='ltr'><em>tu</em></span> <span class='ocrx_word' id='word_1_313' title='bbox 1749 2868 1831 2935; x_wconf 70' lang='lat' dir='ltr'><em>fo-</em></span> 
     </span>
    </p>
   </div>
   <div class='ocr_carea' id='block_1_37' title="bbox 300 2888 1825 3006">
    <p class='ocr_par' dir='ltr' id='par_1_37' title="bbox 300 2888 1825 3006">
     <span class='ocr_line' id='line_1_39' title="bbox 300 2888 1825 2937; baseline -0.005 -13"><span class='ocrx_word' id='word_1_314' title='bbox 300 2888 392 2924; x_wconf 70' lang='grc' dir='ltr'><em>υτ.</em></span> <span class='ocrx_word' id='word_1_315' title='bbox 420 2888 476 2923; x_wconf 77' lang='grc' dir='ltr'><em>ιιι</em></span> <span class='ocrx_word' id='word_1_316' title='bbox 543 2888 760 2937; x_wconf 67' lang='lat' dir='ltr'><em>effertus</em></span> <span class='ocrx_word' id='word_1_317' title='bbox 789 2888 945 2921; x_wconf 73' lang='grc' dir='ltr'><em>εοιεηι</em></span> <span class='ocrx_word' id='word_1_318' title='bbox 971 2888 1017 2920; x_wconf 76' lang='grc' dir='ltr'><em>ει</em></span> <span class='ocrx_word' id='word_1_319' title='bbox 1052 2888 1246 2920; x_wconf 84' lang='lat' dir='ltr'><em>tunam.</em></span> <span class='ocrx_word' id='word_1_320' title='bbox 1286 2888 1353 2920; x_wconf 69' lang='grc' dir='ltr'><em>Ιὶο</em></span> <span class='ocrx_word' id='word_1_321' title='bbox 1389 2888 1542 2920; x_wconf 70' lang='grc' dir='ltr'><em>ΙὶυΙΙι.</em></span> <span class='ocrx_word' id='word_1_322' title='bbox 1565 2888 1631 2922; x_wconf 72' lang='lat' dir='ltr'><em>la.</em></span> <span class='ocrx_word' id='word_1_323' title='bbox 1667 2888 1723 2919; x_wconf 84' lang='lat' dir='ltr'><em>tu</em></span> <span class='ocrx_word' id='word_1_324' title='bbox 1749 2888 1825 2935; x_wconf 59' lang='grc' dir='ltr'><em>με-</em></span> 
     </span>
     <span class='ocr_line' id='line_1_40' title="bbox 300 2888 1825 3006; baseline -0.002 -14"><span class='ocrx_word' id='word_1_325' title='bbox 300 2941 412 2993; x_wconf 88' lang='lat' dir='ltr'><em>cisti</em></span> <span class='ocrx_word' id='word_1_326' title='bbox 431 2888 592 2994; x_wconf 58' lang='lat' dir='ltr'><em>saltim</em></span> <span class='ocrx_word' id='word_1_327' title='bbox 612 2950 656 2990; x_wconf 80' lang='lat' dir='ltr'><em>et</em></span> <span class='ocrx_word' id='word_1_328' title='bbox 679 2939 873 2992; x_wconf 83' lang='lat' dir='ltr'><em>limam.</em></span> <span class='ocrx_word' id='word_1_329' title='bbox 899 2937 966 2991; x_wconf 84' lang='grc' dir='ltr'><em>Μ.</em></span> <span class='ocrx_word' id='word_1_330' title='bbox 992 2946 1046 2989; x_wconf 86' lang='lat' dir='ltr'><em>tu</em></span> <span class='ocrx_word' id='word_1_331' title='bbox 1067 2939 1367 3006; x_wconf 75' lang='lat' dir='ltr'><em>prwparasti</em></span> <span class='ocrx_word' id='word_1_332' title='bbox 1391 2938 1558 2990; x_wconf 85' lang='lat' dir='ltr'><em>lumen</em></span> <span class='ocrx_word' id='word_1_333' title='bbox 1579 2946 1625 2990; x_wconf 88' lang='lat' dir='ltr'><em>et</em></span> <span class='ocrx_word' id='word_1_334' title='bbox 1642 2936 1825 2992; x_wconf 82' lang='lat' dir='ltr'><em>solent.</em></span> 
     </span>
    </p>
   </div>
   <div class='ocr_carea' id='block_1_38' title="bbox 304 3009 1412 3064">
    <p class='ocr_par' dir='ltr' id='par_1_38' title="bbox 304 3009 1412 3064">
     <span class='ocr_line' id='line_1_41' title="bbox 304 3009 1412 3064; baseline -0.002 0"><span class='ocrx_word' id='word_1_335' title='bbox 304 3011 464 3064; x_wconf 85' lang='lat' dir='ltr'><em>llebr.</em></span> <span class='ocrx_word' id='word_1_336' title='bbox 498 3019 553 3062; x_wconf 90' lang='lat' dir='ltr'><em>tu</em></span> <span class='ocrx_word' id='word_1_337' title='bbox 577 3009 830 3062; x_wconf 88' lang='lat' dir='ltr'><em>ordinasti</em></span> <span class='ocrx_word' id='word_1_338' title='bbox 859 3009 1131 3061; x_wconf 88' lang='lat' dir='ltr'><em>luminaria</em></span> <span class='ocrx_word' id='word_1_339' title='bbox 1158 3019 1202 3061; x_wconf 89' lang='lat' dir='ltr'><em>et</em></span> <span class='ocrx_word' id='word_1_340' title='bbox 1235 3009 1412 3062; x_wconf 83' lang='lat' dir='ltr'><em>solent.</em></span> 
     </span>
    </p>
   </div>
   <div class='ocr_carea' id='block_1_39' title="bbox 251 3077 1830 3149">
    <p class='ocr_par' dir='ltr' id='par_1_39' title="bbox 251 3077 1830 3149">
     <span class='ocr_line' id='line_1_42' title="bbox 251 3077 1830 3149; baseline 0 -17"><span class='ocrx_word' id='word_1_341' title='bbox 251 3083 315 3149; x_wconf 84' lang='lat'><em>7.</em></span> <span class='ocrx_word' id='word_1_342' title='bbox 356 3083 443 3136; x_wconf 83' lang='lat' dir='ltr'><em>I8.</em></span> <span class='ocrx_word' id='word_1_343' title='bbox 484 3079 686 3134; x_wconf 78' lang='lat' dir='ltr'><em>Memor</em></span> <span class='ocrx_word' id='word_1_344' title='bbox 719 3088 824 3133; x_wconf 85' lang='lat' dir='ltr'><em>esto</em></span> <span class='ocrx_word' id='word_1_345' title='bbox 861 3079 1037 3148; x_wconf 87' lang='lat' dir='ltr'><em>hujus.</em></span> <span class='ocrx_word' id='word_1_346' title='bbox 1079 3080 1146 3132; x_wconf 83' lang='lat' dir='ltr'><strong>A.</strong></span> <span class='ocrx_word' id='word_1_347' title='bbox 1187 3077 1252 3132; x_wconf 95' lang='lat' dir='ltr'><em>R.</em></span> <span class='ocrx_word' id='word_1_348' title='bbox 1295 3078 1452 3132; x_wconf 89' lang='lat' dir='ltr'><em>Rom.</em></span> <span class='ocrx_word' id='word_1_349' title='bbox 1483 3078 1551 3131; x_wconf 89' lang='grc' dir='ltr'><em>Μ.</em></span> <span class='ocrx_word' id='word_1_350' title='bbox 1584 3077 1652 3134; x_wconf 83' lang='lat' dir='ltr'><em>G.</em></span> <span class='ocrx_word' id='word_1_351' title='bbox 1683 3078 1744 3134; x_wconf 70' lang='grc' dir='ltr'><em>(ἶ.</em></span> <span class='ocrx_word' id='word_1_352' title='bbox 1773 3086 1830 3133; x_wconf 86' lang='lat' dir='ltr'><em>et</em></span> 
     </span>
    </p>
   </div>
   <div class='ocr_carea' id='block_1_40' title="bbox 301 3151 1055 3212">
    <p class='ocr_par' dir='ltr' id='par_1_40' title="bbox 301 3151 1055 3212">
     <span class='ocr_line' id='line_1_43' title="bbox 301 3151 1055 3212; baseline -0.004 -7"><span class='ocrx_word' id='word_1_353' title='bbox 301 3152 395 3205; x_wconf 85' lang='lat' dir='ltr'><em>Gr.</em></span> <span class='ocrx_word' id='word_1_354' title='bbox 425 3151 650 3212; x_wconf 84' lang='lat' dir='ltr'><em>addunt,</em></span> <span class='ocrx_word' id='word_1_355' title='bbox 674 3159 919 3203; x_wconf 75' lang='lat' dir='ltr'><em>creatum</em></span> <span class='ocrx_word' id='word_1_356' title='bbox 937 3159 1055 3202; x_wconf 78' lang='lat' dir='ltr'><em>tute.</em></span> 
     </span>
    </p>
   </div>
   <div class='ocr_carea' id='block_1_41' title="bbox 238 3217 1830 3289">
    <p class='ocr_par' dir='ltr' id='par_1_41' title="bbox 238 3217 1830 3289">
     <span class='ocr_line' id='line_1_44' title="bbox 238 3217 1830 3289; baseline -0.001 -16"><span class='ocrx_word' id='word_1_357' title='bbox 238 3223 361 3276; x_wconf 84' lang='lat' dir='ltr'><em>Item</em></span> <span class='ocrx_word' id='word_1_358' title='bbox 403 3222 436 3289; x_wconf 88' lang='lat'><em>7</em></span> <span class='ocrx_word' id='word_1_359' title='bbox 463 3261 476 3274; x_wconf 95' lang='lat'><em>.</em></span> <span class='ocrx_word' id='word_1_360' title='bbox 509 3222 600 3276; x_wconf 86' lang='lat' dir='ltr'><em>I8.</em></span> <span class='ocrx_word' id='word_1_361' title='bbox 627 3220 872 3272; x_wconf 87' lang='lat' dir='ltr'><em>incitavit.</em></span> <span class='ocrx_word' id='word_1_362' title='bbox 898 3221 966 3274; x_wconf 83' lang='lat' dir='ltr'><strong>A.</strong></span> <span class='ocrx_word' id='word_1_363' title='bbox 995 3218 1061 3272; x_wconf 89' lang='lat' dir='ltr'><em>R.</em></span> <span class='ocrx_word' id='word_1_364' title='bbox 1090 3218 1248 3272; x_wconf 94' lang='lat' dir='ltr'><em>Rom.</em></span> <span class='ocrx_word' id='word_1_365' title='bbox 1279 3217 1346 3271; x_wconf 87' lang='grc' dir='ltr'><em>Μ.</em></span> <span class='ocrx_word' id='word_1_366' title='bbox 1373 3217 1436 3273; x_wconf 83' lang='lat' dir='ltr'><em>G.</em></span> <span class='ocrx_word' id='word_1_367' title='bbox 1465 3217 1526 3272; x_wconf 88' lang='lat' dir='ltr'><em>C.</em></span> <span class='ocrx_word' id='word_1_368' title='bbox 1553 3217 1830 3272; x_wconf 74' lang='lat' dir='ltr'><em>exacerba-</em></span> 
     </span>
    </p>
   </div>
   <div class='ocr_carea' id='block_1_42' title="bbox 301 3290 1390 3361">
    <p class='ocr_par' dir='ltr' id='par_1_42' title="bbox 301 3290 1390 3361">
     <span class='ocr_line' id='line_1_45' title="bbox 301 3290 1390 3361; baseline -0.006 -14"><span class='ocrx_word' id='word_1_369' title='bbox 301 3296 366 3347; x_wconf 68' lang='grc' dir='ltr'><em>υἷι</em></span> <span class='ocrx_word' id='word_1_370' title='bbox 394 3291 490 3348; x_wconf 82' lang='lat' dir='ltr'><em>Gr.</em></span> <span class='ocrx_word' id='word_1_371' title='bbox 521 3300 780 3361; x_wconf 53' lang='lat' dir='ltr'><em>mydia-as.</em></span> <span class='ocrx_word' id='word_1_372' title='bbox 815 3290 973 3344; x_wconf 75' lang='lat' dir='ltr'><em>Ilelir.</em></span> <span class='ocrx_word' id='word_1_373' title='bbox 1004 3290 1390 3361; x_wconf 83' lang='lat' dir='ltr'><em>blasphemavit.</em></span> 
     </span>
    </p>
   </div>
   <div class='ocr_carea' id='block_1_43' title="bbox 253 3359 1824 3434">
    <p class='ocr_par' dir='ltr' id='par_1_43' title="bbox 253 3359 1824 3434">
     <span class='ocr_line' id='line_1_46' title="bbox 253 3359 1824 3434; baseline -0.004 -18"><span class='ocrx_word' id='word_1_374' title='bbox 253 3365 280 3428; x_wconf 84' lang='lat'><em>7</em></span> <span class='ocrx_word' id='word_1_375' title='bbox 305 3403 318 3416; x_wconf 97' lang='lat'>.</span> <span class='ocrx_word' id='word_1_376' title='bbox 341 3363 430 3418; x_wconf 74' lang='grc'><em>20.</em></span> <span class='ocrx_word' id='word_1_377' title='bbox 456 3359 783 3434; x_wconf 29' lang='lat' dir='ltr'><em>quia—repleti</em></span> <span class='ocrx_word' id='word_1_378' title='bbox 809 3371 923 3434; x_wconf 87' lang='lat' dir='ltr'><em>sunt</em></span> <span class='ocrx_word' id='word_1_379' title='bbox 944 3402 959 3424; x_wconf 88' lang='lat'><strong>,</strong></span> <span class='ocrx_word' id='word_1_380' title='bbox 995 3359 1082 3434; x_wconf 83' lang='lat' dir='ltr'><em>qui</em></span> <span class='ocrx_word' id='word_1_381' title='bbox 1108 3359 1359 3434; x_wconf 81' lang='lat' dir='ltr'><em>obscurati</em></span> <span class='ocrx_word' id='word_1_382' title='bbox 1402 3370 1516 3412; x_wconf 88' lang='lat' dir='ltr'><em>sunt</em></span> <span class='ocrx_word' id='word_1_383' title='bbox 1557 3372 1703 3434; x_wconf 70' lang='lat' dir='ltr'><em>terra:</em></span> <span class='ocrx_word' id='word_1_384' title='bbox 1730 3360 1824 3434; x_wconf 80' lang='lat' dir='ltr'><em>da-</em></span> 
     </span>
    </p>
   </div>
   <div class='ocr_carea' id='block_1_44' title="bbox 301 3430 1826 3501">
    <p class='ocr_par' dir='ltr' id='par_1_44' title="bbox 301 3430 1826 3501">
     <span class='ocr_line' id='line_1_47' title="bbox 301 3430 1826 3501; baseline -0.003 -15"><span class='ocrx_word' id='word_1_385' title='bbox 301 3430 838 3501; x_wconf 45' lang='lat' dir='ltr'><em>ntibus&#39;iniqaitatum.</em></span> <span class='ocrx_word' id='word_1_386' title='bbox 869 3433 937 3486; x_wconf 83' lang='grc' dir='ltr'>Α.</span> <span class='ocrx_word' id='word_1_387' title='bbox 966 3431 1084 3501; x_wconf 74' lang='lat' dir='ltr'><em>quia</em></span> <span class='ocrx_word' id='word_1_388' title='bbox 1111 3430 1290 3501; x_wconf 82' lang='lat' dir='ltr'><em>repleti</em></span> <span class='ocrx_word' id='word_1_389' title='bbox 1315 3440 1452 3494; x_wconf 84' lang='lat' dir='ltr'><em>sunt,</em></span> <span class='ocrx_word' id='word_1_390' title='bbox 1480 3431 1586 3499; x_wconf 85' lang='lat' dir='ltr'><em>qni,</em></span> <span class='ocrx_word' id='word_1_391' title='bbox 1609 3431 1826 3501; x_wconf 81' lang='lat' dir='ltr'><em>etc.do-</em></span> 
     </span>
    </p>
   </div>
   <div class='ocr_carea' id='block_1_45' title="bbox 303 3499 1830 3572">
    <p class='ocr_par' dir='ltr' id='par_1_45' title="bbox 303 3499 1830 3572">
     <span class='ocr_line' id='line_1_48' title="bbox 303 3499 1830 3572; baseline -0.005 -15"><span class='ocrx_word' id='word_1_392' title='bbox 303 3520 500 3557; x_wconf 83' lang='lat' dir='ltr'><em>morum</em></span> <span class='ocrx_word' id='word_1_393' title='bbox 540 3499 866 3572; x_wconf 80' lang='lat' dir='ltr'><em>iniquarum.</em></span> <span class='ocrx_word' id='word_1_394' title='bbox 896 3501 960 3572; x_wconf 75' lang='lat' dir='ltr'><em>R_</em></span> <span class='ocrx_word' id='word_1_395' title='bbox 1005 3499 1162 3554; x_wconf 90' lang='lat' dir='ltr'><em>Rom.</em></span> <span class='ocrx_word' id='word_1_396' title='bbox 1198 3499 1267 3572; x_wconf 88' lang='grc' dir='ltr'><em>Μ.</em></span> <span class='ocrx_word' id='word_1_397' title='bbox 1299 3502 1576 3572; x_wconf 83' lang='lat' dir='ltr'><em>domorum</em></span> <span class='ocrx_word' id='word_1_398' title='bbox 1592 3500 1830 3572; x_wconf 85' lang='lat' dir='ltr'><em>iniquita-</em></span> 
     </span>
    </p>
   </div>
   <div class='ocr_carea' id='block_1_46' title="bbox 304 3570 1832 3642">
    <p class='ocr_par' dir='ltr' id='par_1_46' title="bbox 304 3570 1832 3642">
     <span class='ocr_line' id='line_1_49' title="bbox 304 3570 1832 3642; baseline -0.003 -16"><span class='ocrx_word' id='word_1_399' title='bbox 304 3587 427 3626; x_wconf 90' lang='lat' dir='ltr'><em>tum.</em></span> <span class='ocrx_word' id='word_1_400' title='bbox 455 3573 523 3629; x_wconf 78' lang='grc' dir='ltr'>ϐ.</span> <span class='ocrx_word' id='word_1_401' title='bbox 552 3570 670 3641; x_wconf 83' lang='lat' dir='ltr'><em>quia</em></span> <span class='ocrx_word' id='word_1_402' title='bbox 693 3571 869 3642; x_wconf 80' lang='lat' dir='ltr'><em>repleti</em></span> <span class='ocrx_word' id='word_1_403' title='bbox 903 3570 1338 3642; x_wconf 54' lang='lat' dir='ltr'><em>(fortel&#39;eplette)</em></span> <span class='ocrx_word' id='word_1_404' title='bbox 1360 3579 1492 3642; x_wconf 81' lang='lat' dir='ltr'><em>sunt</em></span> <span class='ocrx_word' id='word_1_405' title='bbox 1529 3570 1832 3642; x_wconf 82' lang='lat' dir='ltr'><em>obscuritate</em></span> 
     </span>
    </p>
   </div>
   <div class='ocr_carea' id='block_1_47' title="bbox 303 3640 1829 3711">
    <p class='ocr_par' dir='ltr' id='par_1_47' title="bbox 303 3640 1829 3711">
     <span class='ocr_line' id='line_1_50' title="bbox 303 3640 1829 3711; baseline -0.003 -14"><span class='ocrx_word' id='word_1_406' title='bbox 303 3655 450 3698; x_wconf 76' lang='lat' dir='ltr'><em>terrtz</em></span> <span class='ocrx_word' id='word_1_407' title='bbox 476 3640 660 3696; x_wconf 87' lang='lat' dir='ltr'><em>domus</em></span> <span class='ocrx_word' id='word_1_408' title='bbox 701 3640 1043 3711; x_wconf 81' lang='lat' dir='ltr'><em>iniquitatnm.</em></span> <span class='ocrx_word' id='word_1_409' title='bbox 1079 3640 1242 3695; x_wconf 78' lang='lat' dir='ltr'><em>Favet</em></span> <span class='ocrx_word' id='word_1_410' title='bbox 1274 3641 1435 3694; x_wconf 70' lang='grc' dir='ltr'><em>Ιιυιιτ.</em></span> <span class='ocrx_word' id='word_1_411' title='bbox 1469 3641 1588 3709; x_wconf 83' lang='lat' dir='ltr'><em>quia</em></span> <span class='ocrx_word' id='word_1_412' title='bbox 1626 3641 1829 3709; x_wconf 62' lang='lat' dir='ltr'><em>repleta!</em></span> 
     </span>
    </p>
   </div>
   <div class='ocr_carea' id='block_1_48' title="bbox 303 3711 1419 3780">
    <p class='ocr_par' dir='ltr' id='par_1_48' title="bbox 303 3711 1419 3780">
     <span class='ocr_line' id='line_1_51' title="bbox 303 3711 1419 3780; baseline -0.004 -13"><span class='ocrx_word' id='word_1_413' title='bbox 303 3725 416 3768; x_wconf 80' lang='lat' dir='ltr'><em>sunt</em></span> <span class='ocrx_word' id='word_1_414' title='bbox 441 3715 657 3768; x_wconf 85' lang='lat' dir='ltr'><em>tenebris</em></span> <span class='ocrx_word' id='word_1_415' title='bbox 684 3723 832 3766; x_wconf 79' lang='lat' dir='ltr'><em>terra:</em></span> <span class='ocrx_word' id='word_1_416' title='bbox 857 3713 1188 3765; x_wconf 77' lang='lat' dir='ltr'><em>habitationes</em></span> <span class='ocrx_word' id='word_1_417' title='bbox 1214 3711 1419 3780; x_wconf 77' lang='lat' dir='ltr'><em>iniqtae.</em></span> 
     </span>
    </p>
   </div>
   <div class='ocr_carea' id='block_1_49' title="bbox 255 3779 1832 3850">
    <p class='ocr_par' dir='ltr' id='par_1_49' title="bbox 255 3779 1832 3850">
     <span class='ocr_line' id='line_1_52' title="bbox 255 3779 1832 3850; baseline -0.004 -14"><span class='ocrx_word' id='word_1_418' title='bbox 255 3796 280 3850; x_wconf 79' lang='lat'><em>7</em></span> <span class='ocrx_word' id='word_1_419' title='bbox 307 3825 319 3836; x_wconf 98' lang='lat'><em>.</em></span> <span class='ocrx_word' id='word_1_420' title='bbox 343 3787 431 3841; x_wconf 67' lang='lat'><strong>‘13.</strong></span> <span class='ocrx_word' id='word_1_421' title='bbox 464 3800 606 3838; x_wconf 85' lang='lat' dir='ltr'><em>voces</em></span> <span class='ocrx_word' id='word_1_422' title='bbox 638 3784 956 3835; x_wconf 86' lang='lat' dir='ltr'><em>inimicorum</em></span> <span class='ocrx_word' id='word_1_423' title='bbox 985 3793 1206 3834; x_wconf 86' lang='lat' dir='ltr'><em>tuorum.</em></span> <span class='ocrx_word' id='word_1_424' title='bbox 1243 3779 1307 3837; x_wconf 76' lang='grc' dir='ltr'>Λ.</span> <span class='ocrx_word' id='word_1_425' title='bbox 1338 3784 1402 3835; x_wconf 61' lang='grc' dir='ltr'><em>(ὲ.</em></span> <span class='ocrx_word' id='word_1_426' title='bbox 1437 3781 1582 3846; x_wconf 78' lang='lat' dir='ltr'><em>juxta</em></span> <span class='ocrx_word' id='word_1_427' title='bbox 1613 3779 1706 3834; x_wconf 84' lang='lat' dir='ltr'><em>Gr.</em></span> <span class='ocrx_word' id='word_1_428' title='bbox 1747 3797 1832 3831; x_wconf 62' lang='grc' dir='ltr'><em>τοι</em></span> 
     </span>
    </p>
   </div>
   <div class='ocr_carea' id='block_1_50' title="bbox 302 3851 1827 3925">
    <p class='ocr_par' dir='ltr' id='par_1_50' title="bbox 302 3851 1827 3925">
     <span class='ocr_line' id='line_1_53' title="bbox 302 3851 1827 3925; baseline -0.004 -17"><span class='ocrx_word' id='word_1_429' title='bbox 302 3873 407 3908; x_wconf 81' lang='lat' dir='ltr'><em>cem</em></span> <span class='ocrx_word' id='word_1_430' title='bbox 437 3855 814 3925; x_wconf 84' lang='lat' dir='ltr'><em>deprecantium</em></span> <span class='ocrx_word' id='word_1_431' title='bbox 852 3863 918 3905; x_wconf 89' lang='lat' dir='ltr'><em>te.</em></span> <span class='ocrx_word' id='word_1_432' title='bbox 961 3851 1040 3925; x_wconf 52' lang='lat' dir='ltr'><em>II.</em></span> <span class='ocrx_word' id='word_1_433' title='bbox 1076 3868 1244 3905; x_wconf 83' lang='lat' dir='ltr'><em>vocem</em></span> <span class='ocrx_word' id='word_1_434' title='bbox 1287 3852 1589 3925; x_wconf 70' lang='lat' dir='ltr'><em>supplicum-</em></span> <span class='ocrx_word' id='word_1_435' title='bbox 1606 3862 1827 3902; x_wconf 76' lang='lat' dir='ltr'><em>tuorum.</em></span> 
     </span>
    </p>
   </div>
   <div class='ocr_carea' id='block_1_51' title="bbox 304 3922 1829 3992">
    <p class='ocr_par' dir='ltr' id='par_1_51' title="bbox 304 3922 1829 3992">
     <span class='ocr_line' id='line_1_54' title="bbox 304 3922 1829 3992; baseline -0.005 -12"><span class='ocrx_word' id='word_1_436' title='bbox 304 3926 367 3980; x_wconf 86' lang='lat' dir='ltr'><em>II.</em></span> <span class='ocrx_word' id='word_1_437' title='bbox 411 3922 572 3980; x_wconf 84' lang='lat' dir='ltr'><em>Rom.</em></span> <span class='ocrx_word' id='word_1_438' title='bbox 611 3940 753 3978; x_wconf 88' lang='lat' dir='ltr'><em>voces</em></span> <span class='ocrx_word' id='word_1_439' title='bbox 797 3923 1132 3992; x_wconf 65' lang='lat' dir='ltr'><em>quaerentium</em></span> <span class='ocrx_word' id='word_1_440' title='bbox 1171 3934 1236 3974; x_wconf 87' lang='lat' dir='ltr'><em>te.</em></span> <span class='ocrx_word' id='word_1_441' title='bbox 1282 3922 1342 3976; x_wconf 85' lang='lat' dir='ltr'><em>C.</em></span> <span class='ocrx_word' id='word_1_442' title='bbox 1387 3937 1555 3974; x_wconf 68' lang='lat' dir='ltr'><em>vorem</em></span> <span class='ocrx_word' id='word_1_443' title='bbox 1597 3936 1829 3990; x_wconf 71' lang='lat' dir='ltr'><em>quaren-</em></span> 
     </span>
    </p>
   </div>
   <div class='ocr_carea' id='block_1_52' title="bbox 307 3999 520 4050">
    <p class='ocr_par' dir='ltr' id='par_1_52' title="bbox 307 3999 520 4050">
     <span class='ocr_line' id='line_1_55' title="bbox 307 3999 520 4050; baseline -0.019 0"><span class='ocrx_word' id='word_1_444' title='bbox 307 3999 430 4050; x_wconf 85' lang='lat' dir='ltr'><em>tium</em></span> <span class='ocrx_word' id='word_1_445' title='bbox 455 4006 520 4048; x_wconf 83' lang='lat' dir='ltr'><em>te.</em></span> 
     </span>
    </p>
   </div>
   <div class='ocr_carea' id='block_1_53' title="bbox 241 4059 1833 4135">
    <p class='ocr_par' dir='ltr' id='par_1_53' title="bbox 241 4059 1833 4135">
     <span class='ocr_line' id='line_1_56' title="bbox 241 4059 1833 4135; baseline -0.005 -16"><span class='ocrx_word' id='word_1_446' title='bbox 241 4065 362 4122; x_wconf 83' lang='lat' dir='ltr'><em>Item</em></span> <span class='ocrx_word' id='word_1_447' title='bbox 397 4067 431 4135; x_wconf 92' lang='lat'><em>7</em></span> <span class='ocrx_word' id='word_1_448' title='bbox 456 4105 470 4119; x_wconf 93' lang='lat'><em>.</em></span> <span class='ocrx_word' id='word_1_449' title='bbox 495 4065 587 4121; x_wconf 72' lang='grc'><em>25.</em></span> <span class='ocrx_word' id='word_1_450' title='bbox 611 4065 834 4133; x_wconf 81' lang='lat' dir='ltr'><em>ascendit</em></span> <span class='ocrx_word' id='word_1_451' title='bbox 855 4080 1072 4135; x_wconf 78' lang='lat' dir='ltr'><em>semper.</em></span> <span class='ocrx_word' id='word_1_452' title='bbox 1098 4063 1162 4115; x_wconf 75' lang='grc' dir='ltr'><em>Α.</em></span> <span class='ocrx_word' id='word_1_453' title='bbox 1189 4061 1257 4135; x_wconf 91' lang='lat' dir='ltr'><em>R._</em></span> <span class='ocrx_word' id='word_1_454' title='bbox 1277 4061 1341 4116; x_wconf 75' lang='grc' dir='ltr'><em>Μ.</em></span> <span class='ocrx_word' id='word_1_455' title='bbox 1366 4061 1515 4129; x_wconf 80' lang='lat' dir='ltr'><em>juxta</em></span> <span class='ocrx_word' id='word_1_456' title='bbox 1535 4059 1628 4135; x_wconf 70' lang='lat' dir='ltr'><em>Gr.</em></span> <span class='ocrx_word' id='word_1_457' title='bbox 1657 4077 1833 4135; x_wconf 69' lang='lat' dir='ltr'><em>ascen.</em></span> 
     </span>
    </p>
   </div>
   <div class='ocr_carea' id='block_1_54' title="bbox 305 4131 1829 4205">
    <p class='ocr_par' dir='ltr' id='par_1_54' title="bbox 305 4131 1829 4205">
     <span class='ocr_line' id='line_1_57' title="bbox 305 4131 1829 4205; baseline -0.005 -14"><span class='ocrx_word' id='word_1_458' title='bbox 305 4131 629 4205; x_wconf 43' lang='lat' dir='ltr'><em>dat&#39;semper</em></span> <span class='ocrx_word' id='word_1_459' title='bbox 657 4131 724 4189; x_wconf 84' lang='lat' dir='ltr'><em>ad</em></span> <span class='ocrx_word' id='word_1_460' title='bbox 766 4145 833 4188; x_wconf 86' lang='lat' dir='ltr'><em>te.</em></span> <span class='ocrx_word' id='word_1_461' title='bbox 879 4133 1037 4188; x_wconf 91' lang='lat' dir='ltr'><em>Rom.</em></span> <span class='ocrx_word' id='word_1_462' title='bbox 1071 4133 1296 4205; x_wconf 74' lang='lat' dir='ltr'><em>ascendit</em></span> <span class='ocrx_word' id='word_1_463' title='bbox 1334 4148 1532 4200; x_wconf 83' lang='lat' dir='ltr'><em>semper</em></span> <span class='ocrx_word' id='word_1_464' title='bbox 1559 4131 1626 4184; x_wconf 91' lang='lat' dir='ltr'><em>ad</em></span> <span class='ocrx_word' id='word_1_465' title='bbox 1658 4142 1723 4184; x_wconf 89' lang='lat' dir='ltr'><em>te.</em></span> <span class='ocrx_word' id='word_1_466' title='bbox 1765 4132 1829 4184; x_wconf 66' lang='grc' dir='ltr'><em>(Ξ.</em></span> 
     </span>
    </p>
   </div>
   <div class='ocr_carea' id='block_1_55' title="bbox 306 4199 1722 4270">
    <p class='ocr_par' dir='ltr' id='par_1_55' title="bbox 306 4199 1722 4270">
     <span class='ocr_line' id='line_1_58' title="bbox 306 4199 1722 4270; baseline -0.006 -7"><span class='ocrx_word' id='word_1_467' title='bbox 306 4199 604 4264; x_wconf 73' lang='grc' dir='ltr'><em>ωεεηάίιῖη</em></span> <span class='ocrx_word' id='word_1_468' title='bbox 627 4214 892 4260; x_wconf 79' lang='lat' dir='ltr'><em>teternum.</em></span> <span class='ocrx_word' id='word_1_469' title='bbox 923 4205 986 4258; x_wconf 77' lang='lat' dir='ltr'><em>C.</em></span> <span class='ocrx_word' id='word_1_470' title='bbox 1015 4204 1239 4256; x_wconf 85' lang='lat' dir='ltr'><em>ascendit</em></span> <span class='ocrx_word' id='word_1_471' title='bbox 1259 4203 1314 4255; x_wconf 84' lang='lat' dir='ltr'><em>in</em></span> <span class='ocrx_word' id='word_1_472' title='bbox 1338 4199 1722 4270; x_wconf 81' lang='lat' dir='ltr'><em>sempiternum.</em></span> 
     </span>
    </p>
   </div>
   <div class='ocr_carea' id='block_1_56' title="bbox 776 4328 1305 4374">
    <p class='ocr_par' dir='ltr' id='par_1_56' title="bbox 776 4328 1305 4374">
     <span class='ocr_line' id='line_1_59' title="bbox 776 4328 1305 4374; baseline -0.006 0"><span class='ocrx_word' id='word_1_473' title='bbox 776 4336 848 4374; x_wconf 74' lang='lat' dir='ltr'><strong>EX</strong></span> <span class='ocrx_word' id='word_1_474' title='bbox 871 4328 1087 4373; x_wconf 67' lang='grc' dir='ltr'><em>Ῥελιιιο</em></span> <span class='ocrx_word' id='word_1_475' title='bbox 1127 4333 1305 4372; x_wconf 73' lang='lat' dir='ltr'><em>LXXIV.</em></span> 
     </span>
    </p>
   </div>
   <div class='ocr_carea' id='block_1_57' title="bbox 259 4408 1826 4480">
    <p class='ocr_par' dir='ltr' id='par_1_57' title="bbox 259 4408 1826 4480">
     <span class='ocr_line' id='line_1_60' title="bbox 259 4408 1826 4480; baseline -0.003 -13"><span class='ocrx_word' id='word_1_476' title='bbox 259 4414 324 4480; x_wconf 96' lang='lat'><em>7.</em></span> <span class='ocrx_word' id='word_1_477' title='bbox 349 4413 402 4467; x_wconf 67' lang='grc'>2.</span> <span class='ocrx_word' id='word_1_478' title='bbox 439 4411 797 4466; x_wconf 85' lang='lat' dir='ltr'><em>Narrabimus.</em></span> <span class='ocrx_word' id='word_1_479' title='bbox 832 4413 898 4466; x_wconf 76' lang='grc' dir='ltr'>Α.</span> <span class='ocrx_word' id='word_1_480' title='bbox 927 4410 1079 4480; x_wconf 72' lang='lat' dir='ltr'><em>juxta</em></span> <span class='ocrx_word' id='word_1_481' title='bbox 1109 4409 1202 4464; x_wconf 88' lang='lat' dir='ltr'><em>Gr.</em></span> <span class='ocrx_word' id='word_1_482' title='bbox 1249 4408 1538 4462; x_wconf 84' lang='lat' dir='ltr'><em>Enarrabo.</em></span> <span class='ocrx_word' id='word_1_483' title='bbox 1571 4409 1635 4462; x_wconf 89' lang='lat' dir='ltr'><em>R.</em></span> <span class='ocrx_word' id='word_1_484' title='bbox 1670 4409 1826 4462; x_wconf 89' lang='lat' dir='ltr'><em>Rom.</em></span> 
     </span>
    </p>
   </div>
   <div class='ocr_carea' id='block_1_58' title="bbox 310 4481 850 4540">
    <p class='ocr_par' dir='ltr' id='par_1_58' title="bbox 310 4481 850 4540">
     <span class='ocr_line' id='line_1_61' title="bbox 310 4481 850 4540; baseline -0.004 -4"><span class='ocrx_word' id='word_1_485' title='bbox 310 4484 375 4540; x_wconf 87' lang='grc' dir='ltr'><em>Μ.</em></span> <span class='ocrx_word' id='word_1_486' title='bbox 404 4483 471 4539; x_wconf 84' lang='lat' dir='ltr'><em>G.</em></span> <span class='ocrx_word' id='word_1_487' title='bbox 500 4483 564 4537; x_wconf 89' lang='lat' dir='ltr'><em>C.</em></span> <span class='ocrx_word' id='word_1_488' title='bbox 590 4481 850 4537; x_wconf 83' lang='lat' dir='ltr'><em>Narrabo.</em></span> 
     </span>
    </p>
   </div>
   <div class='ocr_carea' id='block_1_59' title="bbox 261 4550 1769 4628">
    <p class='ocr_par' dir='ltr' id='par_1_59' title="bbox 261 4550 1769 4628">
     <span class='ocr_line' id='line_1_62' title="bbox 261 4550 1769 4628; baseline 0.009 -2"><span class='ocrx_word' id='word_1_489' title='bbox 261 4555 408 4628; x_wconf 64' lang='grc' dir='ltr'><em>Ῡ-ἐ-</em></span> <span class='ocrx_word' id='word_1_490' title='bbox 436 4553 739 4628; x_wconf 55' lang='lat' dir='ltr'><em>Quietae!“</em></span> <span class='ocrx_word' id='word_1_491' title='bbox 759 4563 852 4628; x_wconf 59' lang='grc' dir='ltr'><em>εβιν</em></span> <span class='ocrx_word' id='word_1_492' title='bbox 885 4554 950 4628; x_wconf 53' lang='grc' dir='ltr'><em>ιδ·</em></span> <span class='ocrx_word' id='word_1_493' title='bbox 984 4551 1048 4628; x_wconf 79' lang='lat' dir='ltr'><em>G:</em></span> <span class='ocrx_word' id='word_1_494' title='bbox 1078 4550 1326 4620; x_wconf 65' lang='grc' dir='ltr'><em>υοπαπίι·</em></span> <span class='ocrx_word' id='word_1_495' title='bbox 1636 4624 1646 4628; x_wconf 94' lang='grc'><em>-</em></span> <span class='ocrx_word' id='word_1_496' title='bbox 1729 4619 1769 4628; x_wconf 83' lang='grc'>-.</span> 
     </span>
    </p>
   </div>
   <div class='ocr_carea' id='block_1_60' title="bbox 259 4619 1828 4693">
    <p class='ocr_par' dir='ltr' id='par_1_60' title="bbox 259 4619 1828 4693">
     <span class='ocr_line' id='line_1_63' title="bbox 259 4619 1828 4693; baseline -0.004 -15"><span class='ocrx_word' id='word_1_497' title='bbox 259 4623 289 4693; x_wconf 82' lang='lat'><em>7</em></span> <span class='ocrx_word' id='word_1_498' title='bbox 314 4663 328 4677; x_wconf 93' lang='lat'><em>.</em></span> <span class='ocrx_word' id='word_1_499' title='bbox 353 4624 406 4678; x_wconf 83' lang='lat'><em>6.</em></span> <span class='ocrx_word' id='word_1_500' title='bbox 440 4619 616 4678; x_wconf 80' lang='lat' dir='ltr'><em>Nolite</em></span> <span class='ocrx_word' id='word_1_501' title='bbox 635 4623 875 4677; x_wconf 76' lang='lat' dir='ltr'><em>extollere</em></span> <span class='ocrx_word' id='word_1_502' title='bbox 902 4623 953 4676; x_wconf 90' lang='lat' dir='ltr'><em>in</em></span> <span class='ocrx_word' id='word_1_503' title='bbox 991 4619 1330 4674; x_wconf 25' lang='lat' dir='ltr'><em>altum’cornu</em></span> <span class='ocrx_word' id='word_1_504' title='bbox 1359 4631 1595 4693; x_wconf 86' lang='lat' dir='ltr'><em>vestrum.</em></span> <span class='ocrx_word' id='word_1_505' title='bbox 1622 4624 1686 4674; x_wconf 79' lang='grc' dir='ltr'>Α.</span> <span class='ocrx_word' id='word_1_506' title='bbox 1718 4619 1828 4672; x_wconf 81' lang='lat' dir='ltr'><em>No-</em></span> 
     </span>
    </p>
   </div>
   <div class='ocr_carea' id='block_1_61' title="bbox 313 4692 1833 4768">
    <p class='ocr_par' dir='ltr' id='par_1_61' title="bbox 313 4692 1833 4768">
     <span class='ocr_line' id='line_1_64' title="bbox 313 4692 1833 4768; baseline -0.002 -21"><span class='ocrx_word' id='word_1_507' title='bbox 313 4696 538 4768; x_wconf 75' lang='lat' dir='ltr'><em>litsergo</em></span> <span class='ocrx_word' id='word_1_508' title='bbox 558 4693 730 4768; x_wconf 66' lang='lat' dir='ltr'><em>efferri</em></span> <span class='ocrx_word' id='word_1_509' title='bbox 752 4710 771 4746; x_wconf 92' lang='lat'><strong><em>:</em></strong></span> <span class='ocrx_word' id='word_1_510' title='bbox 796 4693 895 4748; x_wconf 86' lang='lat' dir='ltr'><em>nisi</em></span> <span class='ocrx_word' id='word_1_511' title='bbox 926 4693 1063 4747; x_wconf 76' lang='lat' dir='ltr'><em>forte</em></span> <span class='ocrx_word' id='word_1_512' title='bbox 1090 4693 1139 4746; x_wconf 91' lang='lat' dir='ltr'><em>id</em></span> <span class='ocrx_word' id='word_1_513' title='bbox 1171 4692 1490 4747; x_wconf 76' lang='lat' dir='ltr'><em>versiculum</em></span> <span class='ocrx_word' id='word_1_514' title='bbox 1515 4693 1833 4761; x_wconf 72' lang='lat' dir='ltr'><em>exponendo</em></span> 
     </span>
    </p>
   </div>
   <div class='ocr_carea' id='block_1_62' title="bbox 310 4765 810 4834">
    <p class='ocr_par' dir='ltr' id='par_1_62' title="bbox 310 4765 810 4834">
     <span class='ocr_line' id='line_1_65' title="bbox 310 4765 810 4834; baseline -0.008 -15"><span class='ocrx_word' id='word_1_515' title='bbox 310 4765 442 4820; x_wconf 77' lang='lat' dir='ltr'><em>dixit</em></span> <span class='ocrx_word' id='word_1_516' title='bbox 465 4765 810 4834; x_wconf 71' lang='lat' dir='ltr'><em>Augustinus.</em></span> 
     </span>
    </p>
   </div>
   <div class='ocr_carea' id='block_1_63' title="bbox 267 4832 1402 4896">
    <p class='ocr_par' dir='ltr' id='par_1_63' title="bbox 267 4832 1402 4896">
     <span class='ocr_line' id='line_1_66' title="bbox 267 4832 1402 4896; baseline -0.004 -6"><span class='ocrx_word' id='word_1_517' title='bbox 267 4837 291 4896; x_wconf 59' lang='grc' dir='ltr'><em>ᾗ</em></span> <span class='ocrx_word' id='word_1_518' title='bbox 317 4878 330 4890; x_wconf 93' lang='grc'><em>.</em></span> <span class='ocrx_word' id='word_1_519' title='bbox 356 4835 408 4890; x_wconf 89' lang='lat'><em>9.</em></span> <span class='ocrx_word' id='word_1_520' title='bbox 441 4851 504 4890; x_wconf 66' lang='lat' dir='ltr'><em>at</em></span> <span class='ocrx_word' id='word_1_521' title='bbox 531 4832 626 4890; x_wconf 73' lang='lat' dir='ltr'><em>liae</em></span> <span class='ocrx_word' id='word_1_522' title='bbox 645 4837 697 4887; x_wconf 91' lang='lat' dir='ltr'><em>in</em></span> <span class='ocrx_word' id='word_1_523' title='bbox 728 4835 842 4889; x_wconf 88' lang='lat' dir='ltr'><em>hoc.</em></span> <span class='ocrx_word' id='word_1_524' title='bbox 876 4833 940 4887; x_wconf 77' lang='grc' dir='ltr'>Α.</span> <span class='ocrx_word' id='word_1_525' title='bbox 969 4849 1032 4887; x_wconf 75' lang='lat' dir='ltr'><em>ex</em></span> <span class='ocrx_word' id='word_1_526' title='bbox 1057 4833 1150 4886; x_wconf 84' lang='lat' dir='ltr'><em>hoc</em></span> <span class='ocrx_word' id='word_1_527' title='bbox 1173 4833 1227 4886; x_wconf 90' lang='lat' dir='ltr'><em>in</em></span> <span class='ocrx_word' id='word_1_528' title='bbox 1248 4832 1402 4896; x_wconf 64' lang='lat' dir='ltr'><em>lianc.</em></span> 
     </span>
    </p>
   </div>
   <div class='ocr_carea' id='block_1_64' title="bbox 265 4890 1835 4974">
    <p class='ocr_par' dir='ltr' id='par_1_64' title="bbox 265 4890 1835 4974">
     <span class='ocr_line' id='line_1_67' title="bbox 265 4890 1835 4974; baseline -0.003 -16"><span class='ocrx_word' id='word_1_529' title='bbox 265 4890 290 4974; x_wconf 75' lang='lat'><em>7</em></span> <span class='ocrx_word' id='word_1_530' title='bbox 317 4944 330 4958; x_wconf 95' lang='lat'>.</span> <span class='ocrx_word' id='word_1_531' title='bbox 358 4907 445 4961; x_wconf 88' lang='lat' dir='ltr'><em>I0.</em></span> <span class='ocrx_word' id='word_1_532' title='bbox 476 4906 790 4960; x_wconf 86' lang='lat' dir='ltr'><em>annuntiabo</em></span> <span class='ocrx_word' id='word_1_533' title='bbox 814 4907 868 4957; x_wconf 87' lang='lat' dir='ltr'><em>in</em></span> <span class='ocrx_word' id='word_1_534' title='bbox 904 4905 1167 4974; x_wconf 82' lang='lat' dir='ltr'><em>sa&#39;culum.</em></span> <span class='ocrx_word' id='word_1_535' title='bbox 1206 4890 1445 4972; x_wconf 36' lang='lat' dir='ltr'><em>Adjuxta</em></span> <span class='ocrx_word' id='word_1_536' title='bbox 1472 4902 1564 4974; x_wconf 83' lang='lat' dir='ltr'><em>Gr.</em></span> <span class='ocrx_word' id='word_1_537' title='bbox 1589 4904 1646 4974; x_wconf 87' lang='lat' dir='ltr'><em>in</em></span> <span class='ocrx_word' id='word_1_538' title='bbox 1673 4919 1835 4974; x_wconf 79' lang='lat' dir='ltr'><em>stecu-</em></span> 
     </span>
    </p>
   </div>
   <div class='ocr_carea' id='block_1_65' title="bbox 313 4973 1833 5046">
    <p class='ocr_par' dir='ltr' id='par_1_65' title="bbox 313 4973 1833 5046">
     <span class='ocr_line' id='line_1_68' title="bbox 313 4973 1833 5046; baseline -0.003 -16"><span class='ocrx_word' id='word_1_539' title='bbox 313 4977 418 5046; x_wconf 82' lang='lat' dir='ltr'><em>lum</em></span> <span class='ocrx_word' id='word_1_540' title='bbox 445 4976 689 5046; x_wconf 74' lang='lat' dir='ltr'><em>gaudebo.</em></span> <span class='ocrx_word' id='word_1_541' title='bbox 725 4975 788 5029; x_wconf 89' lang='lat' dir='ltr'><em>R.</em></span> <span class='ocrx_word' id='word_1_542' title='bbox 820 4975 979 5029; x_wconf 88' lang='lat' dir='ltr'><em>Rom.</em></span> <span class='ocrx_word' id='word_1_543' title='bbox 1013 4973 1082 5029; x_wconf 84' lang='grc' dir='ltr'><em>Μ.</em></span> <span class='ocrx_word' id='word_1_544' title='bbox 1113 4975 1164 5027; x_wconf 87' lang='lat' dir='ltr'><em>in</em></span> <span class='ocrx_word' id='word_1_545' title='bbox 1190 4975 1380 5027; x_wconf 79' lang='lat' dir='ltr'><em>stecula</em></span> <span class='ocrx_word' id='word_1_546' title='bbox 1409 4973 1661 5043; x_wconf 86' lang='lat' dir='ltr'><em>gaudebo.</em></span> <span class='ocrx_word' id='word_1_547' title='bbox 1690 4973 1757 5028; x_wconf 76' lang='grc' dir='ltr'>ϐ.</span> <span class='ocrx_word' id='word_1_548' title='bbox 1783 4975 1833 5025; x_wconf 91' lang='lat' dir='ltr'><em>in</em></span> 
     </span>
    </p>
   </div>
   <div class='ocr_carea' id='block_1_66' title="bbox 316 5045 806 5119">
    <p class='ocr_par' dir='ltr' id='par_1_66' title="bbox 316 5045 806 5119">
     <span class='ocr_line' id='line_1_69' title="bbox 316 5045 806 5119; baseline -0.002 -19"><span class='ocrx_word' id='word_1_549' title='bbox 316 5045 534 5102; x_wconf 84' lang='lat' dir='ltr'><em>Domino</em></span> <span class='ocrx_word' id='word_1_550' title='bbox 559 5047 806 5119; x_wconf 71' lang='lat' dir='ltr'><em>gaudebo.</em></span> 
     </span>
    </p>
   </div>
   <div class='ocr_carea' id='block_1_67' title="bbox 781 5129 1286 5172">
    <p class='ocr_par' dir='ltr' id='par_1_67' title="bbox 781 5129 1286 5172">
     <span class='ocr_line' id='line_1_70' title="bbox 781 5129 1286 5172; baseline -0.014 0"><span class='ocrx_word' id='word_1_551' title='bbox 781 5133 850 5172; x_wconf 72' lang='lat' dir='ltr'><em>EX</em></span> <span class='ocrx_word' id='word_1_552' title='bbox 888 5129 1090 5172; x_wconf 72' lang='lat' dir='ltr'><em>PSALIIO</em></span> <span class='ocrx_word' id='word_1_553' title='bbox 1126 5131 1187 5170; x_wconf 71' lang='grc' dir='ltr'><em>ικ</em></span> <span class='ocrx_word' id='word_1_554' title='bbox 1197 5131 1225 5168; x_wconf 73' lang='grc' dir='ltr'><strong>Χ</strong></span> <span class='ocrx_word' id='word_1_555' title='bbox 1236 5130 1286 5166; x_wconf 79' lang='grc' dir='ltr'>γ.</span> 
     </span>
    </p>
   </div>
   <div class='ocr_carea' id='block_1_68' title="bbox 270 5183 1838 5256">
    <p class='ocr_par' dir='ltr' id='par_1_68' title="bbox 270 5183 1838 5256">
     <span class='ocr_line' id='line_1_71' title="bbox 270 5183 1838 5256; baseline -0.003 -13"><span class='ocrx_word' id='word_1_556' title='bbox 270 5189 332 5254; x_wconf 73' lang='lat'><em>7.</em></span> <span class='ocrx_word' id='word_1_557' title='bbox 366 5189 415 5242; x_wconf 91' lang='lat' dir='ltr'>I.</span> <span class='ocrx_word' id='word_1_558' title='bbox 447 5189 516 5241; x_wconf 87' lang='lat' dir='ltr'><em>ad</em></span> <span class='ocrx_word' id='word_1_559' title='bbox 555 5188 809 5256; x_wconf 78' lang='lat' dir='ltr'><em>Assyrios.</em></span> <span class='ocrx_word' id='word_1_560' title='bbox 845 5187 898 5241; x_wconf 91' lang='lat' dir='ltr'><em>Id</em></span> <span class='ocrx_word' id='word_1_561' title='bbox 928 5204 957 5239; x_wconf 85' lang='lat' dir='ltr'><em>a</em></span> <span class='ocrx_word' id='word_1_562' title='bbox 1001 5187 1156 5239; x_wconf 87' lang='lat' dir='ltr'><em>Rom.</em></span> <span class='ocrx_word' id='word_1_563' title='bbox 1189 5187 1358 5238; x_wconf 82' lang='lat' dir='ltr'><em>abest.</em></span> <span class='ocrx_word' id='word_1_564' title='bbox 1404 5185 1490 5239; x_wconf 88' lang='lat' dir='ltr'><em>At.</em></span> <span class='ocrx_word' id='word_1_565' title='bbox 1541 5183 1660 5243; x_wconf 81' lang='lat' dir='ltr'><em>Gal.</em></span> <span class='ocrx_word' id='word_1_566' title='bbox 1687 5183 1838 5253; x_wconf 79' lang='lat' dir='ltr'><em>juxta</em></span> 
     </span>
    </p>
   </div>
   <div class='ocr_carea' id='block_1_69' title="bbox 319 5257 1256 5326">
    <p class='ocr_par' dir='ltr' id='par_1_69' title="bbox 319 5257 1256 5326">
     <span class='ocr_line' id='line_1_72' title="bbox 319 5257 1256 5326; baseline -0.007 -13"><span class='ocrx_word' id='word_1_567' title='bbox 319 5258 405 5314; x_wconf 79' lang='lat' dir='ltr'><em>Gr.</em></span> <span class='ocrx_word' id='word_1_568' title='bbox 433 5259 503 5312; x_wconf 89' lang='lat' dir='ltr'><em>ad</em></span> <span class='ocrx_word' id='word_1_569' title='bbox 528 5257 880 5326; x_wconf 79' lang='lat' dir='ltr'><em>Assyrium.G.</em></span> <span class='ocrx_word' id='word_1_570' title='bbox 916 5274 1005 5325; x_wconf 82' lang='lat' dir='ltr'><em>pro</em></span> <span class='ocrx_word' id='word_1_571' title='bbox 1029 5257 1256 5326; x_wconf 79' lang='lat' dir='ltr'><em>Assyria.</em></span> 
     </span>
    </p>
   </div>
   <div class='ocr_carea' id='block_1_70' title="bbox 272 5323 1836 5399">
    <p class='ocr_par' dir='ltr' id='par_1_70' title="bbox 272 5323 1836 5399">
     <span class='ocr_line' id='line_1_73' title="bbox 272 5323 1836 5399; baseline -0.002 -20"><span class='ocrx_word' id='word_1_572' title='bbox 272 5339 300 5395; x_wconf 63' lang='grc' dir='ltr'><strong><em>γ</em></strong></span> <span class='ocrx_word' id='word_1_573' title='bbox 325 5367 336 5379; x_wconf 94' lang='grc'><em>.</em></span> <span class='ocrx_word' id='word_1_574' title='bbox 359 5330 410 5384; x_wconf 73' lang='grc'>4.</span> <span class='ocrx_word' id='word_1_575' title='bbox 433 5323 681 5399; x_wconf 71' lang='lat' dir='ltr'><em>potentias</em></span> <span class='ocrx_word' id='word_1_576' title='bbox 700 5323 926 5381; x_wconf 73' lang='lat' dir='ltr'><em>arcuum.</em></span> <span class='ocrx_word' id='word_1_577' title='bbox 952 5326 1016 5381; x_wconf 91' lang='lat' dir='ltr'>II.</span> <span class='ocrx_word' id='word_1_578' title='bbox 1041 5323 1198 5382; x_wconf 79' lang='lat' dir='ltr'><em>Roin.</em></span> <span class='ocrx_word' id='word_1_579' title='bbox 1218 5325 1284 5382; x_wconf 78' lang='grc' dir='ltr'>ϐ.</span> <span class='ocrx_word' id='word_1_580' title='bbox 1307 5323 1368 5381; x_wconf 88' lang='lat' dir='ltr'><em>C.</em></span> <span class='ocrx_word' id='word_1_581' title='bbox 1391 5341 1585 5379; x_wconf 85' lang='lat' dir='ltr'><em>cornua</em></span> <span class='ocrx_word' id='word_1_582' title='bbox 1603 5340 1836 5378; x_wconf 85' lang='lat' dir='ltr'><em>arcuum.</em></span> 
     </span>
    </p>
   </div>
   <div class='ocr_carea' id='block_1_71' title="bbox 319 5399 938 5470">
    <p class='ocr_par' dir='ltr' id='par_1_71' title="bbox 319 5399 938 5470">
     <span class='ocr_line' id='line_1_74' title="bbox 319 5399 938 5470; baseline -0.005 -18"><span class='ocrx_word' id='word_1_583' title='bbox 319 5399 392 5470; x_wconf 80' lang='grc' dir='ltr'><em>Μ.</em></span> <span class='ocrx_word' id='word_1_584' title='bbox 414 5407 682 5470; x_wconf 60' lang='lat' dir='ltr'><em>potentias</em></span> <span class='ocrx_word' id='word_1_585' title='bbox 703 5413 723 5452; x_wconf 82' lang='lat'><em>.&#39;</em></span> <span class='ocrx_word' id='word_1_586' title='bbox 742 5414 938 5470; x_wconf 53' lang='lat' dir='ltr'><em>arcum.</em></span> 
     </span>
    </p>
   </div>
   <div class='ocr_carea' id='block_1_72' title="bbox 273 5463 1834 5536">
    <p class='ocr_par' dir='ltr' id='par_1_72' title="bbox 273 5463 1834 5536">
     <span class='ocr_line' id='line_1_75' title="bbox 273 5463 1834 5536; baseline -0.002 -14"><span class='ocrx_word' id='word_1_587' title='bbox 273 5469 336 5536; x_wconf 80' lang='lat'><em>7.</em></span> <span class='ocrx_word' id='word_1_588' title='bbox 363 5463 426 5526; x_wconf 59' lang='grc'>5.</span> <span class='ocrx_word' id='word_1_589' title='bbox 459 5468 768 5524; x_wconf 78' lang='lat' dir='ltr'><em>Illutainans</em></span> <span class='ocrx_word' id='word_1_590' title='bbox 794 5478 869 5522; x_wconf 86' lang='lat' dir='ltr'><em>tu.</em></span> <span class='ocrx_word' id='word_1_591' title='bbox 897 5467 992 5525; x_wconf 81' lang='lat' dir='ltr'><em>Gr.</em></span> <span class='ocrx_word' id='word_1_592' title='bbox 1023 5473 1217 5535; x_wconf 81' lang='lat' dir='ltr'><em>sonat,</em></span> <span class='ocrx_word' id='word_1_593' title='bbox 1257 5464 1533 5521; x_wconf 82' lang='lat' dir='ltr'><em>llluminas</em></span> <span class='ocrx_word' id='word_1_594' title='bbox 1559 5472 1632 5519; x_wconf 86' lang='lat' dir='ltr'><em>tu.</em></span> <span class='ocrx_word' id='word_1_595' title='bbox 1671 5463 1834 5522; x_wconf 73' lang='lat' dir='ltr'><em>Hebr.</em></span> 
     </span>
    </p>
   </div>
   <div class='ocr_carea' id='block_1_73' title="bbox 321 5538 682 5596">
    <p class='ocr_par' dir='ltr' id='par_1_73' title="bbox 321 5538 682 5596">
     <span class='ocr_line' id='line_1_76' title="bbox 321 5538 682 5596; baseline -0.006 -2"><span class='ocrx_word' id='word_1_596' title='bbox 321 5538 511 5596; x_wconf 79' lang='lat' dir='ltr'><em>Lumen</em></span> <span class='ocrx_word' id='word_1_597' title='bbox 537 5550 591 5595; x_wconf 82' lang='lat' dir='ltr'><em>tu</em></span> <span class='ocrx_word' id='word_1_598' title='bbox 608 5556 682 5594; x_wconf 87' lang='lat' dir='ltr'><em>es.</em></span> 
     </span>
    </p>
   </div>
   <div class='ocr_carea' id='block_1_74' title="bbox 271 5603 1837 5675">
    <p class='ocr_par' dir='ltr' id='par_1_74' title="bbox 271 5603 1837 5675">
     <span class='ocr_line' id='line_1_77' title="bbox 271 5603 1837 5675; baseline -0.004 -12"><span class='ocrx_word' id='word_1_599' title='bbox 271 5611 300 5674; x_wconf 81' lang='lat'><em>7</em></span> <span class='ocrx_word' id='word_1_600' title='bbox 324 5650 337 5663; x_wconf 96' lang='lat'><em>.</em></span> <span class='ocrx_word' id='word_1_601' title='bbox 363 5609 414 5666; x_wconf 85' lang='lat'><em>6.</em></span> <span class='ocrx_word' id='word_1_602' title='bbox 443 5610 498 5667; x_wconf 86' lang='lat' dir='ltr'><em>in</em></span> <span class='ocrx_word' id='word_1_603' title='bbox 526 5609 758 5675; x_wconf 72' lang='lat' dir='ltr'><em>manibus</em></span> <span class='ocrx_word' id='word_1_604' title='bbox 785 5609 914 5663; x_wconf 85' lang='lat' dir='ltr'><em>suis.</em></span> <span class='ocrx_word' id='word_1_605' title='bbox 956 5607 1218 5662; x_wconf 85' lang='lat' dir='ltr'><em>Particula</em></span> <span class='ocrx_word' id='word_1_606' title='bbox 1249 5609 1303 5662; x_wconf 86' lang='lat' dir='ltr'><em>in</em></span> <span class='ocrx_word' id='word_1_607' title='bbox 1328 5607 1481 5662; x_wconf 82' lang='lat' dir='ltr'><em>abest</em></span> <span class='ocrx_word' id='word_1_608' title='bbox 1507 5621 1537 5660; x_wconf 85' lang='lat' dir='ltr'><em>a</em></span> <span class='ocrx_word' id='word_1_609' title='bbox 1565 5603 1660 5660; x_wconf 83' lang='lat' dir='ltr'><em>Gr.</em></span> <span class='ocrx_word' id='word_1_610' title='bbox 1688 5621 1837 5660; x_wconf 85' lang='lat' dir='ltr'><em>eam-</em></span> 
     </span>
    </p>
   </div>
   <div class='ocr_carea' id='block_1_75' title="bbox 320 5679 1502 5752">
    <p class='ocr_par' dir='ltr' id='par_1_75' title="bbox 320 5679 1502 5752">
     <span class='ocr_line' id='line_1_78' title="bbox 320 5679 1502 5752; baseline -0.007 -16"><span class='ocrx_word' id='word_1_611' title='bbox 320 5699 419 5752; x_wconf 85' lang='lat' dir='ltr'><em>que</em></span> <span class='ocrx_word' id='word_1_612' title='bbox 447 5682 674 5752; x_wconf 77' lang='lat' dir='ltr'><em>expungi</em></span> <span class='ocrx_word' id='word_1_613' title='bbox 706 5682 820 5737; x_wconf 82' lang='lat' dir='ltr'><em>vult</em></span> <span class='ocrx_word' id='word_1_614' title='bbox 842 5682 1066 5752; x_wconf 82' lang='lat' dir='ltr'><em>Ilieron.</em></span> <span class='ocrx_word' id='word_1_615' title='bbox 1097 5682 1155 5733; x_wconf 80' lang='lat' dir='ltr'><em>in</em></span> <span class='ocrx_word' id='word_1_616' title='bbox 1181 5680 1348 5750; x_wconf 69' lang='lat' dir='ltr'><em>Epist.</em></span> <span class='ocrx_word' id='word_1_617' title='bbox 1381 5679 1502 5752; x_wconf 64' lang='grc'><em>155.</em></span> 
     </span>
    </p>
   </div>
   <div class='ocr_carea' id='block_1_76' title="bbox 274 5747 1659 5818">
    <p class='ocr_par' dir='ltr' id='par_1_76' title="bbox 274 5747 1659 5818">
     <span class='ocr_line' id='line_1_79' title="bbox 274 5747 1659 5818; baseline -0.013 -4"><span class='ocrx_word' id='word_1_618' title='bbox 274 5751 301 5814; x_wconf 64' lang='grc' dir='ltr'><strong><em>Ῡ</em></strong></span> <span class='ocrx_word' id='word_1_619' title='bbox 325 5747 414 5810; x_wconf 55' lang='grc' dir='ltr'><em>ι’8.</em></span> <span class='ocrx_word' id='word_1_620' title='bbox 445 5747 650 5810; x_wconf 71' lang='lat' dir='ltr'><em>resistet</em></span> <span class='ocrx_word' id='word_1_621' title='bbox 672 5753 777 5805; x_wconf 77' lang='lat' dir='ltr'><em>tibi.</em></span> <span class='ocrx_word' id='word_1_622' title='bbox 807 5751 872 5806; x_wconf 83' lang='grc' dir='ltr'><em>Μ.</em></span> <span class='ocrx_word' id='word_1_623' title='bbox 903 5753 1068 5810; x_wconf 80' lang='lat' dir='ltr'><em>addit.</em></span> <span class='ocrx_word' id='word_1_624' title='bbox 1095 5747 1272 5804; x_wconf 79' lang='lat' dir='ltr'><em>contra</em></span> <span class='ocrx_word' id='word_1_625' title='bbox 1292 5747 1474 5818; x_wconf 78' lang='lat' dir='ltr'><em>fatiem</em></span> <span class='ocrx_word' id='word_1_626' title='bbox 1501 5759 1659 5799; x_wconf 90' lang='lat' dir='ltr'><em>tuam.</em></span> 
     </span>
    </p>
   </div>
   <div class='ocr_carea' id='block_1_77' title="bbox 261 5819 1838 5892">
    <p class='ocr_par' dir='ltr' id='par_1_77' title="bbox 261 5819 1838 5892">
     <span class='ocr_line' id='line_1_80' title="bbox 261 5819 1838 5892; baseline -0.004 -14"><span class='ocrx_word' id='word_1_627' title='bbox 261 5820 396 5886; x_wconf 76' lang='lat' dir='ltr'><em>Item.</em></span> <span class='ocrx_word' id='word_1_628' title='bbox 455 5826 484 5892; x_wconf 82' lang='lat'><em>7</em></span> <span class='ocrx_word' id='word_1_629' title='bbox 513 5863 521 5871; x_wconf 90' lang='lat'><em>.</em></span> <span class='ocrx_word' id='word_1_630' title='bbox 547 5824 599 5877; x_wconf 84' lang='lat'><strong>8.</strong></span> <span class='ocrx_word' id='word_1_631' title='bbox 644 5841 706 5876; x_wconf 76' lang='lat' dir='ltr'><em>ex</em></span> <span class='ocrx_word' id='word_1_632' title='bbox 727 5835 843 5878; x_wconf 88' lang='lat' dir='ltr'><em>tunc</em></span> <span class='ocrx_word' id='word_1_633' title='bbox 866 5826 942 5875; x_wconf 87' lang='lat' dir='ltr'><em>ira</em></span> <span class='ocrx_word' id='word_1_634' title='bbox 969 5833 1072 5876; x_wconf 84' lang='lat' dir='ltr'><em>tua.</em></span> <span class='ocrx_word' id='word_1_635' title='bbox 1102 5824 1166 5875; x_wconf 79' lang='grc' dir='ltr'>Α.</span> <span class='ocrx_word' id='word_1_636' title='bbox 1198 5819 1262 5875; x_wconf 87' lang='lat' dir='ltr'><em>G.</em></span> <span class='ocrx_word' id='word_1_637' title='bbox 1291 5819 1352 5873; x_wconf 62' lang='grc' dir='ltr'><em>(ὲ.</em></span> <span class='ocrx_word' id='word_1_638' title='bbox 1382 5829 1500 5878; x_wconf 87' lang='lat' dir='ltr'><em>tunc</em></span> <span class='ocrx_word' id='word_1_639' title='bbox 1521 5819 1582 5870; x_wconf 84' lang='lat' dir='ltr'><em>ab</em></span> <span class='ocrx_word' id='word_1_640' title='bbox 1619 5819 1694 5871; x_wconf 88' lang='lat' dir='ltr'><em>ira</em></span> <span class='ocrx_word' id='word_1_641' title='bbox 1732 5827 1838 5872; x_wconf 76' lang='lat' dir='ltr'><em>tua.</em></span> 
     </span>
    </p>
   </div>
   <div class='ocr_carea' id='block_1_78' title="bbox 501 5912 1095 5975">
    <p class='ocr_par' dir='ltr' id='par_1_78' title="bbox 501 5912 1095 5975">
     <span class='ocr_line' id='line_1_81' title="bbox 501 5912 1095 5975; baseline -0.003 -1"><span class='ocrx_word' id='word_1_642' title='bbox 501 5915 771 5975; x_wconf 74' lang='lat' dir='ltr'><em>PATROL.</em></span> <span class='ocrx_word' id='word_1_643' title='bbox 804 5912 1095 5973; x_wconf 68' lang='lat' dir='ltr'><strong>XXXVI.</strong></span> 
     </span>
    </p>
   </div>
   <div class='ocr_carea' id='block_1_79' title="bbox 1997 477 3513 548">
    <p class='ocr_par' dir='ltr' id='par_1_79' title="bbox 1997 477 3513 548">
     <span class='ocr_line' id='line_1_82' title="bbox 1997 477 3513 548; baseline 0.011 -16"><span class='ocrx_word' id='word_1_644' title='bbox 1997 477 2063 532; x_wconf 90' lang='lat' dir='ltr'><em>R.</em></span> <span class='ocrx_word' id='word_1_645' title='bbox 2105 495 2167 532; x_wconf 72' lang='lat' dir='ltr'><em>ex</em></span> <span class='ocrx_word' id='word_1_646' title='bbox 2210 491 2328 532; x_wconf 86' lang='lat' dir='ltr'><em>tunc</em></span> <span class='ocrx_word' id='word_1_647' title='bbox 2357 479 2417 531; x_wconf 86' lang='lat' dir='ltr'><em>ab</em></span> <span class='ocrx_word' id='word_1_648' title='bbox 2449 481 2526 532; x_wconf 89' lang='lat' dir='ltr'><em>ira</em></span> <span class='ocrx_word' id='word_1_649' title='bbox 2558 492 2662 534; x_wconf 88' lang='lat' dir='ltr'><em>tua.</em></span> <span class='ocrx_word' id='word_1_650' title='bbox 2705 479 2798 538; x_wconf 82' lang='lat' dir='ltr'><em>Gr.</em></span> <span class='ocrx_word' id='word_1_651' title='bbox 2842 485 2900 537; x_wconf 90' lang='lat' dir='ltr'><em>ab</em></span> <span class='ocrx_word' id='word_1_652' title='bbox 2937 486 3012 537; x_wconf 88' lang='lat' dir='ltr'><em>ira</em></span> <span class='ocrx_word' id='word_1_653' title='bbox 3047 499 3134 539; x_wconf 87' lang='lat' dir='ltr'><em>tua</em></span> <span class='ocrx_word' id='word_1_654' title='bbox 3179 491 3416 547; x_wconf 65' lang='lat' dir='ltr'><em>remisso</em></span> <span class='ocrx_word' id='word_1_655' title='bbox 3448 510 3513 548; x_wconf 74' lang='lat' dir='ltr'><em>ex</em></span> 
     </span>
    </p>
   </div>
   <div class='ocr_carea' id='block_1_80' title="bbox 1994 560 2130 600">
    <p class='ocr_par' dir='ltr' id='par_1_80' title="bbox 1994 560 2130 600">
     <span class='ocr_line' id='line_1_83' title="bbox 1994 560 2130 600; baseline 0 0"><span class='ocrx_word' id='word_1_656' title='bbox 1994 560 2130 600; x_wconf 74' lang='grc' dir='ltr'><em>ιυηε.</em></span> 
     </span>
    </p>
   </div>
   <div class='ocr_carea' id='block_1_81' title="bbox 2009 618 3512 696">
    <p class='ocr_par' dir='ltr' id='par_1_81' title="bbox 2009 618 3512 696">
     <span class='ocr_line' id='line_1_84' title="bbox 2009 618 3512 696; baseline 0.011 -26"><span class='ocrx_word' id='word_1_657' title='bbox 2009 620 2038 696; x_wconf 62' lang='lat'><em>7</em></span> <span class='ocrx_word' id='word_1_658' title='bbox 2187 619 2417 696; x_wconf 77' lang='lat' dir='ltr'><em>auditum</em></span> <span class='ocrx_word' id='word_1_659' title='bbox 2450 619 2625 685; x_wconf 78' lang='lat' dir='ltr'><em>fecisti.</em></span> <span class='ocrx_word' id='word_1_660' title='bbox 2658 623 2797 696; x_wconf 49' lang='lat' dir='ltr'><em>A:C.</em></span> <span class='ocrx_word' id='word_1_661' title='bbox 2821 624 3079 692; x_wconf 80' lang='lat' dir='ltr'><em>jaculams</em></span> <span class='ocrx_word' id='word_1_662' title='bbox 3104 643 3172 680; x_wconf 83' lang='lat' dir='ltr'><em>es.</em></span> <span class='ocrx_word' id='word_1_663' title='bbox 3196 627 3262 682; x_wconf 66' lang='grc' dir='ltr'><em>(ἱ.</em></span> <span class='ocrx_word' id='word_1_664' title='bbox 3283 629 3512 696; x_wconf 85' lang='lat' dir='ltr'><em>jactasti.</em></span> 
     </span>
    </p>
   </div>
   <div class='ocr_carea' id='block_1_82' title="bbox 1994 689 3516 769">
    <p class='ocr_par' dir='ltr' id='par_1_82' title="bbox 1994 689 3516 769">
     <span class='ocr_line' id='line_1_85' title="bbox 1994 689 3516 769; baseline 0.01 -27"><span class='ocrx_word' id='word_1_665' title='bbox 1994 689 2548 769; x_wconf 33' lang='grc' dir='ltr'><em>Β.,ζξοιιικίαειιιᾳιιι-ηι</em></span> <span class='ocrx_word' id='word_1_666' title='bbox 2573 702 2661 744; x_wconf 80' lang='lat' dir='ltr'><em>est.</em></span> <span class='ocrx_word' id='word_1_667' title='bbox 2690 692 2784 746; x_wconf 87' lang='lat' dir='ltr'><em>Gr.</em></span> <span class='ocrx_word' id='word_1_668' title='bbox 2816 689 3063 758; x_wconf 63' lang='grc' dir='ltr'><em>ἧκοὺτισας</em></span> <span class='ocrx_word' id='word_1_669' title='bbox 3094 715 3106 751; x_wconf 90' lang='lat'><strong>:</strong></span> <span class='ocrx_word' id='word_1_670' title='bbox 3137 713 3232 766; x_wconf 84' lang='lat' dir='ltr'><em>pro</em></span> <span class='ocrx_word' id='word_1_671' title='bbox 3251 689 3359 769; x_wconf 66' lang='lat' dir='ltr'><em>quo</em></span> <span class='ocrx_word' id='word_1_672' title='bbox 3381 719 3516 757; x_wconf 73' lang='grc' dir='ltr'><em>υοη⁴</em></span> 
     </span>
    </p>
   </div>
   <div class='ocr_carea' id='block_1_83' title="bbox 1995 759 2683 821">
    <p class='ocr_par' dir='ltr' id='par_1_83' title="bbox 1995 759 2683 821">
     <span class='ocr_line' id='line_1_86' title="bbox 1995 759 2683 821; baseline 0.003 -11"><span class='ocrx_word' id='word_1_673' title='bbox 1995 759 2123 811; x_wconf 76' lang='lat' dir='ltr'><em>nulli</em></span> <span class='ocrx_word' id='word_1_674' title='bbox 2151 759 2385 819; x_wconf 75' lang='lat' dir='ltr'><em>codices.</em></span> <span class='ocrx_word' id='word_1_675' title='bbox 2416 766 2683 821; x_wconf 70' lang='grc' dir='ltr'><em>ἦκὸντισας-</em></span> 
     </span>
    </p>
   </div>
   <div class='ocr_carea' id='block_1_84' title="bbox 1939 827 3512 902">
    <p class='ocr_par' dir='ltr' id='par_1_84' title="bbox 1939 827 3512 902">
     <span class='ocr_line' id='line_1_87' title="bbox 1939 827 3512 902; baseline 0.008 -20"><span class='ocrx_word' id='word_1_676' title='bbox 1939 827 1970 902; x_wconf 74' lang='lat'><em>7</em></span> <span class='ocrx_word' id='word_1_677' title='bbox 1997 868 2007 881; x_wconf 94' lang='lat'>.</span> <span class='ocrx_word' id='word_1_678' title='bbox 2043 830 2128 883; x_wconf 89' lang='lat' dir='ltr'><em>I0.</em></span> <span class='ocrx_word' id='word_1_679' title='bbox 2159 841 2450 902; x_wconf 83' lang='lat' dir='ltr'><em>mansuetos</em></span> <span class='ocrx_word' id='word_1_680' title='bbox 2471 839 2634 884; x_wconf 72' lang='lat' dir='ltr'><em>terrae.</em></span> <span class='ocrx_word' id='word_1_681' title='bbox 2668 834 2730 884; x_wconf 84' lang='lat' dir='ltr'><em>tl.</em></span> <span class='ocrx_word' id='word_1_682' title='bbox 2760 832 2914 888; x_wconf 88' lang='lat' dir='ltr'><em>Rom.</em></span> <span class='ocrx_word' id='word_1_683' title='bbox 2948 834 3013 886; x_wconf 88' lang='grc' dir='ltr'><em>Μ.</em></span> <span class='ocrx_word' id='word_1_684' title='bbox 3049 834 3108 889; x_wconf 93' lang='lat' dir='ltr'><strong>C.</strong></span> <span class='ocrx_word' id='word_1_685' title='bbox 3136 839 3325 902; x_wconf 81' lang='lat' dir='ltr'><em>quietos</em></span> <span class='ocrx_word' id='word_1_686' title='bbox 3351 851 3512 894; x_wconf 78' lang='lat' dir='ltr'><em>terrre.</em></span> 
     </span>
    </p>
   </div>
   <div class='ocr_carea' id='block_1_85' title="bbox 1939 899 3516 1022">
    <p class='ocr_par' dir='ltr' id='par_1_85' title="bbox 1939 899 3516 1022">
     <span class='ocr_line' id='line_1_88' title="bbox 1939 899 3516 1022; baseline 0.009 -72"><span class='ocrx_word' id='word_1_687' title='bbox 1939 899 1971 968; x_wconf 90' lang='lat'><em>7</em></span> <span class='ocrx_word' id='word_1_688' title='bbox 1994 904 2101 1022; x_wconf 46' lang='grc' dir='ltr'><em>ἐς</em></span> <span class='ocrx_word' id='word_1_689' title='bbox 2119 939 2130 950; x_wconf 93' lang='grc'><em>.</em></span> <span class='ocrx_word' id='word_1_690' title='bbox 2155 899 2288 953; x_wconf 90' lang='lat' dir='ltr'><em>diem</em></span> <span class='ocrx_word' id='word_1_691' title='bbox 2311 903 2494 972; x_wconf 86' lang='lat' dir='ltr'><em>festum</em></span> <span class='ocrx_word' id='word_1_692' title='bbox 2513 912 2662 970; x_wconf 86' lang='lat' dir='ltr'><em>agent</em></span> <span class='ocrx_word' id='word_1_693' title='bbox 2691 902 2797 956; x_wconf 88' lang='lat' dir='ltr'><em>tibi.</em></span> <span class='ocrx_word' id='word_1_694' title='bbox 2842 909 2905 958; x_wconf 79' lang='grc' dir='ltr'>Α.</span> <span class='ocrx_word' id='word_1_695' title='bbox 2935 899 3181 959; x_wconf 76' lang='lat' dir='ltr'><em>solemnia</em></span> <span class='ocrx_word' id='word_1_696' title='bbox 3202 909 3516 964; x_wconf 59' lang='lat' dir='ltr'><em>celebrabant</em></span> 
     </span>
     <span class='ocr_line' id='line_1_89' title="bbox 2014 988 2102 1022; baseline 0.011 -1"><span class='ocrx_word' id='word_1_697' title='bbox 2014 988 2028 1021; x_wconf 90' lang='lat' dir='ltr'><em>t</em></span> <span class='ocrx_word' id='word_1_698' title='bbox 2064 988 2102 1022; x_wconf 84' lang='grc' dir='ltr'>ι.</span> 
     </span>
    </p>
   </div>
   <div class='ocr_carea' id='block_1_86' title="bbox 1994 981 2102 1022">
    <p class='ocr_par' dir='ltr' id='par_1_86' title="bbox 1994 981 2102 1022">
     <span class='ocr_line' id='line_1_90' title="bbox 1994 981 2102 1022; baseline 0.009 -1"><span class='ocrx_word' id='word_1_699' title='bbox 1994 981 2102 1022; x_wconf 77' lang='grc' dir='ltr'><em>ιιω.</em></span> 
     </span>
    </p>
   </div>
   <div class='ocr_carea' id='block_1_87' title="bbox 1938 1039 3513 1114">
    <p class='ocr_par' dir='ltr' id='par_1_87' title="bbox 1938 1039 3513 1114">
     <span class='ocr_line' id='line_1_91' title="bbox 1938 1039 3513 1114; baseline 0.01 -26"><span class='ocrx_word' id='word_1_700' title='bbox 1938 1039 1969 1108; x_wconf 89' lang='lat'><em>7</em></span> <span class='ocrx_word' id='word_1_701' title='bbox 1999 1080 2008 1089; x_wconf 95' lang='lat'>.</span> <span class='ocrx_word' id='word_1_702' title='bbox 2047 1041 2129 1092; x_wconf 70' lang='lat'><em>19..</em></span> <span class='ocrx_word' id='word_1_703' title='bbox 2160 1041 2245 1110; x_wconf 83' lang='lat' dir='ltr'><em>qui</em></span> <span class='ocrx_word' id='word_1_704' title='bbox 2272 1042 2324 1093; x_wconf 91' lang='lat' dir='ltr'><em>in</em></span> <span class='ocrx_word' id='word_1_705' title='bbox 2345 1041 2560 1094; x_wconf 88' lang='lat' dir='ltr'><em>circuitu</em></span> <span class='ocrx_word' id='word_1_706' title='bbox 2584 1043 2712 1114; x_wconf 85' lang='lat' dir='ltr'><em>ejus.</em></span> <span class='ocrx_word' id='word_1_707' title='bbox 2739 1043 2792 1096; x_wconf 89' lang='lat' dir='ltr'><em>In</em></span> <span class='ocrx_word' id='word_1_708' title='bbox 2821 1045 2884 1097; x_wconf 84' lang='lat' dir='ltr'><em>A.</em></span> <span class='ocrx_word' id='word_1_709' title='bbox 2915 1041 2984 1099; x_wconf 89' lang='grc' dir='ltr'><em>Μ.</em></span> <span class='ocrx_word' id='word_1_710' title='bbox 3019 1054 3072 1100; x_wconf 87' lang='lat' dir='ltr'><em>et</em></span> <span class='ocrx_word' id='word_1_711' title='bbox 3098 1045 3257 1101; x_wconf 82' lang='lat' dir='ltr'><em>Ilebr.</em></span> <span class='ocrx_word' id='word_1_712' title='bbox 3285 1049 3513 1114; x_wconf 82' lang='lat' dir='ltr'><em>additur,</em></span> 
     </span>
    </p>
   </div>
   <div class='ocr_carea' id='block_1_88' title="bbox 1993 1121 2128 1164">
    <p class='ocr_par' dir='ltr' id='par_1_88' title="bbox 1993 1121 2128 1164">
     <span class='ocr_line' id='line_1_92' title="bbox 1993 1121 2128 1164; baseline -0.015 0"><span class='ocrx_word' id='word_1_713' title='bbox 1993 1121 2128 1164; x_wconf 73' lang='grc' dir='ltr'><em>εωιι.</em></span> 
     </span>
    </p>
   </div>
   <div class='ocr_carea' id='block_1_89' title="bbox 1921 1177 3509 1261">
    <p class='ocr_par' dir='ltr' id='par_1_89' title="bbox 1921 1177 3509 1261">
     <span class='ocr_line' id='line_1_93' title="bbox 1921 1177 3509 1261; baseline 0.006 -27"><span class='ocrx_word' id='word_1_714' title='bbox 1921 1177 2051 1261; x_wconf 76' lang='lat' dir='ltr'><em>Item</em></span> <span class='ocrx_word' id='word_1_715' title='bbox 2093 1181 2165 1261; x_wconf 87' lang='lat'><em>7.</em></span> <span class='ocrx_word' id='word_1_716' title='bbox 2197 1181 2281 1261; x_wconf 60' lang='lat' dir='ltr'><em>lg.</em></span> <span class='ocrx_word' id='word_1_717' title='bbox 2315 1179 2529 1261; x_wconf 55' lang='lat' dir='ltr'><em>offertis:</em></span> <span class='ocrx_word' id='word_1_718' title='bbox 2561 1182 2627 1236; x_wconf 85' lang='lat' dir='ltr'><em>A.</em></span> <span class='ocrx_word' id='word_1_719' title='bbox 2754 1185 3322 1261; x_wconf 60' lang='lat' dir='ltr'><em>eum_IIeb_r._o/7_erent.</em></span> <span class='ocrx_word' id='word_1_720' title='bbox 3354 1189 3420 1261; x_wconf 67' lang='lat' dir='ltr'><em>C.</em></span> <span class='ocrx_word' id='word_1_721' title='bbox 3441 1197 3509 1261; x_wconf 63' lang='lat' dir='ltr'><em>ofo</em></span> 
     </span>
    </p>
   </div>
   <div class='ocr_carea' id='block_1_90' title="bbox 1995 1251 3510 1326">
    <p class='ocr_par' dir='ltr' id='par_1_90' title="bbox 1995 1251 3510 1326">
     <span class='ocr_line' id='line_1_94' title="bbox 1995 1251 3510 1326; baseline 0.009 -25"><span class='ocrx_word' id='word_1_722' title='bbox 1995 1252 2184 1326; x_wconf 57' lang='lat' dir='ltr'><em>ferunt.</em></span> <span class='ocrx_word' id='word_1_723' title='bbox 2218 1251 2283 1305; x_wconf 88' lang='lat' dir='ltr'><em>G.</em></span> <span class='ocrx_word' id='word_1_724' title='bbox 2308 1253 2462 1326; x_wconf 56' lang='lat' dir='ltr'><em>iusta</em></span> <span class='ocrx_word' id='word_1_725' title='bbox 2490 1251 2582 1307; x_wconf 85' lang='lat' dir='ltr'><em>Gr.</em></span> <span class='ocrx_word' id='word_1_726' title='bbox 2618 1253 2850 1318; x_wconf 77' lang='lat' dir='ltr'><em>afferent.</em></span> <span class='ocrx_word' id='word_1_727' title='bbox 2881 1255 2948 1309; x_wconf 85' lang='lat' dir='ltr'><em>Et</em></span> <span class='ocrx_word' id='word_1_728' title='bbox 2977 1256 3052 1310; x_wconf 70' lang='lat' dir='ltr'><em>sit:</em></span> <span class='ocrx_word' id='word_1_729' title='bbox 3073 1256 3287 1326; x_wconf 73' lang='lat' dir='ltr'><em>Vulgata</em></span> <span class='ocrx_word' id='word_1_730' title='bbox 3313 1260 3364 1312; x_wconf 87' lang='lat' dir='ltr'><em>in</em></span> <span class='ocrx_word' id='word_1_731' title='bbox 3395 1251 3510 1314; x_wconf 71' lang='lat' dir='ltr'><em>Car.</em></span> 
     </span>
    </p>
   </div>
   <div class='ocr_carea' id='block_1_91' title="bbox 1993 1321 2417 1377">
    <p class='ocr_par' dir='ltr' id='par_1_91' title="bbox 1993 1321 2417 1377">
     <span class='ocr_line' id='line_1_95' title="bbox 1993 1321 2417 1377; baseline -0.002 -3"><span class='ocrx_word' id='word_1_732' title='bbox 1993 1321 2108 1374; x_wconf 86' lang='lat' dir='ltr'><em>Col.</em></span> <span class='ocrx_word' id='word_1_733' title='bbox 2139 1321 2266 1377; x_wconf 82' lang='lat' dir='ltr'><em>Ger.</em></span> <span class='ocrx_word' id='word_1_734' title='bbox 2299 1321 2417 1377; x_wconf 84' lang='lat' dir='ltr'><em>Gal.</em></span> 
     </span>
    </p>
   </div>
   <div class='ocr_carea' id='block_1_92' title="bbox 2452 1407 2981 1449">
    <p class='ocr_par' dir='ltr' id='par_1_92' title="bbox 2452 1407 2981 1449">
     <span class='ocr_line' id='line_1_96' title="bbox 2452 1407 2981 1449; baseline 0.002 -4"><span class='ocrx_word' id='word_1_735' title='bbox 2452 1408 2516 1445; x_wconf 77' lang='lat' dir='ltr'><em>EX</em></span> <span class='ocrx_word' id='word_1_736' title='bbox 2557 1407 2758 1447; x_wconf 70' lang='lat' dir='ltr'><em>PSALIO</em></span> <span class='ocrx_word' id='word_1_737' title='bbox 2799 1411 2958 1449; x_wconf 69' lang='lat' dir='ltr'><strong>LXXVI</strong></span> <span class='ocrx_word' id='word_1_738' title='bbox 2971 1437 2981 1446; x_wconf 97' lang='lat'><em>.</em></span> 
     </span>
    </p>
   </div>
   <div class='ocr_carea' id='block_1_93' title="bbox 1937 1460 3520 1536">
    <p class='ocr_par' dir='ltr' id='par_1_93' title="bbox 1937 1460 3520 1536">
     <span class='ocr_line' id='line_1_97' title="bbox 1937 1460 3520 1536; baseline 0.006 -22"><span class='ocrx_word' id='word_1_739' title='bbox 1937 1461 1971 1531; x_wconf 89' lang='lat'><em>7</em></span> <span class='ocrx_word' id='word_1_740' title='bbox 1996 1501 2009 1514; x_wconf 94' lang='lat'><em>.</em></span> <span class='ocrx_word' id='word_1_741' title='bbox 2039 1460 2094 1513; x_wconf 69' lang='lat'><em>2.</em></span> <span class='ocrx_word' id='word_1_742' title='bbox 2125 1478 2243 1514; x_wconf 88' lang='lat' dir='ltr'><em>voce</em></span> <span class='ocrx_word' id='word_1_743' title='bbox 2275 1479 2384 1536; x_wconf 68' lang='lat' dir='ltr'><em>mea</em></span> <span class='ocrx_word' id='word_1_744' title='bbox 2408 1463 2476 1514; x_wconf 90' lang='lat' dir='ltr'><em>ad</em></span> <span class='ocrx_word' id='word_1_745' title='bbox 2495 1461 2680 1536; x_wconf 62' lang='lat' dir='ltr'><em>Deum.</em></span> <span class='ocrx_word' id='word_1_746' title='bbox 2706 1466 2768 1516; x_wconf 87' lang='lat' dir='ltr'><em>A.</em></span> <span class='ocrx_word' id='word_1_747' title='bbox 2804 1465 2958 1518; x_wconf 86' lang='lat' dir='ltr'><em>Rom.</em></span> <span class='ocrx_word' id='word_1_748' title='bbox 2995 1466 3058 1521; x_wconf 90' lang='lat' dir='ltr'><em>G.</em></span> <span class='ocrx_word' id='word_1_749' title='bbox 3089 1467 3148 1519; x_wconf 91' lang='lat' dir='ltr'><em>C.</em></span> <span class='ocrx_word' id='word_1_750' title='bbox 3173 1467 3321 1536; x_wconf 75' lang='lat' dir='ltr'><em>juxta</em></span> <span class='ocrx_word' id='word_1_751' title='bbox 3355 1470 3447 1524; x_wconf 83' lang='lat' dir='ltr'><em>Gr.</em></span> <span class='ocrx_word' id='word_1_752' title='bbox 3473 1481 3520 1525; x_wconf 87' lang='lat' dir='ltr'><em>et</em></span> 
     </span>
    </p>
   </div>
   <div class='ocr_carea' id='block_1_94' title="bbox 1993 1532 3430 1595">
    <p class='ocr_par' dir='ltr' id='par_1_94' title="bbox 1993 1532 3430 1595">
     <span class='ocr_line' id='line_1_98' title="bbox 1993 1532 3430 1595; baseline 0.006 -12"><span class='ocrx_word' id='word_1_753' title='bbox 1993 1547 2090 1584; x_wconf 76' lang='lat' dir='ltr'><em>vox</em></span> <span class='ocrx_word' id='word_1_754' title='bbox 2113 1548 2222 1584; x_wconf 89' lang='lat' dir='ltr'><em>mea</em></span> <span class='ocrx_word' id='word_1_755' title='bbox 2243 1533 2310 1584; x_wconf 88' lang='lat' dir='ltr'><em>ad</em></span> <span class='ocrx_word' id='word_1_756' title='bbox 2333 1532 2515 1586; x_wconf 86' lang='lat' dir='ltr'><em>Deum.</em></span> <span class='ocrx_word' id='word_1_757' title='bbox 2545 1533 2609 1586; x_wconf 92' lang='lat' dir='ltr'><em>R.</em></span> <span class='ocrx_word' id='word_1_758' title='bbox 2633 1533 2701 1586; x_wconf 87' lang='grc' dir='ltr'><em>Μ.</em></span> <span class='ocrx_word' id='word_1_759' title='bbox 2725 1549 2822 1586; x_wconf 76' lang='lat' dir='ltr'><em>vox</em></span> <span class='ocrx_word' id='word_1_760' title='bbox 2846 1552 2977 1595; x_wconf 84' lang='lat' dir='ltr'><em>mea.</em></span> <span class='ocrx_word' id='word_1_761' title='bbox 3006 1547 3108 1589; x_wconf 84' lang='lat' dir='ltr'><em>etc.</em></span> <span class='ocrx_word' id='word_1_762' title='bbox 3138 1532 3338 1593; x_wconf 72' lang='lat' dir='ltr'><em>oinisso</em></span> <span class='ocrx_word' id='word_1_763' title='bbox 3367 1551 3430 1592; x_wconf 88' lang='lat' dir='ltr'><em>et.</em></span> 
     </span>
    </p>
   </div>
   <div class='ocr_carea' id='block_1_95' title="bbox 1938 1601 3522 1668">
    <p class='ocr_par' dir='ltr' id='par_1_95' title="bbox 1938 1601 3522 1668">
     <span class='ocr_line' id='line_1_99' title="bbox 1938 1601 3522 1668; baseline 0.008 -15"><span class='ocrx_word' id='word_1_764' title='bbox 1938 1601 2011 1668; x_wconf 77' lang='lat'><em>7&#39;.</em></span> <span class='ocrx_word' id='word_1_765' title='bbox 2060 1602 2113 1654; x_wconf 82' lang='lat'><strong>5.</strong></span> <span class='ocrx_word' id='word_1_766' title='bbox 2153 1613 2328 1655; x_wconf 90' lang='lat' dir='ltr'><em>contra</em></span> <span class='ocrx_word' id='word_1_767' title='bbox 2355 1620 2488 1655; x_wconf 89' lang='lat' dir='ltr'><em>eum.</em></span> <span class='ocrx_word' id='word_1_768' title='bbox 2530 1605 2596 1657; x_wconf 85' lang='lat' dir='ltr'><em>A.</em></span> <span class='ocrx_word' id='word_1_769' title='bbox 2643 1603 2709 1657; x_wconf 89' lang='lat' dir='ltr'><em>R.</em></span> <span class='ocrx_word' id='word_1_770' title='bbox 2742 1604 2898 1659; x_wconf 90' lang='lat' dir='ltr'><em>Rom.</em></span> <span class='ocrx_word' id='word_1_771' title='bbox 2942 1606 3010 1659; x_wconf 89' lang='grc' dir='ltr'><em>Μ.</em></span> <span class='ocrx_word' id='word_1_772' title='bbox 3040 1606 3298 1661; x_wconf 88' lang='lat' dir='ltr'><em>G.coram</em></span> <span class='ocrx_word' id='word_1_773' title='bbox 3338 1627 3413 1663; x_wconf 89' lang='lat' dir='ltr'><em>eo.</em></span> <span class='ocrx_word' id='word_1_774' title='bbox 3456 1612 3522 1667; x_wconf 86' lang='lat' dir='ltr'><em>C.</em></span> 
     </span>
    </p>
   </div>
   <div class='ocr_carea' id='block_1_96' title="bbox 1999 1681 2555 1741">
    <p class='ocr_par' dir='ltr' id='par_1_96' title="bbox 1999 1681 2555 1741">
     <span class='ocr_line' id='line_1_100' title="bbox 1999 1681 2555 1741; baseline 0.002 -18"><span class='ocrx_word' id='word_1_775' title='bbox 1999 1681 2171 1723; x_wconf 67' lang='lat' dir='ltr'><em>contra</em></span> <span class='ocrx_word' id='word_1_776' title='bbox 2198 1689 2312 1724; x_wconf 87' lang='lat' dir='ltr'><em>eum</em></span> <span class='ocrx_word' id='word_1_777' title='bbox 2341 1690 2555 1741; x_wconf 81' lang='lat' dir='ltr'><em>semper.</em></span> 
     </span>
    </p>
   </div>
   <div class='ocr_carea' id='block_1_97' title="bbox 1928 1740 3520 1815">
    <p class='ocr_par' dir='ltr' id='par_1_97' title="bbox 1928 1740 3520 1815">
     <span class='ocr_line' id='line_1_101' title="bbox 1928 1740 3520 1815; baseline 0.008 -21"><span class='ocrx_word' id='word_1_778' title='bbox 1928 1740 2055 1815; x_wconf 67' lang='lat' dir='ltr'><em>Item</em></span> <span class='ocrx_word' id='word_1_779' title='bbox 2090 1743 2139 1815; x_wconf 84' lang='lat'><em>_7</em></span> <span class='ocrx_word' id='word_1_780' title='bbox 2165 1781 2179 1794; x_wconf 97' lang='lat'>.</span> <span class='ocrx_word' id='word_1_781' title='bbox 2207 1743 2259 1797; x_wconf 83' lang='grc'>5.</span> <span class='ocrx_word' id='word_1_782' title='bbox 2292 1740 2498 1815; x_wconf 67' lang='lat' dir='ltr'><em>Renait,</em></span> <span class='ocrx_word' id='word_1_783' title='bbox 2520 1752 2624 1815; x_wconf 84' lang='lat' dir='ltr'><em>etc.</em></span> <span class='ocrx_word' id='word_1_784' title='bbox 2658 1743 2720 1796; x_wconf 83' lang='lat' dir='ltr'><em>A.</em></span> <span class='ocrx_word' id='word_1_785' title='bbox 2755 1744 2821 1815; x_wconf 83' lang='grc' dir='ltr'><em>Μ.</em></span> <span class='ocrx_word' id='word_1_786' title='bbox 2857 1744 3092 1815; x_wconf 75' lang='lat' dir='ltr'><em>Negavit.</em></span> <span class='ocrx_word' id='word_1_787' title='bbox 3125 1747 3188 1802; x_wconf 72' lang='grc' dir='ltr'><em>Ο.</em></span> <span class='ocrx_word' id='word_1_788' title='bbox 3237 1747 3520 1806; x_wconf 72' lang='grc' dir='ltr'><em>Πιτετιεσυίτ.</em></span> 
     </span>
    </p>
   </div>
   <div class='ocr_carea' id='block_1_98' title="bbox 1997 1812 3308 1882">
    <p class='ocr_par' dir='ltr' id='par_1_98' title="bbox 1997 1812 3308 1882">
     <span class='ocr_line' id='line_1_102' title="bbox 1997 1812 3308 1882; baseline 0.005 -17"><span class='ocrx_word' id='word_1_789' title='bbox 1997 1812 2062 1865; x_wconf 87' lang='lat' dir='ltr'><em>R.</em></span> <span class='ocrx_word' id='word_1_790' title='bbox 2089 1812 2247 1866; x_wconf 84' lang='lat' dir='ltr'><em>Rom.</em></span> <span class='ocrx_word' id='word_1_791' title='bbox 2279 1813 2339 1866; x_wconf 90' lang='lat' dir='ltr'><em>C.</em></span> <span class='ocrx_word' id='word_1_792' title='bbox 2379 1812 2575 1882; x_wconf 73' lang='lat' dir='ltr'><em>Negavi</em></span> <span class='ocrx_word' id='word_1_793' title='bbox 2599 1814 2855 1868; x_wconf 83' lang='lat' dir='ltr'><em>consolari</em></span> <span class='ocrx_word' id='word_1_794' title='bbox 2875 1812 3096 1869; x_wconf 80' lang='lat' dir='ltr'><em>animam</em></span> <span class='ocrx_word' id='word_1_795' title='bbox 3127 1837 3308 1872; x_wconf 87' lang='lat' dir='ltr'><em>meam.</em></span> 
     </span>
    </p>
   </div>
   <div class='ocr_carea' id='block_1_99' title="bbox 1941 1883 3524 1956">
    <p class='ocr_par' dir='ltr' id='par_1_99' title="bbox 1941 1883 3524 1956">
     <span class='ocr_line' id='line_1_103' title="bbox 1941 1883 3524 1956; baseline 0.006 -22"><span class='ocrx_word' id='word_1_796' title='bbox 1941 1883 1976 1953; x_wconf 91' lang='lat'><em>7</em></span> <span class='ocrx_word' id='word_1_797' title='bbox 2001 1921 2015 1934; x_wconf 92' lang='lat'><em>.</em></span> <span class='ocrx_word' id='word_1_798' title='bbox 2043 1883 2502 1956; x_wconf 30' lang='lat' dir='ltr'><em>litetexercitatas</em></span> <span class='ocrx_word' id='word_1_799' title='bbox 2532 1901 2664 1956; x_wconf 82' lang='lat' dir='ltr'><em>sum.</em></span> <span class='ocrx_word' id='word_1_800' title='bbox 2698 1888 2764 1939; x_wconf 87' lang='lat' dir='ltr'><em>A.</em></span> <span class='ocrx_word' id='word_1_801' title='bbox 2790 1887 2938 1953; x_wconf 79' lang='lat' dir='ltr'><em>juxta</em></span> <span class='ocrx_word' id='word_1_802' title='bbox 2962 1887 3053 1942; x_wconf 88' lang='lat' dir='ltr'><em>Gr.</em></span> <span class='ocrx_word' id='word_1_803' title='bbox 3084 1891 3290 1956; x_wconf 78' lang='lat' dir='ltr'><em>garrivi,</em></span> <span class='ocrx_word' id='word_1_804' title='bbox 3325 1893 3524 1946; x_wconf 78' lang='lat' dir='ltr'><em>omisso</em></span> 
     </span>
    </p>
   </div>
   <div class='ocr_carea' id='block_1_100' title="bbox 1998 1953 3468 2025">
    <p class='ocr_par' dir='ltr' id='par_1_100' title="bbox 1998 1953 3468 2025">
     <span class='ocr_line' id='line_1_104' title="bbox 1998 1953 3468 2025; baseline 0.007 -21"><span class='ocrx_word' id='word_1_805' title='bbox 1998 1962 2065 2005; x_wconf 86' lang='lat' dir='ltr'><em>et.</em></span> <span class='ocrx_word' id='word_1_806' title='bbox 2097 1953 2257 2006; x_wconf 71' lang='lat' dir='ltr'><em>IIebI‘.</em></span> <span class='ocrx_word' id='word_1_807' title='bbox 2293 1953 2531 2022; x_wconf 70' lang='lat' dir='ltr'><em>loquebar</em></span> <span class='ocrx_word' id='word_1_808' title='bbox 2549 1955 2601 2006; x_wconf 89' lang='lat' dir='ltr'><em>in</em></span> <span class='ocrx_word' id='word_1_809' title='bbox 2629 1958 2940 2025; x_wconf 83' lang='lat' dir='ltr'><em>memetipso.</em></span> <span class='ocrx_word' id='word_1_810' title='bbox 2965 1957 3029 2011; x_wconf 66' lang='grc' dir='ltr'><em>(ἰ.</em></span> <span class='ocrx_word' id='word_1_811' title='bbox 3062 1953 3311 2013; x_wconf 75' lang='lat' dir='ltr'><em>alienatus</em></span> <span class='ocrx_word' id='word_1_812' title='bbox 3335 1977 3468 2014; x_wconf 88' lang='lat' dir='ltr'><em>sum.</em></span> 
     </span>
    </p>
   </div>
   <div class='ocr_carea' id='block_1_101' title="bbox 1922 2022 3520 2145">
    <p class='ocr_par' dir='ltr' id='par_1_101' title="bbox 1922 2022 3520 2145">
     <span class='ocr_line' id='line_1_105' title="bbox 1922 2022 3520 2145; baseline 0.005 -69"><span class='ocrx_word' id='word_1_813' title='bbox 1922 2022 2055 2145; x_wconf 52' lang='lat' dir='ltr'><em>Ite?)</em></span> <span class='ocrx_word' id='word_1_814' title='bbox 2115 2025 2147 2091; x_wconf 84' lang='lat'><em>7</em></span> <span class='ocrx_word' id='word_1_815' title='bbox 2173 2062 2186 2076; x_wconf 92' lang='lat'><em>.</em></span> <span class='ocrx_word' id='word_1_816' title='bbox 2217 2025 2269 2077; x_wconf 81' lang='grc'>4.</span> <span class='ocrx_word' id='word_1_817' title='bbox 2315 2035 2358 2077; x_wconf 88' lang='lat' dir='ltr'><em>et</em></span> <span class='ocrx_word' id='word_1_818' title='bbox 2385 2025 2584 2092; x_wconf 77' lang='lat' dir='ltr'><em>defecit.</em></span> <span class='ocrx_word' id='word_1_819' title='bbox 2621 2024 2683 2078; x_wconf 87' lang='lat' dir='ltr'><em>II.</em></span> <span class='ocrx_word' id='word_1_820' title='bbox 2718 2022 2874 2079; x_wconf 87' lang='lat' dir='ltr'><em>Rom.</em></span> <span class='ocrx_word' id='word_1_821' title='bbox 2907 2026 2974 2080; x_wconf 84' lang='lat' dir='ltr'><em>M.</em></span> <span class='ocrx_word' id='word_1_822' title='bbox 3009 2029 3067 2079; x_wconf 70' lang='grc' dir='ltr'>Ε.</span> <span class='ocrx_word' id='word_1_823' title='bbox 3112 2043 3155 2082; x_wconf 85' lang='lat' dir='ltr'><em>et</em></span> <span class='ocrx_word' id='word_1_824' title='bbox 3182 2030 3360 2099; x_wconf 71' lang='lat' dir='ltr'><em>tlef&#39;erit</em></span> <span class='ocrx_word' id='word_1_825' title='bbox 3389 2049 3520 2102; x_wconf 81' lang='lat' dir='ltr'><em>pou-</em></span> 
     </span>
     <span class='ocr_line' id='line_1_106' title="bbox 2025 2110 2178 2145; baseline 0.007 -1"><span class='ocrx_word' id='word_1_826' title='bbox 2025 2110 2178 2145; x_wconf 85' lang='lat' dir='ltr'><em>tsner.</em></span> 
     </span>
    </p>
   </div>
   <div class='ocr_carea' id='block_1_102' title="bbox 2025 2110 2178 2158">
    <p class='ocr_par' dir='ltr' id='par_1_102' title="bbox 2025 2110 2178 2158">
     <span class='ocr_line' id='line_1_107' title="bbox 2025 2110 2178 2158; baseline 0.013 -14"><span class='ocrx_word' id='word_1_827' title='bbox 2025 2110 2178 2158; x_wconf 86' lang='lat' dir='ltr'><em>tsper.</em></span> 
     </span>
    </p>
   </div>
   <div class='ocr_carea' id='block_1_103' title="bbox 1943 2163 3523 2235">
    <p class='ocr_par' dir='ltr' id='par_1_103' title="bbox 1943 2163 3523 2235">
     <span class='ocr_line' id='line_1_108' title="bbox 1943 2163 3523 2235; baseline 0.008 -23"><span class='ocrx_word' id='word_1_828' title='bbox 1943 2163 1976 2233; x_wconf 98' lang='lat'><em>7</em></span> <span class='ocrx_word' id='word_1_829' title='bbox 2003 2200 2015 2213; x_wconf 96' lang='lat'><em>.</em></span> <span class='ocrx_word' id='word_1_830' title='bbox 2048 2165 2100 2218; x_wconf 83' lang='grc'>5.</span> <span class='ocrx_word' id='word_1_831' title='bbox 2130 2163 2539 2230; x_wconf 78' lang='lat' dir='ltr'><em>Anticipaeerunt</em></span> <span class='ocrx_word' id='word_1_832' title='bbox 2568 2165 2762 2235; x_wconf 87' lang='lat' dir='ltr'><em>vigilias</em></span> <span class='ocrx_word' id='word_1_833' title='bbox 2806 2167 2940 2220; x_wconf 90' lang='lat' dir='ltr'><em>oculi</em></span> <span class='ocrx_word' id='word_1_834' title='bbox 2982 2170 3096 2222; x_wconf 79' lang='lat' dir='ltr'><em>mei.</em></span> <span class='ocrx_word' id='word_1_835' title='bbox 3139 2170 3200 2221; x_wconf 85' lang='lat' dir='ltr'><em>A.</em></span> <span class='ocrx_word' id='word_1_836' title='bbox 3229 2171 3293 2222; x_wconf 69' lang='grc' dir='ltr'><em>(ἶ.</em></span> <span class='ocrx_word' id='word_1_837' title='bbox 3326 2171 3523 2224; x_wconf 82' lang='lat' dir='ltr'><em>Amici-</em></span> 
     </span>
    </p>
   </div>
   <div class='ocr_carea' id='block_1_104' title="bbox 1999 2235 3524 2311">
    <p class='ocr_par' dir='ltr' id='par_1_104' title="bbox 1999 2235 3524 2311">
     <span class='ocr_line' id='line_1_109' title="bbox 1999 2235 3524 2311; baseline 0.008 -27"><span class='ocrx_word' id='word_1_838' title='bbox 1999 2247 2239 2302; x_wconf 82' lang='lat' dir='ltr'><em>paverunt</em></span> <span class='ocrx_word' id='word_1_839' title='bbox 2267 2235 2462 2311; x_wconf 72' lang='lat' dir='ltr'><em>vigilias</em></span> <span class='ocrx_word' id='word_1_840' title='bbox 2493 2253 2662 2311; x_wconf 62' lang='lat' dir='ltr'><em>omnes</em></span> <span class='ocrx_word' id='word_1_841' title='bbox 2676 2238 2876 2311; x_wconf 71' lang='lat' dir='ltr'><em>inimici</em></span> <span class='ocrx_word' id='word_1_842' title='bbox 2897 2242 3012 2292; x_wconf 87' lang='lat' dir='ltr'><em>mei.</em></span> <span class='ocrx_word' id='word_1_843' title='bbox 3037 2239 3100 2292; x_wconf 69' lang='grc' dir='ltr'>(ἓ.</span> <span class='ocrx_word' id='word_1_844' title='bbox 3127 2238 3524 2311; x_wconf 72' lang='grc' dir='ltr'><em>Ρνανοσςτῳιιυεο</em></span> 
     </span>
    </p>
   </div>
   <div class='ocr_carea' id='block_1_105' title="bbox 2000 2306 3262 2363">
    <p class='ocr_par' dir='ltr' id='par_1_105' title="bbox 2000 2306 3262 2363">
     <span class='ocr_line' id='line_1_110' title="bbox 2000 2306 3262 2363; baseline 0.006 -7"><span class='ocrx_word' id='word_1_845' title='bbox 2000 2315 2117 2356; x_wconf 89' lang='lat' dir='ltr'><em>runt</em></span> <span class='ocrx_word' id='word_1_846' title='bbox 2138 2306 2392 2357; x_wconf 85' lang='lat' dir='ltr'><em>custodias</em></span> <span class='ocrx_word' id='word_1_847' title='bbox 2415 2321 2583 2356; x_wconf 80' lang='lat' dir='ltr'><em>omnes</em></span> <span class='ocrx_word' id='word_1_848' title='bbox 2614 2307 2802 2359; x_wconf 88' lang='lat' dir='ltr'><em>inimici</em></span> <span class='ocrx_word' id='word_1_849' title='bbox 2833 2309 2928 2359; x_wconf 87' lang='lat' dir='ltr'><em>mei</em></span> <span class='ocrx_word' id='word_1_850' title='bbox 2958 2325 2978 2360; x_wconf 89' lang='lat'><strong><em>:</em></strong></span> <span class='ocrx_word' id='word_1_851' title='bbox 3005 2309 3140 2362; x_wconf 80' lang='lat' dir='ltr'><em>favet</em></span> <span class='ocrx_word' id='word_1_852' title='bbox 3167 2309 3262 2363; x_wconf 82' lang='lat' dir='ltr'><em>Gr.</em></span> 
     </span>
    </p>
   </div>
   <div class='ocr_carea' id='block_1_106' title="bbox 1945 2373 2972 2443">
    <p class='ocr_par' dir='ltr' id='par_1_106' title="bbox 1945 2373 2972 2443">
     <span class='ocr_line' id='line_1_111' title="bbox 1945 2373 2972 2443; baseline 0.006 -19"><span class='ocrx_word' id='word_1_853' title='bbox 1945 2373 1979 2440; x_wconf 91' lang='lat'><em>7</em></span> <span class='ocrx_word' id='word_1_854' title='bbox 2006 2415 2016 2424; x_wconf 97' lang='lat'><strong>.</strong></span> <span class='ocrx_word' id='word_1_855' title='bbox 2051 2379 2100 2428; x_wconf 77' lang='lat' dir='ltr'><strong>b.</strong></span> <span class='ocrx_word' id='word_1_856' title='bbox 2133 2373 2379 2443; x_wconf 80' lang='lat' dir='ltr'><em>Cogitavi.</em></span> <span class='ocrx_word' id='word_1_857' title='bbox 2408 2373 2472 2428; x_wconf 87' lang='lat' dir='ltr'><em>G.</em></span> <span class='ocrx_word' id='word_1_858' title='bbox 2504 2374 2818 2428; x_wconf 61' lang='lat' dir='ltr'><em>Ili/cordatus</em></span> <span class='ocrx_word' id='word_1_859' title='bbox 2841 2395 2972 2430; x_wconf 88' lang='lat' dir='ltr'><em>sum.</em></span> 
     </span>
    </p>
   </div>
   <div class='ocr_carea' id='block_1_107' title="bbox 1933 2444 3524 2510">
    <p class='ocr_par' dir='ltr' id='par_1_107' title="bbox 1933 2444 3524 2510">
     <span class='ocr_line' id='line_1_112' title="bbox 1933 2444 3524 2510; baseline 0.005 -13"><span class='ocrx_word' id='word_1_860' title='bbox 1933 2444 2061 2497; x_wconf 85' lang='lat' dir='ltr'><em>Item</em></span> <span class='ocrx_word' id='word_1_861' title='bbox 2104 2445 2138 2510; x_wconf 82' lang='lat'><em>7</em></span> <span class='ocrx_word' id='word_1_862' title='bbox 2163 2483 2175 2492; x_wconf 91' lang='lat'>.</span> <span class='ocrx_word' id='word_1_863' title='bbox 2205 2446 2255 2497; x_wconf 75' lang='lat' dir='ltr'><em>ti.</em></span> <span class='ocrx_word' id='word_1_864' title='bbox 2282 2455 2330 2498; x_wconf 86' lang='lat' dir='ltr'><em>et</em></span> <span class='ocrx_word' id='word_1_865' title='bbox 2355 2461 2516 2497; x_wconf 88' lang='lat' dir='ltr'><em>annos</em></span> <span class='ocrx_word' id='word_1_866' title='bbox 2547 2457 2757 2498; x_wconf 65' lang='lat' dir='ltr'><em>an&#39;ernos</em></span> <span class='ocrx_word' id='word_1_867' title='bbox 2784 2449 2834 2498; x_wconf 89' lang='lat' dir='ltr'><em>in</em></span> <span class='ocrx_word' id='word_1_868' title='bbox 2858 2457 3016 2500; x_wconf 83' lang='lat' dir='ltr'><em>mente</em></span> <span class='ocrx_word' id='word_1_869' title='bbox 3052 2450 3224 2501; x_wconf 78' lang='lat' dir='ltr'><em>habui.</em></span> <span class='ocrx_word' id='word_1_870' title='bbox 3258 2451 3318 2503; x_wconf 81' lang='grc' dir='ltr'>Λ.</span> <span class='ocrx_word' id='word_1_871' title='bbox 3354 2461 3401 2504; x_wconf 89' lang='lat' dir='ltr'><em>et</em></span> <span class='ocrx_word' id='word_1_872' title='bbox 3429 2470 3524 2505; x_wconf 81' lang='lat' dir='ltr'><em>an-</em></span> 
     </span>
    </p>
   </div>
   <div class='ocr_carea' id='block_1_108' title="bbox 2005 2517 3527 2585">
    <p class='ocr_par' dir='ltr' id='par_1_108' title="bbox 2005 2517 3527 2585">
     <span class='ocr_line' id='line_1_113' title="bbox 2005 2517 3527 2585; baseline 0.009 -21"><span class='ocrx_word' id='word_1_873' title='bbox 2005 2530 2180 2566; x_wconf 83' lang='lat' dir='ltr'><em>norum</em></span> <span class='ocrx_word' id='word_1_874' title='bbox 2215 2525 2518 2568; x_wconf 74' lang='grc' dir='ltr'><em>ωιενηονωη</em></span> <span class='ocrx_word' id='word_1_875' title='bbox 2563 2533 2752 2568; x_wconf 85' lang='lat' dir='ltr'><em>memor</em></span> <span class='ocrx_word' id='word_1_876' title='bbox 2779 2518 2872 2585; x_wconf 74' lang='lat' dir='ltr'><em>fui.</em></span> <span class='ocrx_word' id='word_1_877' title='bbox 2915 2517 2979 2572; x_wconf 73' lang='grc' dir='ltr'>Ο.</span> <span class='ocrx_word' id='word_1_878' title='bbox 3028 2529 3073 2570; x_wconf 85' lang='lat' dir='ltr'><em>et</em></span> <span class='ocrx_word' id='word_1_879' title='bbox 3121 2537 3279 2574; x_wconf 81' lang='lat' dir='ltr'><em>annos</em></span> <span class='ocrx_word' id='word_1_880' title='bbox 3315 2534 3527 2577; x_wconf 78' lang='lat' dir='ltr'><em>wteruos</em></span> 
     </span>
    </p>
   </div>
   <div class='ocr_carea' id='block_1_109' title="bbox 2001 2594 2456 2638">
    <p class='ocr_par' dir='ltr' id='par_1_109' title="bbox 2001 2594 2456 2638">
     <span class='ocr_line' id='line_1_114' title="bbox 2001 2594 2456 2638; baseline 0 -3"><span class='ocrx_word' id='word_1_881' title='bbox 2001 2594 2303 2636; x_wconf 79' lang='lat' dir='ltr'><em>memoratus</em></span> <span class='ocrx_word' id='word_1_882' title='bbox 2329 2602 2456 2638; x_wconf 82' lang='lat' dir='ltr'><em>sum.</em></span> 
     </span>
    </p>
   </div>
   <div class='ocr_carea' id='block_1_110' title="bbox 1948 2653 3523 2732">
    <p class='ocr_par' dir='ltr' id='par_1_110' title="bbox 1948 2653 3523 2732">
     <span class='ocr_line' id='line_1_115' title="bbox 1948 2653 3523 2732; baseline 0.009 -30"><span class='ocrx_word' id='word_1_883' title='bbox 1948 2653 1979 2721; x_wconf 97' lang='lat'><em>7</em></span> <span class='ocrx_word' id='word_1_884' title='bbox 2007 2692 2018 2703; x_wconf 97' lang='lat'>.</span> <span class='ocrx_word' id='word_1_885' title='bbox 2133 2664 2179 2707; x_wconf 90' lang='lat' dir='ltr'><em>et</em></span> <span class='ocrx_word' id='word_1_886' title='bbox 2204 2656 2530 2732; x_wconf 73' lang='lat' dir='ltr'><em>e._rercitabar.</em></span> <span class='ocrx_word' id='word_1_887' title='bbox 2653 2655 2801 2721; x_wconf 75' lang='lat' dir='ltr'><em>juxta</em></span> <span class='ocrx_word' id='word_1_888' title='bbox 2834 2656 2926 2732; x_wconf 71' lang='lat' dir='ltr'><em>Gr.</em></span> <span class='ocrx_word' id='word_1_889' title='bbox 2962 2658 3262 2727; x_wconf 78' lang='lat' dir='ltr'><em>garriebam.</em></span> <span class='ocrx_word' id='word_1_890' title='bbox 3295 2661 3359 2714; x_wconf 73' lang='grc' dir='ltr'><em>(ἶ.</em></span> <span class='ocrx_word' id='word_1_891' title='bbox 3385 2668 3523 2732; x_wconf 75' lang='lat' dir='ltr'><em>cogi-</em></span> 
     </span>
    </p>
   </div>
   <div class='ocr_carea' id='block_1_111' title="bbox 2003 2723 3527 2799">
    <p class='ocr_par' dir='ltr' id='par_1_111' title="bbox 2003 2723 3527 2799">
     <span class='ocr_line' id='line_1_116' title="bbox 2003 2723 3527 2799; baseline 0.007 -24"><span class='ocrx_word' id='word_1_892' title='bbox 2003 2723 2199 2799; x_wconf 56' lang='lat' dir='ltr'><em>tabant.</em></span> <span class='ocrx_word' id='word_1_893' title='bbox 2334 2725 2669 2799; x_wconf 51' lang='lat' dir='ltr'><em>exercitabam</em></span> <span class='ocrx_word' id='word_1_894' title='bbox 2709 2741 2728 2780; x_wconf 90' lang='lat'><strong><em>:</em></strong></span> <span class='ocrx_word' id='word_1_895' title='bbox 2763 2723 2979 2781; x_wconf 68' lang='lat' dir='ltr'><em>omisso</em></span> <span class='ocrx_word' id='word_1_896' title='bbox 3005 2739 3074 2795; x_wconf 87' lang='lat' dir='ltr'><em>et,</em></span> <span class='ocrx_word' id='word_1_897' title='bbox 3107 2732 3247 2799; x_wconf 83' lang='lat' dir='ltr'><em>quod</em></span> <span class='ocrx_word' id='word_1_898' title='bbox 3275 2723 3527 2787; x_wconf 47' lang='lat' dir='ltr'><em>etiam&#39;ab</em></span> 
     </span>
    </p>
   </div>
   <div class='ocr_carea' id='block_1_112' title="bbox 2003 2794 2494 2849">
    <p class='ocr_par' dir='ltr' id='par_1_112' title="bbox 2003 2794 2494 2849">
     <span class='ocr_line' id='line_1_117' title="bbox 2003 2794 2494 2849; baseline 0.006 -4"><span class='ocrx_word' id='word_1_899' title='bbox 2003 2795 2119 2845; x_wconf 86' lang='lat' dir='ltr'><em>aliis</em></span> <span class='ocrx_word' id='word_1_900' title='bbox 2149 2794 2297 2848; x_wconf 84' lang='lat' dir='ltr'><em>libris</em></span> <span class='ocrx_word' id='word_1_901' title='bbox 2323 2797 2494 2849; x_wconf 82' lang='lat' dir='ltr'><em>abest.</em></span> 
     </span>
    </p>
   </div>
   <div class='ocr_carea' id='block_1_113' title="bbox 1933 2863 3526 2934">
    <p class='ocr_par' dir='ltr' id='par_1_113' title="bbox 1933 2863 3526 2934">
     <span class='ocr_line' id='line_1_118' title="bbox 1933 2863 3526 2934; baseline 0.007 -17"><span class='ocrx_word' id='word_1_902' title='bbox 1933 2863 2064 2918; x_wconf 82' lang='lat' dir='ltr'><em>Item</em></span> <span class='ocrx_word' id='word_1_903' title='bbox 2105 2864 2138 2933; x_wconf 89' lang='lat'><em>7</em></span> <span class='ocrx_word' id='word_1_904' title='bbox 2165 2903 2180 2916; x_wconf 97' lang='lat'>.</span> <span class='ocrx_word' id='word_1_905' title='bbox 2221 2866 2272 2917; x_wconf 87' lang='lat'><em>7.</em></span> <span class='ocrx_word' id='word_1_906' title='bbox 2303 2876 2346 2917; x_wconf 89' lang='lat' dir='ltr'><em>et</em></span> <span class='ocrx_word' id='word_1_907' title='bbox 2389 2866 2677 2934; x_wconf 86' lang='lat' dir='ltr'><em>scopebam.</em></span> <span class='ocrx_word' id='word_1_908' title='bbox 2707 2865 2772 2920; x_wconf 82' lang='lat' dir='ltr'>A.</span> <span class='ocrx_word' id='word_1_909' title='bbox 2805 2876 2851 2919; x_wconf 90' lang='lat' dir='ltr'><em>et</em></span> <span class='ocrx_word' id='word_1_910' title='bbox 2881 2871 3247 2934; x_wconf 78' lang='lat' dir='ltr'><em>perscrutabor.</em></span> <span class='ocrx_word' id='word_1_911' title='bbox 3277 2871 3344 2925; x_wconf 86' lang='grc' dir='ltr'><em>Μ.</em></span> <span class='ocrx_word' id='word_1_912' title='bbox 3375 2874 3439 2928; x_wconf 72' lang='grc' dir='ltr'><em>(ἶ.</em></span> <span class='ocrx_word' id='word_1_913' title='bbox 3466 2877 3526 2928; x_wconf 70' lang='lat'><em>(2.</em></span> 
     </span>
    </p>
   </div>
   <div class='ocr_carea' id='block_1_114' title="bbox 2003 2935 3528 2999">
    <p class='ocr_par' dir='ltr' id='par_1_114' title="bbox 2003 2935 3528 2999">
     <span class='ocr_line' id='line_1_119' title="bbox 2003 2935 3528 2999; baseline 0.009 -13"><span class='ocrx_word' id='word_1_914' title='bbox 2003 2943 2049 2987; x_wconf 92' lang='lat' dir='ltr'><em>et</em></span> <span class='ocrx_word' id='word_1_915' title='bbox 2079 2935 2399 2988; x_wconf 81' lang='lat' dir='ltr'><em>ventilabam.</em></span> <span class='ocrx_word' id='word_1_916' title='bbox 2425 2937 2489 2990; x_wconf 90' lang='lat' dir='ltr'>II.</span> <span class='ocrx_word' id='word_1_917' title='bbox 2514 2936 2673 2990; x_wconf 87' lang='lat' dir='ltr'><em>Rom.</em></span> <span class='ocrx_word' id='word_1_918' title='bbox 2707 2947 2753 2989; x_wconf 88' lang='lat' dir='ltr'><em>et</em></span> <span class='ocrx_word' id='word_1_919' title='bbox 2783 2939 3083 2992; x_wconf 86' lang='lat' dir='ltr'><em>ventilabam</em></span> <span class='ocrx_word' id='word_1_920' title='bbox 3118 2942 3168 2994; x_wconf 89' lang='lat' dir='ltr'><em>in</em></span> <span class='ocrx_word' id='word_1_921' title='bbox 3194 2959 3287 2996; x_wconf 81' lang='lat' dir='ltr'><em>me.</em></span> <span class='ocrx_word' id='word_1_922' title='bbox 3321 2943 3414 2999; x_wconf 87' lang='lat' dir='ltr'><em>Gr.</em></span> <span class='ocrx_word' id='word_1_923' title='bbox 3447 2951 3528 2999; x_wconf 76' lang='grc' dir='ltr'><em>και</em></span> 
     </span>
    </p>
   </div>
   <div class='ocr_carea' id='block_1_115' title="bbox 2005 3012 2243 3058">
    <p class='ocr_par' dir='ltr' id='par_1_115' title="bbox 2005 3012 2243 3058">
     <span class='ocr_line' id='line_1_120' title="bbox 2005 3012 2243 3058; baseline 0.004 -1"><span class='ocrx_word' id='word_1_924' title='bbox 2005 3012 2223 3058; x_wconf 60' lang='lat' dir='ltr'><em>inulla-1</em></span> <span class='ocrx_word' id='word_1_925' title='bbox 2232 3047 2243 3058; x_wconf 95' lang='lat'>.</span> 
     </span>
    </p>
   </div>
   <div class='ocr_carea' id='block_1_116' title="bbox 1949 3074 3529 3150">
    <p class='ocr_par' dir='ltr' id='par_1_116' title="bbox 1949 3074 3529 3150">
     <span class='ocr_line' id='line_1_121' title="bbox 1949 3074 3529 3150; baseline 0.005 -22"><span class='ocrx_word' id='word_1_926' title='bbox 1949 3076 1982 3144; x_wconf 94' lang='lat'><em>7</em></span> <span class='ocrx_word' id='word_1_927' title='bbox 2007 3114 2020 3128; x_wconf 97' lang='lat'><em>.</em></span> <span class='ocrx_word' id='word_1_928' title='bbox 2155 3074 2702 3150; x_wconf 58' lang='lat' dir='ltr'><em>l!w1yu_id._A_._Non.</em></span> <span class='ocrx_word' id='word_1_929' title='bbox 2736 3077 2803 3131; x_wconf 91' lang='lat' dir='ltr'><em>R.</em></span> <span class='ocrx_word' id='word_1_930' title='bbox 2837 3077 2992 3133; x_wconf 90' lang='lat' dir='ltr'><em>Rom.</em></span> <span class='ocrx_word' id='word_1_931' title='bbox 3014 3080 3077 3135; x_wconf 88' lang='lat' dir='ltr'><em>G.</em></span> <span class='ocrx_word' id='word_1_932' title='bbox 3108 3080 3175 3133; x_wconf 89' lang='lat' dir='ltr'><em>Et</em></span> <span class='ocrx_word' id='word_1_933' title='bbox 3204 3082 3332 3150; x_wconf 71' lang='lat' dir='ltr'><em>dixi,</em></span> <span class='ocrx_word' id='word_1_934' title='bbox 3361 3083 3529 3136; x_wconf 79' lang='lat' dir='ltr'><em>Nunt-</em></span> 
     </span>
    </p>
   </div>
   <div class='ocr_carea' id='block_1_117' title="bbox 2002 3144 2639 3214">
    <p class='ocr_par' dir='ltr' id='par_1_117' title="bbox 2002 3144 2639 3214">
     <span class='ocr_line' id='line_1_122' title="bbox 2002 3144 2639 3214; baseline 0.005 -18"><span class='ocrx_word' id='word_1_935' title='bbox 2002 3145 2142 3214; x_wconf 79' lang='lat' dir='ltr'><em>guid.</em></span> <span class='ocrx_word' id='word_1_936' title='bbox 2167 3144 2230 3200; x_wconf 90' lang='lat' dir='ltr'><em>C.</em></span> <span class='ocrx_word' id='word_1_937' title='bbox 2254 3144 2320 3199; x_wconf 84' lang='lat' dir='ltr'><em>Et</em></span> <span class='ocrx_word' id='word_1_938' title='bbox 2340 3147 2470 3205; x_wconf 80' lang='lat' dir='ltr'><em>dixi.</em></span> <span class='ocrx_word' id='word_1_939' title='bbox 2497 3145 2639 3199; x_wconf 88' lang='lat' dir='ltr'><em>Non.</em></span> 
     </span>
    </p>
   </div>
   <div class='ocr_carea' id='block_1_118' title="bbox 1934 3215 2900 3288">
    <p class='ocr_par' dir='ltr' id='par_1_118' title="bbox 1934 3215 2900 3288">
     <span class='ocr_line' id='line_1_123' title="bbox 1934 3215 2900 3288; baseline 0.006 -20"><span class='ocrx_word' id='word_1_940' title='bbox 1934 3215 2063 3288; x_wconf 80' lang='lat' dir='ltr'><em>Item</em></span> <span class='ocrx_word' id='word_1_941' title='bbox 2105 3217 2140 3288; x_wconf 83' lang='lat'><em>7</em></span> <span class='ocrx_word' id='word_1_942' title='bbox 2163 3254 2178 3268; x_wconf 94' lang='lat'>.</span> <span class='ocrx_word' id='word_1_943' title='bbox 2206 3217 2259 3288; x_wconf 73' lang='lat'><em>8.</em></span> <span class='ocrx_word' id='word_1_944' title='bbox 2293 3217 2546 3288; x_wconf 79' lang='lat' dir='ltr'><em>projiciet.</em></span> <span class='ocrx_word' id='word_1_945' title='bbox 2577 3219 2639 3270; x_wconf 84' lang='lat' dir='ltr'><strong>A.</strong></span> <span class='ocrx_word' id='word_1_946' title='bbox 2671 3219 2900 3288; x_wconf 70' lang='lat' dir='ltr'><em>repellet.</em></span> 
     </span>
    </p>
   </div>
   <div class='ocr_carea' id='block_1_119' title="bbox 1935 3285 3528 3357">
    <p class='ocr_par' dir='ltr' id='par_1_119' title="bbox 1935 3285 3528 3357">
     <span class='ocr_line' id='line_1_124' title="bbox 1935 3285 3528 3357; baseline 0.008 -20"><span class='ocrx_word' id='word_1_947' title='bbox 1935 3285 2062 3338; x_wconf 87' lang='lat' dir='ltr'><em>Item</em></span> <span class='ocrx_word' id='word_1_948' title='bbox 2112 3286 2182 3355; x_wconf 87' lang='lat'><em>7.</em></span> <span class='ocrx_word' id='word_1_949' title='bbox 2215 3286 2268 3340; x_wconf 91' lang='lat'><em>8.</em></span> <span class='ocrx_word' id='word_1_950' title='bbox 2295 3285 2350 3340; x_wconf 84' lang='lat' dir='ltr'><em>ut</em></span> <span class='ocrx_word' id='word_1_951' title='bbox 2377 3285 2805 3355; x_wconf 50' lang='lat' dir='ltr'><em>complacitior&#39;sit</em></span> <span class='ocrx_word' id='word_1_952' title='bbox 2831 3291 3018 3342; x_wconf 90' lang='lat' dir='ltr'><em>adhuc.</em></span> <span class='ocrx_word' id='word_1_953' title='bbox 3054 3292 3115 3344; x_wconf 76' lang='grc' dir='ltr'>Α.</span> <span class='ocrx_word' id='word_1_954' title='bbox 3148 3293 3284 3344; x_wconf 81' lang='lat' dir='ltr'><em>ultra</em></span> <span class='ocrx_word' id='word_1_955' title='bbox 3304 3336 3317 3357; x_wconf 85' lang='lat'><strong>,</strong></span> <span class='ocrx_word' id='word_1_956' title='bbox 3357 3305 3410 3347; x_wconf 84' lang='lat' dir='ltr'><em>at</em></span> <span class='ocrx_word' id='word_1_957' title='bbox 3443 3296 3528 3348; x_wconf 83' lang='lat' dir='ltr'><em>be—</em></span> 
     </span>
    </p>
   </div>
   <div class='ocr_carea' id='block_1_120' title="bbox 2004 3357 3528 3428">
    <p class='ocr_par' dir='ltr' id='par_1_120' title="bbox 2004 3357 3528 3428">
     <span class='ocr_line' id='line_1_125' title="bbox 2004 3357 3528 3428; baseline 0.005 -21"><span class='ocrx_word' id='word_1_958' title='bbox 2004 3357 2267 3428; x_wconf 78' lang='lat' dir='ltr'><em>neplaceat</em></span> <span class='ocrx_word' id='word_1_959' title='bbox 2295 3359 2341 3410; x_wconf 88' lang='lat' dir='ltr'><em>ei</em></span> <span class='ocrx_word' id='word_1_960' title='bbox 2365 3357 2553 3410; x_wconf 88' lang='lat' dir='ltr'><em>adhuc.</em></span> <span class='ocrx_word' id='word_1_961' title='bbox 2583 3358 2651 3411; x_wconf 89' lang='grc' dir='ltr'><em>Μ.</em></span> <span class='ocrx_word' id='word_1_962' title='bbox 2683 3369 2736 3411; x_wconf 90' lang='lat' dir='ltr'><em>ut</em></span> <span class='ocrx_word' id='word_1_963' title='bbox 2777 3360 3142 3428; x_wconf 81' lang='lat' dir='ltr'><em>bcneplacitum</em></span> <span class='ocrx_word' id='word_1_964' title='bbox 3164 3364 3227 3414; x_wconf 83' lang='lat' dir='ltr'><em>sit</em></span> <span class='ocrx_word' id='word_1_965' title='bbox 3250 3366 3434 3417; x_wconf 89' lang='lat' dir='ltr'><em>adltuc.</em></span> <span class='ocrx_word' id='word_1_966' title='bbox 3462 3365 3528 3422; x_wconf 78' lang='grc' dir='ltr'>ϐ.</span> 
     </span>
    </p>
   </div>
   <div class='ocr_carea' id='block_1_121' title="bbox 2005 3426 2827 3497">
    <p class='ocr_par' dir='ltr' id='par_1_121' title="bbox 2005 3426 2827 3497">
     <span class='ocr_line' id='line_1_126' title="bbox 2005 3426 2827 3497; baseline 0.004 -18"><span class='ocrx_word' id='word_1_967' title='bbox 2005 3426 2298 3497; x_wconf 72' lang='lat' dir='ltr'><em>benefacere</em></span> <span class='ocrx_word' id='word_1_968' title='bbox 2316 3428 2506 3480; x_wconf 88' lang='lat' dir='ltr'><em>adhuc.</em></span> <span class='ocrx_word' id='word_1_969' title='bbox 2824 3492 2827 3495; x_wconf 25' lang='grc' dir='ltr'>ι</span> 
     </span>
    </p>
   </div>
   <div class='ocr_carea' id='block_1_122' title="bbox 1950 3496 3528 3570">
    <p class='ocr_par' dir='ltr' id='par_1_122' title="bbox 1950 3496 3528 3570">
     <span class='ocr_line' id='line_1_127' title="bbox 1950 3496 3528 3570; baseline 0.004 -21"><span class='ocrx_word' id='word_1_970' title='bbox 1950 3497 1983 3566; x_wconf 93' lang='lat'><em>7</em></span> <span class='ocrx_word' id='word_1_971' title='bbox 2009 3537 2043 3570; x_wconf 95' lang='lat'><em>._</em></span> <span class='ocrx_word' id='word_1_972' title='bbox 2052 3496 2105 3550; x_wconf 91' lang='lat'><em>9.</em></span> <span class='ocrx_word' id='word_1_973' title='bbox 2124 3496 2379 3570; x_wconf 85' lang='lat' dir='ltr'><em>abscindet</em></span> <span class='ocrx_word' id='word_1_974' title='bbox 2401 3515 2433 3550; x_wconf 91' lang='lat' dir='ltr'><em>a</em></span> <span class='ocrx_word' id='word_1_975' title='bbox 2457 3498 2781 3570; x_wconf 76' lang='lat' dir='ltr'><em>generatione</em></span> <span class='ocrx_word' id='word_1_976' title='bbox 2801 3500 2852 3553; x_wconf 88' lang='lat' dir='ltr'><em>in</em></span> <span class='ocrx_word' id='word_1_977' title='bbox 2877 3502 3271 3570; x_wconf 83' lang='lat' dir='ltr'><em>generationem.</em></span> <span class='ocrx_word' id='word_1_978' title='bbox 3301 3504 3528 3558; x_wconf 58' lang='lat' dir='ltr'><em>R.R~~m.</em></span> 
     </span>
    </p>
   </div>
   <div class='ocr_carea' id='block_1_123' title="bbox 2004 3567 3534 3641">
    <p class='ocr_par' dir='ltr' id='par_1_123' title="bbox 2004 3567 3534 3641">
     <span class='ocr_line' id='line_1_128' title="bbox 2004 3567 3534 3641; baseline 0.005 -21"><span class='ocrx_word' id='word_1_979' title='bbox 2004 3567 2065 3620; x_wconf 91' lang='lat' dir='ltr'><strong>C.</strong></span> <span class='ocrx_word' id='word_1_980' title='bbox 2094 3569 2316 3641; x_wconf 81' lang='lat' dir='ltr'><em>abscidet</em></span> <span class='ocrx_word' id='word_1_981' title='bbox 2356 3585 2387 3620; x_wconf 89' lang='lat' dir='ltr'><em>a</em></span> <span class='ocrx_word' id='word_1_982' title='bbox 2421 3569 2608 3641; x_wconf 85' lang='lat' dir='ltr'><em>scecnla</em></span> <span class='ocrx_word' id='word_1_983' title='bbox 2646 3579 2694 3622; x_wconf 83' lang='lat' dir='ltr'><em>ct</em></span> <span class='ocrx_word' id='word_1_984' title='bbox 2721 3567 3058 3639; x_wconf 69' lang='lat' dir='ltr'><em>generatione.</em></span> <span class='ocrx_word' id='word_1_985' title='bbox 3092 3574 3156 3624; x_wconf 68' lang='grc' dir='ltr'><em>(ἓ.</em></span> <span class='ocrx_word' id='word_1_986' title='bbox 3197 3577 3474 3641; x_wconf 84' lang='lat' dir='ltr'><em>amputaln&#39;t</em></span> <span class='ocrx_word' id='word_1_987' title='bbox 3503 3593 3534 3628; x_wconf 89' lang='lat' dir='ltr'><em>a</em></span> 
     </span>
    </p>
   </div>
   <div class='ocr_carea' id='block_1_124' title="bbox 2006 3639 3532 3708">
    <p class='ocr_par' dir='ltr' id='par_1_124' title="bbox 2006 3639 3532 3708">
     <span class='ocr_line' id='line_1_129' title="bbox 2006 3639 3532 3708; baseline 0.006 -20"><span class='ocrx_word' id='word_1_988' title='bbox 2006 3639 2190 3691; x_wconf 78' lang='lat' dir='ltr'><em>steculo</em></span> <span class='ocrx_word' id='word_1_989' title='bbox 2235 3649 2284 3692; x_wconf 88' lang='lat' dir='ltr'><em>et</em></span> <span class='ocrx_word' id='word_1_990' title='bbox 2313 3640 2634 3706; x_wconf 80' lang='lat' dir='ltr'><em>generatione</em></span> <span class='ocrx_word' id='word_1_991' title='bbox 2671 3657 2829 3708; x_wconf 83' lang='lat' dir='ltr'><em>usque</em></span> <span class='ocrx_word' id='word_1_992' title='bbox 2856 3643 2907 3694; x_wconf 90' lang='lat' dir='ltr'><em>in</em></span> <span class='ocrx_word' id='word_1_993' title='bbox 2947 3644 3209 3695; x_wconf 78' lang='lat' dir='ltr'><em>stvculurn.</em></span> <span class='ocrx_word' id='word_1_994' title='bbox 3236 3639 3302 3696; x_wconf 70' lang='lat' dir='ltr'><em>Il.</em></span> <span class='ocrx_word' id='word_1_995' title='bbox 3331 3645 3532 3698; x_wconf 81' lang='lat' dir='ltr'><em>abscin-</em></span> 
     </span>
    </p>
   </div>
   <div class='ocr_carea' id='block_1_125' title="bbox 2007 3708 3528 3788">
    <p class='ocr_par' dir='ltr' id='par_1_125' title="bbox 2007 3708 3528 3788">
     <span class='ocr_line' id='line_1_130' title="bbox 2007 3708 3528 3788; baseline 0.007 -30"><span class='ocrx_word' id='word_1_996' title='bbox 2007 3708 2119 3788; x_wconf 71' lang='lat' dir='ltr'><em>dat,</em></span> <span class='ocrx_word' id='word_1_997' title='bbox 2155 3720 2199 3760; x_wconf 89' lang='lat' dir='ltr'><em>et</em></span> <span class='ocrx_word' id='word_1_998' title='bbox 2240 3711 2506 3777; x_wconf 76' lang='lat' dir='ltr'><em>complebit</em></span> <span class='ocrx_word' id='word_1_999' title='bbox 2547 3711 2750 3762; x_wconf 80' lang='lat' dir='ltr'><em>rerbum</em></span> <span class='ocrx_word' id='word_1_1000' title='bbox 2786 3729 2817 3764; x_wconf 93' lang='lat' dir='ltr'><em>a</em></span> <span class='ocrx_word' id='word_1_1001' title='bbox 2863 3714 3185 3781; x_wconf 85' lang='lat' dir='ltr'><em>generatione</em></span> <span class='ocrx_word' id='word_1_1002' title='bbox 3226 3715 3280 3768; x_wconf 86' lang='lat' dir='ltr'><em>in</em></span> <span class='ocrx_word' id='word_1_1003' title='bbox 3319 3733 3528 3785; x_wconf 50' lang='lat' dir='ltr'><em>genera‘</em></span> 
     </span>
    </p>
   </div>
   <div class='ocr_carea' id='block_1_126' title="bbox 2009 3791 2191 3830">
    <p class='ocr_par' dir='ltr' id='par_1_126' title="bbox 2009 3791 2191 3830">
     <span class='ocr_line' id='line_1_131' title="bbox 2009 3791 2191 3830; baseline 0.005 -1"><span class='ocrx_word' id='word_1_1004' title='bbox 2009 3791 2191 3830; x_wconf 78' lang='grc' dir='ltr'><em>ιιυηρηι</em></span> 
     </span>
    </p>
   </div>
   <div class='ocr_carea' id='block_1_127' title="bbox 1953 3849 3536 3916">
    <p class='ocr_par' dir='ltr' id='par_1_127' title="bbox 1953 3849 3536 3916">
     <span class='ocr_line' id='line_1_132' title="bbox 1953 3849 3536 3916; baseline 0.008 -18"><span class='ocrx_word' id='word_1_1005' title='bbox 1953 3849 2025 3916; x_wconf 87' lang='lat'><em>7.</em></span> <span class='ocrx_word' id='word_1_1006' title='bbox 2077 3849 2160 3902; x_wconf 81' lang='grc'><em>13.</em></span> <span class='ocrx_word' id='word_1_1007' title='bbox 2208 3858 2253 3900; x_wconf 78' lang='lat' dir='ltr'><em>et</em></span> <span class='ocrx_word' id='word_1_1008' title='bbox 2295 3849 2346 3900; x_wconf 90' lang='lat' dir='ltr'><em>in</em></span> <span class='ocrx_word' id='word_1_1009' title='bbox 2387 3851 2824 3904; x_wconf 67' lang='lat' dir='ltr'><em>adintvemionibns</em></span> <span class='ocrx_word' id='word_1_1010' title='bbox 2879 3853 2978 3904; x_wconf 85' lang='lat' dir='ltr'><em>tuis</em></span> <span class='ocrx_word' id='word_1_1011' title='bbox 3035 3857 3314 3906; x_wconf 65' lang='lat' dir='ltr'><em>exercebar.</em></span> <span class='ocrx_word' id='word_1_1012' title='bbox 3381 3857 3442 3909; x_wconf 77' lang='grc' dir='ltr'>Α.</span> <span class='ocrx_word' id='word_1_1013' title='bbox 3490 3866 3536 3910; x_wconf 86' lang='lat' dir='ltr'><em>et</em></span> 
     </span>
    </p>
   </div>
   <div class='ocr_carea' id='block_1_128' title="bbox 2009 3918 3535 3986">
    <p class='ocr_par' dir='ltr' id='par_1_128' title="bbox 2009 3918 3535 3986">
     <span class='ocr_line' id='line_1_133' title="bbox 2009 3918 3535 3986; baseline 0.005 -16"><span class='ocrx_word' id='word_1_1014' title='bbox 2009 3918 2059 3970; x_wconf 88' lang='lat' dir='ltr'><em>in</em></span> <span class='ocrx_word' id='word_1_1015' title='bbox 2099 3918 2449 3983; x_wconf 72' lang='lat' dir='ltr'><em>affectionibus</em></span> <span class='ocrx_word' id='word_1_1016' title='bbox 2479 3921 2575 3972; x_wconf 75' lang='lat' dir='ltr'><em>tuis</em></span> <span class='ocrx_word' id='word_1_1017' title='bbox 2616 3923 2860 3986; x_wconf 85' lang='lat' dir='ltr'><em>garriam.</em></span> <span class='ocrx_word' id='word_1_1018' title='bbox 2904 3924 2966 3975; x_wconf 91' lang='lat' dir='ltr'><em>II.</em></span> <span class='ocrx_word' id='word_1_1019' title='bbox 3011 3924 3164 3974; x_wconf 74' lang='lat' dir='ltr'><em>Rom.</em></span> <span class='ocrx_word' id='word_1_1020' title='bbox 3202 3925 3244 3976; x_wconf 74' lang='grc' dir='ltr'><em>Μ</em></span> <span class='ocrx_word' id='word_1_1021' title='bbox 3316 3923 3377 3977; x_wconf 79' lang='lat' dir='ltr'>C.</span> <span class='ocrx_word' id='word_1_1022' title='bbox 3410 3928 3535 3979; x_wconf 86' lang='lat' dir='ltr'><em>etin</em></span> 
     </span>
    </p>
   </div>
   <div class='ocr_carea' id='block_1_129' title="bbox 2008 3987 3536 4110">
    <p class='ocr_par' dir='ltr' id='par_1_129' title="bbox 2008 3987 3536 4110">
     <span class='ocr_line' id='line_1_134' title="bbox 2008 3987 3536 4110; baseline 0.007 -71"><span class='ocrx_word' id='word_1_1023' title='bbox 2008 3987 2435 4110; x_wconf 64' lang='lat' dir='ltr'><em>zbservationibas</em></span> <span class='ocrx_word' id='word_1_1024' title='bbox 2475 3993 2574 4042; x_wconf 86' lang='lat' dir='ltr'><em>tuis</em></span> <span class='ocrx_word' id='word_1_1025' title='bbox 2602 3992 2883 4044; x_wconf 68' lang='lat' dir='ltr'><em>exercebar.</em></span> <span class='ocrx_word' id='word_1_1026' title='bbox 2919 3991 2980 4046; x_wconf 70' lang='grc' dir='ltr'>(ἔ.</span> <span class='ocrx_word' id='word_1_1027' title='bbox 3013 4003 3057 4045; x_wconf 76' lang='lat' dir='ltr'><em>et</em></span> <span class='ocrx_word' id='word_1_1028' title='bbox 3097 3994 3147 4046; x_wconf 87' lang='lat' dir='ltr'><em>in</em></span> <span class='ocrx_word' id='word_1_1029' title='bbox 3173 3998 3536 4048; x_wconf 77' lang='lat' dir='ltr'><em>obsecrationi—</em></span> 
     </span>
     <span class='ocr_line' id='line_1_135' title="bbox 2042 4070 2252 4110; baseline 0 0"><span class='ocrx_word' id='word_1_1030' title='bbox 2042 4075 2120 4110; x_wconf 87' lang='lat' dir='ltr'><em>as.</em></span> <span class='ocrx_word' id='word_1_1031' title='bbox 2149 4070 2252 4110; x_wconf 88' lang='lat' dir='ltr'><em>etc.</em></span> 
     </span>
    </p>
   </div>
   <div class='ocr_carea' id='block_1_130' title="bbox 2042 4070 2252 4120">
    <p class='ocr_par' dir='ltr' id='par_1_130' title="bbox 2042 4070 2252 4120">
     <span class='ocr_line' id='line_1_136' title="bbox 2042 4070 2252 4120; baseline 0.005 -10"><span class='ocrx_word' id='word_1_1032' title='bbox 2042 4075 2120 4120; x_wconf 87' lang='lat' dir='ltr'><em>as,</em></span> <span class='ocrx_word' id='word_1_1033' title='bbox 2149 4070 2252 4112; x_wconf 85' lang='lat' dir='ltr'><em>etc.</em></span> 
     </span>
    </p>
   </div>
   <div class='ocr_carea' id='block_1_131' title="bbox 1956 4128 3536 4194">
    <p class='ocr_par' dir='ltr' id='par_1_131' title="bbox 1956 4128 3536 4194">
     <span class='ocr_line' id='line_1_137' title="bbox 1956 4128 3536 4194; baseline 0.006 -13"><span class='ocrx_word' id='word_1_1034' title='bbox 1956 4129 1983 4194; x_wconf 78' lang='lat'><em>7</em></span> <span class='ocrx_word' id='word_1_1035' title='bbox 2013 4167 2026 4181; x_wconf 96' lang='lat'><em>.</em></span> <span class='ocrx_word' id='word_1_1036' title='bbox 2070 4132 2158 4183; x_wconf 76' lang='lat' dir='ltr'><em>M.</em></span> <span class='ocrx_word' id='word_1_1037' title='bbox 2191 4129 2319 4182; x_wconf 84' lang='lat' dir='ltr'><em>sicut</em></span> <span class='ocrx_word' id='word_1_1038' title='bbox 2369 4128 2503 4182; x_wconf 67' lang='lat' dir='ltr'><em>Dens</em></span> <span class='ocrx_word' id='word_1_1039' title='bbox 2536 4143 2720 4184; x_wconf 65' lang='lat' dir='ltr'><em>nas&#39;er.</em></span> <span class='ocrx_word' id='word_1_1040' title='bbox 2756 4131 2820 4186; x_wconf 87' lang='lat' dir='ltr'><strong>G.</strong></span> <span class='ocrx_word' id='word_1_1041' title='bbox 2855 4145 3036 4194; x_wconf 67' lang='lat' dir='ltr'><em>printer</em></span> <span class='ocrx_word' id='word_1_1042' title='bbox 3082 4135 3241 4187; x_wconf 63' lang='lat' dir='ltr'><em>[Icum</em></span> <span class='ocrx_word' id='word_1_1043' title='bbox 3289 4147 3536 4191; x_wconf 74' lang='lat' dir='ltr'><em>nastrnm.</em></span> 
     </span>
    </p>
   </div>
   <div class='ocr_carea' id='block_1_132' title="bbox 1961 4199 3536 4273">
    <p class='ocr_par' dir='ltr' id='par_1_132' title="bbox 1961 4199 3536 4273">
     <span class='ocr_line' id='line_1_138' title="bbox 1961 4199 3536 4273; baseline 0.006 -24"><span class='ocrx_word' id='word_1_1044' title='bbox 1961 4200 1991 4267; x_wconf 91' lang='lat'><em>7</em></span> <span class='ocrx_word' id='word_1_1045' title='bbox 2017 4238 2029 4249; x_wconf 96' lang='lat'><em>.</em></span> <span class='ocrx_word' id='word_1_1046' title='bbox 2058 4199 2143 4273; x_wconf 74' lang='lat' dir='ltr'><em>IS.</em></span> <span class='ocrx_word' id='word_1_1047' title='bbox 2169 4200 2254 4268; x_wconf 81' lang='lat' dir='ltr'><em>qui</em></span> <span class='ocrx_word' id='word_1_1048' title='bbox 2281 4201 2410 4271; x_wconf 87' lang='lat' dir='ltr'><em>facis</em></span> <span class='ocrx_word' id='word_1_1049' title='bbox 2435 4201 2710 4254; x_wconf 84' lang='lat' dir='ltr'><em>mirabilia.</em></span> <span class='ocrx_word' id='word_1_1050' title='bbox 2745 4203 2808 4255; x_wconf 88' lang='lat' dir='ltr'><em>A.</em></span> <span class='ocrx_word' id='word_1_1051' title='bbox 2838 4199 2907 4256; x_wconf 91' lang='lat' dir='ltr'><em>R.</em></span> <span class='ocrx_word' id='word_1_1052' title='bbox 2941 4203 3094 4257; x_wconf 85' lang='lat' dir='ltr'><em>Rom.</em></span> <span class='ocrx_word' id='word_1_1053' title='bbox 3123 4206 3189 4257; x_wconf 77' lang='grc' dir='ltr'><em>Μ.</em></span> <span class='ocrx_word' id='word_1_1054' title='bbox 3221 4205 3283 4258; x_wconf 82' lang='lat' dir='ltr'><em>G.</em></span> <span class='ocrx_word' id='word_1_1055' title='bbox 3313 4207 3536 4273; x_wconf 84' lang='lat' dir='ltr'><em>addunt,</em></span> 
     </span>
    </p>
   </div>
   <div class='ocr_carea' id='block_1_133' title="bbox 2009 4271 2166 4322">
    <p class='ocr_par' dir='ltr' id='par_1_133' title="bbox 2009 4271 2166 4322">
     <span class='ocr_line' id='line_1_139' title="bbox 2009 4271 2166 4322; baseline 0.006 -1"><span class='ocrx_word' id='word_1_1056' title='bbox 2009 4271 2166 4322; x_wconf 88' lang='lat' dir='ltr'><em>solas.</em></span> 
     </span>
    </p>
   </div>
   <div class='ocr_carea' id='block_1_134' title="bbox 1961 4339 2977 4405">
    <p class='ocr_par' dir='ltr' id='par_1_134' title="bbox 1961 4339 2977 4405">
     <span class='ocr_line' id='line_1_140' title="bbox 1961 4339 2977 4405; baseline 0.006 -16"><span class='ocrx_word' id='word_1_1057' title='bbox 1961 4341 1987 4405; x_wconf 86' lang='lat'><em>7</em></span> <span class='ocrx_word' id='word_1_1058' title='bbox 2018 4379 2028 4389; x_wconf 94' lang='lat'><em>.</em></span> <span class='ocrx_word' id='word_1_1059' title='bbox 2055 4341 2145 4393; x_wconf 74' lang='lat' dir='ltr'><em>I8.</em></span> <span class='ocrx_word' id='word_1_1060' title='bbox 2173 4341 2464 4392; x_wconf 86' lang='lat' dir='ltr'><em>multitudo.</em></span> <span class='ocrx_word' id='word_1_1061' title='bbox 2494 4339 2563 4392; x_wconf 85' lang='grc' dir='ltr'><em>Μ.</em></span> <span class='ocrx_word' id='word_1_1062' title='bbox 2585 4357 2615 4390; x_wconf 89' lang='lat' dir='ltr'><em>a</em></span> <span class='ocrx_word' id='word_1_1063' title='bbox 2638 4343 2977 4395; x_wconf 86' lang='lat' dir='ltr'><em>multitudine.</em></span> 
     </span>
    </p>
   </div>
   <div class='ocr_carea' id='block_1_135' title="bbox 1958 4410 3539 4483">
    <p class='ocr_par' dir='ltr' id='par_1_135' title="bbox 1958 4410 3539 4483">
     <span class='ocr_line' id='line_1_141' title="bbox 1958 4410 3539 4483; baseline 0.003 -20"><span class='ocrx_word' id='word_1_1064' title='bbox 1958 4412 1988 4479; x_wconf 51' lang='grc' dir='ltr'><em>ᾧ</em></span> <span class='ocrx_word' id='word_1_1065' title='bbox 2017 4415 2150 4483; x_wconf 71' lang='lat' dir='ltr'><em>._IU.</em></span> <span class='ocrx_word' id='word_1_1066' title='bbox 2200 4410 2576 4483; x_wconf 72' lang='lat' dir='ltr'><em>trattseunt._A_.</em></span> <span class='ocrx_word' id='word_1_1067' title='bbox 2607 4411 2689 4483; x_wconf 68' lang='lat' dir='ltr'><em>R.</em></span> <span class='ocrx_word' id='word_1_1068' title='bbox 2721 4412 2877 4464; x_wconf 79' lang='lat' dir='ltr'><em>Ron‘t.</em></span> <span class='ocrx_word' id='word_1_1069' title='bbox 2918 4412 2984 4467; x_wconf 78' lang='grc' dir='ltr'>Ο.</span> <span class='ocrx_word' id='word_1_1070' title='bbox 3025 4413 3086 4466; x_wconf 88' lang='lat' dir='ltr'><em>C.</em></span> <span class='ocrx_word' id='word_1_1071' title='bbox 3117 4417 3539 4483; x_wconf 77' lang='lat' dir='ltr'><em>prrtruusiermtt.</em></span> 
     </span>
    </p>
   </div>
   <div class='ocr_carea' id='block_1_136' title="bbox 2015 4479 3021 4535">
    <p class='ocr_par' dir='ltr' id='par_1_136' title="bbox 2015 4479 3021 4535">
     <span class='ocr_line' id='line_1_142' title="bbox 2015 4479 3021 4535; baseline 0.002 -2"><span class='ocrx_word' id='word_1_1072' title='bbox 2015 4481 2079 4533; x_wconf 79' lang='grc' dir='ltr'><em>Μ.</em></span> <span class='ocrx_word' id='word_1_1073' title='bbox 2112 4482 2436 4532; x_wconf 80' lang='lat' dir='ltr'><em>transierunt.</em></span> <span class='ocrx_word' id='word_1_1074' title='bbox 2470 4479 2630 4532; x_wconf 86' lang='lat' dir='ltr'><em>IIebr.</em></span> <span class='ocrx_word' id='word_1_1075' title='bbox 2657 4482 3021 4535; x_wconf 86' lang='lat' dir='ltr'><em>discurrebant.</em></span> 
     </span>
    </p>
   </div>
   <div class='ocr_carea' id='block_1_137' title="bbox 1943 4548 3539 4624">
    <p class='ocr_par' dir='ltr' id='par_1_137' title="bbox 1943 4548 3539 4624">
     <span class='ocr_line' id='line_1_143' title="bbox 1943 4548 3539 4624; baseline 0.004 -21"><span class='ocrx_word' id='word_1_1076' title='bbox 1943 4550 2072 4604; x_wconf 89' lang='lat' dir='ltr'><em>IIem</em></span> <span class='ocrx_word' id='word_1_1077' title='bbox 2115 4551 2146 4618; x_wconf 89' lang='lat'><em>7</em></span> <span class='ocrx_word' id='word_1_1078' title='bbox 2176 4551 2300 4624; x_wconf 70' lang='lat'><em>.19.</em></span> <span class='ocrx_word' id='word_1_1079' title='bbox 2336 4548 2628 4604; x_wconf 69' lang='lat' dir='ltr'><em>llluxerant</em></span> <span class='ocrx_word' id='word_1_1080' title='bbox 2651 4553 3025 4608; x_wconf 87' lang='lat' dir='ltr'><em>coruscationes</em></span> <span class='ocrx_word' id='word_1_1081' title='bbox 3052 4565 3168 4607; x_wconf 75' lang='lat' dir='ltr'><em>tuta.</em></span> <span class='ocrx_word' id='word_1_1082' title='bbox 3202 4555 3236 4605; x_wconf 68' lang='lat'><em>:\</em></span> <span class='ocrx_word' id='word_1_1083' title='bbox 3299 4556 3539 4624; x_wconf 76' lang='lat' dir='ltr'><em>Apparu-</em></span> 
     </span>
    </p>
   </div>
   <div class='ocr_carea' id='block_1_138' title="bbox 2010 4620 2520 4690">
    <p class='ocr_par' dir='ltr' id='par_1_138' title="bbox 2010 4620 2520 4690">
     <span class='ocr_line' id='line_1_144' title="bbox 2010 4620 2520 4690; baseline -0.004 -16"><span class='ocrx_word' id='word_1_1084' title='bbox 2010 4632 2155 4674; x_wconf 86' lang='lat' dir='ltr'><em>erunt</em></span> <span class='ocrx_word' id='word_1_1085' title='bbox 2185 4620 2387 4690; x_wconf 76' lang='lat' dir='ltr'><em>fulgura</em></span> <span class='ocrx_word' id='word_1_1086' title='bbox 2415 4632 2520 4672; x_wconf 88' lang='lat' dir='ltr'><em>tua.</em></span> 
     </span>
    </p>
   </div>
   <div class='ocr_carea' id='block_1_139' title="bbox 1941 4690 3154 4759">
    <p class='ocr_par' dir='ltr' id='par_1_139' title="bbox 1941 4690 3154 4759">
     <span class='ocr_line' id='line_1_145' title="bbox 1941 4690 3154 4759; baseline 0.002 -15"><span class='ocrx_word' id='word_1_1087' title='bbox 1941 4690 2072 4745; x_wconf 86' lang='lat' dir='ltr'><em>Item</em></span> <span class='ocrx_word' id='word_1_1088' title='bbox 2117 4691 2150 4759; x_wconf 91' lang='lat'><em>7</em></span> <span class='ocrx_word' id='word_1_1089' title='bbox 2174 4732 2188 4742; x_wconf 91' lang='lat'><em>.</em></span> <span class='ocrx_word' id='word_1_1090' title='bbox 2226 4693 2312 4744; x_wconf 80' lang='grc'><em>19.</em></span> <span class='ocrx_word' id='word_1_1091' title='bbox 2343 4701 2589 4742; x_wconf 83' lang='lat' dir='ltr'><em>commota</em></span> <span class='ocrx_word' id='word_1_1092' title='bbox 2619 4702 2710 4744; x_wconf 87' lang='lat' dir='ltr'><em>est.</em></span> <span class='ocrx_word' id='word_1_1093' title='bbox 2739 4691 2806 4748; x_wconf 89' lang='lat' dir='ltr'><em>R.</em></span> <span class='ocrx_word' id='word_1_1094' title='bbox 2828 4692 2984 4745; x_wconf 88' lang='lat' dir='ltr'><em>Rom.</em></span> <span class='ocrx_word' id='word_1_1095' title='bbox 3019 4695 3154 4746; x_wconf 56' lang='lat' dir='ltr'><em>uidit.</em></span> 
     </span>
    </p>
   </div>
   <div class='ocr_carea' id='block_1_140' title="bbox 1958 4761 3318 4832">
    <p class='ocr_par' dir='ltr' id='par_1_140' title="bbox 1958 4761 3318 4832">
     <span class='ocr_line' id='line_1_146' title="bbox 1958 4761 3318 4832; baseline 0 -18"><span class='ocrx_word' id='word_1_1096' title='bbox 1958 4765 1990 4832; x_wconf 88' lang='lat'><em>7</em></span> <span class='ocrx_word' id='word_1_1097' title='bbox 2017 4800 2031 4814; x_wconf 96' lang='lat'><em>.</em></span> <span class='ocrx_word' id='word_1_1098' title='bbox 2056 4761 2148 4814; x_wconf 70' lang='grc'><em>21.</em></span> <span class='ocrx_word' id='word_1_1099' title='bbox 2177 4771 2222 4815; x_wconf 89' lang='lat' dir='ltr'><em>et</em></span> <span class='ocrx_word' id='word_1_1100' title='bbox 2249 4761 2442 4814; x_wconf 80' lang='lat' dir='ltr'><em>Aaron.</em></span> <span class='ocrx_word' id='word_1_1101' title='bbox 2473 4761 2537 4814; x_wconf 86' lang='lat' dir='ltr'><em>G.</em></span> <span class='ocrx_word' id='word_1_1102' title='bbox 2567 4761 2728 4822; x_wconf 81' lang='lat' dir='ltr'><em>addit,</em></span> <span class='ocrx_word' id='word_1_1103' title='bbox 2758 4763 3072 4817; x_wconf 85' lang='lat' dir='ltr'><em>sacerdotum</em></span> <span class='ocrx_word' id='word_1_1104' title='bbox 3106 4779 3318 4818; x_wconf 66' lang='lat' dir='ltr'><em>tuorum,</em></span> 
     </span>
    </p>
   </div>
   <div class='ocr_carea' id='block_1_141' title="bbox 2467 4847 3016 4887">
    <p class='ocr_par' dir='ltr' id='par_1_141' title="bbox 2467 4847 3016 4887">
     <span class='ocr_line' id='line_1_147' title="bbox 2467 4847 3016 4887; baseline -0.004 -2"><span class='ocrx_word' id='word_1_1105' title='bbox 2467 4847 2529 4885; x_wconf 73' lang='grc' dir='ltr'><strong>ΕΚ</strong></span> <span class='ocrx_word' id='word_1_1106' title='bbox 2573 4847 2772 4886; x_wconf 72' lang='lat' dir='ltr'><em>PSALIO</em></span> <span class='ocrx_word' id='word_1_1107' title='bbox 2812 4848 2878 4887; x_wconf 73' lang='lat' dir='ltr'><em>LX</em></span> <span class='ocrx_word' id='word_1_1108' title='bbox 2892 4849 3016 4887; x_wconf 74' lang='lat' dir='ltr'><strong>XVII.</strong></span> 
     </span>
    </p>
   </div>
   <div class='ocr_carea' id='block_1_142' title="bbox 1959 4900 3253 4972">
    <p class='ocr_par' dir='ltr' id='par_1_142' title="bbox 1959 4900 3253 4972">
     <span class='ocr_line' id='line_1_148' title="bbox 1959 4900 3253 4972; baseline 0.002 -18"><span class='ocrx_word' id='word_1_1109' title='bbox 1959 4903 1990 4970; x_wconf 91' lang='lat'><em>7</em></span> <span class='ocrx_word' id='word_1_1110' title='bbox 2017 4939 2032 4953; x_wconf 94' lang='lat'><strong>.</strong></span> <span class='ocrx_word' id='word_1_1111' title='bbox 2058 4901 2112 4954; x_wconf 73' lang='grc'>2.</span> <span class='ocrx_word' id='word_1_1112' title='bbox 2139 4903 2525 4972; x_wconf 85' lang='lat' dir='ltr'><em>prapositiones.</em></span> <span class='ocrx_word' id='word_1_1113' title='bbox 2558 4900 2622 4955; x_wconf 88' lang='lat' dir='ltr'><em>G.</em></span> <span class='ocrx_word' id='word_1_1114' title='bbox 2658 4904 3051 4972; x_wconf 85' lang='lat' dir='ltr'><em>propositionem</em></span> <span class='ocrx_word' id='word_1_1115' title='bbox 3075 4922 3253 4956; x_wconf 85' lang='lat' dir='ltr'><em>meam.</em></span> 
     </span>
    </p>
   </div>
   <div class='ocr_carea' id='block_1_143' title="bbox 1947 4971 3540 5040">
    <p class='ocr_par' dir='ltr' id='par_1_143' title="bbox 1947 4971 3540 5040">
     <span class='ocr_line' id='line_1_149' title="bbox 1947 4971 3540 5040; baseline 0.002 -13"><span class='ocrx_word' id='word_1_1116' title='bbox 1947 4977 2075 5027; x_wconf 80' lang='lat' dir='ltr'><em>llem</em></span> <span class='ocrx_word' id='word_1_1117' title='bbox 2121 4974 2153 5040; x_wconf 90' lang='lat'><em>7</em></span> <span class='ocrx_word' id='word_1_1118' title='bbox 2185 5021 2188 5023; x_wconf 90' lang='lat'><em>.</em></span> <span class='ocrx_word' id='word_1_1119' title='bbox 2223 4973 2278 5024; x_wconf 79' lang='lat'><em>‘2.</em></span> <span class='ocrx_word' id='word_1_1120' title='bbox 2305 4971 2366 5024; x_wconf 90' lang='lat' dir='ltr'><em>ab</em></span> <span class='ocrx_word' id='word_1_1121' title='bbox 2397 4974 2562 5023; x_wconf 84' lang='lat' dir='ltr'><em>initio.</em></span> <span class='ocrx_word' id='word_1_1122' title='bbox 2591 4971 2665 5026; x_wconf 82' lang='lat' dir='ltr'><em>R.</em></span> <span class='ocrx_word' id='word_1_1123' title='bbox 2691 4971 2846 5026; x_wconf 75' lang='lat' dir='ltr'><em>Rem.</em></span> <span class='ocrx_word' id='word_1_1124' title='bbox 2879 4974 2944 5028; x_wconf 70' lang='grc' dir='ltr'><em>(ἱ.</em></span> <span class='ocrx_word' id='word_1_1125' title='bbox 2978 4975 3036 5028; x_wconf 91' lang='lat' dir='ltr'><strong>C.</strong></span> <span class='ocrx_word' id='word_1_1126' title='bbox 3071 4975 3132 5027; x_wconf 88' lang='lat' dir='ltr'><em>ab</em></span> <span class='ocrx_word' id='word_1_1127' title='bbox 3165 4976 3310 5028; x_wconf 86' lang='lat' dir='ltr'><em>initio</em></span> <span class='ocrx_word' id='word_1_1128' title='bbox 3343 4980 3540 5032; x_wconf 66' lang='lat' dir='ltr'><em>surculi.</em></span> 
     </span>
    </p>
   </div>
   <div class='ocr_carea' id='block_1_144' title="bbox 1961 5043 3540 5116">
    <p class='ocr_par' dir='ltr' id='par_1_144' title="bbox 1961 5043 3540 5116">
     <span class='ocr_line' id='line_1_150' title="bbox 1961 5043 3540 5116; baseline 0.004 -22"><span class='ocrx_word' id='word_1_1129' title='bbox 1961 5044 2032 5112; x_wconf 90' lang='lat'><em>7.</em></span> <span class='ocrx_word' id='word_1_1130' title='bbox 2066 5050 2113 5116; x_wconf 58' lang='lat'><em>4.</em></span> <span class='ocrx_word' id='word_1_1131' title='bbox 2158 5061 2203 5094; x_wconf 74' lang='grc' dir='ltr'><em>ιη</em></span> <span class='ocrx_word' id='word_1_1132' title='bbox 2231 5044 2551 5112; x_wconf 84' lang='lat' dir='ltr'><em>generatione</em></span> <span class='ocrx_word' id='word_1_1133' title='bbox 2589 5044 2768 5098; x_wconf 89' lang='lat' dir='ltr'><em>altera.</em></span> <span class='ocrx_word' id='word_1_1134' title='bbox 2801 5043 2868 5100; x_wconf 87' lang='lat' dir='ltr'><em>G.</em></span> <span class='ocrx_word' id='word_1_1135' title='bbox 2894 5043 2958 5098; x_wconf 88' lang='lat' dir='ltr'><strong>C.</strong></span> <span class='ocrx_word' id='word_1_1136' title='bbox 2981 5044 3132 5114; x_wconf 78' lang='lat' dir='ltr'><em>juxta</em></span> <span class='ocrx_word' id='word_1_1137' title='bbox 3186 5045 3279 5100; x_wconf 85' lang='lat' dir='ltr'><em>Gr.</em></span> <span class='ocrx_word' id='word_1_1138' title='bbox 3313 5046 3365 5099; x_wconf 89' lang='lat' dir='ltr'><em>in</em></span> <span class='ocrx_word' id='word_1_1139' title='bbox 3387 5063 3540 5116; x_wconf 70' lang='lat' dir='ltr'><em>gent;-</em></span> 
     </span>
    </p>
   </div>
   <div class='ocr_carea' id='block_1_145' title="bbox 2017 5114 2519 5166">
    <p class='ocr_par' dir='ltr' id='par_1_145' title="bbox 2017 5114 2519 5166">
     <span class='ocr_line' id='line_1_151' title="bbox 2017 5114 2519 5166; baseline 0 -2"><span class='ocrx_word' id='word_1_1140' title='bbox 2017 5114 2142 5166; x_wconf 85' lang='lat' dir='ltr'><em>ratio</em></span> <span class='ocrx_word' id='word_1_1141' title='bbox 2154 5131 2259 5166; x_wconf 53' lang='lat' dir='ltr'><em>nem</em></span> <span class='ocrx_word' id='word_1_1142' title='bbox 2288 5115 2519 5166; x_wconf 90' lang='lat' dir='ltr'><em>alteram.</em></span> 
     </span>
    </p>
   </div>
   <div class='ocr_carea' id='block_1_146' title="bbox 1964 5183 3544 5256">
    <p class='ocr_par' dir='ltr' id='par_1_146' title="bbox 1964 5183 3544 5256">
     <span class='ocr_line' id='line_1_152' title="bbox 1964 5183 3544 5256; baseline 0.005 -21"><span class='ocrx_word' id='word_1_1143' title='bbox 1964 5185 1995 5253; x_wconf 90' lang='lat'><em>7</em></span> <span class='ocrx_word' id='word_1_1144' title='bbox 2022 5184 2363 5256; x_wconf 31' lang='lat' dir='ltr'><em>.k5._Quanta</em></span> <span class='ocrx_word' id='word_1_1145' title='bbox 2390 5183 2668 5256; x_wconf 77' lang='lat' dir='ltr'><em>mandavit.</em></span> <span class='ocrx_word' id='word_1_1146' title='bbox 2687 5199 2702 5214; x_wconf 84' lang='grc'><strong><em>⁸</em></strong></span> <span class='ocrx_word' id='word_1_1147' title='bbox 2721 5223 2734 5237; x_wconf 96' lang='grc'><em>.</em></span> <span class='ocrx_word' id='word_1_1148' title='bbox 2756 5203 2769 5216; x_wconf 78' lang='grc' dir='ltr'><strong><em>ο</em></strong></span> <span class='ocrx_word' id='word_1_1149' title='bbox 2791 5224 2803 5237; x_wconf 95' lang='grc'><em>.</em></span> <span class='ocrx_word' id='word_1_1150' title='bbox 2834 5198 2953 5238; x_wconf 86' lang='lat' dir='ltr'><em>nota</em></span> <span class='ocrx_word' id='word_1_1151' title='bbox 2981 5189 3146 5256; x_wconf 82' lang='lat' dir='ltr'><em>facere</em></span> <span class='ocrx_word' id='word_1_1152' title='bbox 3181 5202 3260 5239; x_wconf 76' lang='lat' dir='ltr'><em>ea.</em></span> <span class='ocrx_word' id='word_1_1153' title='bbox 3294 5186 3358 5240; x_wconf 90' lang='lat' dir='ltr'><em>R.</em></span> <span class='ocrx_word' id='word_1_1154' title='bbox 3387 5187 3544 5244; x_wconf 84' lang='lat' dir='ltr'><em>Rom.</em></span> 
     </span>
    </p>
   </div>
   <div class='ocr_carea' id='block_1_147' title="bbox 2018 5253 3548 5322">
    <p class='ocr_par' dir='ltr' id='par_1_147' title="bbox 2018 5253 3548 5322">
     <span class='ocr_line' id='line_1_153' title="bbox 2018 5253 3548 5322; baseline 0.003 -14"><span class='ocrx_word' id='word_1_1155' title='bbox 2018 5253 2080 5308; x_wconf 76' lang='lat' dir='ltr'><em>G.</em></span> <span class='ocrx_word' id='word_1_1156' title='bbox 2118 5254 2176 5308; x_wconf 87' lang='lat' dir='ltr'><em>C.</em></span> <span class='ocrx_word' id='word_1_1157' title='bbox 2200 5255 2371 5322; x_wconf 72' lang='lat' dir='ltr'><em>juxta.</em></span> <span class='ocrx_word' id='word_1_1158' title='bbox 2400 5254 2493 5308; x_wconf 73' lang='lat' dir='ltr'><em>Cr‘.</em></span> <span class='ocrx_word' id='word_1_1159' title='bbox 2525 5256 2690 5318; x_wconf 80' lang='lat' dir='ltr'><em>Quam</em></span> <span class='ocrx_word' id='word_1_1160' title='bbox 2713 5253 2991 5309; x_wconf 53' lang='lat' dir='ltr'><em>mandavit;</em></span> <span class='ocrx_word' id='word_1_1161' title='bbox 3017 5257 3075 5308; x_wconf 91' lang='lat' dir='ltr'>II.</span> <span class='ocrx_word' id='word_1_1162' title='bbox 3111 5256 3267 5310; x_wconf 83' lang='lat' dir='ltr'><em>Rom.</em></span> <span class='ocrx_word' id='word_1_1163' title='bbox 3291 5269 3344 5310; x_wconf 89' lang='lat' dir='ltr'><em>ut</em></span> <span class='ocrx_word' id='word_1_1164' title='bbox 3374 5271 3548 5312; x_wconf 75' lang='lat' dir='ltr'><em>notant</em></span> 
     </span>
    </p>
   </div>
   <div class='ocr_carea' id='block_1_148' title="bbox 2019 5323 3132 5396">
    <p class='ocr_par' dir='ltr' id='par_1_148' title="bbox 2019 5323 3132 5396">
     <span class='ocr_line' id='line_1_154' title="bbox 2019 5323 3132 5396; baseline 0.001 -19"><span class='ocrx_word' id='word_1_1165' title='bbox 2019 5327 2242 5393; x_wconf 77' lang='lat' dir='ltr'><em>facerent</em></span> <span class='ocrx_word' id='word_1_1166' title='bbox 2267 5343 2396 5377; x_wconf 87' lang='lat' dir='ltr'><em>eam.</em></span> <span class='ocrx_word' id='word_1_1167' title='bbox 2429 5323 2492 5377; x_wconf 86' lang='lat' dir='ltr'><em>G.</em></span> <span class='ocrx_word' id='word_1_1168' title='bbox 2529 5327 2586 5379; x_wconf 66' lang='lat' dir='ltr'><em>tl.</em></span> <span class='ocrx_word' id='word_1_1169' title='bbox 2612 5335 2780 5378; x_wconf 89' lang='lat' dir='ltr'><em>notam</em></span> <span class='ocrx_word' id='word_1_1170' title='bbox 2810 5331 2978 5396; x_wconf 81' lang='lat' dir='ltr'><em>facere</em></span> <span class='ocrx_word' id='word_1_1171' title='bbox 3004 5343 3132 5378; x_wconf 81' lang='lat' dir='ltr'><em>eam.</em></span> 
     </span>
    </p>
   </div>
   <div class='ocr_carea' id='block_1_149' title="bbox 1964 5395 3549 5465">
    <p class='ocr_par' dir='ltr' id='par_1_149' title="bbox 1964 5395 3549 5465">
     <span class='ocr_line' id='line_1_155' title="bbox 1964 5395 3549 5465; baseline 0.003 -18"><span class='ocrx_word' id='word_1_1172' title='bbox 1964 5395 2036 5465; x_wconf 90' lang='lat'><em>7.</em></span> <span class='ocrx_word' id='word_1_1173' title='bbox 2070 5397 2124 5449; x_wconf 89' lang='lat'><em>6.</em></span> <span class='ocrx_word' id='word_1_1174' title='bbox 2155 5407 2200 5448; x_wconf 85' lang='lat' dir='ltr'><em>et</em></span> <span class='ocrx_word' id='word_1_1175' title='bbox 2242 5396 2538 5448; x_wconf 72' lang='lat' dir='ltr'><em>narrabant.</em></span> <span class='ocrx_word' id='word_1_1176' title='bbox 2569 5398 2634 5448; x_wconf 85' lang='lat' dir='ltr'><em>A.</em></span> <span class='ocrx_word' id='word_1_1177' title='bbox 2667 5406 2712 5448; x_wconf 89' lang='lat' dir='ltr'><em>et</em></span> <span class='ocrx_word' id='word_1_1178' title='bbox 2751 5395 2976 5450; x_wconf 85' lang='lat' dir='ltr'><em>narrent.</em></span> <span class='ocrx_word' id='word_1_1179' title='bbox 3005 5398 3068 5449; x_wconf 77' lang='lat' dir='ltr'>II.</span> <span class='ocrx_word' id='word_1_1180' title='bbox 3101 5397 3256 5450; x_wconf 75' lang='lat' dir='ltr'><em>Rom.</em></span> <span class='ocrx_word' id='word_1_1181' title='bbox 3288 5406 3334 5450; x_wconf 88' lang='lat' dir='ltr'><em>et</em></span> <span class='ocrx_word' id='word_1_1182' title='bbox 3368 5415 3549 5452; x_wconf 88' lang='lat' dir='ltr'><em>narra-</em></span> 
     </span>
    </p>
   </div>
   <div class='ocr_carea' id='block_1_150' title="bbox 2017 5465 2294 5519">
    <p class='ocr_par' dir='ltr' id='par_1_150' title="bbox 2017 5465 2294 5519">
     <span class='ocr_line' id='line_1_156' title="bbox 2017 5465 2294 5519; baseline -0.011 0"><span class='ocrx_word' id='word_1_1183' title='bbox 2017 5465 2137 5519; x_wconf 80' lang='lat' dir='ltr'><em>bant</em></span> <span class='ocrx_word' id='word_1_1184' title='bbox 2167 5483 2294 5518; x_wconf 88' lang='lat' dir='ltr'><em>eam.</em></span> 
     </span>
    </p>
   </div>
   <div class='ocr_carea' id='block_1_151' title="bbox 1964 5536 3546 5608">
    <p class='ocr_par' dir='ltr' id='par_1_151' title="bbox 1964 5536 3546 5608">
     <span class='ocr_line' id='line_1_157' title="bbox 1964 5536 3546 5608; baseline 0.002 -19"><span class='ocrx_word' id='word_1_1185' title='bbox 1964 5536 2037 5608; x_wconf 86' lang='lat'><em>7.</em></span> <span class='ocrx_word' id='word_1_1186' title='bbox 2081 5536 2135 5591; x_wconf 83' lang='lat'><em>8.</em></span> <span class='ocrx_word' id='word_1_1187' title='bbox 2189 5537 2446 5606; x_wconf 80' lang='lat' dir='ltr'><em>generatio</em></span> <span class='ocrx_word' id='word_1_1188' title='bbox 2501 5555 2663 5602; x_wconf 84' lang='lat' dir='ltr'><em>prava</em></span> <span class='ocrx_word' id='word_1_1189' title='bbox 2703 5548 2746 5590; x_wconf 89' lang='lat' dir='ltr'><em>et</em></span> <span class='ocrx_word' id='word_1_1190' title='bbox 2802 5553 3125 5605; x_wconf 69' lang='lat' dir='ltr'><em>exasperatis.</em></span> <span class='ocrx_word' id='word_1_1191' title='bbox 3179 5539 3242 5589; x_wconf 76' lang='grc' dir='ltr'>Α.</span> <span class='ocrx_word' id='word_1_1192' title='bbox 3288 5543 3546 5607; x_wconf 71' lang='lat' dir='ltr'><em>generatio</em></span> 
     </span>
    </p>
   </div>
   <div class='ocr_carea' id='block_1_152' title="bbox 2024 5607 3545 5675">
    <p class='ocr_par' dir='ltr' id='par_1_152' title="bbox 2024 5607 3545 5675">
     <span class='ocr_line' id='line_1_158' title="bbox 2024 5607 3545 5675; baseline 0.005 -18"><span class='ocrx_word' id='word_1_1193' title='bbox 2024 5623 2179 5672; x_wconf 77' lang='lat' dir='ltr'><em>prava</em></span> <span class='ocrx_word' id='word_1_1194' title='bbox 2201 5620 2248 5658; x_wconf 88' lang='lat' dir='ltr'><em>et</em></span> <span class='ocrx_word' id='word_1_1195' title='bbox 2279 5609 2580 5659; x_wconf 83' lang='lat' dir='ltr'><em>mnaricuns.</em></span> <span class='ocrx_word' id='word_1_1196' title='bbox 2617 5607 2682 5662; x_wconf 87' lang='lat' dir='ltr'><em>G.</em></span> <span class='ocrx_word' id='word_1_1197' title='bbox 2713 5611 2849 5660; x_wconf 84' lang='lat' dir='ltr'><em>natio</em></span> <span class='ocrx_word' id='word_1_1198' title='bbox 2877 5625 3029 5675; x_wconf 88' lang='lat' dir='ltr'><em>prava</em></span> <span class='ocrx_word' id='word_1_1199' title='bbox 3052 5621 3097 5660; x_wconf 85' lang='lat' dir='ltr'><em>et</em></span> <span class='ocrx_word' id='word_1_1200' title='bbox 3126 5611 3449 5662; x_wconf 67' lang='lat' dir='ltr'><em>exacerbans.</em></span> <span class='ocrx_word' id='word_1_1201' title='bbox 3480 5611 3545 5664; x_wconf 80' lang='lat' dir='ltr'><em>II.</em></span> 
     </span>
    </p>
   </div>
   <div class='ocr_carea' id='block_1_153' title="bbox 2023 5676 3546 5746">
    <p class='ocr_par' dir='ltr' id='par_1_153' title="bbox 2023 5676 3546 5746">
     <span class='ocr_line' id='line_1_159' title="bbox 2023 5676 3546 5746; baseline 0.003 -16"><span class='ocrx_word' id='word_1_1202' title='bbox 2023 5676 2179 5730; x_wconf 72' lang='lat' dir='ltr'><em>Rulli.</em></span> <span class='ocrx_word' id='word_1_1203' title='bbox 2209 5677 2275 5728; x_wconf 76' lang='grc' dir='ltr'><em>Μ.</em></span> <span class='ocrx_word' id='word_1_1204' title='bbox 2301 5694 2457 5745; x_wconf 84' lang='lat' dir='ltr'><em>genus</em></span> <span class='ocrx_word' id='word_1_1205' title='bbox 2481 5695 2690 5746; x_wconf 78' lang='lat' dir='ltr'><em>pravum</em></span> <span class='ocrx_word' id='word_1_1206' title='bbox 2712 5691 2754 5730; x_wconf 81' lang='lat' dir='ltr'><em>et</em></span> <span class='ocrx_word' id='word_1_1207' title='bbox 2788 5696 3128 5746; x_wconf 83' lang='lat' dir='ltr'><em>peramarum.</em></span> <span class='ocrx_word' id='word_1_1208' title='bbox 3160 5678 3221 5730; x_wconf 77' lang='lat' dir='ltr'><em>Et</em></span> <span class='ocrx_word' id='word_1_1209' title='bbox 3249 5679 3324 5732; x_wconf 82' lang='lat' dir='ltr'><em>sic</em></span> <span class='ocrx_word' id='word_1_1210' title='bbox 3354 5681 3459 5731; x_wconf 68' lang='lat' dir='ltr'><em>fere</em></span> <span class='ocrx_word' id='word_1_1211' title='bbox 3486 5683 3546 5734; x_wconf 69' lang='lat' dir='ltr'><em>tl.</em></span> 
     </span>
    </p>
   </div>
   <div class='ocr_carea' id='block_1_154' title="bbox 1969 5746 3552 5814">
    <p class='ocr_par' dir='ltr' id='par_1_154' title="bbox 1969 5746 3552 5814">
     <span class='ocr_line' id='line_1_160' title="bbox 1969 5746 3552 5814; baseline 0 -16"><span class='ocrx_word' id='word_1_1212' title='bbox 1969 5746 2001 5814; x_wconf 87' lang='lat'><em>7</em></span> <span class='ocrx_word' id='word_1_1213' title='bbox 2030 5787 2041 5798; x_wconf 92' lang='lat'>.</span> <span class='ocrx_word' id='word_1_1214' title='bbox 2076 5748 2128 5800; x_wconf 84' lang='lat'><em>9.</em></span> <span class='ocrx_word' id='word_1_1215' title='bbox 2159 5748 2466 5798; x_wconf 68' lang='lat' dir='ltr'><em>attendentes</em></span> <span class='ocrx_word' id='word_1_1216' title='bbox 2503 5759 2546 5798; x_wconf 74' lang='lat' dir='ltr'><em>et</em></span> <span class='ocrx_word' id='word_1_1217' title='bbox 2589 5751 2838 5802; x_wconf 61' lang='lat' dir='ltr'><em>minantes</em></span> <span class='ocrx_word' id='word_1_1218' title='bbox 2869 5765 3061 5801; x_wconf 87' lang='lat' dir='ltr'><em>arcum.</em></span> <span class='ocrx_word' id='word_1_1219' title='bbox 3096 5750 3159 5802; x_wconf 88' lang='lat' dir='ltr'><em>II.</em></span> <span class='ocrx_word' id='word_1_1220' title='bbox 3197 5749 3348 5802; x_wconf 85' lang='lat' dir='ltr'><em>Rom.</em></span> <span class='ocrx_word' id='word_1_1221' title='bbox 3385 5751 3552 5800; x_wconf 73' lang='lat' dir='ltr'><em>intra-</em></span> 
     </span>
    </p>
   </div>
   <div class='ocr_carea' id='block_1_155' title="bbox 2026 5819 3548 5890">
    <p class='ocr_par' dir='ltr' id='par_1_155' title="bbox 2026 5819 3548 5890">
     <span class='ocr_line' id='line_1_161' title="bbox 2026 5819 3548 5890; baseline 0.002 -21"><span class='ocrx_word' id='word_1_1222' title='bbox 2026 5819 2192 5870; x_wconf 84' lang='lat' dir='ltr'><em>dentes</em></span> <span class='ocrx_word' id='word_1_1223' title='bbox 2237 5835 2442 5883; x_wconf 81' lang='lat' dir='ltr'><em>arcton,</em></span> <span class='ocrx_word' id='word_1_1224' title='bbox 2490 5829 2534 5872; x_wconf 84' lang='lat' dir='ltr'><em>et</em></span> <span class='ocrx_word' id='word_1_1225' title='bbox 2567 5820 2809 5873; x_wconf 83' lang='lat' dir='ltr'><em>mittentes</em></span> <span class='ocrx_word' id='word_1_1226' title='bbox 2843 5821 3053 5890; x_wconf 84' lang='lat' dir='ltr'><em>sagittas</em></span> <span class='ocrx_word' id='word_1_1227' title='bbox 3091 5835 3230 5871; x_wconf 77' lang='lat' dir='ltr'><em>suas.</em></span> <span class='ocrx_word' id='word_1_1228' title='bbox 3264 5820 3352 5874; x_wconf 88' lang='lat' dir='ltr'><em>Sic</em></span> <span class='ocrx_word' id='word_1_1229' title='bbox 3389 5823 3548 5874; x_wconf 76' lang='lat' dir='ltr'><em>etiam</em></span> 
     </span>
    </p>
   </div>
   <div class='ocr_carea' id='block_1_156' title="bbox 2941 5909 3223 5991">
    <p class='ocr_par' dir='ltr' id='par_1_156' title="bbox 2941 5909 3223 5991">
     <span class='ocr_line' id='line_1_162' title="bbox 2941 5909 3223 5991; baseline -0.011 -20"><span class='ocrx_word' id='word_1_1230' title='bbox 2941 5909 3223 5991; x_wconf 52' lang='lat' dir='ltr'><em>{Deum}</em></span> 
     </span>
    </p>
   </div>
  </div>
