3956 6318
257 386 325 444 ss
1443 380 1810 438 VARIANTIA
1858 380 1920 434 IN
1961 381 2384 438 PSALTERIIS.
3499 399 3573 457 δι

273 504 303 569 7
331 543 341 553 .
378 500 496 556 I22.
524 500 765 569 Suscipe,
795 509 898 556 etc.
945 501 1009 554 A.
1041 499 1255 570 Excipe.
1293 499 1359 552 R.
1407 499 1561 551 Rom.
1592 499 1660 552 Μ.
1694 499 1757 554 G.
1789 499 1847 552 C.

329 571 490 642 Elige.
522 572 686 627 Hebr.
718 571 928 641 Sponde
957 587 1047 639 pro
1065 585 1205 625 servo
1223 570 1384 642 _tu0_in
1409 571 1615 642 bonum.

257 640 382 698 Item
414 639 460 710 '7
485 681 500 697 .
531 643 654 696 I22.
684 639 784 695 non
805 644 1193 696 calumnientur.
1219 640 1285 693 11.
1305 640 1463 694 Rom.
1496 639 1565 692 Μ.
1590 639 1654 694 G.
1685 650 1738 692 ut
1757 655 1856 691 non

323 715 714 767 calumnientur.

271 783 302 850 7
329 783 497 854 .7126.
528 783 750 854 faciendi
781 781 1014 854 Domine.
1048 782 1111 836 Α.
1240 780 1310 854 11.
1331 780 1479 850 juxta
1503 779 1597 834 Gr.
1632 780 1853 854 [aciendi

330 851 566 907 Domino.
596 853 759 908 Favet
795 854 949 907 Amb.
988 853 1041 906 in
1067 851 1274 906 ratione
1300 851 1708 919 interpretandi.

270 925 302 982 7
329 963 340 976 .
376 925 500 978 128.
534 924 808 995 dirigebar.
843 926 907 977 Α.
942 923 1098 995 Amb.
1127 923 1434 992 corrigebar.

269 996 300 1063 7
327 1035 340 1047 .
377 997 502 1050 156.
527 988 971 1064 Exilusaquarum
995 988 1331 1064 άεᾴηαεενῃῇι,
1351 1003 1455 1064 etc.
1482 991 1542 1044 C.
1569 988 1674 1064 Per
1693 991 1856 1044 exitus

324 1083 598 1134 aquarum,
621 1075 728 1120 etc.
763 1062 824 1119 R.
856 1064 1009 1134 Rom.
1040 1063 1109 1117 Μ.
1139 1063 1202 1117 G.
1244 1063 1308 1117 H.
1347 1062 1408 1116 G.
1434 1063 1762 1134 transierunt.

326 1131 711 1189 descenderunt.
746 1134 901 1189 Amb.
939 1132 1007 1186 In
1035 1134 1275 1187 decursus
1303 1149 1550 1203 aquarum
1579 1131 1856 1203 descende-

327 1217 465 1259 runt.
499 1207 663 1261 Hebr.
695 1206 808 1259 Rivi
833 1222 1080 1274 aquarum
1111 1202 1423 1272 ﬂuebantde
1451 1202 1611 1274 oculis
1637 1203 1777 1255 meis.

257 1275 385 1330 Item
441 1277 474 1344 7
499 1315 512 1329 .
548 1278 668 1332 156.
699 1295 801 1330 non
829 1272 1192 1330 custodierunt.
1219 1274 1376 1328 Amb.
1403 1283 1475 1329 et.
1505 1272 1598 1328 Gr.
1633 1288 1735 1324 non
1761 1288 1854 1325 cu-

321 1349 524 1400 stodivi.

270 1417 304 1486 7
329 1457 342 1469 .
381 1419 507 1473 159.
551 1417 822 1470 Tabesccre
855 1431 935 1469 me
974 1415 1270 1486 fecitkzelus
1300 1431 1463 1468 meus.
1501 1415 1565 1467 Α.
1593 1411 1662 1466 Μ.
1682 1410 1854 1486 fabe-

323 1487 442 1556 [erit
485 1506 583 1549 me.
631 1499 736 1542 etc.
785 1489 942 1539 Amb.
974 1482 1044 1540 G.
1082 1484 1363 1556 Exquisivit
1407 1502 1506 1548 me,
1528 1493 1635 1538 etc.
1681 1483 1752 1536 M.
1787 1482 1850 1534 Η.

325 1555 465 1612 salus
492 1569 628 1611 tuus.
681 1559 743 1612 R.
778 1558 933 1610 Roin.
966 1556 1124 1608 Amb.
1156 1555 1220 1608 G.
1253 1555 1314 1608 C.
1346 1556 1484 1609 zelus
1514 1557 1694 1607 domus
1731 1563 1852 1606 tute.

325 1624 462 1682 Vide
494 1630 682 1682 Enarr.
718 1630 769 1681 in
801 1627 936 1681 Psal.
975 1626 1099 1692 118,
1139 1641 1304 1679 serm.
1330 1626 1400 1680 28
1426 1665 1442 1690 ,
1472 1643 1524 1678 n.
1548 1627 1603 1678 ‘2.

272 1698 344 1767 7.
373 1700 496 1755 H5.
543 1709 590 1753 et
637 1697 982 1766 angustia.A.
1014 1695 1084 1750 Μ.
1136 1696 1295 1750 Amb.
1339 1707 1386 1750 et
1425 1694 1713 1750 necessitas.
1758 1691 1854 1748 Gr.

323 1793 546 1824 ανανλαι.

271 1795 586 1908 Ῡῗνῗέῗιξι
614 1840 796 1893 vivam.
825 1837 892 1893 Μ.
915 1835 981 1893 G.
1015 1846 1061 1892 et
1095 1836 1292 1906 vivi/ica
1327 1853 1423 1906 nte.
1462 1834 1529 1890 II.
1558 1851 1766 1902 eorum,
1809 1843 1858 1887 et

326 1913 420 1962 vivi
425 1913 565 1978 ﬁcer.

272 1981 301 2049 7
329 2023 343 2037 .
375 1974 498 2035 H7.
529 1983 580 2034 in
614 1981 920 2034 maturitate.
958 1983 1023 2036 Α.
1051 1983 1105 2036 in
1146 1981 1445 2047 intempesta
1474 1986 1637 2030 nocte.
1684 1974 1780 2049 Gr.
1810 1979 1859 2028 δν

324 2055 511 2121 ᾁωρίᾳ,
541 2055 593 2105 in
629 2053 990 2114 immaturitate
1015 2069 1032 2107 :
1058 2067 1176 2121 qua:
1203 2051 1359 2104 lectio
1390 2049 1650 2121 probatur
1671 2047 1855 2121 Augu-

326 2115 506 2194 ειῑηά.
529 2123 690 2177 IIebr.
724 2123 904 2194 babet,
935 2115 1221 2194 Surgebam
1248 2115 1494 2194 adhuc'in
1523 2115 1756 2170 tenebris.

275 2193 301 2255 7
331 2231 343 2241 .
379 2193 502 2246 H8.
533 2195 600 2244 ad
627 2205 671 2246 te
700 2193 944 2248 diluculo.
974 2189 1219 2262 Afjuxta
1247 2190 1342 2246 Gr.
1373 2189 1441 2262 ad
1463 2198 1790 2262 matutinum.

272 2264 340 2332 7.
381 2265 502 2316 156.
537 2266 807 2327 iniquitati.
849 2267 914 2318 A.
952 2258 1236 2334 iniquitate.
1279 2261 1437 2315 Amb.
1470 2258 1535 2313 G.
1569 2258 1632 2312 C.
1659 2258 1855 2324 inique.

329 2334 389 2386 11.
422 2335 576 2386 “Ulli.
609 2336 784 2386 initmi.

348 2337 389 2386 1.
422 2335 576 2386 “Ulli.
609 2336 784 2387 infimi.

329 2352 389 2386 ις.
422 2352 576 2386 mnu.
609 2352 784 2403 iniqui.

268 2406 340 2475 7.
380 2404 499 2458 l5i6.
535 2409 726 2459 multat.
779 2405 842 2458 R.
877 2405 1035 2459 Rom.
1079 2403 1240 2459 Amb.
1291 2400 1536 2464 addunt,
1582 2399 1752 2451 nimis.
1786 2397 1851 2450 II.

325 2475 491 2528 valde.

270 2547 300 2609 1
331 2586 342 2596 .
385 2546 504 2600 158.
546 2543 664 2599 Vidi
709 2546 1117 2615 praevaricantes.
1165 2547 1230 2600 Α.
1272 2542 1722 2615 Yidi_in_.iensatos.
1754 2537 1850 2592 Gr.

324 2621 678 2679 dsu.¢roﬁzra;.
709 2611 775 2671 R.
806 2619 961 2672 Rom.
991 2617 1061 2670 Μ.
1084 2616 1244 2670 Amb.
1274 2613 1339 2669 G.
1361 2613 1425 2667 11.
1449 2611 1508 2666 C.
1529 2628 1629 2664 non
1650 2625 1854 2662 servan-

325 2700 394 2738 tes
428 2697 648 2750 pactum.

271 2759 299 2826 7
329 2799 340 2810 .
374 2759 495 2809 16o.
525 2759 700 2811 dilexi.
736 2757 893 2812 Amb.
925 2756 991 2813 G.
1024 2756 1140 2826 feci.

269 2819 300 2897 7
329 2870 339 2876 .
374 2829 494 2880 167.
527 2840 572 2881 et
616 2830 812 2883 dilexit.
852 2832 918 2881 A.
950 2819 1204 2886 RfRom.
1234 2823 1299 2881 G.
1327 2823 1388 2880 C.
1427 2822 1550 2878 Car.
1599 2819 1762 2875 Ilebr.
1807 2828 1853 2872 et

324 2899 499 2950 dilexi.

270 2971 340 3038 7.
371 2969 494 3024 172.
526 2969 770 3023 mandata
812 2982 900 3023 tua
936 2969 1168 3038 aquilas.
1211 2969 1274 3020 A.
1304 2963 1546 3038 mandata
1587 2973 1672 3038 tua
1711 2960 1853 3030 judi-

325 3041 454 3112 ria:
485 3040 654 3107 forte,
695 3042 940 3112 justitia,
985 3034 1042 3093 ut
1069 3039 1224 3093 Amb.
1273 3038 1340 3090 At
1365 3036 1428 3089 G.
1471 3034 1718 3087 ntandata
1762 3040 1852 3087 tua

323 3122 524 3164 veritas.
1694 3152 1696 3154 τ

269 3182 300 3252 7
326 3221 340 3234 .
374 3181 496 3234 176.
539 3197 724 3252 quazre.
754 3182 912 3236 Amb.
941 3179 1006 3236 G.
1032 3181 1095 3234 H.
1123 3179 1339 3252 vivi/ica.
1375 3175 1525 3252 IIane
1544 3173 1853 3252 discrepané

325 3253 450 3304 tiam
480 3244 627 3303 uiuat
659 3254 1004 3322 Augustinus,
1030 3244 1284 3322 ortamab
1305 3244 1700 3315 exemplaribus
1718 3258 1854 3311 grte-

321 3323 422 3386 cis‘,
449 3340 678 3392 (piorum
699 3321 858 3392 aliqui
885 3327 1028 3388 ζῆσον
1055 3321 1339 3382 habebant,
1372 3333 1468 3387 pro
1496 3321 1719 3382 ζήτησον.

802 3409 870 3448 εκ
911 3406 1112 3448 ΡεΑωιο
1149 3406 1292 3445 CXIX.

270 3463 342 3532 7.
379 3463 429 3516 I.
463 3459 726 3517 Canticum
749 3463 1110 3533 graduum..G.
1144 3461 1405 3515 Canticum
1427 3471 1746 3533 ascensuum.

259 3522 384 3587 I'tctn
430 3535 463 3602 7
489 3571 502 3585 .
535 3536 588 3600 1.
613 3535 694 3587 Ad
723 3522 1016 3589 Dominum.
1043 3551 1057 3564 ·
1087 3573 1100 3585 .
1124 3549 1136 3562 ·
1162 3571 1176 3584 .
1200 3543 1244 3584 et
1271 3528 1525 3602 exaudivit
1549 3543 1648 3579 nte.
1687 3527 1751 3579 A.
1781 3522 1846 3578 G.

326 3605 387 3658 II.
420 3601 501 3657 Ad
521 3615 586 3669 te,
620 3604 850 3659 Domine.
880 3623 893 3635 ·
923 3644 937 3657 .
965 3621 978 3635 ο
1006 3643 1020 3656 .
1043 3613 1087 3656 et
1115 3601 1363 3655 exaudisti
1393 3615 1486 3650 me.

270 3676 300 3738 7
327 3715 338 3725 .
368 3676 420 3730 5.
442 3677 899 3748 iprolongatusest.
932 3675 997 3728 A.
1017 3674 1327 3748 longinquus
1355 3673 1519 3748 factus
1541 3676 1633 3748 est.

257 3737 384 3798 Item
540 3746 592 3799 5.
622 3737 739 3798 cum
777 3737 1133 3815 habitantibus
1156 3737 1366 3815 Cédarf
1393 3743 1465 3815 Α.Δ
1492 3737 1763 3815 juxta-Gr:
1797 3743 1854 3790 et

325 3807 487 3869 Hebr.
520 3833 633 3868 cum
678 3813 1013 3869 tabernaculis
1046 3815 1231 3868 Cedar.
1284 3813 1374 3866 Sic
1399 3812 1557 3864 eliatu
1591 3807 1850 3861 Hilarium

325 3887 519 3956 legisse
549 3903 613 3940 ex
643 3887 1027 3956 interpretandi
1050 3886 1261 3939 ratione
1288 3882 1648 3956 cognoscitur.

270 3958 340 4026 7.
369 3950 422 4010 6.
459 3956 675 4010 multum
712 3950 881 4010 incola
924 3959 1040 4027 fuit.
1083 3959 1148 4009 Α.
1185 3955 1399 4007 multum
1422 3950 1737 4022 peregrinata
1759 3956 1850 4001 est.

326 4030 390 4088 Iit
414 4031 490 4080 sic
519 4028 679 4082 Hebr.

821 4114 888 4152 EX
929 4112 1128 4153 ΡΕΛΒΜΟ
1165 4111 1265 4150 CXX
1278 4136 1289 4147 .

272 4170 302 4237 7
328 4209 341 4222 .
376 4169 429 4222 5.
460 4167 581 4221 Non
608 4169 708 4220 det.
744 4171 806 4221 A.
833 4170 978 4236 juxta
1003 4169 1096 4224 Gr.
1131 4167 1249 4219 Non
1282 4167 1387 4217 des.

374 4240 428 4294 5.
458 4241 676 4292 custodit
705 4249 770 4292 te.
803 4240 865 4292 A.
903 4240 965 4294 Η.
987 4240 1136 4308 juxta
1159 4237 1252 4292 Gr.
1283 4236 1522 4289 custodiet
1552 4244 1616 4285 te.

252 4306 382 4366 Item
543 4311 594 4363 5.
628 4310 875 4380 proteCtio
899 4306 1006 4362 tua.
1040 4311 1104 4362 Α.
1139 4318 1477 4380 tegumentum
1507 4317 1669 4380 tuum.

255 4382 382 4437 Item
424 4371 458 4437 7
485 4421 498 4435 .
540 4384 596 4435 5.
628 4371 896 4436 dexteram
934 4392 1092 4435 tuam.
1127 4371 1206 4432 A:
1227 4378 1292 4431 Β.
1325 4378 1480 4431 llum.
1507 4375 1575 4428 M.
1607 4375 1672 4429 G.
1698 4374 1763 4427 H.
1789 4371 1851 4425 (Σ.

323 4458 547 4506 dexterae
573 4464 694 4506 tute.

811 4539 876 4576 ΕΧ
918 4536 1120 4576 Ρελωιο
1156 4535 1308 4575 CXXI.

269 4596 301 4663 7
328 4635 340 4647 .
377 4595 424 4646 1.
451 4609 566 4664 qua:
590 4593 729 4647 dicta
755 4604 869 4647 sunt
911 4593 1056 4646 milii.
1099 4595 1165 4645 A.
1199 4595 1342 4660 juxta
1377 4587 1472 4644 Gr.
1505 4588 1589 4657 qui
1620 4587 1855 4639 dixerunt

324 4665 470 4717 milii.

268 4728 302 4804 7
329 4777 343 4789 .
376 4733 431 4788 2.
463 4737 517 4787 in
558 4736 700 4788 atriis
731 4735 846 4787 tuis.
884 4734 997 4787 Vox
1030 4733 1128 4786 tuis
1152 4732 1301 4784 abest
1331 4730 1397 4804 a_b
1522 4729 1587 4784 G.
1620 4729 1682 4804 11.

328 4846 342 4859 .
376 4808 430 4858 4.
461 4807 651 4858 ποτινιιὶ
695 4804 921 4858 Domini.
961 4806 1027 4858 Α.
1064 4805 1126 4856 R.
1152 4804 1307 4856 Rom.
1335 4801 1399 4855 G.
1425 4801 1486 4854 C.
1526 4800 1721 4852 nomini
1747 4807 1853 4859 tuo,

325 4877 560 4931 Domine.

329 4986 343 5000 .
373 4949 426 5002 5.
457 4949 512 5000 in
528 4947 748 5018 judicio.
779 4949 842 5018 Α.
864 4945 1010 5018 juxta
1035 4945 1127 5018 Gr.
1157 4944 1212 5018 in_
1227 4943 1504 5010 judicium.

332 5058 344 5070 .
377 5022 431 5070 ti.
459 5013 672 5086 Πείραιε.
703 5022 768 5070 Α.
797 5013 875 5069 Μ.
896 5016 1042 5084 juxta
1066 5015 1158 5070 Gr.
1189 5013 1529 5086 lutei-rogate.

333 5130 344 5141 .
379 5089 432 5146 7.
465 5091 520 5141 in
540 5084 772 5140 turribus
795 5088 913 5139 tuis.
950 5087 1013 5140 H.
1043 5088 1097 5139 in
1118 5084 1338 5139 turribus
1367 5086 1464 5136 tuis
1481 5085 1737 5155 gravibus.
1759 5086 1854 5142 Gt.

326 5166 374 5213 ἓν
400 5175 508 5220 ταῖς
535 5164 844 5227 πυριοϐάρισί
865 5180 968 5209 σευ.

333 5271 346 5281 .
380 5230 434 5284 8.
462 5223 720 5300 loquebar.
744 5223 813 5280 Ἀ.
842 5227 909 5281 G.
936 5229 1086 5294 juxta
1111 5225 1205 5281 Gr.
1235 5223 1476 5295 loquebar
1501 5236 1688 5281 autem.

817 5315 882 5351 EX
923 5313 1122 5352 PSAL-IIO
1160 5311 1324 5350 CXXII.

333 5409 346 5423 .
375 5369 431 5424 2.
459 5371 510 5423 in
531 5369 783 5423 manibus.
813 5370 906 5422 Gr.
937 5377 1164 5437 utroque
1195 5368 1312 5437 loco
1339 5374 1513 5429 sonat,
1543 5367 1594 5419 in
1618 5386 1816 5422 manus.

335 5480 348 5492 .
379 5444 432 5495 4.
459 5442 590 5506 Quia
616 5439 828 5492 multum
849 5440 1038 5508 repleta
1060 5436 1150 5491 est.
1180 5440 1245 5490 Α.
1275 5436 1339 5492 G.
1363 5437 1511 5506 juxta
1541 5438 1633 5493 Gr.
1659 5439 1725 5491 In
1746 5443 1861 5508 plu-

329 5514 536 5579 rimum,
563 5525 670 5566 etc.

789 5596 858 5634 EX
900 5594 1100 5633 PSALIIO
1140 5594 1324 5632 CXXIII.

276 5654 309 5720 7
335 5695 347 5706 .
377 5653 431 5707 5.
466 5655 613 5724 furor
637 5669 834 5724 eorum.
859 5651 928 5724 VR.
965 5652 1120 5703 Rom.
1153 5650 1221 5702 Μ.
1252 5650 1316 5702 11.
1346 5647 1403 5704 C.
1434 5649 1638 5724 animus
1662 5667 1854 5703 eormn.

279 5726 310 5793 7
337 5766 349 5777 .
383 5725 435 5778 ι.
464 5721 597 5791 aqua
632 5721 967 5775 nbsorbuisset
994 5737 1120 5793 nos.
1245 5737 1376 5788 aqua
1407 5723 1721 5793 demersisset
1745 5739 1856 5775 nos.

336 5796 398 5848 It.
431 5790 586 5848 Rom.
617 5795 751 5846 velut
782 5808 912 5857 aqua
952 5791 1320 5844 absmbuissent
1350 5807 1458 5843 uos.
1495 5790 1561 5843 Μ.
1594 5800 1648 5843 ut
1677 5809 1858 5862 aquam

335 5867 699 5921 absorbuissuu
728 5880 836 5917 nos.

272 4808 302 4876 ἲ

269 4951 304 5086 ἶ

274 5091 305 5158 1

272 5232 306 5299 Ῡ

274 5371 308 5437 1

276 5442 310 5513 1

1989 502 2058 568 7.
2095 500 2145 554 5.
2188 500 2423 575 Forsitan
2470 504 2838 568 pertransisset.
2887 507 2949 558 A.
2991 505 3138 575 juxta
3183 508 3275 563 Gr.
3322 506 3566 564 Forsitan

2039 581 2350 633 pertransiit.

1967 640 2097 693 IIem
2143 643 2212 717 7_.
2244 644 2310 717 5;
2327 659 2512 710 aquam
2557 644 2942 697 intolerabilem.
2994 649 3057 700 Α.
3085 665 3267 717 aquam
3297 649 3405 702 sine
3444 654 3584 703 ηιμ.

2036 713 2242 792 stantia.
2273 711 2365 764 Gr.
2400 722 2456 767 τὸ
2484 717 2603 782 ὕδωρ
2628 724 2682 767 τὸ
2706 718 3043 770 ἀνυπόστατον.
3079 711 3147 771 Μ’.
3179 719 3242 774 G.
3275 720 3338 774 11.
3379 734 3567 787 aquam

2036 798 2350 836 immensam.

1983 851 2015 919 7
2043 893 2056 932 ε
2088 853 2141 905 6.
2165 853 2216 904 in
2244 853 2546 921 captionem.
2578 855 2641 909 A.
2676 853 2740 910 G.
2761 857 2908 925 juxta
2932 856 3024 911 Gr.
3051 858 3104 909 in
3130 859 3459 910 venationem.
3492 859 3563 910 Μ.

2037 938 2090 974 tn
2118 932 2405 992 capturum.

2505 1010 2572 1048 EX
2614 1012 2816 1052 PSALMO
2854 1013 3032 1051 CXXIV.

1983 1061 2016 1130 7
2043 1101 2054 1114 .
2089 1063 2138 1116 I.
2161 1079 2262 1116 non
2286 1066 2674 1120 commovebitur
2699 1108 2710 1119 .
2740 1087 2754 1100 -
2782 1108 2795 1119 .
2826 1087 2838 1098 -
2866 1106 2878 1118 .
2902 1072 2984 1134 qui
3007 1067 3215 1120 liabitat.
3239 1070 3301 1121 A.
3322 1085 3422 1120 non
3439 1084 3563 1121 com-

2039 1133 2369 1186 movebuntur
2390 1173 2404 1186 .
2433 1152 2446 1166 -
2475 1174 2488 1187 .
2516 1153 2528 1166 ·
2554 1175 2569 1188 .
2587 1138 2674 1200 qui
2700 1133 3000 1191 inhabitant.

1981 1205 2013 1273 7
2041 1242 2053 1254 .
2162 1205 2212 1256 in
2244 1204 2573 1277 obligatione;
2594 1249 2608 1272 ,
2655 1209 2890 1262 adducet.
2918 1210 2981 1263 Α.
3015 1210 3067 1262 in
3088 1209 3559 1277 strangulationem,

2034 1275 2270 1348 abducet.
2312 1273 2481 1348 Favet
2500 1275 2593 1348 Gr.
2624 1287 2689 1338 εἰς
2714 1286 2799 1339 τὰς
2829 1289 3147 1348 cepa-notha;
3177 1273 3371 1341 ἀτίάξει.
3399 1278 3464 1332 (ἶ.
3496 1278 3564 1330 ad

2033 1343 2412 1416 su/I'ocationes.
2442 1345 2504 1400 C.
2527 1347 2578 1400 in
2603 1343 2965 1416 pravitatibus.
2987 1343 3162 1403 Hebr.
3199 1349 3266 1400 ad
3293 1349 3563 1416 pravitates

2035 1432 2174 1500 sIuas.
2207 1413 2345 1500 sunt
2360 1417 2460 1500 Δ(101
2477 1417 2538 1500 nin
2567 1413 2789 1500 Vulgata
2815 1435 2913 1500 pro
2937 1413 3301 1500 obligationes,
3318 1419 3558 1472 scriben-

2034 1485 2160 1539 dum
2189 1493 2376 1556 putant
2407 1485 2785 1554 obliquationes,
2815 1485 2868 1544 id
2895 1500 2977 1544 est
3007 1485 3367 1543 tortuositates.

2521 1574 2585 1612 EX
2626 1574 2826 1614 PSALIIO
2864 1576 2963 1615 CXX
2973 1575 3006 1609 V

1980 1626 2013 1695 7
2040 1664 2054 1678 .
2083 1627 2136 1680 1.
2165 1625 2232 1680 In
2254 1630 2606 1683 convertendo.
2638 1633 2702 1684 A.
2731 1645 2851 1684 cum
2882 1631 3042 1685 Hebr.
3076 1627 3201 1684 Cum
3231 1637 3537 1682 converteret

1973 1721 1975 1724 ⁴
2037 1695 2101 1752 G.
2131 1696 2258 1752 Cum
2285 1708 2543 1753 averteret.
2573 1697 2666 1755 Gr.
2694 1706 2742 1754 ιν
2766 1711 2832 1769 τῷ
2854 1708 3129 1771 (amputat
3149 1707 3342 1752 Κύρων.

2503 1787 2571 1824 EX
2609 1785 2811 1825 PSALIIO
2847 1786 3026 1826 CXXVI.

1980 1837 2016 1910 7
2041 1878 2054 1891 .
2167 1841 2362 1910 frustra
2386 1839 2580 1909 vigilat.
2605 1841 2670 1894 Λ.
2695 1841 2762 1895 G.
2792 1843 2846 1894 in
2867 1858 3053 1894 vanum
3078 1839 3343 1894 laboravit.

1979 1909 2016 1977 7
2039 1908 2132 1979 .75.
2159 1908 2245 1978 qui
2267 1908 2509 1979 implevit.
2539 1911 2609 1964 Μ.
2632 1911 2781 1979 juxta
2811 1911 2902 1966 Gr.
2935 1921 2988 1966 et
3017 1911 3176 1964 Hebr.
3204 1911 3287 1975 qui
3313 1908 3564 1979 implebit.

2039 1978 2108 2032 Et
2137 1979 2212 2052 sic
2241 1978 2469 2052 habebat
2498 1978 2718 2052 Vulgata
2747 1984 2796 2035 in
2823 1982 2974 2036 Colb.
3001 1980 3125 2035 Ger.
3155 1980 3272 2036 Gal.

1965 2048 2096 2120 Item
2138 2049 2172 2117 7
2197 2087 2211 2102 .
2241 2051 2297 2120 5.
2341 2067 2441 2104 non
2480 2048 2820 2120 confundetur
2861 2069 2976 2105 cum
3015 2053 3264 2119 loquetur.
3299 2052 3360 2103 Α.
3402 2051 3557 2102 Rom.

2035 2117 2101 2174 G.
2133 2121 2198 2174 II.
2225 2119 2288 2176 C.
2313 2122 2461 2190 juxta
2491 2117 2587 2176 Gr.
2613 2139 2712 2174 non
2742 2117 3113 2191 confundentur
3133 2139 3245 2174 cum
3273 2123 3553 2190 loquentur.

2491 2207 2560 2246 EX
2599 2208 2798 2246 PSALUt)
2827 2209 2954 2245 CXX\
2969 2208 3023 2245 11.

1977 2260 2052 2331 7.
2083 2261 2139 2315 2.
2170 2260 2392 2316 Labor-es
2428 2279 2671 2315 manuum
2716 2274 2918 2316 tuarum
2957 2263 3074 2331 quia
3108 2263 3459 2314 manducabis.
3492 2264 3553 2311 Α.

2037 2330 2100 2403 Β.
2132 2331 2289 2389 Rom.
2312 2333 2383 2386 Μ.
2407 2332 2472 2388 G.
2500 2332 2564 2386 11.
2587 2332 2649 2387 C.
2673 2332 2894 2386 Labores
2912 2330 3166 2403 fructuum
3196 2343 3393 2382 tuorum
3417 2348 3556 2380 man.

2035 2402 2262 2456 ducabis.
2323 2403 2570 2457 Erratum
2620 2419 2685 2457 ex
2731 2405 2977 2472 ambigua
3028 2418 3156 2454 voce
3204 2417 3374 2469 gratca
3404 2443 3417 2460 ,
3467 2415 3555 2452 ubi

2033 2485 2222 2540 καρπῶν
2255 2492 2266 2525 :
2297 2485 2470 2544 καρποὶ
2497 2475 2639 2526 enim
2667 2474 2917 2526 dicuntur
2940 2482 2992 2526 et
3021 2473 3252 2536 fructus,
3285 2484 3338 2523 et
3371 2473 3555 2538 pabuas

2033 2558 2127 2595 seu
2159 2559 2366 2610 manus,
2395 2559 2462 2596 ex
2492 2544 2712 2597 Hieron.
2744 2545 2796 2596 in
2831 2544 2998 2612 Epist.
3029 2545 3150 2596 Ml.

1976 2613 2011 2681 7
2038 2653 2049 2662 .
2082 2614 2135 2666 5.
2178 2616 2306 2667 sicut
2345 2615 2571 2667 novellae.
2607 2616 2671 2666 Α.
2710 2616 2841 2666 velut
2882 2615 3167 2666 novellatio.
3201 2613 3263 2666 II.
3298 2613 3429 2664 sicut
3461 2629 3556 2663 no-

2032 2683 2179 2736 vella.
2217 2685 2281 2737 Et
2307 2685 2385 2737 sic
2405 2683 2624 2754 Vulgata
2649 2686 2700 2736 in
2732 2683 2852 2737 Car.
2887 2685 3038 2737 Colb.
3069 2685 3195 2738 Ger.

1958 2752 2008 2825 .7
2035 2794 2047 2804 .
2072 2755 2126 2808 5.
2161 2754 2293 2825 bona
2319 2750 2626 2825 Jerusalem.
2657 2761 2721 2807 A.
2749 2755 2817 2807 Μ.
2843 2755 2907 2809 G.
2941 2755 3001 2808 C.
3034 2772 3145 2825 quin
3167 2759 3292 2807 bona
3316 2762 3428 2804 sunt
3452 2750 3553 2803 .le-

2031 2824 2272 2876 rusalem.
2309 2825 2374 2879 R.
2400 2824 2558 2878 Rom.
2587 2841 2701 2888 quce
2726 2825 2856 2878 bona
2878 2837 2994 2878 sunt
3020 2826 3072 2877 in
3102 2824 3152 2876 Jl
3169 2828 3410 2876 rusolein.

1973 2894 2008 2963 7
2035 2934 2048 2947 .
2071 2893 2125 2948 6.
2155 2912 2347 2965 pacem.
2379 2897 2445 2949 A.
2475 2895 2542 2948 R.
2569 2893 2728 2948 Rom.
2753 2895 2821 2949 Μ.
2849 2896 2913 2950 G.
2943 2895 3001 2948 C.
3029 2896 3177 2962 juxta
3205 2895 3297 2948 Gr.
3324 2904 3444 2960 pax.

2459 2981 2532 3020 EX
2572 2981 2773 3020 Ρδλωιο
2810 2982 3026 3020 CXXVIII.

1978 3035 2007 3100 7
2033 3073 2047 3086 .
2083 3036 2134 3088 1.
2164 3037 2299 3088 dicat
2325 3052 2478 3089 nunc.
2509 3037 2578 3090 Α.
2607 3037 2740 3088 dicat
2767 3054 2902 3090 vero.
2933 3039 3027 3090 Gr.
3063 3041 3140 3094 δή.

1973 3106 2008 3178 7
2035 3143 2046 3156 .
2170 3108 2617 3178 prolangaverunt.
2645 3108 2711 3178 Α.
2742 3109 2891 3178 longe
2918 3108 3159 3178 fecerunt.

1975 3177 2008 3243 7
2035 3177 2127 3246 .ﬁ.
2163 3173 2404 3230 concidit.
2452 3179 2516 3230 A.
2563 3176 2628 3229 R.
2676 3173 2848 3231 Rom:
2881 3178 2947 3229 Μ.
2979 3178 3041 3231 (ἶ.
3077 3177 3139 3229 11.
3169 3177 3230 3228 (ἶ.
3271 3173 3560 3246 μικιειηϐν-

2030 3244 2082 3371 Et
2113 3247 2274 3370 Pebr.
2303 3248 2549 3302 concidet.
2581 3248 2646 3300 Et
2669 3251 2747 3302 sic
2775 3249 2990 3318 Vulgata
3017 3251 3065 3300 in
3089 3249 3212 3298 (lar.
3244 3248 3395 3299 C0“).
3424 3244 3549 3296 Ger.

2080 3335 2105 3368 a
2136 3357 2150 3371 .

2080 3335 2150 3371 ill.

1975 3387 2008 3456 7
2033 3427 2046 3438 .
2073 3387 2127 3442 5.
2157 3398 2202 3442 et
2224 3398 2580 3442 convertantur
2606 3400 2903 3442 retrorsum.
2931 3390 2994 3441 It.
3032 3389 3180 3440 Ronr
3221 3400 3269 3440 et
3293 3405 3385 3440 ri-v.
3405 3407 3552 3443 rettu-

2030 3468 2132 3511 tur.

1971 3529 2006 3598 7
2033 3568 2046 3580 .
2074 3530 2127 3582 6.
2176 3531 2346 3599 fenum
2386 3539 2649 3583 tectorum.
2693 3529 2760 3583 R.
2795 3530 2952 3584 Rom.
2984 3531 3053 3583 Μ.
3086 3528 3149 3584 G.
3188 3530 3247 3582 II.
3279 3529 3339 3582 (ὲ.
3386 3533 3555 3599 [unum

2028 3600 2380 3668 (edi/iciorum.

1973 3670 2006 3740 7
2033 3708 2065 3742 ._
2093 3672 2144 3723 7.
2196 3671 2458 3742 implevit.
2483 3688 2498 3700 ·
2525 3709 2539 3723 .
2567 3688 2580 3700 °
2610 3711 2622 3722 .
2649 3671 2822 3723 metit.
2849 3689 2862 3702 ο
2895 3713 2905 3722 .
2935 3689 2946 3701 ·
2976 3711 2990 3723 .
3014 3672 3224 3738 colligit.
3281 3671 3342 3724 11.
3396 3674 3550 3725 Itoov.

2028 3740 2089 3792 (ἶ.
2146 3740 2374 3808 implebit
2399 3780 2411 3792 .
2439 3759 2452 3772 '
2482 3779 2496 3793 .
2524 3757 2537 3770 ‘
2567 3781 2580 3793 .
2606 3752 2752 3794 metet
2779 3779 2791 3792 .
2821 3759 2832 3770 ⁶
2863 3781 2876 3792 .
2904 3761 2917 3772 ·
2948 3781 2960 3792 .
2985 3743 3206 3804 Colliqrt.
3258 3745 3294 3792 ὃ
3318 3762 3344 3792 t'.
3394 3755 3569 3796 ulla!!!»

2031 3811 2256 3882 Vulgata
2290 3812 2340 3865 in
2370 3811 2491 3865 Car.
2520 3812 2674 3865 Colb.
2709 3811 2837 3866 Ger.
2870 3812 2988 3865 Gal.
3019 3825 3070 3864 et
3103 3817 3241 3866 lavet
3273 3815 3434 3865 Heln.

2499 3899 2568 3935 EX
2610 3897 2811 3936 PS.\I.3IO
2848 3898 3030 3935 CXXIX.

1972 3953 2009 4023 7
2034 3991 2048 4004 .
2079 3953 2132 4006 2.
2161 3953 2211 4005 in
2237 3969 2402 4005 vocem
2435 3954 2804 4023 deprecationis
2825 3970 2966 4006 metu.
2998 3953 3062 4006 R.
3096 3952 3249 4005 Rom.
3279 3956 3339 4006 (ὲ.
3375 3955 3426 4005 in
3454 3973 3562 4006 ora-

2031 4025 2216 4076 tionem
2242 4024 2370 4076 servi
2402 4026 2474 4075 tui
2481 4019 2508 4074 ,⁷
2657 4019 2671 4043 ‘

1975 4094 2008 4164 7
2034 4135 2046 4147 .
2074 4095 2125 4149 5.
2154 4094 2216 4165 Sj
2241 4094 2532 4165 iniquitates
2563 4093 2898 4148 observaveris
2912 4093 3146 4160 Domine,
3167 4095 3399 4160 Domine,
3428 4099 3560 4165 quis,

2031 4175 2136 4218 etc.
2163 4163 2229 4219 G.
2262 4163 2586 4234 Siiniquitas
2609 4165 2821 4227 assistit,
2845 4167 2978 4234 quis,
2995 4175 3101 4218 etc.

1976 4236 2010 4305 7
2036 4275 2048 4287 .
2077 4237 2131 4288 4.
2166 4245 2373 4304 propter
2397 4235 2554 4305 legem
2579 4247 2736 4288 tuam.
2763 4235 2834 4289 Μ.
2858 4239 3004 4305 juxta
3029 4236 3120 4288 (ir.
3159 4246 3364 4306 propter
3385 4254 3564 4289 nonu'tt

2032 4317 2193 4358 tuum.

1963 4376 2092 4449 llctr-
2136 4378 2170 4445 7
2197 4416 2210 4428 .
2240 4377 2293 4430 4.
2322 4376 2374 4428 in
2399 4378 2545 4429 verba
2575 4378 2708 4447 ejus.
2741 4382 2805 4435 Α.
2830 4381 2894 4434 lt.
2926 4379 2989 4433 11.
3022 4379 3241 4449 C.juxla
3262 4378 3355 4432 Gr.
3379 4380 3428 4429 in
3462 4395 3566 4429 m-

2031 4448 2147 4499 bum
2177 4458 2338 4499 tuum.

1977 4519 2009 4586 7
2036 4557 2050 4570 .
2083 4518 2138 4572 6.
2159 4519 2224 4571 A.
2246 4519 2287 4570 Α
2313 4518 2569 4571 custodia.
2598 4522 2659 4570 Α.
2691 4519 2849 4574 llom.
2880 4521 2949 4573 Μ.
2988 4521 3023 4570 .-1
3054 4520 3243 4588 vigilia.

2506 4604 2573 4640 EX
2615 4605 2700 4641 PSA
2717 4607 2820 4646 LHO
2857 4607 3014 4644 CXXX.

1977 4660 2011 4728 7
2035 4698 2051 4712 .
2079 4658 2288 4729 2.Sicut
2309 4658 2592 4711 ablactatus
2619 4675 2689 4716 est
2707 4678 2878 4729 super,
2901 4671 3004 4712 etc.
3036 4660 3098 4712 11.
3126 4659 3270 4729 Sjcut
3294 4661 3564 4712 ublttcluto.

2033 4729 2100 4783 G.
2130 4731 2188 4780 (Σ.
2219 4726 2342 4783 Car.
2378 4729 2535 4784 Colb.
2572 4733 2699 4788 Ger.
2739 4726 2888 4797 juxta
2921 4733 3015 4782 (ir.
3049 4728 3197 4792 .Si'c'ut
3238 4731 3565 4784 ablat-fatum.

2033 4800 2100 4854 R.
2130 4799 2287 4872 Rom.
2321 4798 2386 4854 G.
2414 4799 2484 4854 11.
2515 4803 2575 4856 C.
2613 4821 2766 4872 super
2792 4813 3003 4854 matrem
3020 4797 3186 4865 suam,
3213 4803 3284 4853 ita
3305 4802 3572 4854 retril'ues.

2034 4872 2100 4925 Ει
2127 4873 2204 4924 sic
2229 4870 2321 4925 Gr.

2519 4961 2586 4998 ΣΧ
2620 4959 2822 4998 ΡΞΛΜΙΟ
2846 4958 3024 4996 CXXXI.

1979 5015 2011 5084 7
2039 5014 2572 5097 ..1..ηιᾳηεῑςειιιάὶιιὶε
2600 5017 2734 5084 ejus.
2764 5015 2830 5069 G.
2859 5013 3115 5066 modestia:
3145 5014 3270 5081 ejus.
3298 5011 3458 5066 Ilcbr.
3493 5029 3568 5097 cf.

2034 5086 2275 5154 ﬂictiouis
2305 5087 2432 5154 ejus.

1978 5156 2009 5223 7
2041 5195 2052 5207 .
2085 5158 2136 5206 6.
2167 5157 2219 5208 in
2247 5157 2439 5224 campis
2459 5156 2622 5210 εῑιυω.
2654 5157 2718 5209 Α.
2743 5158 2793 5208 in
2824 5158 3019 5225 campis
3039 5161 3282 5214 saltuum.

1980 5227 2013 5291 7
2040 5265 2052 5276 .
2088 5227 2142 5306 7n.
2188 5226 2521 5306 lntroibintus
2545 5229 2598 5280 in
2627 5227 3004 5306 tabernaculum
3028 5231 3138 5306 ejus
3160 5272 3176 5292 ,
3219 5235 3562 5306 adorabintus,

1965 5307 2069 5352 etc.
2103 5295 2432 5372 Gr._sonat_,_l
2443 5307 2666 5372 nti-emus
2682 5299 2736 5351 in
2758 5295 3086 5351 tabernacula
3110 5304 3240 5369 ejus,
3272 5295 3564 5372 adoremus,

2039 5379 2142 5420 ete.
2178 5369 2235 5420 Et
2266 5368 2344 5420 sic
2373 5368 2532 5420 llebr.

1981 5438 2013 5506 7
2042 5476 2054 5488 .
2087 5437 2139 5491 9.
2171 5438 2449 5490 induantur
2479 5477 2490 5488 .
2517 5454 2530 5468 '
2557 5477 2570 5489 .
2595 5439 2862 5493 exsultent.
2911 5439 3005 5496 Gr.
3049 5441 3325 5497 ittdueutnr
3350 5487 3361 5498 .
3395 5466 3407 5478 ο
3436 5487 3449 5501 .
3475 5466 3562 5502 rx~

2037 5509 2313 5562 sultabunt.

1983 5581 2015 5649 7
2038 5581 2103 5652 ᾄ1
2195 5590 2240 5630 et
2260 5594 2359 5652 non
2381 5579 2708 5652 frustrabitur
2728 5597 2858 5632 eam.
2886 5582 2947 5633 Α.
2967 5594 3012 5635 et
3039 5600 3137 5635 non
3156 5588 3408 5652 pomi/etii!
3429 5609 3563 5643 eum.

2038 5648 2102 5702 R.
2130 5648 2285 5702 Rom.
2315 5648 2381 5700 Μ.
2414 5648 2477 5701 G.
2512 5649 2574 5702 Il.
2595 5651 2654 5704 G.
2685 5662 2730 5703 et
2759 5669 2858 5704 non
2886 5648 3212 5721 ['rustrabitur
3233 5674 3364 5711 t’ttttt.
3401 5661 3566 5716 IIebr.

2039 5731 2084 5771 et
2114 5737 2213 5772 non
2245 5729 2494 5770 arertetur
2522 5721 2582 5771 ab
2610 5737 2688 5772 ea.

1983 5791 2015 5859 7
2042 5829 2054 5840 .
2105 5790 2193 5868 15.
2218 5790 2362 5868 elegit
2400 5806 2528 5868 eum:
2642 5792 2702 5868 11.
2731 5792 2884 5868 Rom.
3013 5795 3076 5849 G.
3110 5796 3173 5849 II.
3205 5797 3264 5851 (Σ.
3291 5797 3440 5868 juxta
3467 5801 3555 5857 Gtt

2042 5862 2291 5930 pt‘wt‘legil
2317 5877 2445 5914 eam.
2481 5861 2638 5916 Ilebr.
2670 5863 2969 5918 desideravit
2996 5883 3130 5920 eam.
