3956 6318
495 448 564 506 σε,
1975 435 2358 493 ΡΒᾸΞΡΑἸΊΟ.
3703 441 3767 494 st

493 573 588 628 pro
613 565 756 609 sorte
781 563 836 611 et
865 552 1173 628 haereditate
1208 567 1302 628 sna
1331 567 1451 628 cum
1484 551 1612 628 _lil_ii_s
1638 550 1766 628 Levi
1797 551 1848 604 in
1877 566 2072 628 perpe-

496 620 642 681 iuum
669 625 996 694 possessuri,
1023 623 1315 677 dummodo
1341 622 1426 677 hic
1465 621 1644 676 debito
1670 621 1813 676 cultu
1837 620 1892 676 et
1915 620 2074 694 digna

497 697 798 751 laudatione
825 696 874 748 ei
901 693 1205 748 servierint.

565 765 696 819 Illud
726 775 978 832 pra-terea
1007 764 1433 818 consideratione
1455 761 1670 831 dignum
1697 770 1778 815 est
1799 803 1811 820 .
1841 777 1938 816 nec
1961 777 2076 832 my-

491 836 660 890 sterio
687 843 871 899 caret,
904 833 1040 903 quod
1071 849 1190 888 cum
1239 841 1344 887 tota
1391 833 1665 903 Scriptura
1707 832 1960 886 divinitus
1989 832 2074 885 in-

494 906 693 972 spirata
717 946 732 968 ,
777 905 843 958 ad
888 901 976 957 Dei
1006 903 1212 958 laudem
1239 911 1296 957 et
1324 903 1544 972 gloriam
1574 901 1812 972 ordinata
1853 915 1909 956 et
1937 917 2068 955 etin-

493 971 692 1044 scripta
722 977 828 1038 sit,
863 983 968 1028 tota
1014 975 1172 1027 etiam
1219 974 1418 1044 homini
1444 971 1530 1044 ad
1557 973 1673 1044 ejus
1692 971 1993 1044 doctrinam
2022 981 2077 1027 et

494 1041 914 1100 consolationem
947 1045 1135 1098 tradita
1159 1086 1174 1106 ,
1205 1053 1312 1096 tota
1333 1042 1563 1111 denique
1597 1041 1794 1096 divinis
1829 1041 2075 1097 laudibus

498 1117 651 1182 plena
674 1156 690 1179 ,
723 1115 967 1169 universa
1015 1130 1044 1166 a
1092 1114 1283 1182 quibus
1331 1113 1507 1167 debita
1541 1112 1632 1166 Dei
1654 1112 1907 1182 laudatio
1935 1115 2073 1166 sumi

498 1180 672 1251 potest
699 1184 986 1249 inducens,
1015 1180 1335 1252 omnemque
1372 1182 1615 1236 laudandi
1647 1180 1870 1236 formam
1916 1192 2077 1251 atque

496 1253 757 1307 rationem
805 1269 1115 1321 exponens;
1144 1264 1324 1306 sancta
1372 1263 1549 1306 tamen
1585 1252 1818 1305 Ecclesia
1853 1254 2075 1321 quibus-

492 1322 616 1394 dam
645 1324 932 1394 Scripturis
965 1324 1250 1392 Specialius
1275 1333 1432 1391 atque
1463 1321 1792 1394 frequentius
1817 1324 1867 1377 in
1895 1323 2076 1376 divino

491 1393 638 1448 cultu
681 1396 752 1446 uti
794 1394 979 1448 voluit.
1009 1394 1139 1448 Nam
1169 1395 1308 1447 sicut
1352 1408 1416 1446 ex
1448 1394 1722 1461 utriusque
1746 1393 2076 1447 'l‘estatnenti

495 1464 702 1543 populis
727 1464 980 1517 Dominus
1020 1463 1276 1532 quosdam
1323 1463 1624 1530 Speciaiiter
1657 1463 1847 1586 elegit.
1880 1475 1937 1516 ut
1981 1479 2074 1517 su-

499 1549 674 1586 perius
697 1535 1000 1586 expositum
1031 1545 1112 1586 est
1138 1551 1152 1586 :
1182 1535 1251 1586 ita
1274 1543 1328 1586 ct
1355 1549 1418 1586 ex
1447 1533 1722 1586 utriusuue
1795 1533 2074 1586 estanienti

499 1535 674 1604 peritis
697 1535 1000 1601 expositum
1031 1545 1112 1587 est
1138 1551 1152 1592 ;
1182 1535 1251 1586 ita
1274 1543 1329 1604 ct
1355 1549 1418 1586 ex
1447 1533 1722 1604 utriusque
1749 1533 2076 1604 Testamenti

501 1603 790 1670 Scripturis
837 1604 1094 1673 quasdam
1138 1603 1441 1673 specialiter
1483 1602 1534 1673 in
1565 1603 1708 1657 cultu
1759 1616 1858 1656 suo
1910 1602 2077 1657 voluit

500 1671 867 1738 frequentari,
903 1683 1087 1741 ntpote
1133 1688 1203 1726 ex
1259 1671 1437 1726 Veteri
1489 1672 1832 1729 Testamento
1885 1673 2078 1728 librum

500 1742 826 1796 l’sahnnrum
849 1783 862 1804 ,
894 1743 992 1796 hac
1014 1741 1310 1813 pragsertitn
1342 1743 1583 1813 ratione,
1617 1751 1674 1794 ut
1697 1742 1855 1813 docto
1888 1744 2080 1813 Diony-

497 1814 579 1866 sio
609 1813 777 1879 placet
797 1852 811 1869 .
839 1813 960 1880 quia
1013 1812 1211 1866 Psalmi
1261 1828 1354 1879 per
1383 1811 1596 1866 modum
1626 1812 1793 1864 laudis
1836 1811 2081 1878 compre-

500 1881 741 1952 lieudunt
765 1882 1020 1951 quidquid
1058 1883 1107 1936 in
1153 1896 1303 1937 saera
1326 1881 1598 1948 Scriptum
1643 1882 1946 1935 continetur
1978 1883 2074 1952 (τι).

501 1951 654 2006 Unde
676 1963 730 2004 et
759 1953 844 2007 hic
869 1952 1202 2006 Psalmorum
1233 1952 1364 2005 liber
1394 1953 1677 2020 registrum
1701 1961 1782 2006 est
1810 1952 1970 2006 totius
1996 1970 2082 2006 sa-

495 2037 604 2074 rra-
652 2021 974 2090 Scriptum,
1025 2029 1080 2076 et
1126 2023 1516 2076 consummatio
1559 2022 1719 2075 totius
1767 2023 2081 2092 theologica:

497 2092 722 2161 paginae.
776 2093 945 2156 Quem
976 2103 1031 2146 ct
1081 2092 1414 2161 subsequens
1453 2092 1560 2144 divi
1588 2091 1867 2158 AtlgUslitti
1912 2091 2079 2145 nostri

502 2162 751 2231 prologus
803 2162 1096 2216 innumeris
1148 2178 1280 2229 pene
1327 2161 1608 2230 pra'coniis
1653 2161 1992 2216 commendat
2028 2170 2084 2218 et

496 2233 723 2287 extollit.
757 2234 906 2287 llunc
937 2232 1130 2286 librum
1161 2248 1312 2286 sacer
1333 2246 1501 2285 canon
1522 2271 1537 2296 ,
1570 2233 1707 2286 inter
1741 2242 1932 2286 cetera
1963 2248 2083 2302 qum

497 2304 864 2357 sacerdotibus
909 2303 975 2356 ad
1029 2303 1307 2357 sciendum
1340 2303 1638 2355 necessaria
1677 2311 1838 2366 sunt,
1869 2302 2084 2356 discen-

496 2373 621 2426 dum
645 2383 968 2428 commonet.
998 2372 1130 2426 Cum
1161 2373 1303 2426 enim
1335 2372 1689 2442 intelligenter
1718 2372 1826 2424 Deo
1853 2372 2086 2440 psallen-

499 2443 622 2496 dum
669 2443 1062 2516 sit,quomodo
1109 2443 1288 2496 debite
1337 2443 1446 2496 Deo
1488 2442 1719 2511 psallere
1763 2443 2085 2513 potest,qui

559 2573 631 2638 (α)
655 2577 840 2640 υἰοηδν.
888 2575 954 2626 de
977 2574 1098 2628 eccl.
1122 2576 1410 2637 ltierarcbia,
1436 2589 1481 2627 c.
1505 2576 1556 2626 3.

2180 549 2306 620 quid
2340 549 2527 617 psallat
2568 549 2807 619 ignorat?
2833 547 2991 605 lubet
3033 564 3264 622 namque
3294 562 3511 606 sanctus
3547 554 3769 608 Psalmi-

2176 631 2258 692 sta
2299 629 2484 692 noster
2529 623 2902 692 utipsallentes
2948 621 3058 676 Deo
3112 621 3471 692 intelligenter
3515 624 3764 690 psallant.

2179 691 2430 762 Quoniam
2454 707 2563 756 rex,
2592 691 2782 759 inquit,
2815 691 2978 746 omnis
2994 701 3142 746 terra
3163 691 3316 753 om.
3341 694 3542 760 psallite
3559 695 3768 762 sapien-

2177 769 2253 813 ter
2275 761 2294 828 (
2318 760 2472 832 _Psat.
2512 777 2665 832 xm,
2693 762 2787 830 8),
2823 762 2922 816 hoc
2952 771 3035 815 est
3071 763 3422 832 intelligent",
3450 775 3506 818 ut
3532 760 3636 818 alia
3677 765 3767 818 lit-

2179 839 2288 884 tera
2318 830 2498 886 habet.
2541 831 2671 900 Quia
2701 847 2826 885 vero
2872 832 2958 886 hic
2983 832 3118 886 liber
3144 840 3222 886 tot
3237 830 3299 886 et
3333 842 3442 887 tam
3487 835 3769 900 profundis

2177 901 2447 971 mysteriis
2476 901 2663 969 plenus
2707 913 2788 954 est
2814 941 2830 965 ,
2873 911 2932 956 ut
2969 916 2998 955 a
3030 906 3244 956 nemine
3285 904 3404 956 sine
3437 905 3772 960 reri-latione

2177 969 2262 1045 vel
2286 969 2447 1045 docto
2472 973 2758 1045 interprete
2782 974 2949 1041 possit
2973 971 3190 1045 intelligi
3215 985 3232 1036 ;
3265 987 3328 1045 ea
3353 973 3426 1045 de
3451 989 3772 1045 reAmagaus

2179 1039 2268 1094 ille
2296 1040 2487 1095 doctor
2519 1038 2841 1110 Augustinus
2867 1051 3082 1105 noster,
3111 1038 3488 1099 devotissimus
3519 1043 3612 1098 Dei
3632 1038 3760 1101 cul-

2181 1120 2284 1175 tor,
2312 1113 2713 1177 animarumque
2751 1113 2938 1166 salutis
2978 1114 3179 1167 zelatur
3228 1114 3640 1169 ardentissimus
3663 1155 3680 1180 ,
3716 1116 3773 1169 il-

2178 1180 2281 1234 lius
2326 1181 2681 1249 explanatluni
2727 1183 2960 1252 vigilanti
3014 1183 3192 1252 studio
3241 1183 3542 1251 insudarit,
3580 1185 3769 1239 clausa

2180 1265 2406 1324 quaeque
2466 1266 2740 1324 reserans,
2776 1251 3111 1324 abscondita
3137 1321 3147 1324 _
3177 1253 3467 1324 revelans,
3514 1257 3772 1324 mysteria

2181 1319 2418 1386 pandens
2443 1361 2458 1382 ,
2489 1321 2715 1376 obscura
2757 1321 3054 1377 dilucidaus
3074 1365 3088 1388 ,
3118 1321 3274 1376 dubia
3311 1319 3612 1387 definiens,
3639 1321 3774 1379 vitia

2176 1389 2484 1456 detestans,
2513 1393 2733 1462 virtutes
2771 1395 3064 1458 extollens,
3111 1393 3366 1462 supplicia
3409 1395 3769 1460 comminans,

2179 1463 2394 1527 praunia
2420 1461 2736 1534 promittens
2759 1502 2776 1527 ,
2802 1461 3172 1532 pusillanimes
3200 1463 3508 1518 confortans
3526 1506 3542 1530 ,
3567 1479 3774 1534 pra-sn-

2181 1539 2388 1584 tneutes
2431 1530 2709 1586 deterrens
2734 1574 2748 1594 ,
2781 1530 3184 1600 perseverantes
3235 1549 3536 1594 coronans;
3568 1530 3659 1588 vita
3712 1543 3771 1587 ut

2180 1602 2454 1671 nemoqui
2482 1600 2764 1669 diligenter
2795 1603 3015 1671 legerit,
3061 1602 3262 1671 absque
3291 1604 3462 1657 fructu
3505 1603 3770 1658 discedat.

2182 1670 2325 1744 lluie
2353 1670 2510 1739 igitur
2536 1673 2683 1744 operi
2711 1670 2945 1726 studium
2991 1670 3300 1741 impendant
3319 1714 3334 1736 ,
3361 1673 3489 1728 illud
3520 1673 3774 1744 frequen-

2184 1749 2266 1792 ter
2312 1739 2517 1812 legant,
2550 1741 2690 1796 illius
2743 1758 2958 1795 sensum
2991 1739 3207 1796 teneant
3247 1757 3435 1798 omnes
3457 1745 3542 1812 qui
3573 1739 3633 1797 in
3655 1759 3775 1796 sor-

2183 1817 2289 1862 tcm
2324 1809 2575 1872 Domini,
2623 1823 2680 1866 ut
2726 1813 2872 1866 illum
2918 1813 3094 1866 debita
3140 1815 3395 1866 servitute
3450 1809 3665 1867 laudent
3718 1825 3776 1867 et

2180 1879 2516 1963 glorificent,
2563 1882 2720 1936 electi
2771 1892 2940 1963 sunt;
2976 1898 3044 1962 ne
3086 1882 3417 1963 negligentes
3457 1894 3510 1936 et
3553 1883 3772 1963 ignari,

2183 1948 2326 2021 illam
2371 1948 2567 2005 divina:
2612 1953 3043 2007 comminationis
3086 1948 3342 2006 ultionem
3386 1948 3773 2021 experiantur:

2186 2017 2317 2082 Quia
2346 2027 2399 2070 tu
2443 2022 2707 2074 scientiam
2735 2023 2995 2090 repulistt'.
3025 2022 3268 2090 repellam
3290 2032 3368 2090 te,
3403 2017 3469 2076 ne
3491 2023 3777 2076 sacerdotio

2185 2091 2416 2160 fungaris
2433 2092 2555 2143 mihi
2581 2091 2749 2160 (Ossa?
2770 2108 2838 2152 tv,
2864 2094 2942 2160 6).
2975 2093 3037 2144 Et
3064 2093 3218 2146 istaut
3244 2093 3417 2146 adhuc
3439 2094 3732 2147 terribilem
3758 2110 3774 2147 :

2184 2156 2310 2238 1ξίτὶ
2325 2199 2340 2223 ,
2367 2176 2564 2228 semper
2663 2171 2832 2238 errant
2855 2156 3024 2238 corde:
3050 2163 3147 2232 ipsi
3173 2177 3407 2238 veronon
3435 2172 3778 2238 cognouerunt

2184 2233 2292 2301 vias
2313 2246 2479 2292 meas,
2513 2233 2690 2301 quibus
2703 2233 2880 2301 juravi
2903 2233 2956 2286 in
2977 2234 3054 2284 ira
3087 2249 3196 2284 mea
3215 2275 3230 2298 ,
3258 2234 3300 2285 si
3321 2233 3576 2285 intrabunt
3606 2233 3657 2284 in
3690 2249 3778 2286 re-

2185 2299 2349 2372 quiem
2377 2299 2538 2372 meum
2565 2299 2734 2372 (Psal.
2765 2318 2908 2366 κων,
2938 2302 3024 2365 to,
3053 2301 3138 2372 ll)
3164 2320 3177 2354 :
3209 2314 3262 2356 et
3290 2305 3358 2356 ita
3389 2313 3590 2370 partem
3621 2317 3777 2355 suam

2189 2367 2416 2422 habituri
2439 2372 2546 2425 sint
2567 2367 2687 2427 cum
2721 2371 3034 2442 bypocritis.
3057 2367 3192 2438 Quin
3221 2367 3400 2442 potius
3420 2373 3780 2442 intelligentes

2188 2447 2242 2490 et
2287 2448 2530 2512 tenentes
2572 2441 2833 2496 rationem
2877 2457 2978 2512 qua
3001 2443 3200 2496 conditi
3224 2441 3390 2504 Sunt,
3425 2441 3779 2512 Conditorem

2191 2523 2287 2587 pro
2311 2520 2454 2587 Sorte
2479 2511 2806 2587 hzereditatis
2834 2511 2945 2587 sua:
2971 2512 3314 2587 possideant,
3339 2511 3557 2567 laudent
3580 2521 3631 2566 et
3657 2511 3780 2582 glo-

2192 2577 2399 2633 rilicent
2433 2580 2484 2633 in
2518 2584 2710 2636 saicula
2736 2577 3075 2637 steculorutn.
3100 2584 3294 2639 Amen.

1045 2715 1169 2797 IN
1206 2715 1660 2798 LIBRUM
1724 2717 2460 2808 PSALMORUM
2503 2729 3139 2816 PROLOGUS
3164 2783 3193 2826 ν

496 2900 762 2964 Augttstlno
797 2899 848 2950 in
869 2898 1013 2950 editis
1032 2897 1148 2949 olim
1171 2898 1396 2957 tributus,
1422 2897 1512 2947 sed
1535 2897 2320 2980 non‘iumomnjbrusimanuseriptis
2342 2915 2604 2980 repertus.
2617 2917 2735 2980 _tp_sa
2772 2918 2850 2962 est
3079 2911 3140 2962 ad
3163 2911 3271 2975 ejus
3304 2911 3714 2961 commentarium
3734 2911 3790 2962 in

1568 2959 1776 3007 Psalmos
1795 2961 2012 3021 pnelatio
2032 2975 2096 3010 ex
2121 2959 2525 3028 interpretatione
2547 2959 2714 3021 suain.

571 3103 756 3160 Omnis
782 3103 1056 3172 Scriptura
1099 3102 1354 3158 divinitus
1400 3100 1652 3169 inspirata
1674 3141 1689 3164 ,
1721 3102 1863 3156 utilis
1892 3111 1974 3157 est
2015 3103 2083 3157 ad

499 3171 796 3229 docendum
839 3171 1062 3244 (llTim.
1092 3189 1183 3239 tu,
1217 3173 1329 3242 16).
1361 3173 1470 3244 llac
1491 3173 1602 3241 ipsa
1625 3172 1692 3226 de
1720 3187 1878 3244 causa
1912 3188 1942 3226 a
1966 3173 2084 3242 Spi-

499 3247 601 3300 ritu
648 3242 854 3298 sancto'
874 3245 1174 3308 conscripta
1217 3254 1298 3297 est
1316 3284 1332 3308 ,
1362 3243 1412 3298 id
1435 3253 1514 3296 est
1536 3284 1551 3306 ,
1574 3250 1633 3295 ut
1661 3242 1822 3296 veluti
1850 3259 1912 3296 ex
1941 3259 2090 3299 com-

501 3316 646 3370 muni
676 3316 904 3384 quodam
927 3315 1168 3368 sanitatis
1192 3315 1356 3378 fonte,
1388 3328 1576 3367 onmes
1605 3311 1758 3384 nobis
1783 3327 1846 3384 ex
1879 3314 1979 3368 bac
2005 3330 2092 3368 re-

502 3386 674 3439 media
697 3382 932 3455 prepriis
956 3384 1290 3453 passionibus
1311 3397 1671 3455 assumamus.
1703 3382 1911 3437 Sonitus
1934 3385 2089 3448 enim,

501 3457 674 3526 inquit
694 3454 716 3514 ,ί
750 3456 1017 3522 conipescit
1044 3464 1248 3526 peccata
1295 3469 1498 3526 magna.
1533 3454 1650 3526 Alia
1695 3465 2092 3526 namquesuut

500 3523 620 3594 qua:
669 3526 951 3593 Propheta:
1003 3523 1252 3586 tradunt,
1287 3523 1391 3578 alia
1435 3539 1554 3591 qua:
1603 3523 1846 3594 historici
1880 3523 2087 3593 (a),lex

501 3593 714 3664 quoque
757 3596 894 3658 alia,
939 3594 1342 3664 proverbiorum
1386 3594 1546 3648 etiam
1594 3593 1887 3646 admonitio
1936 3595 2036 3647 alia
2073 3613 2086 3648 :

504 3665 836 3738 Psalmorutn
893 3680 1023 3738 vero
1077 3664 1217 3738 liber
1266 3679 1618 3738 qumcumque
1664 3664 1810 3716 utilia
1855 3675 1978 3717 sunt
2023 3680 2088 3718 ex

501 3735 751 3790 omnibus
802 3735 1059 3790 continet.
1109 3732 1308 3788 Futura
1359 3732 1631 3801 prmdieit,
1663 3744 1902 3788 veterum
1941 3743 2088 3797 gesta

504 3815 925 3870 commemorat,
952 3804 1120 3874 legem
1150 3804 1449 3858 viventibus
1495 3803 1706 3867 tribuit,
1735 3804 2088 3873 gerendorum

503 3876 691 3928 statuit
716 3875 930 3928 modum
965 3891 981 3930 :
1005 3873 1058 3928 et
1085 3882 1143 3927 ut
1173 3873 1404 3928 breviter
1426 3874 1622 3938 dicant,
1652 3874 1952 3928 communis
1974 3874 2093 3943 qui-

504 3945 628 4000 dam
663 3946 817 3998 bona:
859 3946 1117 3999 doctrinm
1141 3945 1420 3998 thesaurus
1446 3951 1563 4008 est,
1593 3951 1717 4009 apte
1743 3944 1965 4012 singulis
1992 3959 2092 3999 ne-

506 4015 739 4070 cessaria
771 4016 1202 4070 subministrans.
1240 4013 1514 4068 Veteribus
1536 4028 1763 4079 namque
1790 4015 2089 4068 animarum

505 4086 814 4140 vulneribus
857 4087 1004 4138 novit
1041 4084 1277 4147 mederi,
1310 4085 1402 4139 sed
1439 4093 1493 4138 et
1537 4084 1837 4138 recentibus
1870 4086 2090 4138 velocis-

507 4161 700 4208 simum
723 4159 821 4208 srit
850 4154 1106 4209 adhibere
1132 4155 1460 4220 remedium,
1483 4163 1642 4223 atque
1673 4153 1883 4207 intactis
1913 4169 2093 4222 perse-

507 4227 801 4279 verantiam
848 4226 1034 4278 salutis
1060 4223 1345 4288 adbibere;
1375 4225 1468 4278 sed
1509 4234 1563 4278 et
1609 4224 1870 4278 universis
1898 4225 2095 4294 pariter

509 4297 847 4366 passionihtts
896 4296 1210 4356 subvenire,
1260 4311 1379 4366 qua:
1428 4294 1905 4366 dominationibus
1931 4295 2094 4348 variis

510 4365 770 4420 humanas
808 4366 1014 4420 animas
1057 4374 1280 4434 angunt.
1330 4365 1394 4418 Et
1423 4365 1526 4418 hoc
1581 4365 1679 4417 sub
1729 4365 2094 4417 modulatione

508 4437 733 4506 quadam
763 4448 814 4489 et
843 4437 1139 4489 delcctah‘li
1163 4450 1359 4506 canore
1385 4476 1400 4498 ,
1433 4435 1994 4506 humanumanimuin
2016 4433 2092 4502 (ὁ)

506 4503 574 4566 ad
605 4507 912 4575 pudicutam
955 4516 1294 4573 provocante.
1328 4505 1589 4570 Quonaatn
1617 4503 1830 4572 quidem
1858 4504 2094 4573 Spiritus

506 4586 726 4636 sanctus
754 4577 941 4630 videns
979 4576 1335 4628 obluctantem
1365 4591 1427 4627 ae
1456 4575 1797 4629 resistentem
1828 4589 1857 4626 a
1886 4575 2094 4627 virtutis

509 4646 594 4701 via
621 4645 836 4700 humani
865 4645 1076 4715 generis
1111 4648 1368 4705 animum,
1401 4655 1454 4698 ct
1483 4645 1546 4698 ad
1569 4643 1947 4698 delectationes
1973 4643 2094 4698 vita:

509 4716 678 4786 magis
708 4717 946 4776 inclinari
967 4756 983 4777 ,
1014 4731 1172 4781 quam
1212 4715 1278 4769 ad
1311 4716 1519 4786 virtutis
1549 4723 1752 4768 rectum
1787 4717 1887 4786 iter
1909 4715 2038 4781 erigi
2075 4754 2091 4776 ,

511 4784 917 4842 delectabilibus
958 4786 1187 4838 modulis
1230 4785 1511 4839 cantilena:
1549 4786 1656 4838 vim
1699 4801 1810 4838 sua:
1839 4784 2096 4838 doctrina:

510 4857 820 4924 permiscuit
850 4857 919 4923 (c)
948 4873 962 4919 ;
997 4866 1054 4908 ut
1082 4857 1207 4908 dum
1242 4856 1500 4910 suavitate
1535 4856 1786 4910 carminis
1833 4855 2097 4909 mulcetur

511 4927 724 4982 auditus
746 4968 761 4990 ,
793 4927 957 4980 divini
1005 4926 1268 4979 sermonis
1311 4927 1506 4993 pariter
1535 4927 1734 4979 utilitas
1783 4925 2048 4979 inseratur
2077 4943 2090 4978 :

509 4997 799 5052 secundum
831 4997 1098 5064 sapientes
1124 4996 1379 5059 medicos,
1408 4997 1495 5064 qui
1527 4996 1570 5048 si
1597 4995 1812 5064 quando
1839 5011 1966 5048 usus
1996 5012 2093 5062 po-

511 5068 742 5136 poscerit
788 5075 843 5119 ut
889 5067 1180 5119 austeriora
1227 5065 1612 5136 medieamenta
1659 5066 1815 5135 acgris
1862 5065 2090 5136 oﬂ'eraut

509 5138 861 5201 mortalibus;
893 5151 960 5190 ne
987 5151 1130 5205 a'ger
1157 5135 1435 5189 utilitatem
1471 5151 1578 5204 pra:
1615 5137 1923 5190 austeritate
1952 5135 2098 5189 reln-

507 5209 612 5276 giat
632 5248 648 5272 ,
676 5223 768 5261 ora
796 5221 859 5261 ac
888 5209 1220 5259 summitates
1249 5206 1420 5273 poculi
1450 5221 1555 5273 quo
1593 5207 1887 5259 remedium
1918 5206 2093 5273 porri-

507 5289 657 5347 gunt,
689 5279 846 5332 melle
869 5278 1264 5332 circumlinunt.
1293 5276 1581 5344 Propterea
1608 5291 1737 5344 ergo
1763 5277 2095 5347 Psalmoruni

509 5346 663 5401 nobis
717 5363 811 5416 per
862 5347 1105 5401 modulos
1152 5359 1271 5413 apta
1314 5356 1440 5400 sunt
1479 5347 1738 5409 carmina,
1767 5355 1825 5398 ut
1871 5347 1961 5416 qui
2009 5346 2095 5416 vel

505 5427 664 5472 aetate
711 5415 899 5482 puerili
925 5457 939 5478 ,
967 5418 1051 5471 vel
1081 5416 1449 5472 adolescentes
1488 5424 1614 5470 sunt
1641 5415 1915 5482 moribus,
1943 5415 2094 5484 quasi

503 5488 778 5542 cantilena
847 5487 1074 5555 quadam
1139 5486 1428 5555 psallentes
1479 5486 1732 5541 delectari
1793 5487 2097 5540 videantur.

508 5556 715 5614 Revera
742 5558 886 5615 enim
916 5559 1122 5614 animas
1153 5557 1454 5613 illuminant
1498 5571 1562 5612 ac
1591 5567 1846 5612 mentem.
1879 5555 2098 5612 Plurimi

588 5691 640 5746 al
664 5690 804 5746 Alias.

588 5752 640 5812 ὁ)
666 5752 804 5812 Alias,
826 5765 1034 5802 sensum.

588 5706 618 5741 α
664 5691 804 5746 Alias.

588 5755 616 5805 ὸ
666 5752 804 5812 Alias,
826 5765 1034 5802 sensum.

507 5691 639 5936 ﬁge;
661 5814 804 5884 Alias.
829 5811 998 5883 dirigi,
1020 5810 1330 5926 deiectam“
1351 5809 1571 5863 modulos
1591 5809 1846 5863 emittente
1888 5821 2000 5862 carm
2021 5821 2098 5860 se-

2196 3111 2338 3187 eniin
2364 3130 2430 3170 ex
2459 3116 2540 3169 his
2568 3116 2655 3186 qui
2682 3117 2735 3171 in
2761 3117 3054 3174 Ecclesiam
3082 3126 3422 3183 commeant,
3455 3131 3630 3187 neque
3655 3132 3789 3186 apo-

2195 3183 2382 3262 stoli-ea
2412 3183 2672 3262 prmcepta
2697 3187 2852 3262 facile
2881 3196 3106 3262 possunt
3127 3203 3347 3262 ,‘neque
3369 3183 3787 3262 prophetica—vel

2195 3251 2396 3320 liquido
2412 3251 2656 3323 discere,
2684 3259 2765 3311 vel
2791 3251 2914 3314 cum
2939 3251 3223 3313 didicerint
3250 3251 3502 3318 retinere;
3534 3258 3784 3315 Psalmo-

2195 3337 2314 3402 t'um
2355 3341 2487 3402 _v_c_ro
2525 3343 2776 3396 responsa
2820 3330 3054 3402 etgintra
3081 3329 3291 3402 domos,
3323 3329 3592 3402 interdum
3621 3330 3788 3385 etiam

2197 3395 2249 3474 iu
2270 3395 2492 3474 publico
2508 3395 2717 3474 fanum
2742 3416 2754 3451 :
2783 3405 2839 3452 et
2857 3399 3176 3474 sicubiquis
3203 3398 3446 3474 quamvis
3450 3397 3588 3474 __fero
3615 3413 3682 3474 ac
3703 3414 3790 3452 ra-

2197 3463 2473 3542 bidissimo
2504 3468 2684 3524 furore
2717 3479 2976 3542 raptetur,
3003 3469 3048 3523 si
3077 3463 3238 3524 "forte'
3264 3467 3650 3542 fuerit_Psalmi
3677 3509 3697 3532 ,
3729 3479 3789 3542 ut

2199 3535 2266 3585 ita
2298 3535 2544 3595 dixerim.
2571 3535 2895 3593 carminibus
2945 3540 3278 3604 incantatus,
3303 3538 3560 3593 continuo
3605 3540 3787 3594 omnis

2197 3603 2375 3676 rabies
2405 3606 2692 3662 ferocitatis
2720 3609 2835 3676 ejus
2856 3609 3114 3664 abscedit.

2232 3743 2244 3755 .
2272 3675 2532 3755 l’salmus:
2559 3675 2918 3755 tranquillitas
2957 3680 3257 3755 animorum
3301 3685 3404 3755 est,
3432 3679 3654 3755 signifer
3679 3694 3782 3748 pa-

2197 3747 2296 3818 cis,
2330 3747 2756 3818 perturbationes
2782 3751 2864 3803 vel
2887 3749 3078 3804 ﬂuctus
3101 3751 3479 3818 cogitationum
3492 3747 3782 3812 cohibens,

2200 3814 2525 3870 iracundiam
2552 3821 2850 3887 reprimens
2871 3861 2884 3879 .
2913 3821 3092 3874 luxum
3123 3814 3412 3888 repellens,
3441 3819 3786 3874 sobrietatem

2198 3898 2489 3959 suggerens
2514 3929 2527 3947 .
2561 3890 2844 3943 amicitiam
2875 3887 3240 3959 congregans,
3270 3887 3540 3959 adducens
3569 3888 3622 3943 in
3652 3904 3790 3943 con-

2200 3955 2435 4027 cordiam
2484 3959 2881 4026 tli~rt'epantes,
2939 3955 3293 4014 reconCilians
3339 3958 3607 4012 inimicos.
3655 3960 3791 4027 Quis

2200 4026 2342 4098 enim
2391 4029 2527 4098 ultra
2561 4031 2831 4083 mimicum
2870 4030 3013 4084 dicat
3037 4044 3158 4084 eum
3180 4071 3195 4093 ,
3227 4045 3348 4084 cum
3376 4043 3482 4098 quo
3528 4026 3688 4083 unam
3721 4030 3789 4084 ad

2203 4095 2367 4168 Deum
2401 4097 2593 4152 Psalmi
2638 4100 2875 4154 emiserit
2905 4099 3129 4154 vocem?
3161 4100 3242 4153 Ex
3288 4095 3407 4168 quo
3442 4099 3780 4166 intelligitur,

2199 4166 2344 4234 quia,
2371 4169 2510 4236 quod
2540 4171 2774 4224 omnium
2823 4170 3081 4224 bonorum
3107 4166 3416 4224 .maxitnum
3457 4177 3572 4231 est,
3611 4169 3790 4224 chari-

2203 4245 2362 4289 tatem
2395 4238 2637 4294 Psalmus
2681 4241 2978 4300 instaurat.
3024 4240 3453 4309 conjunctionem
3500 4242 3790 4307 quamdam

2202 4321 2300 4374 per
2324 4311 2728 4364 consoaantiam
2760 4310 2906 4364 vocis
2929 4309 3198 4372 efﬁciens,
3231 4320 3284 4364 et
3311 4311 3578 4364 diversum
3611 4325 3787 4378 popu-

2202 4377 2309 4452 lum
2360 4381 2518 4452 unius
2543 4381 2693 4452 chori
2725 4396 2820 4452 per
2865 4381 3205 4452 concordiam
3256 4395 3491 4435 consona
3539 4377 3787 4452 modula-

2203 4447 2348 4519 tione
2394 4447 2739 4504 consociatus:
2780 4450 3022 4505 Psalmus
3048 4451 3319 4505 dazmones
3346 4453 3516 4519 fugat,
3553 4450 3790 4519 Angelos

2202 4518 2267 4570 ad
2296 4519 2618 4587 adiutorium
2647 4521 2854 4575 invitat.
2873 4522 3093 4575 Scotum
3123 4523 3265 4575 enim
3296 4522 3347 4573 in
3378 4518 3656 4574 nocturnis
3686 4529 3787 4574 ter-

2203 4588 2411 4661 roribus
2439 4631 2464 4661 ,
2487 4588 2907 4660 diurnorumqne
2954 4591 3168 4661 requies
3199 4600 3281 4645 est
3306 4591 3546 4645 laborum
3572 4631 3586 4653 ,
3621 4591 3788 4661 tutela

2203 4659 2382 4727 pueris
2405 4703 2418 4720 .
2447 4660 2730 4729 juvenibus
2774 4659 3175 4723 ornamentum.
3225 4661 3464 4715 solamen
3503 4659 3744 4729 senibus
3769 4701 3786 4722 .

2204 4728 2515 4800 mulieribus
2560 4733 2866 4800 aptissimus
2894 4732 3077 4786 decor.
3115 4733 3363 4786 Desertas
3393 4728 3632 4784 habitare
3661 4730 3788 4800 facit

2204 4799 2363 4873 urbes
2385 4839 2400 4862 ,
2427 4799 2770 4873 sobrietatem
2795 4803 2954 4856 docet
2974 4819 2998 4873 7:
3031 4802 3402 4873 incipientibus
3444 4801 3674 4868 primum
3700 4799 3786 4855 ef-

2206 4869 2380 4924 ficitur
2408 4871 2731 4926 elementum
2753 4913 2767 4935 ,
2801 4869 3198 4940 proﬁcientibus
3227 4873 3631 4936 incrementum,
3666 4884 3792 4939 pen-

2205 4941 2357 4994 feetis
2382 4942 2571 4997 stabile
2598 4943 2991 4996 ﬁrmamentum
3013 4983 3029 5004 ,
3062 4944 3222 4996 totius
3251 4941 3504 4996 Ecclesia:
3533 4956 3638 4995 vos
3663 4956 3787 4995 una.

2205 5010 2447 5065 Psaltnus
2493 5015 2860 5067 solemnitalcs
2906 5013 3126 5066 decorat
3167 5032 3180 5066 :
3226 5013 3471 5067 Psahnus
3517 5011 3789 5064 tristitiam

2205 5099 2322 5150 qua:
2352 5092 2568 5150 promer
2614 5085 2780 5137 Deum
2826 5091 2942 5148 est,
2990 5083 3161 5136 mollit
3193 5101 3206 5136 :
3239 5083 3482 5137 Psalmus
3527 5082 3690 5134 etiam
3718 5095 3790 5136 ex

2205 5152 2368 5207 corde
2399 5153 2607 5224 lapideo
2651 5156 2912 5224 lacrymas
2957 5161 3153 5207 movet.
3182 5151 3430 5208 Psalmns
3459 5151 3786 5224 An‘gelorum

2206 5239 2340 5290 Opus
2368 5219 2486 5284 est'.
2516 5219 2843 5279 exercituum
2883 5224 3178 5279 crelestium
3242 5222 3517 5292 spirituale
3562 5219 3795 5292 thymia-

2207 5309 2313 5349 ma.
2344 5293 2389 5348 Ο
2418 5310 2541 5349 vere
2584 5295 2880 5349 admirandi
2922 5295 3158 5362 magistri
3196 5294 3410 5361 sapiens
3436 5292 3735 5347 institutum
3764 5331 3782 5356 ,

2208 5375 2266 5419 ut
2293 5364 2447 5417 simul
2478 5376 2529 5420 et
2570 5375 2786 5419 cantare
2816 5361 3091 5418 videamur
3116 5407 3130 5428 ,
3159 5375 3215 5417 et
3239 5363 3380 5431 quod
3409 5363 3475 5416 ad
3504 5361 3787 5416 utilitatem

2206 5437 2399 5489 anima:
2448 5436 2711 5503 pertinet,
2739 5434 3048 5490 doceamur!
3085 5435 3186 5489 Per
3227 5434 3369 5504 quod
3397 5433 3565 5501 magis
3601 5447 3788 5487 neces-

2209 5507 2346 5560 saria
2389 5507 2631 5560 doctrina
2680 5507 2877 5560 nostris
2913 5505 3178 5560 mentibus
3203 5505 3518 5558 informatur
3549 5518 3564 5555 :
3596 5517 3693 5571 pro
3723 5516 3791 5555 eo

2208 5577 2348 5648 quod
2380 5577 2423 5630 si
2445 5593 2546 5648 qua
2579 5591 2672 5645 per
2698 5576 2804 5630 vim
2849 5584 2903 5628 et
2929 5575 3294 5648 dillicultatem
3315 5573 3552 5648 aliquam
3591 5571 3792 5627 animis

2211 5645 2408 5701 nostris
2436 5646 2631 5702 fuerint
2670 5648 2889 5705 inserta,
2926 5646 3183 5700 continuo
3205 5645 3537 5706 dilabuntur;
3565 5658 3628 5695 ea
3658 5656 3789 5695 vero

2208 5733 2331 5786 qua:
2358 5733 2479 5771 cum
2509 5719 2677 5783 gratia
2705 5726 2760 5771 et
2780 5716 3068 5771 dilectione
3091 5717 3445 5785 suscepimus,
3478 5712 3662 5786 nescio
3685 5727 3756 5786 qu

2211 5782 2367 5859 pacto
2394 5782 2562 5857 magis
2611 5786 2929 5859 residerein
2978 5782 3275 5852 mentibus,
3314 5800 3388 5859 ac_
3423 5783 3699 5859 memorias
3723 5782 3769 5833 vi

2211 5853 2700 5928 dentqrinlimrere.
2733 5857 2871 5926 Quid
2911 5867 3090 5913 autem
3119 5866 3221 5926 est,
3250 5855 3392 5928 quod
3421 5869 3530 5910 non
3556 5853 3800 5909 discatur
