3956 6326
1686 512 2099 588 SANCTI
2176 509 2657 585 AUBELII

1501 682 2802 848 AUGUSTINI

1698 953 2215 1017 HIPPONENSIS
2256 952 2608 1016 EPISCOPI

685 1109 2253 1271 ENARRATIONES
2342 1110 2546 1252 IN
2619 1086 3615 1259 PSALMOS.

1604 1418 1897 1529 PSALMI
1941 1462 2166 1524 PRIMI
2206 1461 2700 1524 ENARRATIO.

577 1625 631 1678 1.
646 1623 796 1697 [rers.
821 1619 899 1692 1.]
931 1618 1115 1673 Beatus
1128 1618 1204 1670 uir
1226 1616 1311 1686 qui
1337 1630 1437 1669 non
1464 1613 1586 1667 abiit
1611 1612 1665 1664 in
1684 1610 1893 1664 consilio
1918 1606 2102 1697 impio-

509 1731 619 1770 rum
647 1729 663 1769 ε
694 1713 761 1767 de
788 1710 1015 1766 Domino
1041 1717 1229 1764 nostro
1253 1706 1378 1762 Jesu
1403 1703 1637 1768 Christo,
1660 1702 1765 1756 hoc
1811 1708 1897 1754 est
1924 1696 2101 1751 homi-

510 1821 581 1862 ne
632 1805 911 1860 Dominico
935 1800 1033 1875 (a),
1063 1797 1433 1867 accipiendum
1463 1803 1565 1851 est.
1597 1794 1781 1849 Beatus
1800 1793 1876 1846 vir
1898 1792 1982 1861 qui
2000 1804 2103 1842 non

506 1902 631 1955 abiit
663 1900 717 1952 in
753 1897 964 1953 consilio
1000 1895 1273 1964 impiorum
1299 1908 1319 1947 :
1351 1894 1489 1946 sicut
1526 1890 1686 1942 homo
1730 1897 1974 1941 terrenus
2012 1882 2102 1953 qui

508 1994 663 2047 uxori
689 1987 964 2044 consensit
990 1986 1229 2055 decepta:
1268 1998 1297 2037 a
1330 1990 1600 2050 serpente,
1629 1990 1693 2034 ut
1717 1977 1809 2033 Dei
1835 1983 2103 2047 praecepta

511 2078 831 2152 praiteriret.
857 2076 926 2131 Et
952 2077 1006 2131 in
1033 2076 1114 2130 via
1140 2081 1458 2145 peccatorum
1482 2087 1582 2125 non
1605 2069 1739 2124 stetit
1769 2083 1788 2122 :
1816 2067 1939 2137 quia
1957 2064 2105 2119 venit

510 2171 722 2242 quidem
767 2169 821 2223 in
857 2169 941 2222 via
978 2174 1340 2237 peccatorum,
1383 2162 1650 2219 nascendo
1676 2162 1812 2216 sicut
1851 2167 2102 2228 peccato-

510 2275 630 2325 res;
677 2259 773 2315 sed
816 2275 923 2314 non
963 2258 1132 2325 stetit,
1178 2257 1304 2327 quia
1352 2271 1474 2311 eum
1520 2269 1626 2309 non
1654 2253 1824 2309 tenuit
1852 2251 2103 2306 illecebra

508 2352 800 2409 stecularis.
836 2350 904 2405 Et
933 2351 988 2405 in
1015 2351 1260 2404 cathedra
1285 2348 1581 2420 pestilentia
1608 2362 1709 2400 non
1733 2345 1862 2400 sedit
1886 2359 1906 2398 :
1933 2343 2105 2398 noluit

512 2460 731 2517 regnum
762 2454 1031 2500 terrenum
1071 2458 1192 2498 cum
1233 2441 1511 2512 superbia;
1553 2455 1671 2510 quae
1700 2438 1819 2493 ideo
1847 2435 2100 2492 cathedra

512 2535 826 2607 pestilentias
859 2544 1004 2591 recte
1040 2533 1368 2603 intelligitur,
1399 2533 1522 2602 quia
1550 2546 1655 2585 non
1686 2529 1798 2584 fere
1824 2529 2101 2598 quisquam

510 2635 594 2681 est
631 2625 719 2696 qui
766 2635 948 2680 careat
990 2641 1171 2679 amore
1217 2624 1526 2678 dominandi
1568 2630 1623 2676 et
1660 2621 1943 2675 humanam
1996 2636 2103 2674 non

510 2726 726 2788 appetat
751 2718 1007 2788 gloriam;
1032 2715 1337 2787 pestilentia
1352 2724 1435 2770 est
1460 2714 1601 2770 enim
1625 2713 1844 2767 morbus
1859 2712 1965 2767 late
1989 2727 2107 2784 per-

511 2818 751 2879 vagatus,
790 2817 842 2863 et
867 2823 1056 2863 omnes
1093 2817 1185 2862 aut
1217 2822 1355 2878 pene
1388 2821 1577 2861 omnes
1604 2806 1899 2860 involvens.
1927 2805 2106 2873 Quan-

511 2916 669 2970 quam
693 2900 1146 2971 accommodatius
1170 2900 1461 2969 accipiatur
1484 2899 1735 2954 cathedra
1764 2898 2103 2969 pestilentize,

514 2990 808 3059 perniciosa
853 2989 1117 3055 doctrina,
1170 2989 1324 3060 cujus
1372 3004 1552 3044 sermo
1595 2998 1658 3044 ut
1700 3004 1894 3044 cancer
1939 2989 2107 3058 serpit

514 3081 580 3151 (ll
616 3082 748 3136 Tim.
776 3099 832 3145 ll,
863 3082 973 3152 i7).
1020 3081 1221 3137 Deinde
1264 3081 1681 3137 considerandus
1719 3090 1802 3136 est
1826 3080 1959 3135 ordo
1986 3096 2108 3136 ver-

513 3176 725 3240 borum,
752 3174 893 3239 abiit,
919 3175 1075 3240 stetit,
1101 3175 1269 3229 sedit:
1290 3174 1420 3229 abiit
1439 3175 1581 3229 enim
1609 3174 1717 3235 ille,
1737 3189 1856 3228 cum
1884 3174 2106 3229 recessit

511 3283 541 3319 a
574 3267 719 3332 Deo;
753 3268 916 3333 stetit,
945 3282 1067 3322 cum
1097 3266 1393 3321 delectatus
1418 3276 1500 3322 est
1523 3275 1767 3336 peccato;
1796 3265 1953 3328 sedit,
1981 3279 2102 3319 cum

516 3358 568 3412 in
612 3372 707 3412 sua
738 3358 986 3427 superbia
1028 3356 1395 3423 conﬁrmatus,
1440 3356 1617 3411 redire
1642 3371 1748 3410 non
1782 3358 1969 3424 potuit,
2001 3355 2103 3411 nisi

512 3464 611 3517 per
636 3464 757 3503 eum
788 3449 1063 3512 liberatas,
1094 3447 1182 3517 qui
1219 3463 1392 3521 neque
1417 3446 1545 3501 abiit
1579 3446 1631 3500 in
1662 3446 1886 3501 consilio
1916 3446 2105 3515 impio-

511 3554 651 3603 rum,
683 3552 783 3592 nec
810 3538 864 3592 in
895 3539 976 3592 via
1024 3541 1570 3606 Peccatorum‘stctit,
1601 3529 1700 3591 nec
1751 3537 1803 3590 in
1852 3536 2101 3591 cathedra

513 3629 828 3700 pestilentiae
854 3629 1010 3683 sedit.
1598 3676 1601 3677 ν

582 3721 635 3774 2.
653 3719 801 3794 [vei-s.
820 3719 900 3791 2.]
924 3719 1029 3774 Sed
1048 3720 1101 3773 in
1122 3720 1227 3791 lege
1248 3719 1451 3774 Domini
1471 3721 1564 3792 fuit
1587 3720 1814 3774 voluntas
1832 3721 1961 3791 ejus,
1979 3730 2026 3774 et
2051 3721 2105 3773 in

513 3808 621 3883 lege
649 3814 757 3883 ejus
800 3811 1120 3865 meditabitur
1160 3812 1241 3865 die
1284 3828 1343 3864 ac
1386 3820 1546 3864 nocte.
1586 3811 1736 3864 Justo
1776 3828 1877 3864 non
1916 3819 1985 3864 est
2024 3812 2106 3864 lea:

514 3920 698 3975 posita,
730 3914 788 3959 ut
818 3904 947 3958 dicit
977 3905 1265 3973 Apostolus
1295 3903 1338 3976 (l
1368 3903 1501 3958 Tim.
1537 3920 1576 3968 ι,
1606 3904 1700 3976 9);
1732 3904 1826 3959 sed
1852 3904 1995 3958 aliud
2023 3913 2106 3959 est

511 4012 632 4052 esse
655 3998 705 4051 in
732 3997 867 4066 lege,
892 3996 1036 4051 aliud
1057 3997 1156 4051 sub
1180 3997 1295 4067 lege
1315 4015 1327 4049 :
1346 3997 1436 4067 qui
1466 4006 1549 4052 est
1568 3997 1618 4050 in
1646 3996 1783 4067 lege,
1810 3996 2103 4051 secundum

513 4088 682 4158 legem
712 4089 847 4157 agit;
883 4087 973 4157 qui
1002 4097 1085 4143 est
1104 4087 1205 4141 sub
1231 4088 1370 4158 lege,
1401 4087 1692 4143 secundum
1718 4087 1889 4158 legem
1908 4088 2100 4157 agitur.

515 4179 607 4233 llle
634 4193 762 4249 ergo
793 4178 926 4233 liber
948 4186 1050 4244 est,
1093 4180 1193 4233 iste
1227 4193 1433 4233 servus.
1478 4177 1679 4233 Deinde
1710 4178 1851 4232 aliud
1894 4188 1976 4232 est
2017 4179 2104 4232 lex

512 4284 632 4338 qua:
658 4268 925 4334 scribitur,
965 4278 1019 4322 et
1044 4268 1337 4337 imponitur
1372 4269 1656 4333 servienti;
1693 4269 1836 4323 aliud
1871 4269 1956 4325 lex
1985 4286 2103 4336 qua:

515 4367 697 4423 ruente
719 4360 1064 4431 conspicitur,
1089 4360 1157 4413 ab
1180 4375 1246 4414 eo
1271 4360 1358 4430 qui
1383 4376 1488 4413 non
1522 4360 1720 4431 indiget
1747 4360 1953 4415 litteris.
1986 4360 2103 4414 Me-

511 4453 749 4505 ditabitur
773 4452 854 4507 die
880 4470 940 4506 ac
969 4464 1111 4506 nocte
1148 4468 1167 4507 :
1206 4462 1296 4506 aut
1332 4453 1447 4508 sine
1474 4453 1868 4507 intermissione
1911 4453 2102 4507 intellic

510 4543 741 4612 gendum
780 4551 896 4606 est;
938 4552 1027 4596 aut
1065 4544 1147 4596 die
1186 4543 1237 4597 in
1267 4543 1465 4605 laetitia,
1494 4553 1637 4597 nocte
1665 4544 1714 4597 in
1747 4543 2100 4599 tribulationi-

512 4634 643 4699 bus;
667 4634 858 4691 dicitur
881 4636 1025 4690 enim
1059 4653 1073 4689 :
1098 4636 1356 4690 Abraham
1380 4637 1511 4690 diem
1537 4654 1703 4691 meum
1730 4638 1872 4696 uidit.
1896 4650 1942 4691 et
1962 4637 2102 4708 gavi-

510 4744 597 4780 sus
636 4735 709 4780 est
757 4726 935 4798 (Joan.
977 4742 1105 4792 vni,
1143 4727 1267 4797 56);
1307 4737 1363 4781 et
1394 4728 1462 4783 de
1503 4728 1842 4783 tribulatione
1868 4729 2098 4787 dicitur:

509 4815 731 4888 Insuper
766 4827 814 4871 et
854 4835 1009 4888 usque
1035 4817 1103 4870 ad
1142 4830 1334 4873 noctem
1373 4820 1759 4889 emendaverunt
1800 4822 1816 4852 ί
1854 4838 1933 4875 me
1958 4838 2102 4876 renes

507 4908 607 4963 mei
636 4906 808 4979 (Psal.
836 4924 923 4973 xv,
952 4910 1028 4977 7).

580 4999 634 5055 3.
676 4995 830 5072 [vers.
857 4996 935 5072 5.]
964 4998 1029 5053 Et
1058 5000 1149 5053 erit
1176 5010 1414 5072 tanquam
1440 5001 1631 5073 lignum
1649 5002 1784 5071 quod
1817 5003 2099 5074 plantatum

510 5099 578 5144 est
604 5091 880 5143 secundum
900 5092 1139 5146 decursus
1162 5109 1405 5163 aquarum
1428 5110 1447 5149 :
1475 5094 1525 5148 id
1554 5103 1653 5160 est,
1688 5105 1779 5150 aut
1806 5097 2098 5151 secundum

512 5197 677 5249 ipsam
710 5181 1055 5249 Sapientiam.
1083 5178 1199 5253 qua:
1238 5186 1450 5253 dignata
1492 5195 1574 5239 est
1618 5186 1887 5241 hominem
1930 5189 2101 5242 susci-

512 5290 635 5342 pere
674 5274 738 5326 ad
781 5276 1003 5328 salutem
1053 5285 1322 5342 nostram;
1358 5284 1414 5331 ut
1443 5280 1556 5347 ipse
1585 5279 1743 5332 homo
1784 5282 1854 5334 sit
1901 5281 2095 5349 lignum

511 5367 799 5437 plumatum
824 5367 1113 5422 secundum
1137 5369 1393 5426 decursus
1426 5388 1685 5443 aquarum
1717 5391 1729 5427 :
1762 5383 1934 5442 potest
1954 5376 2096 5430 enim

572 5502 583 5572 ἑ
613 5507 941 5572 Novci_nyss.,
966 5500 1325 5572 increpuertmt.
1352 5505 1453 5564 Alii,
1473 5515 1697 5568 quatuor,
1712 5501 2093 5572 increparerunt.

508 5570 727 5631 Attamen
753 5563 872 5612 infra
898 5563 943 5612 in
970 5563 1151 5615 malum
1179 5567 1249 5626 lb’,
1287 5580 1477 5630 omnes,
1491 5563 1690 5631 'prmter’
1701 5563 1866 5630 unum,
1895 5571 2093 5630 habent,

505 5625 891 5672 emendauerunt.

567 5684 645 5757 (αὶ
672 5691 763 5754 lloc
790 5700 835 5734 ιη
858 5692 1093 5757 taetram:
1112 5701 1195 5736 χιχ
1216 5691 1507 5751 Λαευειίηιιε
1540 5692 1794 5757 improbat,
1816 5693 1943 5757 quod
1964 5694 2097 5757 chri-

511 5743 867 5816 tunilwmiuein
897 5748 1213 5811 Dominicum,
1254 5743 1363 5812 post
1403 5743 1637 5816 quosdam
1678 5743 1798 5807 licel
1819 5743 2090 5808 catholicos

486 5810 763 5870 scriptores,
781 5810 980 5860 dixerit.
1133 5820 1136 5825 ‘

2209 1612 2263 1658 et
2292 1604 2395 1659 hoc
2420 1603 2688 1660 intellectu
2719 1607 2906 1678 accipi,
2938 1608 3082 1679 quod
3110 1610 3162 1666 in
3188 1611 3296 1667 alio
3330 1613 3535 1684 psalmo
3561 1616 3764 1674 dicitur
3788 1637 3810 1678 :

2209 1693 2421 1750 Flavius
2466 1694 2565 1751 Dei
2603 1699 2822 1767 repletus
2862 1710 2935 1755 est
2969 1718 3103 1771 aqua
3140 1702 3317 1773 (Psal.
3362 1720 3505 1770 Lxrv.
3538 1709 3652 1776 ‘10).
3703 1713 3812 1769 Aut

2208 1789 2500 1843 secundum
2540 1789 2794 1859 Spiritum
2828 1803 3090 1858 sanctum,
3132 1798 3425 1854 secundum
3468 1819 3625 1872 quem
3666 1807 3809 1863 dicio

2207 1886 2295 1932 tur
2327 1895 2341 1932 :
2375 1878 2497 1948 Ipse
2530 1898 2617 1935 ros
2653 1882 2924 1953 baptizabit
2952 1886 3005 1939 in
3046 1884 3245 1957 Spiritu
3276 1901 3451 1945 sancto
3478 1892 3695 1963 (Matth.
3729 1912 3808 1962 tu,

2208 1967 2333 2041 il);
2366 1978 2419 2024 et
2448 1969 2577 2024 illud
2602 1987 2616 2023 :
2651 1970 2753 2039 Qui
2776 1974 2899 2041 sitit,
2921 1975 3106 2040 ueniat,
3126 1987 3176 2031 et
3197 1977 3332 2032 bibat
3350 1980 3529 2050 (locu.
3553 2000 3647 2051 vn,
3677 1987 3807 2057 37);

2207 2068 2260 2114 et
2306 2060 2435 2116 illud
2475 2078 2489 2115 :
2524 2063 2585 2118 Si
2618 2065 2773 2119 scires
2812 2065 3011 2121 donum‘
3042 2066 3159 2131 Dei,
3196 2079 3247 2123 et
3284 2072 3399 2139 quis
3442 2084 3517 2129 est
3556 2079 3644 2147 qui
3681 2095 3719 2132 α
3766 2089 3812 2135 te

2207 2168 2391 2223 aquam
2425 2155 2583 2224 petit;
2609 2158 2815 2226 petisses
2837 2158 2901 2213 ab
2929 2175 3008 2225 eo,
3034 2168 3083 2214 et
3110 2161 3253 2215 daret
3280 2163 3368 2218 tibi
3400 2182 3583 2235 aquam
3614 2172 3809 2239 ninam,

2208 2244 2342 2300 unde
2364 2246 2451 2316 qui
2476 2245 2652 2302 biberit
2684 2265 2786 2304 non
2812 2250 2947 2305 sitiet
2970 2251 3025 2304 in
3057 2253 3339 2321 (sternunt;
3370 2257 3459 2311 sed
3483 2259 3729 2329 eﬂieietur
3757 2265 3810 2317 in

2208 2354 2267 2392 eo
2294 2339 2411 2409 fons
2437 2356 2584 2411 aqua
2616 2341 2841 2397 salientis
2872 2343 2927 2397 in
2950 2344 3102 2398 vitam
3143 2355 3384 2401 wternam
3408 2349 3428 2419 (
3456 2348 3567 2417 Id.,
3601 2367 3678 2418 tv,
3718 2355 3807 2421 to,

2209 2431 2299 2499 15,
2330 2431 2440 2503 14).
2472 2434 2582 2488 Aut
2616 2434 2895 2489 secundum
2930 2437 3171 2493 decursus
3207 2456 3477 2507 aquarum,
3507 2446 3807 2501 secundum

2209 2524 2524 2595 populorum
2551 2536 2790 2596 peccata,
2819 2529 2942 2599 quia
2969 2540 3025 2586 et
3055 2545 3210 2601 aqua:
3237 2533 3419 2605 populi
3448 2524 3812 2609 interpretan-

2208 2624 2298 2670 tur
2324 2615 2379 2672 in
2420 2619 2741 2689 Apocalypsi
2764 2620 2948 2694 (Apoc.
2978 2637 3104 2688 xvn,
3139 2624 3267 2693 i5);
3305 2633 3361 2680 et
3396 2625 3657 2686 decursus
3698 2642 3809 2687 non

2208 2706 2441 2763 absurde
2482 2707 2793 2779 intelligitur
2839 2704 3041 2782 lapsus,
3089 2713 3230 2782 quod
3283 2718 3510 2785 pertinet
3554 2716 3623 2777 ad
3670 2718 3813 2777 deli-

2209 2808 2376 2851 ctum.
2407 2797 2632 2869 Lignum
2662 2815 2791 2872 ergo
2826 2800 2973 2866 illud,
3018 2801 3071 2858 id
3097 2811 3180 2859 est
3219 2805 3472 2864 Dominus
3497 2819 3707 2877 noster,
3742 2814 3811 2869 de

2208 2892 2360 2961 aquis
2401 2892 2843 2961 decurrentibus,
2889 2894 2940 2949 id
2987 2904 3073 2950 est
3124 2897 3338 2966 populis
3383 2902 3807 2969 peccatoribus,

2211 2986 2429 3038 trahens
2453 3000 2549 3040 eos
2583 2985 2637 3039 in
2665 2987 2746 3040 via
2776 2986 2829 3040 in
2873 2987 3081 3043 radices
3104 2988 3399 3060 disciplinae
3423 3007 3554 3057 sum,
3582 2995 3813 3063 fructum

2209 3075 2367 3139 dabit,
2402 3075 2503 3131 hoc
2546 3085 2650 3142 est,
2695 3077 2982 3133 constituet
3028 3078 3325 3147 Ecclesias;
3356 3082 3408 3136 in
3437 3092 3659 3155 (corpore
3687 3104 3802 3141 suo.

2210 3165 2264 3221 id
2311 3176 2411 3232 est,
2464 3176 2741 3236 postquam
2798 3168 3119 3224 clariﬁcatus
3172 3181 3253 3225 est
3306 3176 3702 3232 resurrectione
3756 3187 3811 3232 et

2208 3258 2522 3313 ascensione
2543 3260 2595 3313 in
2622 3260 2839 3316 cretum.
2872 3261 3021 3316 Tunc
3040 3262 3181 3317 enim
3203 3262 3401 3334 Spiritu
3426 3277 3616 3322 sancto
3638 3270 3810 3325 misso

2209 3350 2497 3419 Apostolis,
2527 3358 2582 3404 et
2609 3351 2687 3405 eis
2717 3351 2769 3404 iu
2810 3351 2999 3406 ﬁducia
3029 3354 3107 3407 sui
3145 3355 3474 3412 conﬁrmatis
3500 3366 3556 3413 et
3581 3358 3810 3416 directis

2210 3444 2261 3496 in
2290 3444 2533 3512 populos,
2565 3443 2900 3499 fruetiiicavit
2923 3445 3233 3501 Ecclesias‘.
3266 3447 3334 3503 Et
3363 3435 3545 3521 folium
3567 3453 3681 3522 ejus
3702 3472 3810 3509 non

2208 3534 2444 3587 decidet:
2475 3534 2524 3588 id
2554 3543 2658 3597 est,
2699 3536 2921 3590 verbum
2942 3539 3064 3605 ejus
3104 3555 3209 3594 non
3252 3540 3355 3595 erit
3402 3542 3647 3610 irritum;
3677 3546 3809 3616 quia

2208 3628 2370 3681 omnis
2389 3644 2507 3682 caro
2534 3630 2747 3697 frenum,
2780 3639 2825 3681 et
2849 3629 3055 3683 claritas
3076 3630 3294 3687 hominis
3322 3643 3376 3686 ut
3394 3635 3491 3704 ﬂos
3517 3636 3643 3705 faeni
3660 3653 3679 3691 :
3710 3642 3809 3709 [αι

2208 3736 2330 3772 num
2356 3720 2511 3784 aruit,
2553 3729 2600 3772 et
2631 3720 2728 3788 [los
2747 3719 2952 3785 decidit,
2980 3722 3182 3775 verbum
3209 3717 3375 3778 autem
3403 3724 3610 3781 Domini
3635 3737 3809 3782 manet

2206 3811 2260 3863 in
2285 3820 2528 3865 retentum
2551 3809 2600 3883 (1
2607 3811 2703 3863 sai.
2729 3826 2817 3877 ιι,
2852 3810 2997 3881 6-8).
3022 3811 3090 3865 Et
3123 3814 3293 3868 omnia
3317 3832 3641 3887 quwcumque
3671 3822 3810 3892 fere.

2206 3903 2274 3956 rit
2314 3900 2747 3973 prosperabuntur
2776 3918 2796 3957 :
2821 3902 2872 3957 id
2903 3912 3004 3971 est,
3032 3919 3384 3976 quaecumque
3425 3907 3553 3962 illud
3598 3908 3807 3981 lignum

2207 3994 2476 4058 attulerit;
2500 4008 2618 4062 quae
2638 3994 2816 4048 omnia
2843 3993 3091 4050 videlicet
3114 3997 3421 4067 accipienda
3448 4010 3574 4055 sunt
3594 4001 3808 4059 fructus

2207 4094 2261 4140 et
2290 4084 2438 4151 folia,
2462 4084 2513 4139 id
2539 4093 2622 4140 est
2648 4084 2785 4140 facta
2809 4094 2863 4141 et
2887 4085 3050 4141 dicta.

2278 4177 2331 4231 4.
2361 4174 2513 4249 [vers.
2543 4174 2622 4249 4.]
2653 4174 2776 4229 Νοη
2799 4178 2873 4231 sic
2892 4177 3056 4248 impii,
3076 4195 3176 4232 non
3206 4179 3410 4234 sicned
3424 4189 3663 4251 tanquam
3680 4186 3805 4254 ραι-

2206 4270 2281 4323 vis
2302 4285 2448 4337 quem
2482 4270 2684 4339 projicit
2707 4277 2883 4323 ventus
2915 4286 2949 4322 a
2973 4270 3102 4342 facie
3143 4280 3309 4336 teme.
3338 4272 3501 4328 Terra
3544 4273 3632 4330 hic
3661 4279 3808 4334 acci-

2207 4360 2395 4429 pienda
2422 4369 2503 4413 est
2527 4360 2639 4429 ipsa
2670 4360 2931 4414 stabilitas
2959 4362 3010 4415 in
3041 4362 3169 4428 Deo,
3198 4366 3488 4419 secundum
3521 4380 3685 4436 quam
3716 4369 3807 4424 di-

2206 4451 2345 4506 citur
2373 4467 2387 4500 :
2414 4450 2663 4504 Dominus
2690 4467 2809 4520 pars
2836 4451 3145 4507 haereditatis
3165 4470 3308 4519 mete,
3331 4456 3510 4509 etenim
3531 4456 3807 4514 luereditas

2206 4560 2317 4596 mea
2348 4544 2593 4614 pratclara
2640 4554 2714 4597 est
2753 4545 2879 4598 mihi
2925 4544 3094 4611 (Psal.
3138 4561 3229 4612 xv,
3281 4547 3337 4612 5,
3384 4547 3471 4617 6);
3503 4552 3805 4607 secundum

2208 4634 2345 4690 hanc
2376 4635 2569 4690 dicitur
2608 4656 2623 4692 :
2657 4636 2864 4692 Sustine
2889 4635 3185 4701 Dominum,
3215 4646 3261 4691 et
3289 4638 3496 4693 observa
3532 4641 3640 4695 vias
3668 4643 3804 4711 ejus,

2206 4735 2253 4781 et
2276 4725 2518 4780 exaltabit
2544 4737 2611 4791 te,
2640 4738 2694 4780 ut
2735 4728 2991 4796 possideas
3013 4737 3198 4782 terram
3236 4728 3405 4801 (Psal.
3449 4747 3639 4798 xxxvt,
3686 4736 3801 4805 54);

2207 4818 2497 4873 secundum
2527 4818 2661 4873 hanc
2686 4819 2882 4874 dicitur
2913 4837 2927 4873 :
2955 4819 3100 4874 Beati
3130 4822 3294 4884 mites.
3323 4824 3442 4891 quia
3466 4824 3565 4894 ipsi
3591 4826 3810 4879 heredi-

2206 4918 2308 4962 tate
2350 4911 2673 4981 possidcbunt
2715 4920 2899 4965 terram
2939 4912 3154 4983 (Matth.
3179 4929 3229 4980 v,
3267 4913 3344 4984 4).
3376 4913 3683 4973 Similitudo
3708 4936 3804 4974 au-

2207 5008 2313 5054 tem
2356 5000 2477 5054 hinc
2503 5001 2660 5056 ducta
2689 5012 2810 5068 est;
2837 5002 2958 5071 quia
2998 5012 3060 5057 ut
3093 5002 3207 5058 haec
3233 5013 3373 5060 terra
3402 5005 3625 5062 visibilis
3655 5018 3806 5065 exte-

2206 5093 2406 5147 riorem
2437 5093 2704 5148 hominem
2738 5096 2905 5148 nutrit
2946 5105 3001 5149 et
3030 5098 3285 5163 continet,
3323 5098 3393 5151 ita
3426 5100 3511 5152 illa
3542 5110 3681 5155 terra
3716 5105 3802 5156 in-

2208 5186 2430 5239 visibilis
2476 5186 2783 5242 interiorem
2833 5187 3124 5244 hominem.
3174 5195 3217 5244 A
3263 5192 3415 5259 cujus
3463 5200 3621 5247 terrre
3666 5193 3802 5251 facie

2206 5277 2418 5347 projicit
2441 5288 2631 5332 ventus
2658 5278 2900 5346 impium,
2934 5279 2983 5333 id
3014 5289 3096 5334 est
3121 5281 3389 5351 superbia,
3434 5283 3557 5353 quia
3582 5285 3603 5315 ’
3628 5284 3797 5340 inﬂat.

2205 5370 2373 5437 Quam
2396 5386 2596 5425 cavens
2623 5372 2711 5424 ille
2733 5371 2823 5442 qui
2855 5371 3217 5428 inebriahatur
3246 5373 3312 5427 ab
3342 5375 3583 5429 ubertate
3605 5375 3798 5431 donius

2206 5461 2322 5524 Dei,
2350 5470 2406 5515 et
2434 5470 2668 5517 torrente
2689 5464 2972 5532 voluptatis
2999 5464 3114 5533 ejus
3142 5466 3443 5535 putabatur,
3473 5466 3642 5523 dicit:
3676 5470 3797 5524 Non

2203 5550 2367 5604 ueniat
2394 5550 2519 5604 milii
2554 5568 2638 5621 pes
2666 5552 2912 5621 superbia:
2951 5552 3124 5622 (Psal.
3163 5573 3327 5620 xxxv,
3357 5556 3411 5623 9,
3443 5556 3551 5622 ΓΞ).
3586 5542 3795 5616 Abbati

2205 5651 2345 5696 terra
2372 5641 2597 5712 projecit
2623 5643 2871 5714 superbia
2914 5659 3036 5699 eum
3073 5647 3164 5717 qui
3192 5646 3324 5701 dixit
3357 5664 3369 5701 :
3404 5648 3600 5702 l’onam
3632 5654 3796 5704 sedem

2267 5756 2287 5787 ι
2310 5762 2488 5804 Decem
2505 5762 2630 5814 Mss,
2661 5758 2888 5808 Ecclesia.

2266 5818 2288 5849 ⁸
2310 5817 2497 5881 Aliquot
2514 5826 2639 5877 Mss,
2664 5832 2789 5881 quw.
