  <div class='ocr_page' id='page_1' title='image "/cluster/home/n/w/nwhite01/storage/ocr_20150623/36/umn.319510024773307/044.png"; bbox 0 0 3956 6326; ppageno 0'>
   <div class='ocr_carea' id='block_1_1' title="bbox 117 390 3371 471">
    <p class='ocr_par' dir='ltr' id='par_1_1' title="bbox 117 390 3371 471">
     <span class='ocr_line' id='line_1_1' title="bbox 117 390 3371 471; baseline 0.007 -22"><span class='ocrx_word' id='word_1_1' title='bbox 117 393 166 449; x_wconf 82' lang='lat'><strong>69</strong></span> <span class='ocrx_word' id='word_1_2' title='bbox 749 390 808 447; x_wconf 88' lang='lat' dir='ltr'><strong>S.</strong></span> <span class='ocrx_word' id='word_1_3' title='bbox 850 391 1218 447; x_wconf 80' lang='lat' dir='ltr'><strong>AUGUSTINI</strong></span> <span class='ocrx_word' id='word_1_4' title='bbox 1262 391 1562 449; x_wconf 82' lang='lat' dir='ltr'><strong>EPISCOPI</strong></span> <span class='ocrx_word' id='word_1_5' title='bbox 1606 391 2005 451; x_wconf 74' lang='lat' dir='ltr'><strong>ENARRATIO</strong></span> <span class='ocrx_word' id='word_1_6' title='bbox 2046 393 2111 453; x_wconf 83' lang='lat' dir='ltr'><strong>IN</strong></span> <span class='ocrx_word' id='word_1_7' title='bbox 2153 400 2476 460; x_wconf 75' lang='lat' dir='ltr'><strong>PSALMUM</strong></span> <span class='ocrx_word' id='word_1_8' title='bbox 2515 403 2582 460; x_wconf 85' lang='lat' dir='ltr'><strong>ll.</strong></span> <span class='ocrx_word' id='word_1_9' title='bbox 3297 413 3371 471; x_wconf 74' lang='lat'><strong>70</strong></span> 
     </span>
    </p>
   </div>
   <div class='ocr_carea' id='block_1_2' title="bbox 117 505 1662 582">
    <p class='ocr_par' dir='ltr' id='par_1_2' title="bbox 117 505 1662 582">
     <span class='ocr_line' id='line_1_2' title="bbox 117 505 1662 582; baseline 0.003 -25"><span class='ocrx_word' id='word_1_10' title='bbox 117 522 244 573; x_wconf 60' lang='lat' dir='ltr'><strong>metm</strong></span> <span class='ocrx_word' id='word_1_11' title='bbox 267 506 330 557; x_wconf 85' lang='lat' dir='ltr'><strong>ad</strong></span> <span class='ocrx_word' id='word_1_12' title='bbox 357 505 673 576; x_wconf 75' lang='lat' dir='ltr'><strong>Aquilonem,</strong></span> <span class='ocrx_word' id='word_1_13' title='bbox 698 519 744 562; x_wconf 85' lang='lat' dir='ltr'><strong>et</strong></span> <span class='ocrx_word' id='word_1_14' title='bbox 768 527 852 564; x_wconf 92' lang='lat' dir='ltr'><strong>ero</strong></span> <span class='ocrx_word' id='word_1_15' title='bbox 880 510 1061 565; x_wconf 85' lang='lat' dir='ltr'><strong>similis</strong></span> <span class='ocrx_word' id='word_1_16' title='bbox 1091 510 1350 565; x_wconf 80' lang='lat' dir='ltr'><strong>Altissimo</strong></span> <span class='ocrx_word' id='word_1_17' title='bbox 1373 509 1522 582; x_wconf 86' lang='lat' dir='ltr'><strong>(Isai.</strong></span> <span class='ocrx_word' id='word_1_18' title='bbox 1553 524 1662 576; x_wconf 80' lang='lat' dir='ltr'><strong>xw,</strong></span> 
     </span>
    </p>
   </div>
   <div class='ocr_carea' id='block_1_3' title="bbox 117 598 1665 672">
    <p class='ocr_par' dir='ltr' id='par_1_3' title="bbox 117 598 1665 672">
     <span class='ocr_line' id='line_1_3' title="bbox 117 598 1665 672; baseline 0.003 -22"><span class='ocrx_word' id='word_1_19' title='bbox 117 599 181 656; x_wconf 78' lang='lat' dir='ltr'><strong>l5.</strong></span> <span class='ocrx_word' id='word_1_20' title='bbox 206 598 302 662; x_wconf 72' lang='lat' dir='ltr'><strong>ll).</strong></span> <span class='ocrx_word' id='word_1_21' title='bbox 325 599 401 650; x_wconf 74' lang='lat' dir='ltr'><strong>Ab</strong></span> <span class='ocrx_word' id='word_1_22' title='bbox 424 598 576 667; x_wconf 83' lang='lat' dir='ltr'><strong>hujus</strong></span> <span class='ocrx_word' id='word_1_23' title='bbox 607 609 767 656; x_wconf 67' lang='lat' dir='ltr'><strong>terra:</strong></span> <span class='ocrx_word' id='word_1_24' title='bbox 801 600 938 658; x_wconf 79' lang='lat' dir='ltr'><strong>facie</strong></span> <span class='ocrx_word' id='word_1_25' title='bbox 966 602 1189 672; x_wconf 90' lang='lat' dir='ltr'><strong>projecit</strong></span> <span class='ocrx_word' id='word_1_26' title='bbox 1214 603 1374 656; x_wconf 88' lang='lat' dir='ltr'><strong>etiam</strong></span> <span class='ocrx_word' id='word_1_27' title='bbox 1402 616 1524 656; x_wconf 90' lang='lat' dir='ltr'><strong>eum</strong></span> <span class='ocrx_word' id='word_1_28' title='bbox 1553 601 1665 671; x_wconf 86' lang='lat' dir='ltr'><strong>qui,</strong></span> 
     </span>
    </p>
   </div>
   <div class='ocr_carea' id='block_1_4' title="bbox 117 690 1672 765">
    <p class='ocr_par' dir='ltr' id='par_1_4' title="bbox 117 690 1672 765">
     <span class='ocr_line' id='line_1_4' title="bbox 117 690 1672 765; baseline 0.003 -23"><span class='ocrx_word' id='word_1_29' title='bbox 117 705 206 742; x_wconf 81' lang='lat' dir='ltr'><strong>cum</strong></span> <span class='ocrx_word' id='word_1_30' title='bbox 235 692 580 745; x_wconf 80' lang='lat' dir='ltr'><strong>consensisset</strong></span> <span class='ocrx_word' id='word_1_31' title='bbox 615 703 672 747; x_wconf 89' lang='lat' dir='ltr'><strong>et</strong></span> <span class='ocrx_word' id='word_1_32' title='bbox 707 703 981 764; x_wconf 80' lang='lat' dir='ltr'><strong>gustasset</strong></span> <span class='ocrx_word' id='word_1_33' title='bbox 1011 694 1077 748; x_wconf 91' lang='lat' dir='ltr'><strong>de</strong></span> <span class='ocrx_word' id='word_1_34' title='bbox 1122 690 1390 763; x_wconf 87' lang='lat' dir='ltr'><strong>prohibito</strong></span> <span class='ocrx_word' id='word_1_35' title='bbox 1416 694 1580 765; x_wconf 81' lang='lat' dir='ltr'><strong>ligno,</strong></span> <span class='ocrx_word' id='word_1_36' title='bbox 1612 703 1672 747; x_wconf 93' lang='lat' dir='ltr'><strong>ut</strong></span> 
     </span>
    </p>
   </div>
   <div class='ocr_carea' id='block_1_5' title="bbox 114 783 1667 859">
    <p class='ocr_par' dir='ltr' id='par_1_5' title="bbox 114 783 1667 859">
     <span class='ocr_line' id='line_1_5' title="bbox 114 783 1667 859; baseline 0.001 -22"><span class='ocrx_word' id='word_1_37' title='bbox 114 791 225 837; x_wconf 76' lang='lat' dir='ltr'><strong>esset</strong></span> <span class='ocrx_word' id='word_1_38' title='bbox 246 783 371 836; x_wconf 82' lang='lat' dir='ltr'><strong>sicut</strong></span> <span class='ocrx_word' id='word_1_39' title='bbox 397 783 556 848; x_wconf 89' lang='lat' dir='ltr'><strong>Deus,</strong></span> <span class='ocrx_word' id='word_1_40' title='bbox 580 786 864 842; x_wconf 80' lang='lat' dir='ltr'><strong>abscondit</strong></span> <span class='ocrx_word' id='word_1_41' title='bbox 888 802 945 841; x_wconf 88' lang='lat' dir='ltr'><strong>se</strong></span> <span class='ocrx_word' id='word_1_42' title='bbox 975 801 1005 842; x_wconf 89' lang='lat' dir='ltr'><strong>a</strong></span> <span class='ocrx_word' id='word_1_43' title='bbox 1035 786 1171 842; x_wconf 82' lang='lat' dir='ltr'><strong>facie</strong></span> <span class='ocrx_word' id='word_1_44' title='bbox 1205 787 1294 841; x_wconf 88' lang='lat' dir='ltr'><strong>Dei</strong></span> <span class='ocrx_word' id='word_1_45' title='bbox 1323 785 1473 859; x_wconf 84' lang='lat' dir='ltr'><strong>(Gen.</strong></span> <span class='ocrx_word' id='word_1_46' title='bbox 1510 801 1587 850; x_wconf 90' lang='grc' dir='ltr'>ιιι,</span> <span class='ocrx_word' id='word_1_47' title='bbox 1614 786 1667 849; x_wconf 88' lang='lat'><strong>6,</strong></span> 
     </span>
    </p>
   </div>
   <div class='ocr_carea' id='block_1_6' title="bbox 112 872 1669 948">
    <p class='ocr_par' dir='ltr' id='par_1_6' title="bbox 112 872 1669 948">
     <span class='ocr_line' id='line_1_6' title="bbox 112 872 1669 948; baseline 0.003 -22"><span class='ocrx_word' id='word_1_48' title='bbox 112 873 174 941; x_wconf 87' lang='lat'><strong>8).</strong></span> <span class='ocrx_word' id='word_1_49' title='bbox 201 872 331 930; x_wconf 86' lang='lat' dir='ltr'><strong>llanc</strong></span> <span class='ocrx_word' id='word_1_50' title='bbox 367 882 566 928; x_wconf 90' lang='lat' dir='ltr'><strong>terram</strong></span> <span class='ocrx_word' id='word_1_51' title='bbox 611 877 677 931; x_wconf 90' lang='lat' dir='ltr'><strong>ad</strong></span> <span class='ocrx_word' id='word_1_52' title='bbox 712 878 1020 933; x_wconf 89' lang='lat' dir='ltr'><strong>interiorem</strong></span> <span class='ocrx_word' id='word_1_53' title='bbox 1062 878 1335 932; x_wconf 83' lang='lat' dir='ltr'><strong>hominem</strong></span> <span class='ocrx_word' id='word_1_54' title='bbox 1377 879 1669 948; x_wconf 81' lang='lat' dir='ltr'><strong>pertinere,</strong></span> 
     </span>
    </p>
   </div>
   <div class='ocr_carea' id='block_1_7' title="bbox 113 963 1673 1040">
    <p class='ocr_par' dir='ltr' id='par_1_7' title="bbox 113 963 1673 1040">
     <span class='ocr_line' id='line_1_7' title="bbox 113 963 1673 1040; baseline 0.005 -25"><span class='ocrx_word' id='word_1_55' title='bbox 113 973 154 1016; x_wconf 85' lang='lat' dir='ltr'><strong>ct</strong></span> <span class='ocrx_word' id='word_1_56' title='bbox 187 963 292 1018; x_wconf 84' lang='lat' dir='ltr'><strong>inde</strong></span> <span class='ocrx_word' id='word_1_57' title='bbox 326 967 572 1034; x_wconf 82' lang='lat' dir='ltr'><strong>superbia</strong></span> <span class='ocrx_word' id='word_1_58' title='bbox 619 968 892 1023; x_wconf 87' lang='lat' dir='ltr'><strong>hominem</strong></span> <span class='ocrx_word' id='word_1_59' title='bbox 943 970 1152 1040; x_wconf 89' lang='lat' dir='ltr'><strong>projici,</strong></span> <span class='ocrx_word' id='word_1_60' title='bbox 1187 970 1416 1024; x_wconf 79' lang='lat' dir='ltr'><strong>maxime</strong></span> <span class='ocrx_word' id='word_1_61' title='bbox 1451 969 1673 1038; x_wconf 84' lang='lat' dir='ltr'><strong>intelligi</strong></span> 
     </span>
    </p>
   </div>
   <div class='ocr_carea' id='block_1_8' title="bbox 113 1055 1674 1129">
    <p class='ocr_par' dir='ltr' id='par_1_8' title="bbox 113 1055 1674 1129">
     <span class='ocr_line' id='line_1_8' title="bbox 113 1055 1674 1129; baseline 0.004 -23"><span class='ocrx_word' id='word_1_62' title='bbox 113 1065 256 1120; x_wconf 84' lang='lat' dir='ltr'><strong>potest</strong></span> <span class='ocrx_word' id='word_1_63' title='bbox 291 1055 336 1107; x_wconf 92' lang='lat' dir='ltr'><strong>iu</strong></span> <span class='ocrx_word' id='word_1_64' title='bbox 367 1071 430 1109; x_wconf 90' lang='lat' dir='ltr'><strong>eo</strong></span> <span class='ocrx_word' id='word_1_65' title='bbox 472 1058 622 1126; x_wconf 89' lang='lat' dir='ltr'><strong>quod</strong></span> <span class='ocrx_word' id='word_1_66' title='bbox 653 1060 910 1129; x_wconf 88' lang='lat' dir='ltr'><strong>scriptum</strong></span> <span class='ocrx_word' id='word_1_67' title='bbox 948 1069 1030 1114; x_wconf 86' lang='lat' dir='ltr'><strong>est</strong></span> <span class='ocrx_word' id='word_1_68' title='bbox 1070 1079 1083 1114; x_wconf 92' lang='lat'>:</span> <span class='ocrx_word' id='word_1_69' title='bbox 1120 1059 1257 1124; x_wconf 83' lang='lat' dir='ltr'><strong>Quid</strong></span> <span class='ocrx_word' id='word_1_70' title='bbox 1284 1061 1510 1129; x_wconf 76' lang='lat' dir='ltr'><strong>superbit</strong></span> <span class='ocrx_word' id='word_1_71' title='bbox 1537 1072 1674 1113; x_wconf 87' lang='lat' dir='ltr'><strong>terra</strong></span> 
     </span>
    </p>
   </div>
   <div class='ocr_carea' id='block_1_9' title="bbox 113 1145 1670 1222">
    <p class='ocr_par' dir='ltr' id='par_1_9' title="bbox 113 1145 1670 1222">
     <span class='ocr_line' id='line_1_9' title="bbox 113 1145 1670 1222; baseline 0.003 -25"><span class='ocrx_word' id='word_1_72' title='bbox 113 1157 148 1197; x_wconf 76' lang='lat' dir='ltr'><strong>et</strong></span> <span class='ocrx_word' id='word_1_73' title='bbox 175 1145 316 1199; x_wconf 78' lang='lat' dir='ltr'><strong>cinis?</strong></span> <span class='ocrx_word' id='word_1_74' title='bbox 339 1148 577 1216; x_wconf 85' lang='lat' dir='ltr'><strong>quoniam</strong></span> <span class='ocrx_word' id='word_1_75' title='bbox 599 1150 654 1202; x_wconf 88' lang='lat' dir='ltr'><strong>in</strong></span> <span class='ocrx_word' id='word_1_76' title='bbox 683 1150 786 1203; x_wconf 79' lang='lat' dir='ltr'><strong>vita</strong></span> <span class='ocrx_word' id='word_1_77' title='bbox 809 1167 905 1203; x_wconf 86' lang='lat' dir='ltr'><strong>sua</strong></span> <span class='ocrx_word' id='word_1_78' title='bbox 933 1151 1145 1220; x_wconf 87' lang='lat' dir='ltr'><strong>projecit</strong></span> <span class='ocrx_word' id='word_1_79' title='bbox 1170 1151 1347 1204; x_wconf 85' lang='lat' dir='ltr'><strong>intima</strong></span> <span class='ocrx_word' id='word_1_80' title='bbox 1371 1168 1462 1204; x_wconf 87' lang='lat' dir='ltr'><strong>sua</strong></span> <span class='ocrx_word' id='word_1_81' title='bbox 1486 1151 1670 1222; x_wconf 78' lang='lat' dir='ltr'><strong>(Ec-cli.</strong></span> 
     </span>
    </p>
   </div>
   <div class='ocr_carea' id='block_1_10' title="bbox 112 1237 1674 1310">
    <p class='ocr_par' dir='ltr' id='par_1_10' title="bbox 112 1237 1674 1310">
     <span class='ocr_line' id='line_1_10' title="bbox 112 1237 1674 1310; baseline 0.004 -23"><span class='ocrx_word' id='word_1_82' title='bbox 112 1252 153 1296; x_wconf 75' lang='grc' dir='ltr'><strong>ι,</strong></span> <span class='ocrx_word' id='word_1_83' title='bbox 184 1237 227 1301; x_wconf 90' lang='lat'><strong>9,</strong></span> <span class='ocrx_word' id='word_1_84' title='bbox 264 1237 379 1305; x_wconf 78' lang='lat'><strong>10);</strong></span> <span class='ocrx_word' id='word_1_85' title='bbox 411 1237 561 1292; x_wconf 89' lang='lat' dir='ltr'><strong>unde</strong></span> <span class='ocrx_word' id='word_1_86' title='bbox 591 1241 734 1295; x_wconf 88' lang='lat' dir='ltr'><strong>enim</strong></span> <span class='ocrx_word' id='word_1_87' title='bbox 781 1243 1053 1310; x_wconf 87' lang='lat' dir='ltr'><strong>projectus</strong></span> <span class='ocrx_word' id='word_1_88' title='bbox 1078 1250 1177 1307; x_wconf 90' lang='lat' dir='ltr'><strong>est,</strong></span> <span class='ocrx_word' id='word_1_89' title='bbox 1214 1258 1318 1295; x_wconf 86' lang='lat' dir='ltr'><strong>non</strong></span> <span class='ocrx_word' id='word_1_90' title='bbox 1347 1241 1577 1296; x_wconf 79' lang='lat' dir='ltr'><strong>absurde</strong></span> <span class='ocrx_word' id='word_1_91' title='bbox 1614 1257 1674 1295; x_wconf 88' lang='lat' dir='ltr'><strong>se</strong></span> 
     </span>
    </p>
   </div>
   <div class='ocr_carea' id='block_1_11' title="bbox 113 1327 608 1396">
    <p class='ocr_par' dir='ltr' id='par_1_11' title="bbox 113 1327 608 1396">
     <span class='ocr_line' id='line_1_11' title="bbox 113 1327 608 1396; baseline 0.014 -19"><span class='ocrx_word' id='word_1_92' title='bbox 113 1327 272 1379; x_wconf 83' lang='lat' dir='ltr'><strong>dicitur</strong></span> <span class='ocrx_word' id='word_1_93' title='bbox 297 1327 608 1396; x_wconf 60' lang='lat' dir='ltr'><strong>proiecit-ise.</strong></span> 
     </span>
    </p>
   </div>
   <div class='ocr_carea' id='block_1_12' title="bbox 167 1415 1673 1493">
    <p class='ocr_par' dir='ltr' id='par_1_12' title="bbox 167 1415 1673 1493">
     <span class='ocr_line' id='line_1_12' title="bbox 167 1415 1673 1493; baseline 0.006 -24"><span class='ocrx_word' id='word_1_94' title='bbox 167 1417 209 1469; x_wconf 87' lang='grc'><strong>5.</strong></span> <span class='ocrx_word' id='word_1_95' title='bbox 236 1415 368 1487; x_wconf 58' lang='lat' dir='ltr'><strong>[verm</strong></span> <span class='ocrx_word' id='word_1_96' title='bbox 395 1417 472 1490; x_wconf 79' lang='lat'><strong>5.]</strong></span> <span class='ocrx_word' id='word_1_97' title='bbox 492 1418 624 1472; x_wconf 88' lang='lat' dir='ltr'><strong>Ideo</strong></span> <span class='ocrx_word' id='word_1_98' title='bbox 647 1436 748 1473; x_wconf 80' lang='lat' dir='ltr'><strong>non</strong></span> <span class='ocrx_word' id='word_1_99' title='bbox 768 1433 1036 1492; x_wconf 86' lang='lat' dir='ltr'><strong>resurgunt</strong></span> <span class='ocrx_word' id='word_1_100' title='bbox 1062 1423 1204 1492; x_wconf 89' lang='lat' dir='ltr'><strong>impii</strong></span> <span class='ocrx_word' id='word_1_101' title='bbox 1233 1425 1285 1477; x_wconf 89' lang='lat' dir='ltr'><strong>in</strong></span> <span class='ocrx_word' id='word_1_102' title='bbox 1299 1424 1500 1493; x_wconf 84' lang='lat' dir='ltr'><strong>judicio</strong></span> <span class='ocrx_word' id='word_1_103' title='bbox 1518 1440 1535 1477; x_wconf 90' lang='lat'><strong><em>:</em></strong></span> <span class='ocrx_word' id='word_1_104' title='bbox 1555 1424 1673 1478; x_wconf 89' lang='lat' dir='ltr'><strong>ideo</strong></span> 
     </span>
    </p>
   </div>
   <div class='ocr_carea' id='block_1_13' title="bbox 112 1508 1675 1584">
    <p class='ocr_par' dir='ltr' id='par_1_13' title="bbox 112 1508 1675 1584">
     <span class='ocr_line' id='line_1_13' title="bbox 112 1508 1675 1584; baseline 0.007 -26"><span class='ocrx_word' id='word_1_105' title='bbox 112 1508 293 1570; x_wconf 83' lang='lat' dir='ltr'><strong>scilicet,</strong></span> <span class='ocrx_word' id='word_1_106' title='bbox 318 1509 435 1576; x_wconf 89' lang='lat' dir='ltr'><strong>quia</strong></span> <span class='ocrx_word' id='word_1_107' title='bbox 465 1521 720 1579; x_wconf 83' lang='lat' dir='ltr'><strong>tauquam</strong></span> <span class='ocrx_word' id='word_1_108' title='bbox 751 1513 926 1581; x_wconf 85' lang='lat' dir='ltr'><strong>pulvis</strong></span> <span class='ocrx_word' id='word_1_109' title='bbox 957 1513 1312 1584; x_wconf 88' lang='lat' dir='ltr'><strong>projiciuntur</strong></span> <span class='ocrx_word' id='word_1_110' title='bbox 1340 1531 1368 1568; x_wconf 93' lang='lat' dir='ltr'><strong>a</strong></span> <span class='ocrx_word' id='word_1_111' title='bbox 1401 1515 1537 1571; x_wconf 82' lang='lat' dir='ltr'><strong>facie</strong></span> <span class='ocrx_word' id='word_1_112' title='bbox 1569 1525 1675 1570; x_wconf 89' lang='lat' dir='ltr'><strong>ter-</strong></span> 
     </span>
    </p>
   </div>
   <div class='ocr_carea' id='block_1_14' title="bbox 115 1599 1664 1675">
    <p class='ocr_par' dir='ltr' id='par_1_14' title="bbox 115 1599 1664 1675">
     <span class='ocr_line' id='line_1_14' title="bbox 115 1599 1664 1675; baseline 0.006 -28"><span class='ocrx_word' id='word_1_113' title='bbox 115 1613 187 1650; x_wconf 82' lang='lat' dir='ltr'><strong>rte.</strong></span> <span class='ocrx_word' id='word_1_114' title='bbox 215 1599 272 1652; x_wconf 84' lang='lat' dir='ltr'><strong>Et</strong></span> <span class='ocrx_word' id='word_1_115' title='bbox 296 1599 421 1653; x_wconf 89' lang='lat' dir='ltr'><strong>bene</strong></span> <span class='ocrx_word' id='word_1_116' title='bbox 451 1601 560 1656; x_wconf 90' lang='lat' dir='ltr'><strong>hoc</strong></span> <span class='ocrx_word' id='word_1_117' title='bbox 587 1603 666 1656; x_wconf 89' lang='lat' dir='ltr'><strong>eis</strong></span> <span class='ocrx_word' id='word_1_118' title='bbox 695 1602 828 1657; x_wconf 81' lang='lat' dir='ltr'><strong>dixit</strong></span> <span class='ocrx_word' id='word_1_119' title='bbox 855 1604 1053 1659; x_wconf 79' lang='lat' dir='ltr'><strong>auferri</strong></span> <span class='ocrx_word' id='word_1_120' title='bbox 1096 1606 1239 1675; x_wconf 90' lang='lat' dir='ltr'><strong>quod</strong></span> <span class='ocrx_word' id='word_1_121' title='bbox 1290 1606 1506 1674; x_wconf 88' lang='lat' dir='ltr'><strong>superbi</strong></span> <span class='ocrx_word' id='word_1_122' title='bbox 1545 1621 1664 1660; x_wconf 86' lang='lat' dir='ltr'><strong>am-</strong></span> 
     </span>
    </p>
   </div>
   <div class='ocr_carea' id='block_1_15' title="bbox 114 1689 1665 1766">
    <p class='ocr_par' dir='ltr' id='par_1_15' title="bbox 114 1689 1665 1766">
     <span class='ocr_line' id='line_1_15' title="bbox 114 1689 1665 1766; baseline 0.007 -27"><span class='ocrx_word' id='word_1_123' title='bbox 114 1689 250 1754; x_wconf 86' lang='lat' dir='ltr'><strong>biunt,</strong></span> <span class='ocrx_word' id='word_1_124' title='bbox 277 1690 322 1742; x_wconf 93' lang='lat' dir='ltr'><strong>id</strong></span> <span class='ocrx_word' id='word_1_125' title='bbox 346 1700 503 1745; x_wconf 82' lang='lat' dir='ltr'><strong>estut</strong></span> <span class='ocrx_word' id='word_1_126' title='bbox 527 1693 792 1762; x_wconf 85' lang='lat' dir='ltr'><strong>judicent,</strong></span> <span class='ocrx_word' id='word_1_127' title='bbox 825 1704 880 1749; x_wconf 91' lang='lat' dir='ltr'><strong>ut</strong></span> <span class='ocrx_word' id='word_1_128' title='bbox 907 1696 1008 1751; x_wconf 90' lang='lat' dir='ltr'><strong>hoc</strong></span> <span class='ocrx_word' id='word_1_129' title='bbox 1031 1697 1200 1766; x_wconf 86' lang='lat' dir='ltr'><strong>ipsum</strong></span> <span class='ocrx_word' id='word_1_130' title='bbox 1230 1697 1436 1765; x_wconf 80' lang='lat' dir='ltr'><strong>planius</strong></span> <span class='ocrx_word' id='word_1_131' title='bbox 1465 1697 1665 1752; x_wconf 91' lang='lat' dir='ltr'><strong>dictum</strong></span> 
     </span>
    </p>
   </div>
   <div class='ocr_carea' id='block_1_16' title="bbox 115 1780 1674 1856">
    <p class='ocr_par' dir='ltr' id='par_1_16' title="bbox 115 1780 1674 1856">
     <span class='ocr_line' id='line_1_16' title="bbox 115 1780 1674 1856; baseline 0.005 -23"><span class='ocrx_word' id='word_1_132' title='bbox 115 1780 396 1849; x_wconf 78' lang='lat' dir='ltr'><strong>intelligatur</strong></span> <span class='ocrx_word' id='word_1_133' title='bbox 437 1784 688 1853; x_wconf 78' lang='lat' dir='ltr'><strong>sequenti</strong></span> <span class='ocrx_word' id='word_1_134' title='bbox 733 1787 996 1842; x_wconf 86' lang='lat' dir='ltr'><strong>sententia</strong></span> <span class='ocrx_word' id='word_1_135' title='bbox 1031 1805 1044 1840; x_wconf 88' lang='lat'>:</span> <span class='ocrx_word' id='word_1_136' title='bbox 1085 1786 1264 1856; x_wconf 83' lang='lat' dir='ltr'><strong>Neque</strong></span> <span class='ocrx_word' id='word_1_137' title='bbox 1307 1797 1592 1856; x_wconf 85' lang='lat' dir='ltr'><strong>peccatores</strong></span> <span class='ocrx_word' id='word_1_138' title='bbox 1623 1788 1674 1841; x_wconf 88' lang='lat' dir='ltr'><strong>in</strong></span> 
     </span>
    </p>
   </div>
   <div class='ocr_carea' id='block_1_17' title="bbox 116 1871 1674 1948">
    <p class='ocr_par' dir='ltr' id='par_1_17' title="bbox 116 1871 1674 1948">
     <span class='ocr_line' id='line_1_17' title="bbox 116 1871 1674 1948; baseline 0.006 -27"><span class='ocrx_word' id='word_1_139' title='bbox 116 1871 572 1941; x_wconf 79' lang='lat' dir='ltr'><strong>tonsiliojustorttm.</strong></span> <span class='ocrx_word' id='word_1_140' title='bbox 604 1874 754 1929; x_wconf 83' lang='lat' dir='ltr'><strong>Solet</strong></span> <span class='ocrx_word' id='word_1_141' title='bbox 777 1877 920 1931; x_wconf 90' lang='lat' dir='ltr'><strong>enim</strong></span> <span class='ocrx_word' id='word_1_142' title='bbox 948 1876 1051 1932; x_wconf 89' lang='lat' dir='ltr'><strong>hoc</strong></span> <span class='ocrx_word' id='word_1_143' title='bbox 1077 1877 1239 1932; x_wconf 88' lang='lat' dir='ltr'><strong>modo</strong></span> <span class='ocrx_word' id='word_1_144' title='bbox 1267 1879 1437 1947; x_wconf 81' lang='lat' dir='ltr'><strong>repeti</strong></span> <span class='ocrx_word' id='word_1_145' title='bbox 1466 1878 1674 1948; x_wconf 75' lang='lat' dir='ltr'><strong>planius</strong></span> 
     </span>
    </p>
   </div>
   <div class='ocr_carea' id='block_1_18' title="bbox 114 1963 1674 2040">
    <p class='ocr_par' dir='ltr' id='par_1_18' title="bbox 114 1963 1674 2040">
     <span class='ocr_line' id='line_1_18' title="bbox 114 1963 1674 2040; baseline 0.007 -26"><span class='ocrx_word' id='word_1_146' title='bbox 114 1963 225 2030; x_wconf 87' lang='lat' dir='ltr'><strong>quod</strong></span> <span class='ocrx_word' id='word_1_147' title='bbox 250 1965 481 2032; x_wconf 79' lang='lat' dir='ltr'><strong>superius</strong></span> <span class='ocrx_word' id='word_1_148' title='bbox 507 1965 729 2031; x_wconf 89' lang='lat' dir='ltr'><strong>dicitur,</strong></span> <span class='ocrx_word' id='word_1_149' title='bbox 762 1977 819 2022; x_wconf 90' lang='lat' dir='ltr'><strong>ut</strong></span> <span class='ocrx_word' id='word_1_150' title='bbox 843 1977 1155 2038; x_wconf 86' lang='lat' dir='ltr'><strong>peccatores</strong></span> <span class='ocrx_word' id='word_1_151' title='bbox 1179 1970 1543 2040; x_wconf 83' lang='lat' dir='ltr'><strong>intelligantur</strong></span> <span class='ocrx_word' id='word_1_152' title='bbox 1570 1970 1674 2025; x_wconf 85' lang='lat' dir='ltr'><strong>im-</strong></span> 
     </span>
    </p>
   </div>
   <div class='ocr_carea' id='block_1_19' title="bbox 115 2053 1672 2129">
    <p class='ocr_par' dir='ltr' id='par_1_19' title="bbox 115 2053 1672 2129">
     <span class='ocr_line' id='line_1_19' title="bbox 115 2053 1672 2129; baseline 0.01 -30"><span class='ocrx_word' id='word_1_153' title='bbox 115 2053 194 2119; x_wconf 75' lang='lat' dir='ltr'><strong>pii;</strong></span> <span class='ocrx_word' id='word_1_154' title='bbox 236 2064 284 2106; x_wconf 87' lang='lat' dir='ltr'><strong>et</strong></span> <span class='ocrx_word' id='word_1_155' title='bbox 324 2055 459 2123; x_wconf 86' lang='lat' dir='ltr'><strong>quod</strong></span> <span class='ocrx_word' id='word_1_156' title='bbox 503 2064 667 2126; x_wconf 82' lang='lat' dir='ltr'><strong>supra</strong></span> <span class='ocrx_word' id='word_1_157' title='bbox 699 2056 897 2111; x_wconf 91' lang='lat' dir='ltr'><strong>dictum</strong></span> <span class='ocrx_word' id='word_1_158' title='bbox 927 2067 1008 2112; x_wconf 89' lang='lat' dir='ltr'><strong>est</strong></span> <span class='ocrx_word' id='word_1_159' title='bbox 1032 2059 1088 2113; x_wconf 90' lang='lat' dir='ltr'><strong>in</strong></span> <span class='ocrx_word' id='word_1_160' title='bbox 1101 2060 1323 2129; x_wconf 85' lang='lat' dir='ltr'><strong>judicio,</strong></span> <span class='ocrx_word' id='word_1_161' title='bbox 1357 2060 1444 2114; x_wconf 89' lang='lat' dir='ltr'><strong>hic</strong></span> <span class='ocrx_word' id='word_1_162' title='bbox 1472 2060 1672 2115; x_wconf 90' lang='lat' dir='ltr'><strong>dictum</strong></span> 
     </span>
    </p>
   </div>
   <div class='ocr_carea' id='block_1_20' title="bbox 117 2146 1668 2223">
    <p class='ocr_par' dir='ltr' id='par_1_20' title="bbox 117 2146 1668 2223">
     <span class='ocr_line' id='line_1_20' title="bbox 117 2146 1668 2223; baseline 0.008 -28"><span class='ocrx_word' id='word_1_163' title='bbox 117 2146 172 2196; x_wconf 83' lang='lat' dir='ltr'><strong>sit</strong></span> <span class='ocrx_word' id='word_1_164' title='bbox 192 2146 236 2196; x_wconf 87' lang='lat' dir='ltr'><strong>in</strong></span> <span class='ocrx_word' id='word_1_165' title='bbox 261 2146 459 2199; x_wconf 84' lang='lat' dir='ltr'><strong>consilio</strong></span> <span class='ocrx_word' id='word_1_166' title='bbox 475 2148 763 2218; x_wconf 86' lang='lat' dir='ltr'><strong>justorum.</strong></span> <span class='ocrx_word' id='word_1_167' title='bbox 797 2151 904 2204; x_wconf 83' lang='lat' dir='ltr'><strong>Aut</strong></span> <span class='ocrx_word' id='word_1_168' title='bbox 930 2161 1078 2206; x_wconf 88' lang='lat' dir='ltr'><strong>certe</strong></span> <span class='ocrx_word' id='word_1_169' title='bbox 1106 2152 1148 2206; x_wconf 88' lang='lat' dir='ltr'><strong>si</strong></span> <span class='ocrx_word' id='word_1_170' title='bbox 1179 2153 1325 2207; x_wconf 85' lang='lat' dir='ltr'><strong>aliud</strong></span> <span class='ocrx_word' id='word_1_171' title='bbox 1346 2161 1470 2207; x_wconf 92' lang='lat' dir='ltr'><strong>sunt</strong></span> <span class='ocrx_word' id='word_1_172' title='bbox 1496 2155 1668 2223; x_wconf 87' lang='lat' dir='ltr'><strong>impii,</strong></span> 
     </span>
    </p>
   </div>
   <div class='ocr_carea' id='block_1_21' title="bbox 115 2236 1672 2315">
    <p class='ocr_par' dir='ltr' id='par_1_21' title="bbox 115 2236 1672 2315">
     <span class='ocr_line' id='line_1_21' title="bbox 115 2236 1672 2315; baseline 0.01 -31"><span class='ocrx_word' id='word_1_173' title='bbox 115 2236 230 2288; x_wconf 89' lang='lat' dir='ltr'><strong>aliud</strong></span> <span class='ocrx_word' id='word_1_174' title='bbox 257 2246 593 2306; x_wconf 85' lang='lat' dir='ltr'><strong>peceatores;</strong></span> <span class='ocrx_word' id='word_1_175' title='bbox 624 2248 686 2294; x_wconf 90' lang='lat' dir='ltr'><strong>ut</strong></span> <span class='ocrx_word' id='word_1_176' title='bbox 718 2256 1025 2312; x_wconf 83' lang='lat' dir='ltr'><strong>quanquam</strong></span> <span class='ocrx_word' id='word_1_177' title='bbox 1055 2244 1230 2298; x_wconf 89' lang='lat' dir='ltr'><strong>omnis</strong></span> <span class='ocrx_word' id='word_1_178' title='bbox 1260 2245 1455 2313; x_wconf 84' lang='lat' dir='ltr'><strong>impius</strong></span> <span class='ocrx_word' id='word_1_179' title='bbox 1482 2261 1672 2315; x_wconf 80' lang='lat' dir='ltr'><strong>pecca-</strong></span> 
     </span>
    </p>
   </div>
   <div class='ocr_carea' id='block_1_22' title="bbox 117 2328 1673 2408">
    <p class='ocr_par' dir='ltr' id='par_1_22' title="bbox 117 2328 1673 2408">
     <span class='ocr_line' id='line_1_22' title="bbox 117 2328 1673 2408; baseline 0.008 -31"><span class='ocrx_word' id='word_1_180' title='bbox 117 2328 277 2393; x_wconf 90' lang='lat' dir='ltr'><strong>torsit,</strong></span> <span class='ocrx_word' id='word_1_181' title='bbox 304 2344 400 2384; x_wconf 92' lang='lat' dir='ltr'><strong>non</strong></span> <span class='ocrx_word' id='word_1_182' title='bbox 448 2340 634 2387; x_wconf 87' lang='lat' dir='ltr'><strong>tamen</strong></span> <span class='ocrx_word' id='word_1_183' title='bbox 675 2334 851 2388; x_wconf 89' lang='lat' dir='ltr'><strong>omnis</strong></span> <span class='ocrx_word' id='word_1_184' title='bbox 878 2344 1124 2403; x_wconf 88' lang='lat' dir='ltr'><strong>peccator</strong></span> <span class='ocrx_word' id='word_1_185' title='bbox 1162 2335 1234 2390; x_wconf 90' lang='lat' dir='ltr'><strong>sit</strong></span> <span class='ocrx_word' id='word_1_186' title='bbox 1271 2336 1485 2404; x_wconf 87' lang='lat' dir='ltr'><strong>impius.</strong></span> <span class='ocrx_word' id='word_1_187' title='bbox 1515 2334 1673 2408; x_wconf 75' lang='lat' dir='ltr'><strong>[mpii</strong></span> 
     </span>
    </p>
   </div>
   <div class='ocr_carea' id='block_1_23' title="bbox 116 2424 1668 2499">
    <p class='ocr_par' dir='ltr' id='par_1_23' title="bbox 116 2424 1668 2499">
     <span class='ocr_line' id='line_1_23' title="bbox 116 2424 1668 2499; baseline 0.01 -30"><span class='ocrx_word' id='word_1_188' title='bbox 116 2436 195 2470; x_wconf 88' lang='lat' dir='ltr'><strong>non</strong></span> <span class='ocrx_word' id='word_1_189' title='bbox 224 2434 471 2492; x_wconf 85' lang='lat' dir='ltr'><strong>resurgunt</strong></span> <span class='ocrx_word' id='word_1_190' title='bbox 501 2424 557 2477; x_wconf 88' lang='lat' dir='ltr'><strong>in</strong></span> <span class='ocrx_word' id='word_1_191' title='bbox 579 2425 780 2494; x_wconf 83' lang='lat' dir='ltr'><strong>judicio</strong></span> <span class='ocrx_word' id='word_1_192' title='bbox 812 2441 831 2479; x_wconf 90' lang='lat'><strong><em>:</em></strong></span> <span class='ocrx_word' id='word_1_193' title='bbox 869 2426 921 2481; x_wconf 88' lang='lat' dir='ltr'><strong>id</strong></span> <span class='ocrx_word' id='word_1_194' title='bbox 963 2437 1081 2493; x_wconf 90' lang='lat' dir='ltr'><strong>est,</strong></span> <span class='ocrx_word' id='word_1_195' title='bbox 1123 2440 1406 2498; x_wconf 83' lang='lat' dir='ltr'><strong>resurgcnt</strong></span> <span class='ocrx_word' id='word_1_196' title='bbox 1430 2430 1668 2499; x_wconf 83' lang='lat' dir='ltr'><strong>quidem,</strong></span> 
     </span>
    </p>
   </div>
   <div class='ocr_carea' id='block_1_24' title="bbox 115 2509 1672 2588">
    <p class='ocr_par' dir='ltr' id='par_1_24' title="bbox 115 2509 1672 2588">
     <span class='ocr_line' id='line_1_24' title="bbox 115 2509 1672 2588; baseline 0.009 -26"><span class='ocrx_word' id='word_1_197' title='bbox 115 2509 188 2561; x_wconf 83' lang='lat' dir='ltr'><strong>sed</strong></span> <span class='ocrx_word' id='word_1_198' title='bbox 225 2527 316 2565; x_wconf 91' lang='lat' dir='ltr'><strong>non</strong></span> <span class='ocrx_word' id='word_1_199' title='bbox 362 2523 417 2566; x_wconf 90' lang='lat' dir='ltr'><strong>ut</strong></span> <span class='ocrx_word' id='word_1_200' title='bbox 453 2514 785 2582; x_wconf 87' lang='lat' dir='ltr'><strong>judicentur,</strong></span> <span class='ocrx_word' id='word_1_201' title='bbox 813 2519 936 2587; x_wconf 88' lang='lat' dir='ltr'><strong>quia</strong></span> <span class='ocrx_word' id='word_1_202' title='bbox 975 2518 1085 2588; x_wconf 88' lang='lat' dir='ltr'><strong>jam</strong></span> <span class='ocrx_word' id='word_1_203' title='bbox 1114 2521 1311 2587; x_wconf 72' lang='lat' dir='ltr'><strong>pomis</strong></span> <span class='ocrx_word' id='word_1_204' title='bbox 1359 2520 1672 2576; x_wconf 86' lang='lat' dir='ltr'><strong>certissimis</strong></span> 
     </span>
    </p>
   </div>
   <div class='ocr_carea' id='block_1_25' title="bbox 115 2601 1672 2682">
    <p class='ocr_par' dir='ltr' id='par_1_25' title="bbox 115 2601 1672 2682">
     <span class='ocr_line' id='line_1_25' title="bbox 115 2601 1672 2682; baseline 0.008 -29"><span class='ocrx_word' id='word_1_205' title='bbox 115 2601 321 2658; x_wconf 78' lang='lat' dir='ltr'><strong>destinati</strong></span> <span class='ocrx_word' id='word_1_206' title='bbox 369 2618 523 2672; x_wconf 91' lang='lat' dir='ltr'><strong>sunt;</strong></span> <span class='ocrx_word' id='word_1_207' title='bbox 583 2619 869 2679; x_wconf 82' lang='lat' dir='ltr'><strong>peccatores</strong></span> <span class='ocrx_word' id='word_1_208' title='bbox 913 2620 1091 2666; x_wconf 90' lang='lat' dir='ltr'><strong>autem</strong></span> <span class='ocrx_word' id='word_1_209' title='bbox 1144 2627 1249 2666; x_wconf 90' lang='lat' dir='ltr'><strong>non</strong></span> <span class='ocrx_word' id='word_1_210' title='bbox 1295 2622 1578 2682; x_wconf 83' lang='lat' dir='ltr'><strong>resurgunt</strong></span> <span class='ocrx_word' id='word_1_211' title='bbox 1618 2613 1672 2666; x_wconf 89' lang='lat' dir='ltr'><strong>in</strong></span> 
     </span>
    </p>
   </div>
   <div class='ocr_carea' id='block_1_26' title="bbox 115 2695 1669 2774">
    <p class='ocr_par' dir='ltr' id='par_1_26' title="bbox 115 2695 1669 2774">
     <span class='ocr_line' id='line_1_26' title="bbox 115 2695 1669 2774; baseline 0.011 -31"><span class='ocrx_word' id='word_1_212' title='bbox 115 2695 287 2748; x_wconf 82' lang='lat' dir='ltr'><strong>consilio</strong></span> <span class='ocrx_word' id='word_1_213' title='bbox 308 2696 583 2766; x_wconf 87' lang='lat' dir='ltr'><strong>jastorum,</strong></span> <span class='ocrx_word' id='word_1_214' title='bbox 615 2699 670 2754; x_wconf 91' lang='lat' dir='ltr'><strong>id</strong></span> <span class='ocrx_word' id='word_1_215' title='bbox 694 2708 854 2756; x_wconf 90' lang='lat' dir='ltr'><strong>estut</strong></span> <span class='ocrx_word' id='word_1_216' title='bbox 874 2701 1138 2772; x_wconf 87' lang='lat' dir='ltr'><strong>judicent,</strong></span> <span class='ocrx_word' id='word_1_217' title='bbox 1165 2705 1258 2758; x_wconf 90' lang='lat' dir='ltr'><strong>sed</strong></span> <span class='ocrx_word' id='word_1_218' title='bbox 1286 2703 1425 2759; x_wconf 81' lang='lat' dir='ltr'><strong>forte</strong></span> <span class='ocrx_word' id='word_1_219' title='bbox 1452 2715 1508 2758; x_wconf 93' lang='lat' dir='ltr'><strong>ut</strong></span> <span class='ocrx_word' id='word_1_220' title='bbox 1521 2704 1669 2774; x_wconf 88' lang='lat' dir='ltr'><strong>judi-</strong></span> 
     </span>
    </p>
   </div>
   <div class='ocr_carea' id='block_1_27' title="bbox 115 2788 1672 2870">
    <p class='ocr_par' dir='ltr' id='par_1_27' title="bbox 115 2788 1672 2870">
     <span class='ocr_line' id='line_1_27' title="bbox 115 2788 1672 2870; baseline 0.012 -34"><span class='ocrx_word' id='word_1_221' title='bbox 115 2797 280 2852; x_wconf 83' lang='lat' dir='ltr'><strong>ccnlur,</strong></span> <span class='ocrx_word' id='word_1_222' title='bbox 327 2798 381 2842; x_wconf 91' lang='lat' dir='ltr'><strong>ut</strong></span> <span class='ocrx_word' id='word_1_223' title='bbox 423 2790 490 2846; x_wconf 89' lang='lat' dir='ltr'><strong>de</strong></span> <span class='ocrx_word' id='word_1_224' title='bbox 531 2791 620 2848; x_wconf 87' lang='lat' dir='ltr'><strong>his</strong></span> <span class='ocrx_word' id='word_1_225' title='bbox 660 2788 860 2848; x_wconf 90' lang='lat' dir='ltr'><strong>dictum</strong></span> <span class='ocrx_word' id='word_1_226' title='bbox 907 2796 976 2850; x_wconf 89' lang='lat' dir='ltr'><strong>sit</strong></span> <span class='ocrx_word' id='word_1_227' title='bbox 1024 2814 1038 2849; x_wconf 93' lang='lat'><strong>:</strong></span> <span class='ocrx_word' id='word_1_228' title='bbox 1099 2796 1504 2870; x_wconf 85' lang='lat' dir='ltr'><strong>Uniuscujusque</strong></span> <span class='ocrx_word' id='word_1_229' title='bbox 1541 2815 1672 2868; x_wconf 74' lang='lat' dir='ltr'><strong>opus</strong></span> 
     </span>
    </p>
   </div>
   <div class='ocr_carea' id='block_1_28' title="bbox 114 2877 1669 2957">
    <p class='ocr_par' dir='ltr' id='par_1_28' title="bbox 114 2877 1669 2957">
     <span class='ocr_line' id='line_1_28' title="bbox 114 2877 1669 2957; baseline 0.01 -29"><span class='ocrx_word' id='word_1_230' title='bbox 114 2877 232 2942; x_wconf 70' lang='lat' dir='ltr'><strong>([uale</strong></span> <span class='ocrx_word' id='word_1_231' title='bbox 247 2880 323 2944; x_wconf 84' lang='lat' dir='ltr'><strong>sit,</strong></span> <span class='ocrx_word' id='word_1_232' title='bbox 344 2882 470 2951; x_wconf 87' lang='lat' dir='ltr'><strong>ignis</strong></span> <span class='ocrx_word' id='word_1_233' title='bbox 494 2885 769 2952; x_wconf 84' lang='lat' dir='ltr'><strong>probabit:</strong></span> <span class='ocrx_word' id='word_1_234' title='bbox 795 2887 841 2939; x_wconf 91' lang='lat' dir='ltr'><strong>si</strong></span> <span class='ocrx_word' id='word_1_235' title='bbox 865 2888 1012 2954; x_wconf 80' lang='lat' dir='ltr'><strong>cuius</strong></span> <span class='ocrx_word' id='word_1_236' title='bbox 1037 2904 1164 2957; x_wconf 83' lang='lat' dir='ltr'><strong>Opus</strong></span> <span class='ocrx_word' id='word_1_237' title='bbox 1191 2892 1452 2954; x_wconf 77' lang='lat' dir='ltr'><strong>manserit,</strong></span> <span class='ocrx_word' id='word_1_238' title='bbox 1476 2907 1669 2944; x_wconf 84' lang='lat' dir='ltr'><strong>merce-</strong></span> 
     </span>
    </p>
   </div>
   <div class='ocr_carea' id='block_1_29' title="bbox 115 2968 1668 3050">
    <p class='ocr_par' dir='ltr' id='par_1_29' title="bbox 115 2968 1668 3050">
     <span class='ocr_line' id='line_1_29' title="bbox 115 2968 1668 3050; baseline 0.013 -33"><span class='ocrx_word' id='word_1_239' title='bbox 115 2968 201 3018; x_wconf 69' lang='lat' dir='ltr'><strong>dein</strong></span> <span class='ocrx_word' id='word_1_240' title='bbox 217 2972 409 3041; x_wconf 80' lang='lat' dir='ltr'><strong>accipiet</strong></span> <span class='ocrx_word' id='word_1_241' title='bbox 430 2989 449 3027; x_wconf 92' lang='lat'><strong><em>:</em></strong></span> <span class='ocrx_word' id='word_1_242' title='bbox 473 2976 518 3028; x_wconf 89' lang='lat' dir='ltr'><strong>si</strong></span> <span class='ocrx_word' id='word_1_243' title='bbox 543 2977 696 3047; x_wconf 85' lang='lat' dir='ltr'><strong>cujus</strong></span> <span class='ocrx_word' id='word_1_244' title='bbox 716 2988 883 3032; x_wconf 85' lang='lat' dir='ltr'><strong>autem</strong></span> <span class='ocrx_word' id='word_1_245' title='bbox 904 2996 1030 3050; x_wconf 87' lang='lat' dir='ltr'><strong>opus</strong></span> <span class='ocrx_word' id='word_1_246' title='bbox 1057 2992 1286 3034; x_wconf 63' lang='lat' dir='ltr'><strong>crustum</strong></span> <span class='ocrx_word' id='word_1_247' title='bbox 1307 2982 1479 3050; x_wconf 78' lang='lat' dir='ltr'><strong>fuerit,</strong></span> <span class='ocrx_word' id='word_1_248' title='bbox 1508 2984 1668 3036; x_wconf 85' lang='lat' dir='ltr'><strong>detri-</strong></span> 
     </span>
    </p>
   </div>
   <div class='ocr_carea' id='block_1_30' title="bbox 116 3066 1671 3143">
    <p class='ocr_par' dir='ltr' id='par_1_30' title="bbox 116 3066 1671 3143">
     <span class='ocr_line' id='line_1_30' title="bbox 116 3066 1671 3143; baseline 0.012 -33"><span class='ocrx_word' id='word_1_249' title='bbox 116 3071 296 3115; x_wconf 81' lang='lat' dir='ltr'><strong>mentum</strong></span> <span class='ocrx_word' id='word_1_250' title='bbox 324 3066 538 3134; x_wconf 86' lang='lat' dir='ltr'><strong>patietur</strong></span> <span class='ocrx_word' id='word_1_251' title='bbox 560 3085 577 3130; x_wconf 86' lang='lat'><strong><em>;</em></strong></span> <span class='ocrx_word' id='word_1_252' title='bbox 604 3070 714 3138; x_wconf 85' lang='lat' dir='ltr'><strong>ipse</strong></span> <span class='ocrx_word' id='word_1_253' title='bbox 732 3079 900 3123; x_wconf 88' lang='lat' dir='ltr'><strong>autem</strong></span> <span class='ocrx_word' id='word_1_254' title='bbox 920 3071 1089 3127; x_wconf 77' lang='lat' dir='ltr'><strong>salvas</strong></span> <span class='ocrx_word' id='word_1_255' title='bbox 1117 3075 1230 3137; x_wconf 86' lang='lat' dir='ltr'><strong>erit,</strong></span> <span class='ocrx_word' id='word_1_256' title='bbox 1247 3073 1320 3127; x_wconf 86' lang='lat' dir='ltr'><strong>sic</strong></span> <span class='ocrx_word' id='word_1_257' title='bbox 1340 3083 1504 3129; x_wconf 83' lang='lat' dir='ltr'><strong>tamen</strong></span> <span class='ocrx_word' id='word_1_258' title='bbox 1526 3091 1671 3143; x_wconf 76' lang='lat' dir='ltr'><strong>quasi</strong></span> 
     </span>
    </p>
   </div>
   <div class='ocr_carea' id='block_1_31' title="bbox 115 3153 903 3232">
    <p class='ocr_par' dir='ltr' id='par_1_31' title="bbox 115 3153 903 3232">
     <span class='ocr_line' id='line_1_31' title="bbox 115 3153 903 3232; baseline 0.014 -28"><span class='ocrx_word' id='word_1_259' title='bbox 115 3153 344 3222; x_wconf 77' lang='lat' dir='ltr'><strong>perignent</strong></span> <span class='ocrx_word' id='word_1_260' title='bbox 365 3156 402 3226; x_wconf 90' lang='grc'><strong>(1</strong></span> <span class='ocrx_word' id='word_1_261' title='bbox 432 3156 550 3211; x_wconf 89' lang='lat' dir='ltr'><strong>Cor.</strong></span> <span class='ocrx_word' id='word_1_262' title='bbox 588 3175 664 3223; x_wconf 86' lang='grc' dir='ltr'>ιιι,</span> <span class='ocrx_word' id='word_1_263' title='bbox 697 3161 903 3232; x_wconf 74' lang='grc'><strong>15-15).</strong></span> 
     </span>
    </p>
   </div>
   <div class='ocr_carea' id='block_1_32' title="bbox 169 3241 1666 3327">
    <p class='ocr_par' dir='ltr' id='par_1_32' title="bbox 169 3241 1666 3327">
     <span class='ocr_line' id='line_1_32' title="bbox 169 3241 1666 3327; baseline 0.009 -31"><span class='ocrx_word' id='word_1_264' title='bbox 169 3243 195 3295; x_wconf 91' lang='grc'>6</span> <span class='ocrx_word' id='word_1_265' title='bbox 218 3241 351 3314; x_wconf 74' lang='grc' dir='ltr'><strong>[υενε.</strong></span> <span class='ocrx_word' id='word_1_266' title='bbox 380 3246 456 3320; x_wconf 87' lang='grc'><strong>6.]</strong></span> <span class='ocrx_word' id='word_1_267' title='bbox 487 3248 747 3313; x_wconf 83' lang='lat' dir='ltr'><strong>Quoniam</strong></span> <span class='ocrx_word' id='word_1_268' title='bbox 798 3253 932 3306; x_wconf 86' lang='lat' dir='ltr'><strong>novit</strong></span> <span class='ocrx_word' id='word_1_269' title='bbox 965 3252 1209 3308; x_wconf 87' lang='lat' dir='ltr'><strong>Dominus</strong></span> <span class='ocrx_word' id='word_1_270' title='bbox 1237 3255 1370 3308; x_wconf 83' lang='lat' dir='ltr'><strong>viam</strong></span> <span class='ocrx_word' id='word_1_271' title='bbox 1404 3257 1666 3327; x_wconf 85' lang='lat' dir='ltr'><strong>jastorum</strong></span> 
     </span>
    </p>
   </div>
   <div class='ocr_carea' id='block_1_33' title="bbox 117 3331 1663 3414">
    <p class='ocr_par' dir='ltr' id='par_1_33' title="bbox 117 3331 1663 3414">
     <span class='ocr_line' id='line_1_33' title="bbox 117 3331 1663 3414; baseline 0.009 -26"><span class='ocrx_word' id='word_1_272' title='bbox 117 3331 192 3399; x_wconf 74' lang='lat' dir='ltr'><strong>(tt).</strong></span> <span class='ocrx_word' id='word_1_273' title='bbox 216 3336 663 3403; x_wconf 83' lang='lat' dir='ltr'><strong>Quemadmodum</strong></span> <span class='ocrx_word' id='word_1_274' title='bbox 689 3342 904 3410; x_wconf 89' lang='lat' dir='ltr'><strong>dicitur,</strong></span> <span class='ocrx_word' id='word_1_275' title='bbox 934 3344 1090 3401; x_wconf 83' lang='lat' dir='ltr'><strong>Novit</strong></span> <span class='ocrx_word' id='word_1_276' title='bbox 1119 3347 1348 3402; x_wconf 86' lang='lat' dir='ltr'><strong>salutem</strong></span> <span class='ocrx_word' id='word_1_277' title='bbox 1380 3348 1663 3414; x_wconf 88' lang='lat' dir='ltr'><strong>medicina,</strong></span> 
     </span>
    </p>
   </div>
   <div class='ocr_carea' id='block_1_34' title="bbox 113 3427 1670 3507">
    <p class='ocr_par' dir='ltr' id='par_1_34' title="bbox 113 3427 1670 3507">
     <span class='ocr_line' id='line_1_34' title="bbox 113 3427 1670 3507; baseline 0.013 -32"><span class='ocrx_word' id='word_1_278' title='bbox 113 3427 293 3481; x_wconf 86' lang='lat' dir='ltr'><strong>morbos</strong></span> <span class='ocrx_word' id='word_1_279' title='bbox 315 3440 485 3485; x_wconf 87' lang='lat' dir='ltr'><strong>autem</strong></span> <span class='ocrx_word' id='word_1_280' title='bbox 521 3449 631 3487; x_wconf 90' lang='lat' dir='ltr'><strong>non</strong></span> <span class='ocrx_word' id='word_1_281' title='bbox 661 3436 834 3500; x_wconf 75' lang='lat' dir='ltr'><strong>novit;</strong></span> <span class='ocrx_word' id='word_1_282' title='bbox 861 3446 914 3490; x_wconf 90' lang='lat' dir='ltr'><strong>et</strong></span> <span class='ocrx_word' id='word_1_283' title='bbox 946 3448 1122 3493; x_wconf 85' lang='lat' dir='ltr'><strong>tamen</strong></span> <span class='ocrx_word' id='word_1_284' title='bbox 1157 3439 1318 3507; x_wconf 88' lang='lat' dir='ltr'><strong>etiam</strong></span> <span class='ocrx_word' id='word_1_285' title='bbox 1351 3440 1522 3494; x_wconf 88' lang='lat' dir='ltr'><strong>morbi</strong></span> <span class='ocrx_word' id='word_1_286' title='bbox 1555 3449 1670 3496; x_wconf 81' lang='lat' dir='ltr'><strong>arte</strong></span> 
     </span>
    </p>
   </div>
   <div class='ocr_carea' id='block_1_35' title="bbox 114 3517 1671 3598">
    <p class='ocr_par' dir='ltr' id='par_1_35' title="bbox 114 3517 1671 3598">
     <span class='ocr_line' id='line_1_35' title="bbox 114 3517 1671 3598; baseline 0.012 -33"><span class='ocrx_word' id='word_1_287' title='bbox 114 3517 348 3574; x_wconf 70' lang='lat' dir='ltr'><strong>medicina:</strong></span> <span class='ocrx_word' id='word_1_288' title='bbox 383 3533 781 3592; x_wconf 78' lang='lat' dir='ltr'><strong>agnoscuntur;</strong></span> <span class='ocrx_word' id='word_1_289' title='bbox 820 3528 898 3581; x_wconf 90' lang='lat' dir='ltr'><strong>sic</strong></span> <span class='ocrx_word' id='word_1_290' title='bbox 935 3528 1036 3581; x_wconf 87' lang='lat' dir='ltr'><strong>dici</strong></span> <span class='ocrx_word' id='word_1_291' title='bbox 1079 3538 1273 3598; x_wconf 88' lang='lat' dir='ltr'><strong>potest,</strong></span> <span class='ocrx_word' id='word_1_292' title='bbox 1303 3544 1462 3584; x_wconf 90' lang='lat' dir='ltr'><strong>nosse</strong></span> <span class='ocrx_word' id='word_1_293' title='bbox 1489 3531 1671 3586; x_wconf 89' lang='lat' dir='ltr'><strong>Domi-</strong></span> 
     </span>
    </p>
   </div>
   <div class='ocr_carea' id='block_1_36' title="bbox 115 3609 1663 3690">
    <p class='ocr_par' dir='ltr' id='par_1_36' title="bbox 115 3609 1663 3690">
     <span class='ocr_line' id='line_1_36' title="bbox 115 3609 1663 3690; baseline 0.014 -34"><span class='ocrx_word' id='word_1_294' title='bbox 115 3622 214 3659; x_wconf 89' lang='lat' dir='ltr'><strong>num</strong></span> <span class='ocrx_word' id='word_1_295' title='bbox 237 3609 360 3665; x_wconf 70' lang='lat' dir='ltr'><strong>viam</strong></span> <span class='ocrx_word' id='word_1_296' title='bbox 387 3613 678 3682; x_wconf 88' lang='lat' dir='ltr'><strong>justorum,</strong></span> <span class='ocrx_word' id='word_1_297' title='bbox 710 3617 845 3671; x_wconf 78' lang='lat' dir='ltr'><strong>viam</strong></span> <span class='ocrx_word' id='word_1_298' title='bbox 867 3633 999 3672; x_wconf 71' lang='lat' dir='ltr'><strong>vero</strong></span> <span class='ocrx_word' id='word_1_299' title='bbox 1024 3620 1310 3690; x_wconf 86' lang='lat' dir='ltr'><strong>impiorum</strong></span> <span class='ocrx_word' id='word_1_300' title='bbox 1339 3637 1444 3675; x_wconf 90' lang='lat' dir='ltr'><strong>non</strong></span> <span class='ocrx_word' id='word_1_301' title='bbox 1475 3637 1663 3689; x_wconf 88' lang='lat' dir='ltr'><strong>nosse;</strong></span> 
     </span>
    </p>
   </div>
   <div class='ocr_carea' id='block_1_37' title="bbox 114 3701 1670 3782">
    <p class='ocr_par' dir='ltr' id='par_1_37' title="bbox 114 3701 1670 3782">
     <span class='ocr_line' id='line_1_37' title="bbox 114 3701 1670 3782; baseline 0.013 -35"><span class='ocrx_word' id='word_1_302' title='bbox 114 3711 194 3750; x_wconf 86' lang='lat' dir='ltr'><strong>non</strong></span> <span class='ocrx_word' id='word_1_303' title='bbox 221 3701 326 3768; x_wconf 89' lang='lat' dir='ltr'><strong>quia</strong></span> <span class='ocrx_word' id='word_1_304' title='bbox 356 3703 550 3772; x_wconf 86' lang='lat' dir='ltr'><strong>aliquid</strong></span> <span class='ocrx_word' id='word_1_305' title='bbox 587 3706 845 3762; x_wconf 84' lang='lat' dir='ltr'><strong>Dominus</strong></span> <span class='ocrx_word' id='word_1_306' title='bbox 881 3710 1074 3776; x_wconf 81' lang='lat' dir='ltr'><strong>nescit,</strong></span> <span class='ocrx_word' id='word_1_307' title='bbox 1107 3720 1161 3764; x_wconf 88' lang='lat' dir='ltr'><strong>et</strong></span> <span class='ocrx_word' id='word_1_308' title='bbox 1188 3719 1364 3766; x_wconf 85' lang='lat' dir='ltr'><strong>tamen</strong></span> <span class='ocrx_word' id='word_1_309' title='bbox 1392 3712 1520 3767; x_wconf 82' lang='lat' dir='ltr'><strong>dicit</strong></span> <span class='ocrx_word' id='word_1_310' title='bbox 1545 3728 1670 3782; x_wconf 84' lang='lat' dir='ltr'><strong>pec-</strong></span> 
     </span>
    </p>
   </div>
   <div class='ocr_carea' id='block_1_38' title="bbox 113 3793 1666 3875">
    <p class='ocr_par' dir='ltr' id='par_1_38' title="bbox 113 3793 1666 3875">
     <span class='ocr_line' id='line_1_38' title="bbox 113 3793 1666 3875; baseline 0.012 -35"><span class='ocrx_word' id='word_1_311' title='bbox 113 3793 336 3847; x_wconf 85' lang='lat' dir='ltr'><strong>catoribus</strong></span> <span class='ocrx_word' id='word_1_312' title='bbox 377 3813 392 3849; x_wconf 88' lang='lat'><strong>:</strong></span> <span class='ocrx_word' id='word_1_313' title='bbox 430 3795 553 3850; x_wconf 86' lang='lat' dir='ltr'><strong>Non</strong></span> <span class='ocrx_word' id='word_1_314' title='bbox 585 3799 701 3851; x_wconf 83' lang='lat' dir='ltr'><strong>novi</strong></span> <span class='ocrx_word' id='word_1_315' title='bbox 739 3817 823 3853; x_wconf 87' lang='lat' dir='ltr'><strong>vos</strong></span> <span class='ocrx_word' id='word_1_316' title='bbox 852 3799 1065 3867; x_wconf 80' lang='lat' dir='ltr'><strong>(Matth.</strong></span> <span class='ocrx_word' id='word_1_317' title='bbox 1096 3819 1187 3865; x_wconf 81' lang='lat' dir='ltr'><strong>vn,</strong></span> <span class='ocrx_word' id='word_1_318' title='bbox 1213 3803 1329 3875; x_wconf 75' lang='grc'>25).</span> <span class='ocrx_word' id='word_1_319' title='bbox 1353 3801 1463 3857; x_wconf 85' lang='lat' dir='ltr'><strong>Iter</strong></span> <span class='ocrx_word' id='word_1_320' title='bbox 1488 3816 1666 3859; x_wconf 82' lang='lat' dir='ltr'><strong>autem</strong></span> 
     </span>
    </p>
   </div>
   <div class='ocr_carea' id='block_1_39' title="bbox 115 3881 1663 3960">
    <p class='ocr_par' dir='ltr' id='par_1_39' title="bbox 115 3881 1663 3960">
     <span class='ocr_line' id='line_1_39' title="bbox 115 3881 1663 3960; baseline 0.012 -30"><span class='ocrx_word' id='word_1_321' title='bbox 115 3881 342 3950; x_wconf 86' lang='lat' dir='ltr'><strong>impiorum</strong></span> <span class='ocrx_word' id='word_1_322' title='bbox 368 3887 569 3958; x_wconf 83' lang='lat' dir='ltr'><strong>peribit,</strong></span> <span class='ocrx_word' id='word_1_323' title='bbox 600 3905 697 3959; x_wconf 88' lang='lat' dir='ltr'><strong>pro</strong></span> <span class='ocrx_word' id='word_1_324' title='bbox 724 3906 789 3944; x_wconf 87' lang='lat' dir='ltr'><strong>eo</strong></span> <span class='ocrx_word' id='word_1_325' title='bbox 821 3893 1050 3960; x_wconf 87' lang='lat' dir='ltr'><strong>positum</strong></span> <span class='ocrx_word' id='word_1_326' title='bbox 1078 3902 1179 3959; x_wconf 84' lang='lat' dir='ltr'><strong>est,</strong></span> <span class='ocrx_word' id='word_1_327' title='bbox 1200 3909 1263 3948; x_wconf 91' lang='lat' dir='ltr'><strong>ac</strong></span> <span class='ocrx_word' id='word_1_328' title='bbox 1289 3894 1331 3948; x_wconf 90' lang='lat' dir='ltr'><strong>si</strong></span> <span class='ocrx_word' id='word_1_329' title='bbox 1359 3894 1663 3950; x_wconf 88' lang='lat' dir='ltr'><strong>diceretur:</strong></span> 
     </span>
    </p>
   </div>
   <div class='ocr_carea' id='block_1_40' title="bbox 117 3970 1667 4055">
    <p class='ocr_par' dir='ltr' id='par_1_40' title="bbox 117 3970 1667 4055">
     <span class='ocr_line' id='line_1_40' title="bbox 117 3970 1667 4055; baseline 0.01 -31"><span class='ocrx_word' id='word_1_330' title='bbox 117 3970 196 4026; x_wconf 85' lang='lat' dir='ltr'><strong>lter</strong></span> <span class='ocrx_word' id='word_1_331' title='bbox 212 3986 370 4030; x_wconf 87' lang='lat' dir='ltr'><strong>autem</strong></span> <span class='ocrx_word' id='word_1_332' title='bbox 398 3975 681 4050; x_wconf 79' lang='lat' dir='ltr'><strong>impiorum</strong></span> <span class='ocrx_word' id='word_1_333' title='bbox 717 3997 820 4038; x_wconf 89' lang='lat' dir='ltr'><strong>non</strong></span> <span class='ocrx_word' id='word_1_334' title='bbox 850 3983 996 4037; x_wconf 89' lang='lat' dir='ltr'><strong>novit</strong></span> <span class='ocrx_word' id='word_1_335' title='bbox 1017 3984 1296 4039; x_wconf 88' lang='lat' dir='ltr'><strong>Dominus.</strong></span> <span class='ocrx_word' id='word_1_336' title='bbox 1321 3984 1426 4039; x_wconf 87' lang='lat' dir='ltr'><strong>Sed</strong></span> <span class='ocrx_word' id='word_1_337' title='bbox 1461 3986 1667 4055; x_wconf 84' lang='lat' dir='ltr'><strong>planius</strong></span> 
     </span>
    </p>
   </div>
   <div class='ocr_carea' id='block_1_41' title="bbox 114 4062 1669 4146">
    <p class='ocr_par' dir='ltr' id='par_1_41' title="bbox 114 4062 1669 4146">
     <span class='ocr_line' id='line_1_41' title="bbox 114 4062 1669 4146; baseline 0.012 -33"><span class='ocrx_word' id='word_1_338' title='bbox 114 4062 275 4119; x_wconf 74' lang='lat' dir='ltr'><strong>dictum</strong></span> <span class='ocrx_word' id='word_1_339' title='bbox 316 4081 412 4134; x_wconf 90' lang='lat' dir='ltr'><strong>est,</strong></span> <span class='ocrx_word' id='word_1_340' title='bbox 443 4082 498 4125; x_wconf 91' lang='lat' dir='ltr'><strong>ut</strong></span> <span class='ocrx_word' id='word_1_341' title='bbox 531 4071 634 4126; x_wconf 89' lang='lat' dir='ltr'><strong>hoc</strong></span> <span class='ocrx_word' id='word_1_342' title='bbox 677 4075 745 4126; x_wconf 89' lang='lat' dir='ltr'><strong>sit</strong></span> <span class='ocrx_word' id='word_1_343' title='bbox 790 4075 982 4128; x_wconf 81' lang='lat' dir='ltr'><strong>nesciri</strong></span> <span class='ocrx_word' id='word_1_344' title='bbox 1029 4090 1058 4128; x_wconf 92' lang='lat' dir='ltr'><strong>a</strong></span> <span class='ocrx_word' id='word_1_345' title='bbox 1109 4076 1350 4141; x_wconf 89' lang='lat' dir='ltr'><strong>Domino,</strong></span> <span class='ocrx_word' id='word_1_346' title='bbox 1398 4077 1540 4146; x_wconf 91' lang='lat' dir='ltr'><strong>quod</strong></span> <span class='ocrx_word' id='word_1_347' title='bbox 1587 4085 1669 4131; x_wconf 91' lang='lat' dir='ltr'><strong>est</strong></span> 
     </span>
    </p>
   </div>
   <div class='ocr_carea' id='block_1_42' title="bbox 122 4157 1663 4238">
    <p class='ocr_par' dir='ltr' id='par_1_42' title="bbox 122 4157 1663 4238">
     <span class='ocr_line' id='line_1_42' title="bbox 122 4157 1663 4238; baseline 0.01 -30"><span class='ocrx_word' id='word_1_348' title='bbox 122 4157 272 4218; x_wconf 65' lang='lat' dir='ltr'><strong>gerire.</strong></span> <span class='ocrx_word' id='word_1_349' title='bbox 298 4170 347 4212; x_wconf 87' lang='lat' dir='ltr'><strong>et</strong></span> <span class='ocrx_word' id='word_1_350' title='bbox 379 4161 479 4216; x_wconf 86' lang='lat' dir='ltr'><strong>hoc</strong></span> <span class='ocrx_word' id='word_1_351' title='bbox 510 4167 581 4216; x_wconf 83' lang='lat' dir='ltr'><strong>sit</strong></span> <span class='ocrx_word' id='word_1_352' title='bbox 621 4165 744 4218; x_wconf 86' lang='lat' dir='ltr'><strong>sciri</strong></span> <span class='ocrx_word' id='word_1_353' title='bbox 771 4181 801 4220; x_wconf 88' lang='lat' dir='ltr'><strong>a</strong></span> <span class='ocrx_word' id='word_1_354' title='bbox 833 4167 1077 4232; x_wconf 90' lang='lat' dir='ltr'><strong>Domino,</strong></span> <span class='ocrx_word' id='word_1_355' title='bbox 1111 4167 1253 4238; x_wconf 91' lang='lat' dir='ltr'><strong>quod</strong></span> <span class='ocrx_word' id='word_1_356' title='bbox 1293 4178 1376 4222; x_wconf 90' lang='lat' dir='ltr'><strong>est</strong></span> <span class='ocrx_word' id='word_1_357' title='bbox 1405 4185 1623 4223; x_wconf 88' lang='lat' dir='ltr'><strong>manere</strong></span> <span class='ocrx_word' id='word_1_358' title='bbox 1650 4187 1663 4222; x_wconf 91' lang='lat'><strong>:</strong></span> 
     </span>
    </p>
   </div>
   <div class='ocr_carea' id='block_1_43' title="bbox 116 4248 1665 4332">
    <p class='ocr_par' dir='ltr' id='par_1_43' title="bbox 116 4248 1665 4332">
     <span class='ocr_line' id='line_1_43' title="bbox 116 4248 1665 4332; baseline 0.012 -36"><span class='ocrx_word' id='word_1_359' title='bbox 116 4256 158 4296; x_wconf 86' lang='grc' dir='ltr'><strong>ιιι</strong></span> <span class='ocrx_word' id='word_1_360' title='bbox 179 4248 232 4300; x_wconf 93' lang='lat' dir='ltr'><strong>ad</strong></span> <span class='ocrx_word' id='word_1_361' title='bbox 271 4254 535 4308; x_wconf 83' lang='lat' dir='ltr'><strong>scientiam</strong></span> <span class='ocrx_word' id='word_1_362' title='bbox 583 4256 678 4311; x_wconf 89' lang='lat' dir='ltr'><strong>Dei</strong></span> <span class='ocrx_word' id='word_1_363' title='bbox 719 4272 838 4312; x_wconf 82' lang='lat' dir='ltr'><strong>esse</strong></span> <span class='ocrx_word' id='word_1_364' title='bbox 879 4260 1161 4328; x_wconf 84' lang='lat' dir='ltr'><strong>pertineat,</strong></span> <span class='ocrx_word' id='word_1_365' title='bbox 1207 4260 1273 4315; x_wconf 91' lang='lat' dir='ltr'><strong>ad</strong></span> <span class='ocrx_word' id='word_1_366' title='bbox 1315 4261 1665 4332; x_wconf 87' lang='lat' dir='ltr'><strong>ignorantiam</strong></span> 
     </span>
    </p>
   </div>
   <div class='ocr_carea' id='block_1_44' title="bbox 118 4347 1668 4422">
    <p class='ocr_par' dir='ltr' id='par_1_44' title="bbox 118 4347 1668 4422">
     <span class='ocr_line' id='line_1_44' title="bbox 118 4347 1668 4422; baseline 0.014 -38"><span class='ocrx_word' id='word_1_367' title='bbox 118 4351 217 4390; x_wconf 73' lang='lat' dir='ltr'><strong>vero</strong></span> <span class='ocrx_word' id='word_1_368' title='bbox 253 4359 346 4396; x_wconf 87' lang='lat' dir='ltr'><strong>non</strong></span> <span class='ocrx_word' id='word_1_369' title='bbox 396 4360 550 4412; x_wconf 78' lang='lat' dir='ltr'><strong>esse;</strong></span> <span class='ocrx_word' id='word_1_370' title='bbox 597 4347 719 4416; x_wconf 86' lang='lat' dir='ltr'><strong>quia</strong></span> <span class='ocrx_word' id='word_1_371' title='bbox 766 4349 1022 4404; x_wconf 87' lang='lat' dir='ltr'><strong>Dominus</strong></span> <span class='ocrx_word' id='word_1_372' title='bbox 1067 4350 1195 4404; x_wconf 85' lang='lat' dir='ltr'><strong>dicit</strong></span> <span class='ocrx_word' id='word_1_373' title='bbox 1229 4371 1241 4404; x_wconf 92' lang='lat'>:</span> <span class='ocrx_word' id='word_1_374' title='bbox 1276 4353 1384 4422; x_wconf 79' lang='lat' dir='ltr'><strong>Ego</strong></span> <span class='ocrx_word' id='word_1_375' title='bbox 1424 4371 1535 4406; x_wconf 88' lang='lat' dir='ltr'><strong>sum</strong></span> <span class='ocrx_word' id='word_1_376' title='bbox 1581 4355 1668 4422; x_wconf 86' lang='lat' dir='ltr'><strong>qui</strong></span> 
     </span>
    </p>
   </div>
   <div class='ocr_carea' id='block_1_45' title="bbox 116 4435 1337 4513">
    <p class='ocr_par' dir='ltr' id='par_1_45' title="bbox 116 4435 1337 4513">
     <span class='ocr_line' id='line_1_45' title="bbox 116 4435 1337 4513; baseline 0.016 -39"><span class='ocrx_word' id='word_1_377' title='bbox 116 4442 232 4493; x_wconf 70' lang='lat' dir='ltr'><strong>sunt;</strong></span> <span class='ocrx_word' id='word_1_378' title='bbox 254 4443 300 4484; x_wconf 90' lang='lat' dir='ltr'><strong>et</strong></span> <span class='ocrx_word' id='word_1_379' title='bbox 329 4452 340 4485; x_wconf 91' lang='lat'>:</span> <span class='ocrx_word' id='word_1_380' title='bbox 373 4435 472 4497; x_wconf 81' lang='lat' dir='ltr'><strong>Qui</strong></span> <span class='ocrx_word' id='word_1_381' title='bbox 499 4446 572 4489; x_wconf 82' lang='lat' dir='ltr'><strong>est</strong></span> <span class='ocrx_word' id='word_1_382' title='bbox 593 4479 605 4500; x_wconf 91' lang='lat'><strong>,</strong></span> <span class='ocrx_word' id='word_1_383' title='bbox 639 4439 770 4490; x_wconf 88' lang='lat' dir='ltr'><strong>misit</strong></span> <span class='ocrx_word' id='word_1_384' title='bbox 795 4457 872 4491; x_wconf 86' lang='lat' dir='ltr'><strong>me</strong></span> <span class='ocrx_word' id='word_1_385' title='bbox 897 4441 913 4508; x_wconf 91' lang='lat'><strong>(</strong></span> <span class='ocrx_word' id='word_1_386' title='bbox 929 4440 1094 4493; x_wconf 76' lang='lat' dir='ltr'><strong>Exod.</strong></span> <span class='ocrx_word' id='word_1_387' title='bbox 1125 4459 1200 4504; x_wconf 85' lang='grc' dir='ltr'>ιιι,</span> <span class='ocrx_word' id='word_1_388' title='bbox 1229 4443 1337 4513; x_wconf 68' lang='grc'><strong>14).</strong></span> 
     </span>
    </p>
   </div>
   <div class='ocr_carea' id='block_1_46' title="bbox 553 4646 1159 4710">
    <p class='ocr_par' dir='ltr' id='par_1_46' title="bbox 553 4646 1159 4710">
     <span class='ocr_line' id='line_1_46' title="bbox 553 4646 1159 4710; baseline 0.007 -3"><span class='ocrx_word' id='word_1_389' title='bbox 553 4646 634 4707; x_wconf 83' lang='grc' dir='ltr'><strong>ΙΝ</strong></span> <span class='ocrx_word' id='word_1_390' title='bbox 678 4648 1060 4710; x_wconf 81' lang='lat' dir='ltr'><strong>PSALMUM</strong></span> <span class='ocrx_word' id='word_1_391' title='bbox 1101 4651 1159 4710; x_wconf 87' lang='lat' dir='ltr'><strong>ll</strong></span> 
     </span>
    </p>
   </div>
   <div class='ocr_carea' id='block_1_47' title="bbox 652 4761 1072 4823">
    <p class='ocr_par' dir='ltr' id='par_1_47' title="bbox 652 4761 1072 4823">
     <span class='ocr_line' id='line_1_47' title="bbox 652 4761 1072 4823; baseline 0.01 -4"><span class='ocrx_word' id='word_1_392' title='bbox 652 4761 1072 4823; x_wconf 64' lang='lat' dir='ltr'><strong>ENARRATIO.</strong></span> 
     </span>
    </p>
   </div>
   <div class='ocr_carea' id='block_1_48' title="bbox 177 4871 1668 4958">
    <p class='ocr_par' dir='ltr' id='par_1_48' title="bbox 177 4871 1668 4958">
     <span class='ocr_line' id='line_1_48' title="bbox 177 4871 1668 4958; baseline 0.015 -36"><span class='ocrx_word' id='word_1_393' title='bbox 177 4871 386 4944; x_wconf 82' lang='lat' dir='ltr'><strong>l.[rers.</strong></span> <span class='ocrx_word' id='word_1_394' title='bbox 416 4879 466 4942; x_wconf 78' lang='lat' dir='ltr'><strong>l,</strong></span> <span class='ocrx_word' id='word_1_395' title='bbox 488 4878 571 4952; x_wconf 74' lang='grc'><strong>2.]</strong></span> <span class='ocrx_word' id='word_1_396' title='bbox 607 4879 799 4951; x_wconf 83' lang='lat' dir='ltr'><strong>thnid</strong></span> <span class='ocrx_word' id='word_1_397' title='bbox 838 4884 1150 4953; x_wconf 78' lang='lat' dir='ltr'><strong>fremuerunt</strong></span> <span class='ocrx_word' id='word_1_398' title='bbox 1179 4896 1371 4957; x_wconf 82' lang='lat' dir='ltr'><strong>gentes,</strong></span> <span class='ocrx_word' id='word_1_399' title='bbox 1405 4897 1450 4942; x_wconf 80' lang='lat' dir='ltr'><strong>et</strong></span> <span class='ocrx_word' id='word_1_400' title='bbox 1492 4891 1668 4958; x_wconf 77' lang='lat' dir='ltr'><strong>populi</strong></span> 
     </span>
    </p>
   </div>
   <div class='ocr_carea' id='block_1_49' title="bbox 124 4964 1668 5050">
    <p class='ocr_par' dir='ltr' id='par_1_49' title="bbox 124 4964 1668 5050">
     <span class='ocr_line' id='line_1_49' title="bbox 124 4964 1668 5050; baseline 0.017 -43"><span class='ocrx_word' id='word_1_401' title='bbox 124 4964 301 5016; x_wconf 75' lang='lat' dir='ltr'><strong>meditati</strong></span> <span class='ocrx_word' id='word_1_402' title='bbox 329 4979 437 5021; x_wconf 82' lang='lat' dir='ltr'><strong>sunt</strong></span> <span class='ocrx_word' id='word_1_403' title='bbox 461 4970 636 5024; x_wconf 88' lang='lat' dir='ltr'><strong>inania</strong></span> <span class='ocrx_word' id='word_1_404' title='bbox 652 4971 678 5024; x_wconf 88' lang='lat'><strong><em>?</em></strong></span> <span class='ocrx_word' id='word_1_405' title='bbox 702 4971 978 5026; x_wconf 83' lang='lat' dir='ltr'><strong>Astitcrunt</strong></span> <span class='ocrx_word' id='word_1_406' title='bbox 1005 4992 1143 5045; x_wconf 85' lang='lat' dir='ltr'><strong>reges</strong></span> <span class='ocrx_word' id='word_1_407' title='bbox 1166 4987 1330 5042; x_wconf 80' lang='lat' dir='ltr'><strong>teme,</strong></span> <span class='ocrx_word' id='word_1_408' title='bbox 1351 4989 1396 5032; x_wconf 88' lang='lat' dir='ltr'><strong>et</strong></span> <span class='ocrx_word' id='word_1_409' title='bbox 1415 4981 1668 5050; x_wconf 78' lang='lat' dir='ltr'><strong>principes</strong></span> 
     </span>
    </p>
   </div>
   <div class='ocr_carea' id='block_1_50' title="bbox 125 5064 1668 5137">
    <p class='ocr_par' dir='ltr' id='par_1_50' title="bbox 125 5064 1668 5137">
     <span class='ocr_line' id='line_1_50' title="bbox 125 5064 1668 5137; baseline 0.017 -37"><span class='ocrx_word' id='word_1_410' title='bbox 125 5068 403 5115; x_wconf 68' lang='lat' dir='ltr'><strong>convenerunt</strong></span> <span class='ocrx_word' id='word_1_411' title='bbox 432 5064 483 5116; x_wconf 87' lang='lat' dir='ltr'><strong>in</strong></span> <span class='ocrx_word' id='word_1_412' title='bbox 532 5080 712 5127; x_wconf 84' lang='lat' dir='ltr'><strong>unum,</strong></span> <span class='ocrx_word' id='word_1_413' title='bbox 743 5067 984 5120; x_wconf 77' lang='lat' dir='ltr'><strong>adversus</strong></span> <span class='ocrx_word' id='word_1_414' title='bbox 1008 5067 1303 5137; x_wconf 87' lang='lat' dir='ltr'><strong>Dominum,</strong></span> <span class='ocrx_word' id='word_1_415' title='bbox 1347 5082 1394 5126; x_wconf 90' lang='lat' dir='ltr'><strong>et</strong></span> <span class='ocrx_word' id='word_1_416' title='bbox 1428 5073 1668 5127; x_wconf 82' lang='lat' dir='ltr'><strong>adversus</strong></span> 
     </span>
    </p>
   </div>
   <div class='ocr_carea' id='block_1_51' title="bbox 125 5144 1672 5231">
    <p class='ocr_par' dir='ltr' id='par_1_51' title="bbox 125 5144 1672 5231">
     <span class='ocr_line' id='line_1_51' title="bbox 125 5144 1672 5231; baseline 0.016 -35"><span class='ocrx_word' id='word_1_417' title='bbox 125 5144 329 5204; x_wconf 79' lang='lat' dir='ltr'><strong>Christum</strong></span> <span class='ocrx_word' id='word_1_418' title='bbox 355 5156 477 5223; x_wconf 84' lang='lat' dir='ltr'><strong>ejus.</strong></span> <span class='ocrx_word' id='word_1_419' title='bbox 521 5157 626 5212; x_wconf 81' lang='lat' dir='ltr'><strong>Pro</strong></span> <span class='ocrx_word' id='word_1_420' title='bbox 652 5174 716 5211; x_wconf 88' lang='lat' dir='ltr'><strong>eo</strong></span> <span class='ocrx_word' id='word_1_421' title='bbox 743 5158 941 5214; x_wconf 91' lang='lat' dir='ltr'><strong>dictum</strong></span> <span class='ocrx_word' id='word_1_422' title='bbox 966 5170 1048 5216; x_wconf 89' lang='lat' dir='ltr'><strong>est</strong></span> <span class='ocrx_word' id='word_1_423' title='bbox 1075 5165 1273 5231; x_wconf 79' lang='lat' dir='ltr'><strong>utquid,</strong></span> <span class='ocrx_word' id='word_1_424' title='bbox 1314 5180 1376 5218; x_wconf 87' lang='lat' dir='ltr'><strong>ac</strong></span> <span class='ocrx_word' id='word_1_425' title='bbox 1395 5166 1439 5218; x_wconf 89' lang='lat' dir='ltr'><strong>si</strong></span> <span class='ocrx_word' id='word_1_426' title='bbox 1462 5165 1672 5220; x_wconf 84' lang='lat' dir='ltr'><strong>dicere-</strong></span> 
     </span>
    </p>
   </div>
   <div class='ocr_carea' id='block_1_52' title="bbox 126 5242 1665 5327">
    <p class='ocr_par' dir='ltr' id='par_1_52' title="bbox 126 5242 1665 5327">
     <span class='ocr_line' id='line_1_52' title="bbox 126 5242 1665 5327; baseline 0.014 -38"><span class='ocrx_word' id='word_1_427' title='bbox 126 5245 206 5300; x_wconf 85' lang='lat' dir='ltr'><strong>tur.</strong></span> <span class='ocrx_word' id='word_1_428' title='bbox 233 5242 442 5304; x_wconf 80' lang='lat' dir='ltr'><strong>frustra:</strong></span> <span class='ocrx_word' id='word_1_429' title='bbox 474 5263 578 5303; x_wconf 90' lang='lat' dir='ltr'><strong>non</strong></span> <span class='ocrx_word' id='word_1_430' title='bbox 610 5249 751 5304; x_wconf 87' lang='lat' dir='ltr'><strong>enim</strong></span> <span class='ocrx_word' id='word_1_431' title='bbox 787 5251 1138 5321; x_wconf 81' lang='lat' dir='ltr'><strong>impleverunt</strong></span> <span class='ocrx_word' id='word_1_432' title='bbox 1178 5254 1320 5327; x_wconf 91' lang='lat' dir='ltr'><strong>quod</strong></span> <span class='ocrx_word' id='word_1_433' title='bbox 1363 5257 1665 5327; x_wconf 81' lang='lat' dir='ltr'><strong>voluerunt,</strong></span> 
     </span>
    </p>
   </div>
   <div class='ocr_carea' id='block_1_53' title="bbox 137 5331 1672 5417">
    <p class='ocr_par' dir='ltr' id='par_1_53' title="bbox 137 5331 1672 5417">
     <span class='ocr_line' id='line_1_53' title="bbox 137 5331 1672 5417; baseline 0.014 -37"><span class='ocrx_word' id='word_1_434' title='bbox 137 5339 170 5381; x_wconf 85' lang='grc' dir='ltr'><strong>ιι</strong></span> <span class='ocrx_word' id='word_1_435' title='bbox 189 5331 397 5392; x_wconf 86' lang='lat' dir='ltr'><strong>Christus</strong></span> <span class='ocrx_word' id='word_1_436' title='bbox 423 5341 886 5412; x_wconf 79' lang='lat' dir='ltr'><strong>exstingueretur;</strong></span> <span class='ocrx_word' id='word_1_437' title='bbox 931 5341 1124 5399; x_wconf 88' lang='lat' dir='ltr'><strong>dicitur</strong></span> <span class='ocrx_word' id='word_1_438' title='bbox 1151 5345 1253 5399; x_wconf 90' lang='lat' dir='ltr'><strong>hoc</strong></span> <span class='ocrx_word' id='word_1_439' title='bbox 1283 5347 1423 5401; x_wconf 88' lang='lat' dir='ltr'><strong>enim</strong></span> <span class='ocrx_word' id='word_1_440' title='bbox 1456 5348 1522 5401; x_wconf 89' lang='lat' dir='ltr'><strong>de</strong></span> <span class='ocrx_word' id='word_1_441' title='bbox 1553 5365 1672 5417; x_wconf 85' lang='lat' dir='ltr'><strong>per-</strong></span> 
     </span>
    </p>
   </div>
   <div class='ocr_carea' id='block_1_54' title="bbox 125 5427 1668 5510">
    <p class='ocr_par' dir='ltr' id='par_1_54' title="bbox 125 5427 1668 5510">
     <span class='ocr_line' id='line_1_54' title="bbox 125 5427 1668 5510; baseline 0.016 -40"><span class='ocrx_word' id='word_1_442' title='bbox 125 5427 404 5483; x_wconf 78' lang='lat' dir='ltr'><strong>secutoribus</strong></span> <span class='ocrx_word' id='word_1_443' title='bbox 455 5431 683 5497; x_wconf 84' lang='lat' dir='ltr'><strong>Domini,</strong></span> <span class='ocrx_word' id='word_1_444' title='bbox 727 5432 816 5503; x_wconf 89' lang='lat' dir='ltr'><strong>qui</strong></span> <span class='ocrx_word' id='word_1_445' title='bbox 855 5443 907 5486; x_wconf 90' lang='lat' dir='ltr'><strong>et</strong></span> <span class='ocrx_word' id='word_1_446' title='bbox 947 5433 998 5487; x_wconf 86' lang='lat' dir='ltr'><strong>in</strong></span> <span class='ocrx_word' id='word_1_447' title='bbox 1045 5437 1263 5510; x_wconf 82' lang='lat' dir='ltr'><strong>Actibus</strong></span> <span class='ocrx_word' id='word_1_448' title='bbox 1293 5439 1668 5508; x_wconf 80' lang='lat' dir='ltr'><strong>Apostolorum</strong></span> 
     </span>
    </p>
   </div>
   <div class='ocr_carea' id='block_1_55' title="bbox 132 5523 972 5594">
    <p class='ocr_par' dir='ltr' id='par_1_55' title="bbox 132 5523 972 5594">
     <span class='ocr_line' id='line_1_55' title="bbox 132 5523 972 5594; baseline 0.042 -35"><span class='ocrx_word' id='word_1_449' title='bbox 132 5524 561 5576; x_wconf 64' lang='lat' dir='ltr'><strong>coniuretnorantur</strong></span> <span class='ocrx_word' id='word_1_450' title='bbox 591 5523 724 5590; x_wconf 73' lang='lat' dir='ltr'><strong>(Act.</strong></span> <span class='ocrx_word' id='word_1_451' title='bbox 751 5539 824 5590; x_wconf 80' lang='lat' dir='ltr'><strong>tv,</strong></span> <span class='ocrx_word' id='word_1_452' title='bbox 857 5523 972 5594; x_wconf 65' lang='lat' dir='ltr'><strong>26l-</strong></span> 
     </span>
    </p>
   </div>
   <div class='ocr_carea' id='block_1_56' title="bbox 183 5604 1668 5690">
    <p class='ocr_par' dir='ltr' id='par_1_56' title="bbox 183 5604 1668 5690">
     <span class='ocr_line' id='line_1_56' title="bbox 183 5604 1668 5690; baseline 0.006 -26"><span class='ocrx_word' id='word_1_453' title='bbox 183 5604 226 5656; x_wconf 68' lang='grc' dir='ltr'><strong>ἳο</strong></span> <span class='ocrx_word' id='word_1_454' title='bbox 262 5606 277 5679; x_wconf 89' lang='grc'><strong>[</strong></span> <span class='ocrx_word' id='word_1_455' title='bbox 303 5627 416 5665; x_wconf 68' lang='grc' dir='ltr'><strong>ιω.</strong></span> <span class='ocrx_word' id='word_1_456' title='bbox 442 5612 519 5686; x_wconf 81' lang='lat'><strong>3.]</strong></span> <span class='ocrx_word' id='word_1_457' title='bbox 547 5609 936 5686; x_wconf 80' lang='lat' dir='ltr'><strong>Disrumpamus</strong></span> <span class='ocrx_word' id='word_1_458' title='bbox 957 5617 1157 5675; x_wconf 80' lang='lat' dir='ltr'><strong>vincula</strong></span> <span class='ocrx_word' id='word_1_459' title='bbox 1177 5635 1366 5682; x_wconf 87' lang='lat' dir='ltr'><strong>eorum,</strong></span> <span class='ocrx_word' id='word_1_460' title='bbox 1388 5629 1432 5674; x_wconf 89' lang='lat' dir='ltr'><strong>et</strong></span> <span class='ocrx_word' id='word_1_461' title='bbox 1452 5620 1668 5690; x_wconf 76' lang='lat' dir='ltr'><strong>objiciu-</strong></span> 
     </span>
    </p>
   </div>
   <div class='ocr_carea' id='block_1_57' title="bbox 139 5779 1669 5898">
    <p class='ocr_par' dir='ltr' id='par_1_57' title="bbox 139 5779 1669 5898">
     <span class='ocr_line' id='line_1_57' title="bbox 139 5779 1669 5898; baseline 0.012 -71"><span class='ocrx_word' id='word_1_462' title='bbox 139 5850 160 5882; x_wconf 56' lang='grc' dir='ltr'><strong>υ</strong></span> <span class='ocrx_word' id='word_1_463' title='bbox 182 5779 238 5886; x_wconf 42' lang='grc' dir='ltr'><strong>ξι)</strong></span> <span class='ocrx_word' id='word_1_464' title='bbox 270 5783 382 5893; x_wconf 50' lang='lat' dir='ltr'><strong>metu</strong></span> <span class='ocrx_word' id='word_1_465' title='bbox 407 5785 590 5898; x_wconf 69' lang='lat' dir='ltr'><strong>Vt’l‘S.68</strong></span> <span class='ocrx_word' id='word_1_466' title='bbox 614 5793 843 5839; x_wconf 79' lang='lat' dir='ltr'><strong>tractatur</strong></span> <span class='ocrx_word' id='word_1_467' title='bbox 866 5787 993 5838; x_wconf 77' lang='lat' dir='ltr'><strong>intra</strong></span> <span class='ocrx_word' id='word_1_468' title='bbox 1010 5791 1058 5838; x_wconf 84' lang='lat' dir='ltr'><strong>in</strong></span> <span class='ocrx_word' id='word_1_469' title='bbox 1095 5796 1292 5844; x_wconf 79' lang='lat' dir='ltr'><strong>tEuarr.</strong></span> <span class='ocrx_word' id='word_1_470' title='bbox 1316 5791 1443 5845; x_wconf 82' lang='lat' dir='ltr'><strong>Psal.</strong></span> <span class='ocrx_word' id='word_1_471' title='bbox 1487 5806 1669 5852; x_wconf 75' lang='lat' dir='ltr'><strong>xxxvi.</strong></span> 
     </span>
     <span class='ocr_line' id='line_1_58' title="bbox 163 5853 505 5898; baseline -0.012 0"><span class='ocrx_word' id='word_1_472' title='bbox 163 5857 196 5882; x_wconf 86' lang='lat'><strong>-&#39;</strong></span> <span class='ocrx_word' id='word_1_473' title='bbox 222 5859 229 5898; x_wconf 69' lang='grc' dir='ltr'><em>ζ</em></span> <span class='ocrx_word' id='word_1_474' title='bbox 255 5856 278 5890; x_wconf 85' lang='lat' dir='ltr'><strong>c</strong></span> <span class='ocrx_word' id='word_1_475' title='bbox 317 5853 505 5898; x_wconf 70' lang='lat' dir='ltr'><strong>cxst.&#39;n.</strong></span> 
     </span>
    </p>
   </div>
   <div class='ocr_carea' id='block_1_58' title="bbox 163 5853 505 5908">
    <p class='ocr_par' dir='ltr' id='par_1_58' title="bbox 163 5853 505 5908">
     <span class='ocr_line' id='line_1_59' title="bbox 163 5853 505 5908; baseline 0.015 -19"><span class='ocrx_word' id='word_1_476' title='bbox 163 5853 229 5901; x_wconf 69' lang='lat' dir='ltr'><strong>.u;</strong></span> <span class='ocrx_word' id='word_1_477' title='bbox 255 5853 297 5893; x_wconf 89' lang='lat' dir='ltr'><strong>ct</strong></span> <span class='ocrx_word' id='word_1_478' title='bbox 317 5853 505 5908; x_wconf 67' lang='lat' dir='ltr'><strong>cxst,&#39;n.</strong></span> 
     </span>
    </p>
   </div>
   <div class='ocr_carea' id='block_1_59' title="bbox 1773 515 3369 594">
    <p class='ocr_par' dir='ltr' id='par_1_59' title="bbox 1773 515 3369 594">
     <span class='ocr_line' id='line_1_60' title="bbox 1773 515 3369 594; baseline 0.015 -33"><span class='ocrx_word' id='word_1_479' title='bbox 1773 527 1886 564; x_wconf 86' lang='lat' dir='ltr'><strong>mus</strong></span> <span class='ocrx_word' id='word_1_480' title='bbox 1911 530 1942 565; x_wconf 89' lang='lat' dir='ltr'><strong>a</strong></span> <span class='ocrx_word' id='word_1_481' title='bbox 1970 515 2111 569; x_wconf 87' lang='lat' dir='ltr'><strong>nobis</strong></span> <span class='ocrx_word' id='word_1_482' title='bbox 2126 515 2312 588; x_wconf 82' lang='lat' dir='ltr'><strong>jugum</strong></span> <span class='ocrx_word' id='word_1_483' title='bbox 2339 519 2581 588; x_wconf 85' lang='lat' dir='ltr'><strong>ipsorum.</strong></span> <span class='ocrx_word' id='word_1_484' title='bbox 2605 520 2916 592; x_wconf 84' lang='lat' dir='ltr'><strong>Quanquam</strong></span> <span class='ocrx_word' id='word_1_485' title='bbox 2938 534 2992 580; x_wconf 86' lang='lat' dir='ltr'><strong>et</strong></span> <span class='ocrx_word' id='word_1_486' title='bbox 3020 525 3188 594; x_wconf 74' lang='lat' dir='ltr'><strong>pussit</strong></span> <span class='ocrx_word' id='word_1_487' title='bbox 3207 530 3369 585; x_wconf 78' lang='lat' dir='ltr'><strong>aliter</strong></span> 
     </span>
    </p>
   </div>
   <div class='ocr_carea' id='block_1_60' title="bbox 1775 597 3369 690">
    <p class='ocr_par' dir='ltr' id='par_1_60' title="bbox 1775 597 3369 690">
     <span class='ocr_line' id='line_1_61' title="bbox 1775 597 3369 690; baseline 0.012 -35"><span class='ocrx_word' id='word_1_488' title='bbox 1775 601 2018 671; x_wconf 81' lang='lat' dir='ltr'><strong>intelligi.</strong></span> <span class='ocrx_word' id='word_1_489' title='bbox 2059 614 2234 661; x_wconf 86' lang='lat' dir='ltr'><strong>tamen</strong></span> <span class='ocrx_word' id='word_1_490' title='bbox 2276 610 2452 678; x_wconf 85' lang='lat' dir='ltr'><strong>aptius</strong></span> <span class='ocrx_word' id='word_1_491' title='bbox 2493 597 2571 666; x_wconf 6' lang='lat' dir='ltr'><strong>ex,</strong></span> <span class='ocrx_word' id='word_1_492' title='bbox 2596 628 2782 668; x_wconf 88' lang='lat' dir='ltr'><strong>eorum</strong></span> <span class='ocrx_word' id='word_1_493' title='bbox 2829 629 3050 683; x_wconf 84' lang='lat' dir='ltr'><strong>persona</strong></span> <span class='ocrx_word' id='word_1_494' title='bbox 3084 621 3369 690; x_wconf 76' lang='lat' dir='ltr'><strong>accipitur;</strong></span> 
     </span>
    </p>
   </div>
   <div class='ocr_carea' id='block_1_61' title="bbox 1776 696 3369 778">
    <p class='ocr_par' dir='ltr' id='par_1_61' title="bbox 1776 696 3369 778">
     <span class='ocr_line' id='line_1_62' title="bbox 1776 696 3369 778; baseline 0.011 -33"><span class='ocrx_word' id='word_1_495' title='bbox 1776 708 1909 762; x_wconf 89' lang='lat' dir='ltr'><strong>quos</strong></span> <span class='ocrx_word' id='word_1_496' title='bbox 1931 696 2062 750; x_wconf 81' lang='lat' dir='ltr'><strong>dixit</strong></span> <span class='ocrx_word' id='word_1_497' title='bbox 2088 697 2264 752; x_wconf 88' lang='lat' dir='ltr'><strong>inania</strong></span> <span class='ocrx_word' id='word_1_498' title='bbox 2292 700 2614 766; x_wconf 85' lang='lat' dir='ltr'><strong>meditatos;</strong></span> <span class='ocrx_word' id='word_1_499' title='bbox 2640 712 2706 756; x_wconf 79' lang='grc' dir='ltr'><strong>⁸ιιι</strong></span> <span class='ocrx_word' id='word_1_500' title='bbox 2731 703 2832 758; x_wconf 91' lang='lat' dir='ltr'><strong>hoc</strong></span> <span class='ocrx_word' id='word_1_501' title='bbox 2861 706 2950 772; x_wconf 92' lang='lat' dir='ltr'><strong>sit,</strong></span> <span class='ocrx_word' id='word_1_502' title='bbox 2976 706 3369 778; x_wconf 80' lang='lat' dir='ltr'><strong>Disrumpama&#39;s</strong></span> 
     </span>
    </p>
   </div>
   <div class='ocr_carea' id='block_1_62' title="bbox 1775 787 3376 869">
    <p class='ocr_par' dir='ltr' id='par_1_62' title="bbox 1775 787 3376 869">
     <span class='ocr_line' id='line_1_63' title="bbox 1775 787 3376 869; baseline 0.008 -29"><span class='ocrx_word' id='word_1_503' title='bbox 1775 787 1977 840; x_wconf 78' lang='lat' dir='ltr'><strong>vincula</strong></span> <span class='ocrx_word' id='word_1_504' title='bbox 2012 805 2206 857; x_wconf 89' lang='lat' dir='ltr'><strong>eorum,</strong></span> <span class='ocrx_word' id='word_1_505' title='bbox 2262 801 2308 844; x_wconf 90' lang='lat' dir='ltr'><strong>et</strong></span> <span class='ocrx_word' id='word_1_506' title='bbox 2349 794 2648 865; x_wconf 86' lang='lat' dir='ltr'><strong>abjiciamus</strong></span> <span class='ocrx_word' id='word_1_507' title='bbox 2686 814 2717 849; x_wconf 91' lang='lat' dir='ltr'><strong>a</strong></span> <span class='ocrx_word' id='word_1_508' title='bbox 2746 798 2888 851; x_wconf 89' lang='lat' dir='ltr'><strong>nobis</strong></span> <span class='ocrx_word' id='word_1_509' title='bbox 2909 800 3095 869; x_wconf 85' lang='lat' dir='ltr'><strong>jugum</strong></span> <span class='ocrx_word' id='word_1_510' title='bbox 3121 801 3376 868; x_wconf 81' lang='lat' dir='ltr'><strong>ipsorum,</strong></span> 
     </span>
    </p>
   </div>
   <div class='ocr_carea' id='block_1_63' title="bbox 1776 875 3377 958">
    <p class='ocr_par' dir='ltr' id='par_1_63' title="bbox 1776 875 3377 958">
     <span class='ocr_line' id='line_1_64' title="bbox 1776 875 3377 958; baseline 0.01 -30"><span class='ocrx_word' id='word_1_511' title='bbox 1776 875 1966 931; x_wconf 79' lang='lat' dir='ltr'><strong>demus</strong></span> <span class='ocrx_word' id='word_1_512' title='bbox 2000 894 2218 946; x_wconf 79' lang='lat' dir='ltr'><strong>Operam</strong></span> <span class='ocrx_word' id='word_1_513' title='bbox 2247 890 2303 934; x_wconf 91' lang='lat' dir='ltr'><strong>ut</strong></span> <span class='ocrx_word' id='word_1_514' title='bbox 2335 899 2438 936; x_wconf 89' lang='lat' dir='ltr'><strong>non</strong></span> <span class='ocrx_word' id='word_1_515' title='bbox 2474 899 2572 939; x_wconf 91' lang='lat' dir='ltr'><strong>nos</strong></span> <span class='ocrx_word' id='word_1_516' title='bbox 2616 886 2813 956; x_wconf 81' lang='lat' dir='ltr'><strong>alliget,</strong></span> <span class='ocrx_word' id='word_1_517' title='bbox 2855 903 3030 958; x_wconf 90' lang='lat' dir='ltr'><strong>neque</strong></span> <span class='ocrx_word' id='word_1_518' title='bbox 3073 888 3377 958; x_wconf 79' lang='lat' dir='ltr'><strong>imponatur</strong></span> 
     </span>
    </p>
   </div>
   <div class='ocr_carea' id='block_1_64' title="bbox 1779 968 2486 1045">
    <p class='ocr_par' dir='ltr' id='par_1_64' title="bbox 1779 968 2486 1045">
     <span class='ocr_line' id='line_1_65' title="bbox 1779 968 2486 1045; baseline 0.008 -23"><span class='ocrx_word' id='word_1_519' title='bbox 1779 968 1932 1022; x_wconf 87' lang='lat' dir='ltr'><strong>nobis</strong></span> <span class='ocrx_word' id='word_1_520' title='bbox 1961 970 2250 1027; x_wconf 88' lang='lat' dir='ltr'><strong>christiana</strong></span> <span class='ocrx_word' id='word_1_521' title='bbox 2278 976 2486 1045; x_wconf 84' lang='lat' dir='ltr'><strong>religio.</strong></span> 
     </span>
    </p>
   </div>
   <div class='ocr_carea' id='block_1_65' title="bbox 1850 1059 3378 1138">
    <p class='ocr_par' dir='ltr' id='par_1_65' title="bbox 1850 1059 3378 1138">
     <span class='ocr_line' id='line_1_66' title="bbox 1850 1059 3378 1138; baseline 0.007 -23"><span class='ocrx_word' id='word_1_522' title='bbox 1850 1061 1902 1115; x_wconf 79' lang='lat'><strong>5.</strong></span> <span class='ocrx_word' id='word_1_523' title='bbox 1931 1059 1950 1132; x_wconf 89' lang='lat'>[</span> <span class='ocrx_word' id='word_1_524' title='bbox 1983 1079 2111 1115; x_wconf 81' lang='lat' dir='ltr'><strong>vers.</strong></span> <span class='ocrx_word' id='word_1_525' title='bbox 2138 1063 2217 1138; x_wconf 81' lang='grc'><strong>4.]</strong></span> <span class='ocrx_word' id='word_1_526' title='bbox 2243 1066 2342 1131; x_wconf 86' lang='lat' dir='ltr'><strong>Qui</strong></span> <span class='ocrx_word' id='word_1_527' title='bbox 2368 1067 2562 1122; x_wconf 81' lang='lat' dir='ltr'><strong>habitat</strong></span> <span class='ocrx_word' id='word_1_528' title='bbox 2588 1073 2641 1122; x_wconf 88' lang='lat' dir='ltr'><strong>in</strong></span> <span class='ocrx_word' id='word_1_529' title='bbox 2667 1071 2806 1124; x_wconf 69' lang='lat' dir='ltr'><strong>uelis</strong></span> <span class='ocrx_word' id='word_1_530' title='bbox 2831 1071 3059 1126; x_wconf 83' lang='lat' dir='ltr'><strong>irridebit</strong></span> <span class='ocrx_word' id='word_1_531' title='bbox 3080 1089 3183 1135; x_wconf 88' lang='lat' dir='ltr'><strong>eos,</strong></span> <span class='ocrx_word' id='word_1_532' title='bbox 3205 1083 3251 1126; x_wconf 86' lang='lat' dir='ltr'><strong>et</strong></span> <span class='ocrx_word' id='word_1_533' title='bbox 3277 1071 3378 1125; x_wconf 81' lang='lat' dir='ltr'><strong>Do—</strong></span> 
     </span>
    </p>
   </div>
   <div class='ocr_carea' id='block_1_66' title="bbox 1778 1152 3376 1228">
    <p class='ocr_par' dir='ltr' id='par_1_66' title="bbox 1778 1152 3376 1228">
     <span class='ocr_line' id='line_1_67' title="bbox 1778 1152 3376 1228; baseline 0.008 -26"><span class='ocrx_word' id='word_1_534' title='bbox 1778 1152 1944 1204; x_wconf 82' lang='lat' dir='ltr'><strong>minus</strong></span> <span class='ocrx_word' id='word_1_535' title='bbox 1989 1154 2316 1210; x_wconf 85' lang='lat' dir='ltr'><strong>subsannabit</strong></span> <span class='ocrx_word' id='word_1_536' title='bbox 2355 1175 2458 1212; x_wconf 90' lang='lat' dir='ltr'><strong>eos.</strong></span> <span class='ocrx_word' id='word_1_537' title='bbox 2516 1159 2757 1228; x_wconf 84' lang='lat' dir='ltr'><strong>Repetita</strong></span> <span class='ocrx_word' id='word_1_538' title='bbox 2796 1162 3059 1215; x_wconf 82' lang='lat' dir='ltr'><strong>sententia</strong></span> <span class='ocrx_word' id='word_1_539' title='bbox 3099 1172 3221 1216; x_wconf 82' lang='lat' dir='ltr'><strong>est:</strong></span> <span class='ocrx_word' id='word_1_540' title='bbox 3255 1176 3376 1214; x_wconf 89' lang='lat' dir='ltr'><strong>nam</strong></span> 
     </span>
    </p>
   </div>
   <div class='ocr_carea' id='block_1_67' title="bbox 1779 1244 3377 1320">
    <p class='ocr_par' dir='ltr' id='par_1_67' title="bbox 1779 1244 3377 1320">
     <span class='ocr_line' id='line_1_68' title="bbox 1779 1244 3377 1320; baseline 0.006 -27"><span class='ocrx_word' id='word_1_541' title='bbox 1779 1255 1874 1310; x_wconf 91' lang='lat' dir='ltr'><strong>pro</strong></span> <span class='ocrx_word' id='word_1_542' title='bbox 1901 1259 1966 1297; x_wconf 88' lang='lat' dir='ltr'><strong>eo</strong></span> <span class='ocrx_word' id='word_1_543' title='bbox 1999 1244 2140 1313; x_wconf 88' lang='lat' dir='ltr'><strong>quod</strong></span> <span class='ocrx_word' id='word_1_544' title='bbox 2170 1255 2273 1313; x_wconf 90' lang='lat' dir='ltr'><strong>est,</strong></span> <span class='ocrx_word' id='word_1_545' title='bbox 2313 1247 2412 1314; x_wconf 89' lang='lat' dir='ltr'><strong>Qui</strong></span> <span class='ocrx_word' id='word_1_546' title='bbox 2457 1249 2650 1302; x_wconf 81' lang='lat' dir='ltr'><strong>habitat</strong></span> <span class='ocrx_word' id='word_1_547' title='bbox 2696 1251 2747 1304; x_wconf 87' lang='lat' dir='ltr'><strong>in</strong></span> <span class='ocrx_word' id='word_1_548' title='bbox 2791 1252 2948 1316; x_wconf 74' lang='lat' dir='ltr'><strong>caelis,</strong></span> <span class='ocrx_word' id='word_1_549' title='bbox 2992 1251 3377 1320; x_wconf 84' lang='lat' dir='ltr'><strong>subsequenter</strong></span> 
     </span>
    </p>
   </div>
   <div class='ocr_carea' id='block_1_68' title="bbox 1781 1333 3374 1410">
    <p class='ocr_par' dir='ltr' id='par_1_68' title="bbox 1781 1333 3374 1410">
     <span class='ocr_line' id='line_1_69' title="bbox 1781 1333 3374 1410; baseline 0.004 -25"><span class='ocrx_word' id='word_1_550' title='bbox 1781 1333 2006 1398; x_wconf 82' lang='lat' dir='ltr'><strong>positum</strong></span> <span class='ocrx_word' id='word_1_551' title='bbox 2044 1346 2146 1399; x_wconf 90' lang='lat' dir='ltr'><strong>est,</strong></span> <span class='ocrx_word' id='word_1_552' title='bbox 2190 1335 2473 1403; x_wconf 78' lang='lat' dir='ltr'><strong>Dominus;</strong></span> <span class='ocrx_word' id='word_1_553' title='bbox 2514 1349 2567 1393; x_wconf 90' lang='lat' dir='ltr'><strong>et</strong></span> <span class='ocrx_word' id='word_1_554' title='bbox 2594 1355 2691 1410; x_wconf 90' lang='lat' dir='ltr'><strong>pro</strong></span> <span class='ocrx_word' id='word_1_555' title='bbox 2721 1355 2787 1395; x_wconf 88' lang='lat' dir='ltr'><strong>eo</strong></span> <span class='ocrx_word' id='word_1_556' title='bbox 2811 1342 2952 1410; x_wconf 86' lang='lat' dir='ltr'><strong>quod</strong></span> <span class='ocrx_word' id='word_1_557' title='bbox 2989 1353 3091 1403; x_wconf 73' lang='grc' dir='ltr'>εει,</span> <span class='ocrx_word' id='word_1_558' title='bbox 3123 1341 3374 1404; x_wconf 83' lang='lat' dir='ltr'><strong>irridebit,</strong></span> 
     </span>
    </p>
   </div>
   <div class='ocr_carea' id='block_1_69' title="bbox 1778 1423 3372 1496">
    <p class='ocr_par' dir='ltr' id='par_1_69' title="bbox 1778 1423 3372 1496">
     <span class='ocr_line' id='line_1_70' title="bbox 1778 1423 3372 1496; baseline 0.006 -22"><span class='ocrx_word' id='word_1_559' title='bbox 1778 1423 2164 1494; x_wconf 87' lang='lat' dir='ltr'><strong>subsequenter</strong></span> <span class='ocrx_word' id='word_1_560' title='bbox 2201 1429 2428 1496; x_wconf 89' lang='lat' dir='ltr'><strong>positum</strong></span> <span class='ocrx_word' id='word_1_561' title='bbox 2471 1439 2571 1494; x_wconf 90' lang='lat' dir='ltr'><strong>cst,</strong></span> <span class='ocrx_word' id='word_1_562' title='bbox 2617 1432 2964 1485; x_wconf 88' lang='lat' dir='ltr'><strong>sabsannabit.</strong></span> <span class='ocrx_word' id='word_1_563' title='bbox 3004 1431 3142 1484; x_wconf 84' lang='lat' dir='ltr'><strong>Nihil</strong></span> <span class='ocrx_word' id='word_1_564' title='bbox 3182 1433 3372 1485; x_wconf 89' lang='lat' dir='ltr'><strong>horum</strong></span> 
     </span>
    </p>
   </div>
   <div class='ocr_carea' id='block_1_70' title="bbox 1779 1520 3375 1591">
    <p class='ocr_par' dir='ltr' id='par_1_70' title="bbox 1779 1520 3375 1591">
     <span class='ocr_line' id='line_1_71' title="bbox 1779 1520 3375 1591; baseline 0.007 -26"><span class='ocrx_word' id='word_1_565' title='bbox 1779 1520 1954 1567; x_wconf 84' lang='lat' dir='ltr'><strong>ta‘men</strong></span> <span class='ocrx_word' id='word_1_566' title='bbox 2008 1531 2194 1585; x_wconf 88' lang='lat' dir='ltr'><strong>sapere</strong></span> <span class='ocrx_word' id='word_1_567' title='bbox 2245 1527 2456 1588; x_wconf 90' lang='lat' dir='ltr'><strong>oportet</strong></span> <span class='ocrx_word' id='word_1_568' title='bbox 2499 1523 2802 1586; x_wconf 84' lang='lat' dir='ltr'><strong>carnaliter,</strong></span> <span class='ocrx_word' id='word_1_569' title='bbox 2858 1523 3012 1591; x_wconf 86' lang='lat' dir='ltr'><strong>quasi</strong></span> <span class='ocrx_word' id='word_1_570' title='bbox 3059 1533 3149 1576; x_wconf 91' lang='lat' dir='ltr'><strong>aut</strong></span> <span class='ocrx_word' id='word_1_571' title='bbox 3192 1522 3375 1576; x_wconf 90' lang='lat' dir='ltr'><strong>buccis</strong></span> 
     </span>
    </p>
   </div>
   <div class='ocr_carea' id='block_1_71' title="bbox 1781 1605 3376 1676">
    <p class='ocr_par' dir='ltr' id='par_1_71' title="bbox 1781 1605 3376 1676">
     <span class='ocr_line' id='line_1_72' title="bbox 1781 1605 3376 1676; baseline 0.011 -18"><span class='ocrx_word' id='word_1_572' title='bbox 1781 1605 1922 1660; x_wconf 87' lang='lat' dir='ltr'><strong>Deus</strong></span> <span class='ocrx_word' id='word_1_573' title='bbox 1949 1607 2184 1673; x_wconf 89' lang='lat' dir='ltr'><strong>irrideat,</strong></span> <span class='ocrx_word' id='word_1_574' title='bbox 2228 1619 2320 1665; x_wconf 90' lang='lat' dir='ltr'><strong>aut</strong></span> <span class='ocrx_word' id='word_1_575' title='bbox 2365 1627 2495 1666; x_wconf 83' lang='lat' dir='ltr'><strong>naso</strong></span> <span class='ocrx_word' id='word_1_576' title='bbox 2522 1615 2813 1669; x_wconf 87' lang='lat' dir='ltr'><strong>subsannet</strong></span> <span class='ocrx_word' id='word_1_577' title='bbox 2847 1634 2860 1671; x_wconf 93' lang='lat'><strong>:</strong></span> <span class='ocrx_word' id='word_1_578' title='bbox 2904 1619 2996 1672; x_wconf 89' lang='lat' dir='ltr'><strong>sed</strong></span> <span class='ocrx_word' id='word_1_579' title='bbox 3026 1635 3085 1674; x_wconf 88' lang='lat' dir='ltr'><strong>ca</strong></span> <span class='ocrx_word' id='word_1_580' title='bbox 3127 1621 3207 1675; x_wconf 86' lang='lat' dir='ltr'><strong>vis</strong></span> <span class='ocrx_word' id='word_1_581' title='bbox 3232 1622 3376 1676; x_wconf 84' lang='lat' dir='ltr'><strong>acci—</strong></span> 
     </span>
    </p>
   </div>
   <div class='ocr_carea' id='block_1_72' title="bbox 1779 1695 3371 1776">
    <p class='ocr_par' dir='ltr' id='par_1_72' title="bbox 1779 1695 3371 1776">
     <span class='ocr_line' id='line_1_73' title="bbox 1779 1695 3371 1776; baseline 0.011 -27"><span class='ocrx_word' id='word_1_582' title='bbox 1779 1695 1968 1765; x_wconf 71' lang='lat' dir='ltr'><strong>pienda</strong></span> <span class='ocrx_word' id='word_1_583' title='bbox 1997 1709 2097 1762; x_wconf 90' lang='lat' dir='ltr'><strong>est,</strong></span> <span class='ocrx_word' id='word_1_584' title='bbox 2123 1715 2279 1768; x_wconf 89' lang='lat' dir='ltr'><strong>quam</strong></span> <span class='ocrx_word' id='word_1_585' title='bbox 2304 1701 2395 1755; x_wconf 86' lang='lat' dir='ltr'><strong>dat</strong></span> <span class='ocrx_word' id='word_1_586' title='bbox 2416 1705 2613 1759; x_wconf 86' lang='lat' dir='ltr'><strong>sanctis</strong></span> <span class='ocrx_word' id='word_1_587' title='bbox 2635 1705 2768 1772; x_wconf 81' lang='lat' dir='ltr'><strong>Suis,</strong></span> <span class='ocrx_word' id='word_1_588' title='bbox 2798 1717 2853 1760; x_wconf 90' lang='lat' dir='ltr'><strong>ut</strong></span> <span class='ocrx_word' id='word_1_589' title='bbox 2876 1709 3046 1762; x_wconf 81' lang='lat' dir='ltr'><strong>futura</strong></span> <span class='ocrx_word' id='word_1_590' title='bbox 3066 1721 3371 1776; x_wconf 86' lang='lat' dir='ltr'><strong>cernentes,</strong></span> 
     </span>
    </p>
   </div>
   <div class='ocr_carea' id='block_1_73' title="bbox 1781 1787 3372 1872">
    <p class='ocr_par' dir='ltr' id='par_1_73' title="bbox 1781 1787 3372 1872">
     <span class='ocr_line' id='line_1_74' title="bbox 1781 1787 3372 1872; baseline 0.01 -31"><span class='ocrx_word' id='word_1_591' title='bbox 1781 1787 1831 1841; x_wconf 91' lang='lat' dir='ltr'><strong>id</strong></span> <span class='ocrx_word' id='word_1_592' title='bbox 1862 1800 1942 1842; x_wconf 90' lang='lat' dir='ltr'><strong>est</strong></span> <span class='ocrx_word' id='word_1_593' title='bbox 1978 1804 2172 1844; x_wconf 86' lang='lat' dir='ltr'><strong>nomen</strong></span> <span class='ocrx_word' id='word_1_594' title='bbox 2199 1792 2399 1860; x_wconf 86' lang='lat' dir='ltr'><strong>Christi</strong></span> <span class='ocrx_word' id='word_1_595' title='bbox 2425 1803 2479 1849; x_wconf 88' lang='lat' dir='ltr'><strong>et</strong></span> <span class='ocrx_word' id='word_1_596' title='bbox 2521 1795 2942 1853; x_wconf 85' lang='lat' dir='ltr'><strong>dominationem</strong></span> <span class='ocrx_word' id='word_1_597' title='bbox 2971 1812 3372 1872; x_wconf 68' lang='lat' dir='ltr'><strong>pcrvagaturam</strong></span> 
     </span>
    </p>
   </div>
   <div class='ocr_carea' id='block_1_74' title="bbox 1781 1879 3375 1961">
    <p class='ocr_par' dir='ltr' id='par_1_74' title="bbox 1781 1879 3375 1961">
     <span class='ocr_line' id='line_1_75' title="bbox 1781 1879 3375 1961; baseline 0.013 -30"><span class='ocrx_word' id='word_1_598' title='bbox 1781 1879 1832 1932; x_wconf 90' lang='lat' dir='ltr'><strong>in</strong></span> <span class='ocrx_word' id='word_1_599' title='bbox 1888 1891 2135 1948; x_wconf 87' lang='lat' dir='ltr'><strong>posteros</strong></span> <span class='ocrx_word' id='word_1_600' title='bbox 2182 1892 2235 1937; x_wconf 88' lang='lat' dir='ltr'><strong>et</strong></span> <span class='ocrx_word' id='word_1_601' title='bbox 2286 1886 2563 1961; x_wconf 60' lang='lat' dir='ltr'><strong>universas</strong></span> <span class='ocrx_word' id='word_1_602' title='bbox 2603 1899 2789 1956; x_wconf 83' lang='lat' dir='ltr'><strong>gentes</strong></span> <span class='ocrx_word' id='word_1_603' title='bbox 2837 1891 3197 1959; x_wconf 88' lang='lat' dir='ltr'><strong>obtenturam,</strong></span> <span class='ocrx_word' id='word_1_604' title='bbox 3255 1897 3375 1951; x_wconf 84' lang='lat' dir='ltr'><strong>illos</strong></span> 
     </span>
    </p>
   </div>
   <div class='ocr_carea' id='block_1_75' title="bbox 1779 1969 3373 2058">
    <p class='ocr_par' dir='ltr' id='par_1_75' title="bbox 1779 1969 3373 2058">
     <span class='ocr_line' id='line_1_76' title="bbox 1779 1969 3373 2058; baseline 0.013 -35"><span class='ocrx_word' id='word_1_605' title='bbox 1779 1969 1952 2024; x_wconf 89' lang='lat' dir='ltr'><strong>inania</strong></span> <span class='ocrx_word' id='word_1_606' title='bbox 1983 1973 2265 2028; x_wconf 89' lang='lat' dir='ltr'><strong>meditatos</strong></span> <span class='ocrx_word' id='word_1_607' title='bbox 2292 1992 2413 2033; x_wconf 85' lang='lat' dir='ltr'><strong>esse</strong></span> <span class='ocrx_word' id='word_1_608' title='bbox 2454 1979 2782 2050; x_wconf 86' lang='lat' dir='ltr'><strong>intelligant;</strong></span> <span class='ocrx_word' id='word_1_609' title='bbox 2825 1982 2939 2038; x_wconf 71' lang='lat' dir='ltr'><strong>hmo</strong></span> <span class='ocrx_word' id='word_1_610' title='bbox 2977 1988 3119 2040; x_wconf 90' lang='lat' dir='ltr'><strong>enim</strong></span> <span class='ocrx_word' id='word_1_611' title='bbox 3149 1990 3229 2043; x_wconf 83' lang='lat' dir='ltr'><strong>vis</strong></span> <span class='ocrx_word' id='word_1_612' title='bbox 3269 2005 3373 2058; x_wconf 87' lang='lat' dir='ltr'><strong>qua</strong></span> 
     </span>
    </p>
   </div>
   <div class='ocr_carea' id='block_1_76' title="bbox 1779 2062 3374 2151">
    <p class='ocr_par' dir='ltr' id='par_1_76' title="bbox 1779 2062 3374 2151">
     <span class='ocr_line' id='line_1_77' title="bbox 1779 2062 3374 2151; baseline 0.013 -35"><span class='ocrx_word' id='word_1_613' title='bbox 1779 2062 1876 2116; x_wconf 87' lang='lat' dir='ltr'><strong>ista</strong></span> <span class='ocrx_word' id='word_1_614' title='bbox 1911 2067 2151 2132; x_wconf 73' lang='lat' dir='ltr'><strong>pnescita</strong></span> <span class='ocrx_word' id='word_1_615' title='bbox 2177 2078 2320 2137; x_wconf 91' lang='lat' dir='ltr'><strong>sunt,</strong></span> <span class='ocrx_word' id='word_1_616' title='bbox 2351 2070 2527 2126; x_wconf 88' lang='lat' dir='ltr'><strong>irrisio</strong></span> <span class='ocrx_word' id='word_1_617' title='bbox 2560 2074 2652 2128; x_wconf 88' lang='lat' dir='ltr'><strong>Dei</strong></span> <span class='ocrx_word' id='word_1_618' title='bbox 2675 2085 2757 2129; x_wconf 91' lang='lat' dir='ltr'><strong>est</strong></span> <span class='ocrx_word' id='word_1_619' title='bbox 2785 2087 2838 2131; x_wconf 93' lang='lat' dir='ltr'><strong>et</strong></span> <span class='ocrx_word' id='word_1_620' title='bbox 2867 2078 3237 2135; x_wconf 84' lang='lat' dir='ltr'><strong>subsannatio.</strong></span> <span class='ocrx_word' id='word_1_621' title='bbox 3270 2082 3374 2151; x_wconf 87' lang='lat' dir='ltr'><strong>Qui</strong></span> 
     </span>
    </p>
   </div>
   <div class='ocr_carea' id='block_1_77' title="bbox 1778 2153 3376 2229">
    <p class='ocr_par' dir='ltr' id='par_1_77' title="bbox 1778 2153 3376 2229">
     <span class='ocr_line' id='line_1_78' title="bbox 1778 2153 3376 2229; baseline 0.014 -23"><span class='ocrx_word' id='word_1_622' title='bbox 1778 2153 1971 2209; x_wconf 83' lang='lat' dir='ltr'><strong>habitat</strong></span> <span class='ocrx_word' id='word_1_623' title='bbox 1992 2157 2044 2210; x_wconf 87' lang='lat' dir='ltr'><strong>in</strong></span> <span class='ocrx_word' id='word_1_624' title='bbox 2070 2159 2229 2226; x_wconf 64' lang='lat' dir='ltr'><strong>caelis,</strong></span> <span class='ocrx_word' id='word_1_625' title='bbox 2254 2161 2484 2215; x_wconf 83' lang='lat' dir='ltr'><strong>irridebit</strong></span> <span class='ocrx_word' id='word_1_626' title='bbox 2507 2181 2590 2218; x_wconf 86' lang='lat' dir='ltr'><strong>eos</strong></span> <span class='ocrx_word' id='word_1_627' title='bbox 2619 2181 2638 2219; x_wconf 89' lang='lat'><strong><em>:</em></strong></span> <span class='ocrx_word' id='word_1_628' title='bbox 2665 2168 2829 2223; x_wconf 68' lang='lat' dir='ltr'><strong>caelos</strong></span> <span class='ocrx_word' id='word_1_629' title='bbox 2856 2170 2899 2222; x_wconf 91' lang='lat' dir='ltr'><strong>si</strong></span> <span class='ocrx_word' id='word_1_630' title='bbox 2925 2171 3134 2226; x_wconf 88' lang='lat' dir='ltr'><strong>animas</strong></span> <span class='ocrx_word' id='word_1_631' title='bbox 3164 2184 3376 2229; x_wconf 79' lang='lat' dir='ltr'><strong>sanctas</strong></span> 
     </span>
    </p>
   </div>
   <div class='ocr_carea' id='block_1_78' title="bbox 1776 2245 3374 2329">
    <p class='ocr_par' dir='ltr' id='par_1_78' title="bbox 1776 2245 3374 2329">
     <span class='ocr_line' id='line_1_79' title="bbox 1776 2245 3374 2329; baseline 0.013 -33"><span class='ocrx_word' id='word_1_632' title='bbox 1776 2245 2122 2313; x_wconf 84' lang='lat' dir='ltr'><strong>accipiamus,</strong></span> <span class='ocrx_word' id='word_1_633' title='bbox 2166 2264 2261 2317; x_wconf 89' lang='lat' dir='ltr'><strong>per</strong></span> <span class='ocrx_word' id='word_1_634' title='bbox 2284 2249 2380 2304; x_wconf 88' lang='lat' dir='ltr'><strong>has</strong></span> <span class='ocrx_word' id='word_1_635' title='bbox 2403 2266 2517 2316; x_wconf 88' lang='lat' dir='ltr'><strong>eos,</strong></span> <span class='ocrx_word' id='word_1_636' title='bbox 2553 2254 2736 2323; x_wconf 85' lang='lat' dir='ltr'><strong>utique</strong></span> <span class='ocrx_word' id='word_1_637' title='bbox 2765 2261 3053 2325; x_wconf 74' lang='lat' dir='ltr'><strong>prmscicns</strong></span> <span class='ocrx_word' id='word_1_638' title='bbox 3075 2262 3199 2329; x_wconf 92' lang='lat' dir='ltr'><strong>quid</strong></span> <span class='ocrx_word' id='word_1_639' title='bbox 3228 2261 3374 2316; x_wconf 79' lang='lat' dir='ltr'><strong>tutu-</strong></span> 
     </span>
    </p>
   </div>
   <div class='ocr_carea' id='block_1_79' title="bbox 1776 2327 2964 2401">
    <p class='ocr_par' dir='ltr' id='par_1_79' title="bbox 1776 2327 2964 2401">
     <span class='ocr_line' id='line_1_80' title="bbox 1776 2327 2964 2401; baseline 0.013 -15"><span class='ocrx_word' id='word_1_640' title='bbox 1776 2327 1894 2386; x_wconf 85' lang='lat' dir='ltr'><strong>rum</strong></span> <span class='ocrx_word' id='word_1_641' title='bbox 1927 2335 2016 2400; x_wconf 90' lang='lat' dir='ltr'><strong>sit,</strong></span> <span class='ocrx_word' id='word_1_642' title='bbox 2050 2336 2320 2392; x_wconf 90' lang='lat' dir='ltr'><strong>deridebit</strong></span> <span class='ocrx_word' id='word_1_643' title='bbox 2351 2341 2491 2396; x_wconf 89' lang='lat' dir='ltr'><strong>Deus</strong></span> <span class='ocrx_word' id='word_1_644' title='bbox 2519 2352 2573 2397; x_wconf 88' lang='lat' dir='ltr'><strong>et</strong></span> <span class='ocrx_word' id='word_1_645' title='bbox 2595 2345 2964 2401; x_wconf 86' lang='lat' dir='ltr'><strong>subsannabit.</strong></span> 
     </span>
    </p>
   </div>
   <div class='ocr_carea' id='block_1_80' title="bbox 1846 2425 3374 2506">
    <p class='ocr_par' dir='ltr' id='par_1_80' title="bbox 1846 2425 3374 2506">
     <span class='ocr_line' id='line_1_81' title="bbox 1846 2425 3374 2506; baseline 0.013 -28"><span class='ocrx_word' id='word_1_646' title='bbox 1846 2425 1898 2478; x_wconf 71' lang='grc'><strong>4.</strong></span> <span class='ocrx_word' id='word_1_647' title='bbox 1942 2425 1963 2498; x_wconf 94' lang='grc'><strong>[</strong></span> <span class='ocrx_word' id='word_1_648' title='bbox 1995 2442 2122 2480; x_wconf 82' lang='lat' dir='ltr'><strong>vers.</strong></span> <span class='ocrx_word' id='word_1_649' title='bbox 2154 2427 2233 2501; x_wconf 83' lang='lat'><strong>5.]</strong></span> <span class='ocrx_word' id='word_1_650' title='bbox 2266 2429 2406 2482; x_wconf 86' lang='lat' dir='ltr'><strong>Tunc</strong></span> <span class='ocrx_word' id='word_1_651' title='bbox 2433 2428 2664 2499; x_wconf 75' lang='lat' dir='ltr'><strong>loquetur</strong></span> <span class='ocrx_word' id='word_1_652' title='bbox 2688 2435 2757 2488; x_wconf 83' lang='lat' dir='ltr'><strong>ad</strong></span> <span class='ocrx_word' id='word_1_653' title='bbox 2780 2453 2863 2489; x_wconf 91' lang='lat' dir='ltr'><strong>eos</strong></span> <span class='ocrx_word' id='word_1_654' title='bbox 2897 2438 2949 2490; x_wconf 83' lang='lat' dir='ltr'><strong>in</strong></span> <span class='ocrx_word' id='word_1_655' title='bbox 2977 2439 3054 2492; x_wconf 88' lang='lat' dir='ltr'><strong>ira</strong></span> <span class='ocrx_word' id='word_1_656' title='bbox 3082 2457 3194 2506; x_wconf 87' lang='lat' dir='ltr'><strong>sua,</strong></span> <span class='ocrx_word' id='word_1_657' title='bbox 3233 2452 3280 2496; x_wconf 89' lang='lat' dir='ltr'><strong>et</strong></span> <span class='ocrx_word' id='word_1_658' title='bbox 3318 2445 3374 2497; x_wconf 80' lang='lat' dir='ltr'><strong>in</strong></span> 
     </span>
    </p>
   </div>
   <div class='ocr_carea' id='block_1_81' title="bbox 1775 2515 3373 2594">
    <p class='ocr_par' dir='ltr' id='par_1_81' title="bbox 1775 2515 3373 2594">
     <span class='ocr_line' id='line_1_82' title="bbox 1775 2515 3373 2594; baseline 0.013 -26"><span class='ocrx_word' id='word_1_659' title='bbox 1775 2515 1948 2586; x_wconf 78' lang='lat' dir='ltr'><strong>furore</strong></span> <span class='ocrx_word' id='word_1_660' title='bbox 1988 2535 2080 2572; x_wconf 89' lang='lat' dir='ltr'><strong>suo</strong></span> <span class='ocrx_word' id='word_1_661' title='bbox 2117 2520 2431 2575; x_wconf 86' lang='lat' dir='ltr'><strong>conturbabit</strong></span> <span class='ocrx_word' id='word_1_662' title='bbox 2480 2540 2563 2578; x_wconf 87' lang='lat' dir='ltr'><strong>eos</strong></span> <span class='ocrx_word' id='word_1_663' title='bbox 2586 2540 2605 2578; x_wconf 89' lang='lat'><strong><em>:</em></strong></span> <span class='ocrx_word' id='word_1_664' title='bbox 2653 2527 2861 2594; x_wconf 90' lang='lat' dir='ltr'><strong>planius</strong></span> <span class='ocrx_word' id='word_1_665' title='bbox 2897 2530 3040 2583; x_wconf 90' lang='lat' dir='ltr'><strong>enim</strong></span> <span class='ocrx_word' id='word_1_666' title='bbox 3084 2532 3373 2590; x_wconf 82' lang='lat' dir='ltr'><strong>ostendens</strong></span> 
     </span>
    </p>
   </div>
   <div class='ocr_carea' id='block_1_82' title="bbox 1775 2610 3375 2688">
    <p class='ocr_par' dir='ltr' id='par_1_82' title="bbox 1775 2610 3375 2688">
     <span class='ocr_line' id='line_1_83' title="bbox 1775 2610 3375 2688; baseline 0.011 -27"><span class='ocrx_word' id='word_1_667' title='bbox 1775 2610 2045 2678; x_wconf 88' lang='lat' dir='ltr'><strong>quomodo</strong></span> <span class='ocrx_word' id='word_1_668' title='bbox 2069 2611 2135 2664; x_wconf 91' lang='lat' dir='ltr'><strong>ad</strong></span> <span class='ocrx_word' id='word_1_669' title='bbox 2167 2627 2262 2667; x_wconf 89' lang='lat' dir='ltr'><strong>eos</strong></span> <span class='ocrx_word' id='word_1_670' title='bbox 2300 2614 2566 2683; x_wconf 86' lang='lat' dir='ltr'><strong>loquetur,</strong></span> <span class='ocrx_word' id='word_1_671' title='bbox 2608 2615 2761 2682; x_wconf 89' lang='lat' dir='ltr'><strong>dixit,</strong></span> <span class='ocrx_word' id='word_1_672' title='bbox 2802 2619 3118 2674; x_wconf 89' lang='lat' dir='ltr'><strong>conturbabit</strong></span> <span class='ocrx_word' id='word_1_673' title='bbox 3155 2637 3278 2688; x_wconf 87' lang='lat' dir='ltr'><strong>eos;</strong></span> <span class='ocrx_word' id='word_1_674' title='bbox 3316 2635 3375 2679; x_wconf 91' lang='lat' dir='ltr'><strong>ut</strong></span> 
     </span>
    </p>
   </div>
   <div class='ocr_carea' id='block_1_83' title="bbox 1773 2697 3374 2774">
    <p class='ocr_par' dir='ltr' id='par_1_83' title="bbox 1773 2697 3374 2774">
     <span class='ocr_line' id='line_1_84' title="bbox 1773 2697 3374 2774; baseline 0.011 -24"><span class='ocrx_word' id='word_1_675' title='bbox 1773 2697 1826 2750; x_wconf 87' lang='lat' dir='ltr'><strong>in</strong></span> <span class='ocrx_word' id='word_1_676' title='bbox 1853 2700 1931 2751; x_wconf 91' lang='lat' dir='ltr'><strong>ira</strong></span> <span class='ocrx_word' id='word_1_677' title='bbox 1959 2716 2080 2764; x_wconf 88' lang='lat' dir='ltr'><strong>sua,</strong></span> <span class='ocrx_word' id='word_1_678' title='bbox 2112 2700 2212 2755; x_wconf 88' lang='lat' dir='ltr'><strong>hoc</strong></span> <span class='ocrx_word' id='word_1_679' title='bbox 2243 2702 2334 2768; x_wconf 91' lang='lat' dir='ltr'><strong>sit,</strong></span> <span class='ocrx_word' id='word_1_680' title='bbox 2367 2704 2420 2755; x_wconf 88' lang='lat' dir='ltr'><strong>in</strong></span> <span class='ocrx_word' id='word_1_681' title='bbox 2451 2708 2626 2774; x_wconf 80' lang='lat' dir='ltr'><strong>furore</strong></span> <span class='ocrx_word' id='word_1_682' title='bbox 2667 2723 2780 2760; x_wconf 83' lang='lat' dir='ltr'><strong>suo.</strong></span> <span class='ocrx_word' id='word_1_683' title='bbox 2816 2708 2952 2762; x_wconf 84' lang='lat' dir='ltr'><strong>Iram</strong></span> <span class='ocrx_word' id='word_1_684' title='bbox 3003 2720 3179 2766; x_wconf 87' lang='lat' dir='ltr'><strong>autem</strong></span> <span class='ocrx_word' id='word_1_685' title='bbox 3207 2722 3262 2768; x_wconf 87' lang='lat' dir='ltr'><strong>et</strong></span> <span class='ocrx_word' id='word_1_686' title='bbox 3286 2713 3374 2768; x_wconf 82' lang='lat' dir='ltr'><strong>fu-</strong></span> 
     </span>
    </p>
   </div>
   <div class='ocr_carea' id='block_1_84' title="bbox 1774 2792 3372 2876">
    <p class='ocr_par' dir='ltr' id='par_1_84' title="bbox 1774 2792 3372 2876">
     <span class='ocr_line' id='line_1_85' title="bbox 1774 2792 3372 2876; baseline 0.012 -34"><span class='ocrx_word' id='word_1_687' title='bbox 1774 2805 1949 2844; x_wconf 90' lang='lat' dir='ltr'><strong>rorem</strong></span> <span class='ocrx_word' id='word_1_688' title='bbox 1985 2792 2196 2846; x_wconf 89' lang='lat' dir='ltr'><strong>Domini</strong></span> <span class='ocrx_word' id='word_1_689' title='bbox 2231 2794 2322 2847; x_wconf 89' lang='lat' dir='ltr'><strong>Dei</strong></span> <span class='ocrx_word' id='word_1_690' title='bbox 2363 2811 2467 2849; x_wconf 93' lang='lat' dir='ltr'><strong>non</strong></span> <span class='ocrx_word' id='word_1_691' title='bbox 2505 2798 2960 2865; x_wconf 83' lang='lat' dir='ltr'><strong>perturbationem</strong></span> <span class='ocrx_word' id='word_1_692' title='bbox 2992 2806 3186 2858; x_wconf 88' lang='lat' dir='ltr'><strong>mentis</strong></span> <span class='ocrx_word' id='word_1_693' title='bbox 3207 2819 3372 2876; x_wconf 88' lang='lat' dir='ltr'><strong>opor-</strong></span> 
     </span>
    </p>
   </div>
   <div class='ocr_carea' id='block_1_85' title="bbox 1776 2882 3370 2967">
    <p class='ocr_par' dir='ltr' id='par_1_85' title="bbox 1776 2882 3370 2967">
     <span class='ocr_line' id='line_1_86' title="bbox 1776 2882 3370 2967; baseline 0.014 -35"><span class='ocrx_word' id='word_1_694' title='bbox 1776 2889 1849 2935; x_wconf 91' lang='lat' dir='ltr'><strong>tet</strong></span> <span class='ocrx_word' id='word_1_695' title='bbox 1876 2882 2116 2955; x_wconf 79' lang='lat' dir='ltr'><strong>intelligi,</strong></span> <span class='ocrx_word' id='word_1_696' title='bbox 2147 2885 2240 2940; x_wconf 91' lang='lat' dir='ltr'><strong>scd</strong></span> <span class='ocrx_word' id='word_1_697' title='bbox 2271 2887 2374 2940; x_wconf 89' lang='lat' dir='ltr'><strong>vim</strong></span> <span class='ocrx_word' id='word_1_698' title='bbox 2403 2905 2502 2960; x_wconf 89' lang='lat' dir='ltr'><strong>qua</strong></span> <span class='ocrx_word' id='word_1_699' title='bbox 2528 2889 3095 2961; x_wconf 85' lang='lat' dir='ltr'><strong>justissimevindicat,</strong></span> <span class='ocrx_word' id='word_1_700' title='bbox 3128 2899 3370 2967; x_wconf 86' lang='lat' dir='ltr'><strong>subjecta</strong></span> 
     </span>
    </p>
   </div>
   <div class='ocr_carea' id='block_1_86' title="bbox 1774 2971 3368 3060">
    <p class='ocr_par' dir='ltr' id='par_1_86' title="bbox 1774 2971 3368 3060">
     <span class='ocr_line' id='line_1_87' title="bbox 1774 2971 3368 3060; baseline 0.015 -38"><span class='ocrx_word' id='word_1_701' title='bbox 1774 2971 1876 3025; x_wconf 81' lang='lat' dir='ltr'><strong>sibi</strong></span> <span class='ocrx_word' id='word_1_702' title='bbox 1925 2974 1990 3026; x_wconf 90' lang='lat' dir='ltr'><strong>ad</strong></span> <span class='ocrx_word' id='word_1_703' title='bbox 2040 2975 2392 3032; x_wconf 89' lang='lat' dir='ltr'><strong>ministerium</strong></span> <span class='ocrx_word' id='word_1_704' title='bbox 2439 2983 2685 3037; x_wconf 79' lang='lat' dir='ltr'><strong>universa</strong></span> <span class='ocrx_word' id='word_1_705' title='bbox 2740 2989 3044 3040; x_wconf 72' lang='lat' dir='ltr'><strong>creatura‘.</strong></span> <span class='ocrx_word' id='word_1_706' title='bbox 3097 2989 3368 3060; x_wconf 60' lang='lat' dir='ltr'><strong>Praecipue</strong></span> 
     </span>
    </p>
   </div>
   <div class='ocr_carea' id='block_1_87' title="bbox 1775 3069 3370 3153">
    <p class='ocr_par' dir='ltr' id='par_1_87' title="bbox 1775 3069 3370 3153">
     <span class='ocr_line' id='line_1_88' title="bbox 1775 3069 3370 3153; baseline 0.014 -38"><span class='ocrx_word' id='word_1_707' title='bbox 1775 3078 2006 3133; x_wconf 88' lang='lat' dir='ltr'><strong>namque</strong></span> <span class='ocrx_word' id='word_1_708' title='bbox 2064 3069 2444 3133; x_wconf 88' lang='lat' dir='ltr'><strong>pervidendum</strong></span> <span class='ocrx_word' id='word_1_709' title='bbox 2493 3084 2654 3129; x_wconf 90' lang='lat' dir='ltr'><strong>estet</strong></span> <span class='ocrx_word' id='word_1_710' title='bbox 2697 3079 2981 3133; x_wconf 89' lang='lat' dir='ltr'><strong>tenendum</strong></span> <span class='ocrx_word' id='word_1_711' title='bbox 3045 3081 3172 3136; x_wconf 92' lang='lat' dir='ltr'><strong>illud</strong></span> <span class='ocrx_word' id='word_1_712' title='bbox 3230 3085 3370 3153; x_wconf 83' lang='lat' dir='ltr'><strong>quod</strong></span> 
     </span>
    </p>
   </div>
   <div class='ocr_carea' id='block_1_88' title="bbox 1776 3154 3364 3242">
    <p class='ocr_par' dir='ltr' id='par_1_88' title="bbox 1776 3154 3364 3242">
     <span class='ocr_line' id='line_1_89' title="bbox 1776 3154 3364 3242; baseline 0.014 -36"><span class='ocrx_word' id='word_1_713' title='bbox 1776 3154 2031 3225; x_wconf 70' lang='lat' dir='ltr'><strong>Scriptum</strong></span> <span class='ocrx_word' id='word_1_714' title='bbox 2057 3168 2139 3212; x_wconf 87' lang='lat' dir='ltr'><strong>est</strong></span> <span class='ocrx_word' id='word_1_715' title='bbox 2167 3159 2216 3212; x_wconf 91' lang='lat' dir='ltr'><strong>in</strong></span> <span class='ocrx_word' id='word_1_716' title='bbox 2245 3160 2556 3218; x_wconf 82' lang='lat' dir='ltr'><strong>Salomone:</strong></span> <span class='ocrx_word' id='word_1_717' title='bbox 2590 3166 2665 3219; x_wconf 85' lang='lat' dir='ltr'><strong>Tu</strong></span> <span class='ocrx_word' id='word_1_718' title='bbox 2685 3178 2872 3234; x_wconf 87' lang='lat' dir='ltr'><strong>autem,</strong></span> <span class='ocrx_word' id='word_1_719' title='bbox 2901 3169 3119 3227; x_wconf 87' lang='lat' dir='ltr'><strong>Domine</strong></span> <span class='ocrx_word' id='word_1_720' title='bbox 3143 3175 3364 3242; x_wconf 77' lang='lat' dir='ltr'><strong>tirtatis,</strong></span> 
     </span>
    </p>
   </div>
   <div class='ocr_carea' id='block_1_89' title="bbox 1775 3251 3366 3334">
    <p class='ocr_par' dir='ltr' id='par_1_89' title="bbox 1775 3251 3366 3334">
     <span class='ocr_line' id='line_1_90' title="bbox 1775 3251 3366 3334; baseline 0.016 -38"><span class='ocrx_word' id='word_1_721' title='bbox 1775 3262 1889 3299; x_wconf 82' lang='lat' dir='ltr'><strong>cum</strong></span> <span class='ocrx_word' id='word_1_722' title='bbox 1938 3251 2305 3320; x_wconf 83' lang='lat' dir='ltr'><strong>tranquillitate</strong></span> <span class='ocrx_word' id='word_1_723' title='bbox 2351 3256 2579 3324; x_wconf 74' lang='lat' dir='ltr'><strong>jutlicas,</strong></span> <span class='ocrx_word' id='word_1_724' title='bbox 2631 3268 2675 3312; x_wconf 86' lang='lat' dir='ltr'><strong>et</strong></span> <span class='ocrx_word' id='word_1_725' title='bbox 2715 3276 2830 3314; x_wconf 86' lang='lat' dir='ltr'><strong>cum</strong></span> <span class='ocrx_word' id='word_1_726' title='bbox 2870 3280 3053 3334; x_wconf 84' lang='lat' dir='ltr'><strong>magna</strong></span> <span class='ocrx_word' id='word_1_727' title='bbox 3088 3270 3366 3321; x_wconf 82' lang='lat' dir='ltr'><strong>reverentia</strong></span> 
     </span>
    </p>
   </div>
   <div class='ocr_carea' id='block_1_90' title="bbox 1774 3338 3366 3427">
    <p class='ocr_par' dir='ltr' id='par_1_90' title="bbox 1774 3338 3366 3427">
     <span class='ocr_line' id='line_1_91' title="bbox 1774 3338 3366 3427; baseline 0.016 -39"><span class='ocrx_word' id='word_1_728' title='bbox 1774 3338 2000 3408; x_wconf 87' lang='lat' dir='ltr'><strong>disponis</strong></span> <span class='ocrx_word' id='word_1_729' title='bbox 2030 3357 2120 3394; x_wconf 86' lang='lat' dir='ltr'><strong>nos</strong></span> <span class='ocrx_word' id='word_1_730' title='bbox 2138 3341 2290 3413; x_wconf 85' lang='lat' dir='ltr'><strong>(Sap.</strong></span> <span class='ocrx_word' id='word_1_731' title='bbox 2311 3361 2403 3409; x_wconf 86' lang='lat' dir='ltr'><strong>xu,</strong></span> <span class='ocrx_word' id='word_1_732' title='bbox 2431 3347 2540 3418; x_wconf 73' lang='grc'><strong>18).</strong></span> <span class='ocrx_word' id='word_1_733' title='bbox 2584 3348 2663 3405; x_wconf 87' lang='lat' dir='ltr'><strong>Ira</strong></span> <span class='ocrx_word' id='word_1_734' title='bbox 2687 3368 2816 3422; x_wconf 87' lang='lat' dir='ltr'><strong>ergo</strong></span> <span class='ocrx_word' id='word_1_735' title='bbox 2847 3353 2937 3408; x_wconf 91' lang='lat' dir='ltr'><strong>Dei</strong></span> <span class='ocrx_word' id='word_1_736' title='bbox 2965 3366 3046 3410; x_wconf 88' lang='lat' dir='ltr'><strong>est</strong></span> <span class='ocrx_word' id='word_1_737' title='bbox 3073 3367 3246 3412; x_wconf 85' lang='lat' dir='ltr'><strong>motus</strong></span> <span class='ocrx_word' id='word_1_738' title='bbox 3276 3361 3366 3427; x_wconf 89' lang='lat' dir='ltr'><strong>qui</strong></span> 
     </span>
    </p>
   </div>
   <div class='ocr_carea' id='block_1_91' title="bbox 1774 3428 3367 3509">
    <p class='ocr_par' dir='ltr' id='par_1_91' title="bbox 1774 3428 3367 3509">
     <span class='ocr_line' id='line_1_92' title="bbox 1774 3428 3367 3509; baseline 0.015 -28"><span class='ocrx_word' id='word_1_739' title='bbox 1774 3428 1834 3482; x_wconf 83' lang='lat' dir='ltr'><strong>ﬁt</strong></span> <span class='ocrx_word' id='word_1_740' title='bbox 1863 3429 1914 3482; x_wconf 90' lang='lat' dir='ltr'><strong>in</strong></span> <span class='ocrx_word' id='word_1_741' title='bbox 1938 3430 2111 3484; x_wconf 82' lang='lat' dir='ltr'><strong>anima</strong></span> <span class='ocrx_word' id='word_1_742' title='bbox 2143 3449 2262 3503; x_wconf 71' lang='lat' dir='ltr'><strong>quae</strong></span> <span class='ocrx_word' id='word_1_743' title='bbox 2300 3435 2470 3505; x_wconf 78' lang='lat' dir='ltr'><strong>legem</strong></span> <span class='ocrx_word' id='word_1_744' title='bbox 2502 3440 2612 3495; x_wconf 84' lang='lat' dir='ltr'><strong>Dei&#39;</strong></span> <span class='ocrx_word' id='word_1_745' title='bbox 2640 3444 2808 3509; x_wconf 78' lang='lat' dir='ltr'><strong>novit,</strong></span> <span class='ocrx_word' id='word_1_746' title='bbox 2854 3460 2976 3500; x_wconf 91' lang='lat' dir='ltr'><strong>cum</strong></span> <span class='ocrx_word' id='word_1_747' title='bbox 3018 3449 3259 3503; x_wconf 79' lang='lat' dir='ltr'><strong>eaindein</strong></span> <span class='ocrx_word' id='word_1_748' title='bbox 3293 3451 3367 3504; x_wconf 82' lang='lat' dir='ltr'><strong>le-</strong></span> 
     </span>
    </p>
   </div>
   <div class='ocr_carea' id='block_1_92' title="bbox 1771 3519 3374 3604">
    <p class='ocr_par' dir='ltr' id='par_1_92' title="bbox 1771 3519 3374 3604">
     <span class='ocr_line' id='line_1_93' title="bbox 1771 3519 3374 3604; baseline 0.011 -32"><span class='ocrx_word' id='word_1_749' title='bbox 1771 3535 1892 3590; x_wconf 83' lang='lat' dir='ltr'><strong>gem</strong></span> <span class='ocrx_word' id='word_1_750' title='bbox 1926 3522 2068 3577; x_wconf 77' lang='lat' dir='ltr'><strong>videt</strong></span> <span class='ocrx_word' id='word_1_751' title='bbox 2101 3541 2129 3576; x_wconf 92' lang='lat' dir='ltr'><strong>a</strong></span> <span class='ocrx_word' id='word_1_752' title='bbox 2163 3519 2440 3593; x_wconf 85' lang='lat' dir='ltr'><strong>peccatore</strong></span> <span class='ocrx_word' id='word_1_753' title='bbox 2459 3533 2719 3597; x_wconf 59' lang='lat' dir='ltr'><strong>pra-teriri</strong></span> <span class='ocrx_word' id='word_1_754' title='bbox 2741 3551 2756 3599; x_wconf 91' lang='lat'><strong>;</strong></span> <span class='ocrx_word' id='word_1_755' title='bbox 2782 3550 2878 3604; x_wconf 87' lang='lat' dir='ltr'><strong>per</strong></span> <span class='ocrx_word' id='word_1_756' title='bbox 2911 3538 3050 3592; x_wconf 88' lang='lat' dir='ltr'><strong>hunc</strong></span> <span class='ocrx_word' id='word_1_757' title='bbox 3085 3541 3226 3593; x_wconf 89' lang='lat' dir='ltr'><strong>enim</strong></span> <span class='ocrx_word' id='word_1_758' title='bbox 3257 3558 3374 3595; x_wconf 64' lang='lat' dir='ltr'><strong>me.</strong></span> 
     </span>
    </p>
   </div>
   <div class='ocr_carea' id='block_1_93' title="bbox 1773 3612 3373 3698">
    <p class='ocr_par' dir='ltr' id='par_1_93' title="bbox 1773 3612 3373 3698">
     <span class='ocr_line' id='line_1_94' title="bbox 1773 3612 3373 3698; baseline 0.016 -35"><span class='ocrx_word' id='word_1_759' title='bbox 1773 3619 1885 3664; x_wconf 88' lang='lat' dir='ltr'><strong>tnm</strong></span> <span class='ocrx_word' id='word_1_760' title='bbox 1929 3612 2196 3682; x_wconf 88' lang='lat' dir='ltr'><strong>justarum</strong></span> <span class='ocrx_word' id='word_1_761' title='bbox 2239 3619 2537 3673; x_wconf 82' lang='lat' dir='ltr'><strong>animarum</strong></span> <span class='ocrx_word' id='word_1_762' title='bbox 2582 3624 2744 3678; x_wconf 88' lang='lat' dir='ltr'><strong>multa</strong></span> <span class='ocrx_word' id='word_1_763' title='bbox 2795 3627 3148 3686; x_wconf 70' lang='lat' dir='ltr'><strong>vindicantur.</strong></span> <span class='ocrx_word' id='word_1_764' title='bbox 3193 3632 3373 3698; x_wconf 83' lang='lat' dir='ltr'><strong>Quan-</strong></span> 
     </span>
    </p>
   </div>
   <div class='ocr_carea' id='block_1_94' title="bbox 1773 3706 3374 3788">
    <p class='ocr_par' dir='ltr' id='par_1_94' title="bbox 1773 3706 3374 3788">
     <span class='ocr_line' id='line_1_95' title="bbox 1773 3706 3374 3788; baseline 0.018 -36"><span class='ocrx_word' id='word_1_765' title='bbox 1773 3717 1928 3771; x_wconf 88' lang='lat' dir='ltr'><strong>quam</strong></span> <span class='ocrx_word' id='word_1_766' title='bbox 1975 3706 2142 3773; x_wconf 84' lang='lat' dir='ltr'><strong>possit</strong></span> <span class='ocrx_word' id='word_1_767' title='bbox 2191 3707 2266 3761; x_wconf 89' lang='lat' dir='ltr'><strong>ira</strong></span> <span class='ocrx_word' id='word_1_768' title='bbox 2297 3709 2386 3763; x_wconf 89' lang='lat' dir='ltr'><strong>Dci</strong></span> <span class='ocrx_word' id='word_1_769' title='bbox 2420 3721 2563 3765; x_wconf 86' lang='lat' dir='ltr'><strong>recte</strong></span> <span class='ocrx_word' id='word_1_770' title='bbox 2599 3715 2817 3786; x_wconf 84' lang='lat' dir='ltr'><strong>intelligi</strong></span> <span class='ocrx_word' id='word_1_771' title='bbox 2841 3720 2998 3772; x_wconf 87' lang='lat' dir='ltr'><strong>etiam</strong></span> <span class='ocrx_word' id='word_1_772' title='bbox 3032 3721 3141 3788; x_wconf 83' lang='lat' dir='ltr'><strong>ipsa</strong></span> <span class='ocrx_word' id='word_1_773' title='bbox 3179 3726 3374 3780; x_wconf 66' lang='lat' dir='ltr'><strong>utentis</strong></span> 
     </span>
    </p>
   </div>
   <div class='ocr_carea' id='block_1_95' title="bbox 1773 3795 3367 3880">
    <p class='ocr_par' dir='ltr' id='par_1_95' title="bbox 1773 3795 3367 3880">
     <span class='ocr_line' id='line_1_96' title="bbox 1773 3795 3367 3880; baseline 0.016 -33"><span class='ocrx_word' id='word_1_774' title='bbox 1773 3795 2096 3862; x_wconf 87' lang='lat' dir='ltr'><strong>obscuratio,</strong></span> <span class='ocrx_word' id='word_1_775' title='bbox 2121 3815 2240 3870; x_wconf 72' lang='lat' dir='ltr'><strong>qua:</strong></span> <span class='ocrx_word' id='word_1_776' title='bbox 2266 3806 2608 3873; x_wconf 86' lang='lat' dir='ltr'><strong>consequitur</strong></span> <span class='ocrx_word' id='word_1_777' title='bbox 2628 3822 2721 3862; x_wconf 88' lang='lat' dir='ltr'><strong>eos</strong></span> <span class='ocrx_word' id='word_1_778' title='bbox 2750 3811 2837 3879; x_wconf 90' lang='lat' dir='ltr'><strong>qui</strong></span> <span class='ocrx_word' id='word_1_779' title='bbox 2867 3811 3038 3880; x_wconf 86' lang='lat' dir='ltr'><strong>legem</strong></span> <span class='ocrx_word' id='word_1_780' title='bbox 3071 3815 3160 3870; x_wconf 89' lang='lat' dir='ltr'><strong>Dei</strong></span> <span class='ocrx_word' id='word_1_781' title='bbox 3191 3826 3367 3872; x_wconf 82' lang='lat' dir='ltr'><strong>trans-</strong></span> 
     </span>
    </p>
   </div>
   <div class='ocr_carea' id='block_1_96' title="bbox 1771 3886 2105 3954">
    <p class='ocr_par' dir='ltr' id='par_1_96' title="bbox 1771 3886 2105 3954">
     <span class='ocr_line' id='line_1_97' title="bbox 1771 3886 2105 3954; baseline 0.003 -15"><span class='ocrx_word' id='word_1_782' title='bbox 1771 3886 2105 3954; x_wconf 76' lang='lat' dir='ltr'><strong>grediuutur.</strong></span> 
     </span>
    </p>
   </div>
   <div class='ocr_carea' id='block_1_97' title="bbox 1844 3975 3376 4055">
    <p class='ocr_par' dir='ltr' id='par_1_97' title="bbox 1844 3975 3376 4055">
     <span class='ocr_line' id='line_1_98' title="bbox 1844 3975 3376 4055; baseline 0.014 -23"><span class='ocrx_word' id='word_1_783' title='bbox 1844 3977 1896 4032; x_wconf 88' lang='lat'><strong>5.</strong></span> <span class='ocrx_word' id='word_1_784' title='bbox 1933 3975 2111 4050; x_wconf 75' lang='grc' dir='ltr'><strong>[υενε.</strong></span> <span class='ocrx_word' id='word_1_785' title='bbox 2153 3979 2233 4055; x_wconf 85' lang='grc'><strong>6.]</strong></span> <span class='ocrx_word' id='word_1_786' title='bbox 2272 3982 2380 4055; x_wconf 85' lang='lat' dir='ltr'><strong>Ego</strong></span> <span class='ocrx_word' id='word_1_787' title='bbox 2411 3995 2578 4039; x_wconf 87' lang='lat' dir='ltr'><strong>autem</strong></span> <span class='ocrx_word' id='word_1_788' title='bbox 2614 3991 2916 4046; x_wconf 89' lang='lat' dir='ltr'><strong>constitutus</strong></span> <span class='ocrx_word' id='word_1_789' title='bbox 2950 4011 3063 4049; x_wconf 85' lang='lat' dir='ltr'><strong>sum</strong></span> <span class='ocrx_word' id='word_1_790' title='bbox 3093 4014 3185 4052; x_wconf 81' lang='lat' dir='ltr'><strong>rea:</strong></span> <span class='ocrx_word' id='word_1_791' title='bbox 3222 3999 3284 4053; x_wconf 83' lang='lat' dir='ltr'><strong>ab</strong></span> <span class='ocrx_word' id='word_1_792' title='bbox 3317 4019 3376 4054; x_wconf 86' lang='lat' dir='ltr'><strong>eo</strong></span> 
     </span>
    </p>
   </div>
   <div class='ocr_carea' id='block_1_98' title="bbox 1772 4068 3372 4159">
    <p class='ocr_par' dir='ltr' id='par_1_98' title="bbox 1772 4068 3372 4159">
     <span class='ocr_line' id='line_1_99' title="bbox 1772 4068 3372 4159; baseline 0.016 -41"><span class='ocrx_word' id='word_1_793' title='bbox 1772 4083 1924 4136; x_wconf 86' lang='lat' dir='ltr'><strong>super</strong></span> <span class='ocrx_word' id='word_1_794' title='bbox 1953 4068 2080 4124; x_wconf 89' lang='lat' dir='ltr'><strong>Sion</strong></span> <span class='ocrx_word' id='word_1_795' title='bbox 2111 4081 2327 4127; x_wconf 88' lang='lat' dir='ltr'><strong>montem</strong></span> <span class='ocrx_word' id='word_1_796' title='bbox 2349 4087 2578 4131; x_wconf 85' lang='lat' dir='ltr'><strong>sanctum</strong></span> <span class='ocrx_word' id='word_1_797' title='bbox 2599 4080 2728 4149; x_wconf 81' lang='lat' dir='ltr'><strong>ejus,</strong></span> <span class='ocrx_word' id='word_1_798' title='bbox 2757 4086 3040 4153; x_wconf 73' lang='lat' dir='ltr'><strong>prazdicans</strong></span> <span class='ocrx_word' id='word_1_799' title='bbox 3065 4102 3372 4159; x_wconf 69' lang='lat' dir='ltr'><strong>preceptnm</strong></span> 
     </span>
    </p>
   </div>
   <div class='ocr_carea' id='block_1_99' title="bbox 1775 4155 3373 4238">
    <p class='ocr_par' dir='ltr' id='par_1_99' title="bbox 1775 4155 3373 4238">
     <span class='ocr_line' id='line_1_100' title="bbox 1775 4155 3373 4238; baseline 0.018 -30"><span class='ocrx_word' id='word_1_800' title='bbox 1775 4155 2018 4212; x_wconf 63' lang='lat' dir='ltr'><strong>Domini”</strong></span> <span class='ocrx_word' id='word_1_801' title='bbox 2046 4159 2158 4233; x_wconf 89' lang='lat' dir='ltr'><strong>(a):</strong></span> <span class='ocrx_word' id='word_1_802' title='bbox 2209 4178 2274 4217; x_wconf 84' lang='lat' dir='ltr'><strong>ex</strong></span> <span class='ocrx_word' id='word_1_803' title='bbox 2314 4181 2536 4233; x_wconf 86' lang='lat' dir='ltr'><strong>persona</strong></span> <span class='ocrx_word' id='word_1_804' title='bbox 2571 4169 2736 4238; x_wconf 88' lang='lat' dir='ltr'><strong>ipsius</strong></span> <span class='ocrx_word' id='word_1_805' title='bbox 2778 4173 2989 4228; x_wconf 89' lang='lat' dir='ltr'><strong>Domini</strong></span> <span class='ocrx_word' id='word_1_806' title='bbox 3031 4155 3198 4232; x_wconf 76' lang='lat' dir='ltr'><strong>nostri</strong></span> <span class='ocrx_word' id='word_1_807' title='bbox 3243 4179 3373 4237; x_wconf 80' lang='lat' dir='ltr'><strong>Jesu</strong></span> 
     </span>
    </p>
   </div>
   <div class='ocr_carea' id='block_1_100' title="bbox 1773 4247 3371 4337">
    <p class='ocr_par' dir='ltr' id='par_1_100' title="bbox 1773 4247 3371 4337">
     <span class='ocr_line' id='line_1_101' title="bbox 1773 4247 3371 4337; baseline 0.016 -36"><span class='ocrx_word' id='word_1_808' title='bbox 1773 4247 1967 4304; x_wconf 89' lang='lat' dir='ltr'><strong>Christi</strong></span> <span class='ocrx_word' id='word_1_809' title='bbox 1995 4253 2093 4306; x_wconf 88' lang='lat' dir='ltr'><strong>ista</strong></span> <span class='ocrx_word' id='word_1_810' title='bbox 2127 4254 2404 4311; x_wconf 81' lang='lat' dir='ltr'><strong>manifesta</strong></span> <span class='ocrx_word' id='word_1_811' title='bbox 2428 4269 2570 4313; x_wconf 91' lang='lat' dir='ltr'><strong>sunt.</strong></span> <span class='ocrx_word' id='word_1_812' title='bbox 2603 4262 2731 4315; x_wconf 88' lang='lat' dir='ltr'><strong>Sion</strong></span> <span class='ocrx_word' id='word_1_813' title='bbox 2754 4273 2956 4332; x_wconf 89' lang='lat' dir='ltr'><strong>autem,</strong></span> <span class='ocrx_word' id='word_1_814' title='bbox 2981 4268 3025 4321; x_wconf 91' lang='lat' dir='ltr'><strong>si</strong></span> <span class='ocrx_word' id='word_1_815' title='bbox 3048 4271 3371 4337; x_wconf 87' lang='lat' dir='ltr'><strong>speculatio-</strong></span> 
     </span>
    </p>
   </div>
   <div class='ocr_carea' id='block_1_101' title="bbox 1773 4344 3374 4432">
    <p class='ocr_par' dir='ltr' id='par_1_101' title="bbox 1773 4344 3374 4432">
     <span class='ocr_line' id='line_1_102' title="bbox 1773 4344 3374 4432; baseline 0.015 -40"><span class='ocrx_word' id='word_1_816' title='bbox 1773 4355 1918 4405; x_wconf 92' lang='lat' dir='ltr'><strong>nem,</strong></span> <span class='ocrx_word' id='word_1_817' title='bbox 1949 4351 2005 4396; x_wconf 94' lang='lat' dir='ltr'><strong>ut</strong></span> <span class='ocrx_word' id='word_1_818' title='bbox 2034 4344 2245 4413; x_wconf 90' lang='lat' dir='ltr'><strong>quidam</strong></span> <span class='ocrx_word' id='word_1_819' title='bbox 2266 4347 2700 4419; x_wconf 88' lang='lat' dir='ltr'><strong>interpretantur,</strong></span> <span class='ocrx_word' id='word_1_820' title='bbox 2727 4355 3007 4424; x_wconf 77' lang='lat' dir='ltr'><strong>signiﬁcat,</strong></span> <span class='ocrx_word' id='word_1_821' title='bbox 3041 4360 3172 4414; x_wconf 89' lang='lat' dir='ltr'><strong>nihil</strong></span> <span class='ocrx_word' id='word_1_822' title='bbox 3205 4364 3374 4432; x_wconf 84' lang='lat' dir='ltr'><strong>magis</strong></span> 
     </span>
    </p>
   </div>
   <div class='ocr_carea' id='block_1_102' title="bbox 1773 4434 3374 4519">
    <p class='ocr_par' dir='ltr' id='par_1_102' title="bbox 1773 4434 3374 4519">
     <span class='ocr_line' id='line_1_103' title="bbox 1773 4434 3374 4519; baseline 0.016 -37"><span class='ocrx_word' id='word_1_823' title='bbox 1773 4446 1932 4500; x_wconf 86' lang='lat' dir='ltr'><strong>quam</strong></span> <span class='ocrx_word' id='word_1_824' title='bbox 1962 4434 2258 4491; x_wconf 87' lang='lat' dir='ltr'><strong>Ecclesiam</strong></span> <span class='ocrx_word' id='word_1_825' title='bbox 2297 4439 2557 4497; x_wconf 85' lang='lat' dir='ltr'><strong>debemus</strong></span> <span class='ocrx_word' id='word_1_826' title='bbox 2590 4445 2856 4513; x_wconf 88' lang='lat' dir='ltr'><strong>accipere,</strong></span> <span class='ocrx_word' id='word_1_827' title='bbox 2897 4449 2987 4501; x_wconf 89' lang='lat' dir='ltr'><strong>ubi</strong></span> <span class='ocrx_word' id='word_1_828' title='bbox 3019 4451 3257 4519; x_wconf 86' lang='lat' dir='ltr'><strong>quotidie</strong></span> <span class='ocrx_word' id='word_1_829' title='bbox 3289 4454 3374 4507; x_wconf 87' lang='lat' dir='ltr'><strong>iu-</strong></span> 
     </span>
    </p>
   </div>
   <div class='ocr_carea' id='block_1_103' title="bbox 1776 4523 3376 4612">
    <p class='ocr_par' dir='ltr' id='par_1_103' title="bbox 1776 4523 3376 4612">
     <span class='ocr_line' id='line_1_104' title="bbox 1776 4523 3376 4612; baseline 0.015 -39"><span class='ocrx_word' id='word_1_830' title='bbox 1776 4523 1945 4577; x_wconf 90' lang='lat' dir='ltr'><strong>tentio</strong></span> <span class='ocrx_word' id='word_1_831' title='bbox 1986 4525 2208 4595; x_wconf 85' lang='lat' dir='ltr'><strong>erigitur</strong></span> <span class='ocrx_word' id='word_1_832' title='bbox 2238 4531 2579 4597; x_wconf 65' lang='lat' dir='ltr'><strong>speculandm</strong></span> <span class='ocrx_word' id='word_1_833' title='bbox 2605 4535 2862 4591; x_wconf 88' lang='lat' dir='ltr'><strong>claritatis</strong></span> <span class='ocrx_word' id='word_1_834' title='bbox 2897 4538 3013 4605; x_wconf 88' lang='lat' dir='ltr'><strong>Dei,</strong></span> <span class='ocrx_word' id='word_1_835' title='bbox 3058 4541 3195 4596; x_wconf 73' lang='lat' dir='ltr'><strong>sicut</strong></span> <span class='ocrx_word' id='word_1_836' title='bbox 3227 4547 3342 4612; x_wconf 78' lang='lat' dir='ltr'><strong>Apo</strong></span> <span class='ocrx_word' id='word_1_837' title='bbox 3363 4579 3376 4586; x_wconf 86' lang='lat'><strong><em>-</em></strong></span> 
     </span>
    </p>
   </div>
   <div class='ocr_carea' id='block_1_104' title="bbox 1772 4613 3376 4701">
    <p class='ocr_par' dir='ltr' id='par_1_104' title="bbox 1772 4613 3376 4701">
     <span class='ocr_line' id='line_1_105' title="bbox 1772 4613 3376 4701; baseline 0.016 -36"><span class='ocrx_word' id='word_1_838' title='bbox 1772 4613 1940 4667; x_wconf 88' lang='lat' dir='ltr'><strong>stolus</strong></span> <span class='ocrx_word' id='word_1_839' title='bbox 1970 4615 2097 4670; x_wconf 86' lang='lat' dir='ltr'><strong>dicit</strong></span> <span class='ocrx_word' id='word_1_840' title='bbox 2135 4636 2147 4670; x_wconf 93' lang='lat'>:</span> <span class='ocrx_word' id='word_1_841' title='bbox 2192 4618 2304 4672; x_wconf 83' lang='lat' dir='ltr'><strong>Nos</strong></span> <span class='ocrx_word' id='word_1_842' title='bbox 2332 4633 2500 4676; x_wconf 77' lang='lat' dir='ltr'><strong>autem</strong></span> <span class='ocrx_word' id='word_1_843' title='bbox 2521 4626 2737 4679; x_wconf 86' lang='lat' dir='ltr'><strong>revelata</strong></span> <span class='ocrx_word' id='word_1_844' title='bbox 2770 4630 2901 4698; x_wconf 84' lang='lat' dir='ltr'><strong>facie</strong></span> <span class='ocrx_word' id='word_1_845' title='bbox 2924 4630 3140 4701; x_wconf 74' lang='lat' dir='ltr'><strong>gloriam</strong></span> <span class='ocrx_word' id='word_1_846' title='bbox 3169 4633 3376 4690; x_wconf 81' lang='lat' dir='ltr'><strong>Domini</strong></span> 
     </span>
    </p>
   </div>
   <div class='ocr_carea' id='block_1_105' title="bbox 1772 4708 3372 4795">
    <p class='ocr_par' dir='ltr' id='par_1_105' title="bbox 1772 4708 3372 4795">
     <span class='ocr_line' id='line_1_106' title="bbox 1772 4708 3372 4795; baseline 0.015 -35"><span class='ocrx_word' id='word_1_847' title='bbox 1772 4708 2091 4776; x_wconf 85' lang='lat' dir='ltr'><strong>speculantes</strong></span> <span class='ocrx_word' id='word_1_848' title='bbox 2132 4712 2198 4782; x_wconf 92' lang='grc' dir='ltr'><strong>(ΙΙ</strong></span> <span class='ocrx_word' id='word_1_849' title='bbox 2225 4712 2344 4770; x_wconf 87' lang='lat' dir='ltr'><strong>Cor.</strong></span> <span class='ocrx_word' id='word_1_850' title='bbox 2403 4733 2480 4780; x_wconf 87' lang='grc' dir='ltr'>ιιι,</span> <span class='ocrx_word' id='word_1_851' title='bbox 2516 4719 2629 4789; x_wconf 77' lang='grc'><strong>18).</strong></span> <span class='ocrx_word' id='word_1_852' title='bbox 2679 4721 2817 4791; x_wconf 76' lang='lat' dir='ltr'><strong>Ergo</strong></span> <span class='ocrx_word' id='word_1_853' title='bbox 2866 4724 2965 4779; x_wconf 87' lang='lat' dir='ltr'><strong>iste</strong></span> <span class='ocrx_word' id='word_1_854' title='bbox 3017 4741 3210 4795; x_wconf 81' lang='lat' dir='ltr'><strong>sensus</strong></span> <span class='ocrx_word' id='word_1_855' title='bbox 3247 4739 3372 4784; x_wconf 86' lang='lat' dir='ltr'><strong>est:</strong></span> 
     </span>
    </p>
   </div>
   <div class='ocr_carea' id='block_1_106' title="bbox 1774 4801 3374 4885">
    <p class='ocr_par' dir='ltr' id='par_1_106' title="bbox 1774 4801 3374 4885">
     <span class='ocr_line' id='line_1_107' title="bbox 1774 4801 3374 4885; baseline 0.014 -32"><span class='ocrx_word' id='word_1_856' title='bbox 1774 4801 1887 4870; x_wconf 82' lang='lat' dir='ltr'><strong>Ego</strong></span> <span class='ocrx_word' id='word_1_857' title='bbox 1907 4814 2084 4858; x_wconf 89' lang='lat' dir='ltr'><strong>autem</strong></span> <span class='ocrx_word' id='word_1_858' title='bbox 2108 4807 2429 4863; x_wconf 90' lang='lat' dir='ltr'><strong>constitutus</strong></span> <span class='ocrx_word' id='word_1_859' title='bbox 2454 4824 2571 4864; x_wconf 91' lang='lat' dir='ltr'><strong>sum</strong></span> <span class='ocrx_word' id='word_1_860' title='bbox 2596 4827 2691 4867; x_wconf 89' lang='lat' dir='ltr'><strong>rex</strong></span> <span class='ocrx_word' id='word_1_861' title='bbox 2722 4815 2789 4868; x_wconf 89' lang='lat' dir='ltr'><strong>ab</strong></span> <span class='ocrx_word' id='word_1_862' title='bbox 2812 4831 2877 4869; x_wconf 89' lang='lat' dir='ltr'><strong>eo</strong></span> <span class='ocrx_word' id='word_1_863' title='bbox 2897 4833 3058 4885; x_wconf 85' lang='lat' dir='ltr'><strong>super</strong></span> <span class='ocrx_word' id='word_1_864' title='bbox 3079 4818 3374 4878; x_wconf 80' lang='lat' dir='ltr'><strong>Ecclesium</strong></span> 
     </span>
    </p>
   </div>
   <div class='ocr_carea' id='block_1_107' title="bbox 1774 4897 3373 4981">
    <p class='ocr_par' dir='ltr' id='par_1_107' title="bbox 1774 4897 3373 4981">
     <span class='ocr_line' id='line_1_108' title="bbox 1774 4897 3373 4981; baseline 0.014 -34"><span class='ocrx_word' id='word_1_865' title='bbox 1774 4903 2012 4950; x_wconf 80' lang='lat' dir='ltr'><strong>Sanctam</strong></span> <span class='ocrx_word' id='word_1_866' title='bbox 2056 4897 2192 4967; x_wconf 90' lang='lat' dir='ltr'><strong>ejus,</strong></span> <span class='ocrx_word' id='word_1_867' title='bbox 2243 4916 2401 4969; x_wconf 89' lang='lat' dir='ltr'><strong>quam</strong></span> <span class='ocrx_word' id='word_1_868' title='bbox 2439 4915 2674 4960; x_wconf 90' lang='lat' dir='ltr'><strong>montem</strong></span> <span class='ocrx_word' id='word_1_869' title='bbox 2720 4910 2951 4978; x_wconf 85' lang='lat' dir='ltr'><strong>appellat</strong></span> <span class='ocrx_word' id='word_1_870' title='bbox 2992 4922 3210 4981; x_wconf 88' lang='lat' dir='ltr'><strong>propter</strong></span> <span class='ocrx_word' id='word_1_871' title='bbox 3235 4916 3373 4969; x_wconf 91' lang='lat' dir='ltr'><strong>emi-</strong></span> 
     </span>
    </p>
   </div>
   <div class='ocr_carea' id='block_1_108' title="bbox 1773 4988 3381 5066">
    <p class='ocr_par' dir='ltr' id='par_1_108' title="bbox 1773 4988 3381 5066">
     <span class='ocr_line' id='line_1_109' title="bbox 1773 4988 3381 5066; baseline 0.011 -26"><span class='ocrx_word' id='word_1_872' title='bbox 1773 4988 2006 5041; x_wconf 87' lang='lat' dir='ltr'><strong>nentiam</strong></span> <span class='ocrx_word' id='word_1_873' title='bbox 2027 5000 2079 5042; x_wconf 88' lang='lat' dir='ltr'><strong>et</strong></span> <span class='ocrx_word' id='word_1_874' title='bbox 2107 4991 2433 5048; x_wconf 82' lang='lat' dir='ltr'><strong>ﬁrmitatem.</strong></span> <span class='ocrx_word' id='word_1_875' title='bbox 2480 4996 2590 5066; x_wconf 85' lang='lat' dir='ltr'><strong>Ego</strong></span> <span class='ocrx_word' id='word_1_876' title='bbox 2624 5009 2792 5051; x_wconf 81' lang='lat' dir='ltr'><strong>autem</strong></span> <span class='ocrx_word' id='word_1_877' title='bbox 2831 5003 3130 5056; x_wconf 84' lang='lat' dir='ltr'><strong>constitutus</strong></span> <span class='ocrx_word' id='word_1_878' title='bbox 3154 5021 3264 5057; x_wconf 88' lang='lat' dir='ltr'><strong>sum</strong></span> <span class='ocrx_word' id='word_1_879' title='bbox 3290 5019 3381 5059; x_wconf 76' lang='lat' dir='ltr'><strong>rea:</strong></span> 
     </span>
    </p>
   </div>
   <div class='ocr_carea' id='block_1_109' title="bbox 1774 5079 3378 5162">
    <p class='ocr_par' dir='ltr' id='par_1_109' title="bbox 1774 5079 3378 5162">
     <span class='ocr_line' id='line_1_110' title="bbox 1774 5079 3378 5162; baseline 0.013 -33"><span class='ocrx_word' id='word_1_880' title='bbox 1774 5079 1954 5132; x_wconf 85' lang='lat' dir='ltr'><strong>abeo:</strong></span> <span class='ocrx_word' id='word_1_881' title='bbox 1989 5095 2088 5150; x_wconf 84' lang='lat' dir='ltr'><strong>ego</strong></span> <span class='ocrx_word' id='word_1_882' title='bbox 2115 5083 2347 5151; x_wconf 86' lang='lat' dir='ltr'><strong>scilicet,</strong></span> <span class='ocrx_word' id='word_1_883' title='bbox 2401 5087 2554 5155; x_wconf 80' lang='lat' dir='ltr'><strong>cujus</strong></span> <span class='ocrx_word' id='word_1_884' title='bbox 2590 5089 2796 5142; x_wconf 86' lang='lat' dir='ltr'><strong>vincula</strong></span> <span class='ocrx_word' id='word_1_885' title='bbox 2837 5091 2910 5144; x_wconf 90' lang='lat' dir='ltr'><strong>illi</strong></span> <span class='ocrx_word' id='word_1_886' title='bbox 2947 5093 3279 5162; x_wconf 80' lang='lat' dir='ltr'><strong>disrumpere.</strong></span> <span class='ocrx_word' id='word_1_887' title='bbox 3327 5106 3378 5150; x_wconf 84' lang='lat' dir='ltr'><strong>et</strong></span> 
     </span>
    </p>
   </div>
   <div class='ocr_carea' id='block_1_110' title="bbox 1771 5169 3375 5253">
    <p class='ocr_par' dir='ltr' id='par_1_110' title="bbox 1771 5169 3375 5253">
     <span class='ocr_line' id='line_1_111' title="bbox 1771 5169 3375 5253; baseline 0.011 -33"><span class='ocrx_word' id='word_1_888' title='bbox 1771 5169 1953 5240; x_wconf 78' lang='lat' dir='ltr'><strong>jizgum</strong></span> <span class='ocrx_word' id='word_1_889' title='bbox 2004 5171 2399 5229; x_wconf 86' lang='lat' dir='ltr'><strong>meditabantur</strong></span> <span class='ocrx_word' id='word_1_890' title='bbox 2445 5178 2693 5247; x_wconf 80' lang='lat' dir='ltr'><strong>abjicere.</strong></span> <span class='ocrx_word' id='word_1_891' title='bbox 2739 5181 3033 5235; x_wconf 76' lang='lat' dir='ltr'><strong>I’rtedicans</strong></span> <span class='ocrx_word' id='word_1_892' title='bbox 3073 5196 3375 5253; x_wconf 81' lang='lat' dir='ltr'><strong>prwceptum</strong></span> 
     </span>
    </p>
   </div>
   <div class='ocr_carea' id='block_1_111' title="bbox 1774 5259 3376 5345">
    <p class='ocr_par' dir='ltr' id='par_1_111' title="bbox 1774 5259 3376 5345">
     <span class='ocr_line' id='line_1_112' title="bbox 1774 5259 3376 5345; baseline 0.013 -32"><span class='ocrx_word' id='word_1_893' title='bbox 1774 5260 1984 5328; x_wconf 81' lang='lat' dir='ltr'><strong>ipsius:</strong></span> <span class='ocrx_word' id='word_1_894' title='bbox 2035 5265 2153 5336; x_wconf 87' lang='lat' dir='ltr'><strong>quis</strong></span> <span class='ocrx_word' id='word_1_895' title='bbox 2200 5259 2302 5324; x_wconf 87' lang='lat' dir='ltr'><strong>huc</strong></span> <span class='ocrx_word' id='word_1_896' title='bbox 2354 5283 2458 5322; x_wconf 89' lang='lat' dir='ltr'><strong>non</strong></span> <span class='ocrx_word' id='word_1_897' title='bbox 2507 5271 2731 5335; x_wconf 86' lang='lat' dir='ltr'><strong>sentiat,</strong></span> <span class='ocrx_word' id='word_1_898' title='bbox 2782 5288 2902 5327; x_wconf 91' lang='lat' dir='ltr'><strong>cum</strong></span> <span class='ocrx_word' id='word_1_899' title='bbox 2943 5277 3180 5345; x_wconf 87' lang='lat' dir='ltr'><strong>quotidie</strong></span> <span class='ocrx_word' id='word_1_900' title='bbox 3231 5276 3376 5333; x_wconf 82' lang='lat' dir='ltr'><strong>facti-</strong></span> 
     </span>
    </p>
   </div>
   <div class='ocr_carea' id='block_1_112' title="bbox 1779 5354 2043 5410">
    <p class='ocr_par' dir='ltr' id='par_1_112' title="bbox 1779 5354 2043 5410">
     <span class='ocr_line' id='line_1_113' title="bbox 1779 5354 2043 5410; baseline -0.004 -4"><span class='ocrx_word' id='word_1_901' title='bbox 1779 5362 1919 5410; x_wconf 89' lang='lat' dir='ltr'><strong>tetttr</strong></span> <span class='ocrx_word' id='word_1_902' title='bbox 1939 5354 1962 5408; x_wconf 81' lang='lat'><strong>?</strong></span> <span class='ocrx_word' id='word_1_903' title='bbox 2040 5401 2043 5405; x_wconf 88' lang='lat'><strong>.</strong></span> 
     </span>
    </p>
   </div>
   <div class='ocr_carea' id='block_1_113' title="bbox 1847 5447 3381 5524">
    <p class='ocr_par' dir='ltr' id='par_1_113' title="bbox 1847 5447 3381 5524">
     <span class='ocr_line' id='line_1_114' title="bbox 1847 5447 3381 5524; baseline 0.009 -22"><span class='ocrx_word' id='word_1_904' title='bbox 1847 5449 1900 5503; x_wconf 83' lang='lat'><strong>6.</strong></span> <span class='ocrx_word' id='word_1_905' title='bbox 1944 5447 2094 5522; x_wconf 81' lang='lat' dir='ltr'><strong>[vers.</strong></span> <span class='ocrx_word' id='word_1_906' title='bbox 2127 5449 2204 5524; x_wconf 83' lang='lat'><strong>7.]</strong></span> <span class='ocrx_word' id='word_1_907' title='bbox 2235 5451 2484 5510; x_wconf 87' lang='lat' dir='ltr'><strong>Dominus</strong></span> <span class='ocrx_word' id='word_1_908' title='bbox 2528 5458 2656 5512; x_wconf 69' lang='lat' dir='ltr'><strong>dixit</strong></span> <span class='ocrx_word' id='word_1_909' title='bbox 2697 5459 2764 5512; x_wconf 82' lang='lat' dir='ltr'><strong>ad</strong></span> <span class='ocrx_word' id='word_1_910' title='bbox 2806 5477 2929 5515; x_wconf 84' lang='lat' dir='ltr'><strong>me:</strong></span> <span class='ocrx_word' id='word_1_911' title='bbox 2969 5459 3012 5515; x_wconf 79' lang='lat' dir='ltr'><em>F</em></span> <span class='ocrx_word' id='word_1_912' title='bbox 3014 5463 3129 5516; x_wconf 79' lang='lat' dir='ltr'><strong>ilius</strong></span> <span class='ocrx_word' id='word_1_913' title='bbox 3164 5478 3302 5515; x_wconf 80' lang='lat' dir='ltr'><strong>meus</strong></span> <span class='ocrx_word' id='word_1_914' title='bbox 3329 5481 3381 5516; x_wconf 78' lang='lat' dir='ltr'><strong>es</strong></span> 
     </span>
    </p>
   </div>
   <div class='ocr_carea' id='block_1_114' title="bbox 1844 5608 3220 5672">
    <p class='ocr_par' dir='ltr' id='par_1_114' title="bbox 1844 5608 3220 5672">
     <span class='ocr_line' id='line_1_115' title="bbox 1844 5608 3220 5672; baseline 0.009 -19"><span class='ocrx_word' id='word_1_915' title='bbox 1844 5609 1857 5672; x_wconf 58' lang='grc' dir='ltr'>ξ</span> <span class='ocrx_word' id='word_1_916' title='bbox 1879 5608 1950 5656; x_wconf 83' lang='lat' dir='ltr'><strong>Sic</strong></span> <span class='ocrx_word' id='word_1_917' title='bbox 1974 5613 2078 5656; x_wconf 72' lang='lat' dir='ltr'><strong>Mss.</strong></span> <span class='ocrx_word' id='word_1_918' title='bbox 2106 5617 2160 5660; x_wconf 81' lang='lat' dir='ltr'><strong>At</strong></span> <span class='ocrx_word' id='word_1_919' title='bbox 2185 5610 2318 5669; x_wconf 87' lang='lat' dir='ltr'><strong>edd.,</strong></span> <span class='ocrx_word' id='word_1_920' title='bbox 2341 5611 2603 5672; x_wconf 72' lang='lat' dir='ltr'><strong>subjectum</strong></span> <span class='ocrx_word' id='word_1_921' title='bbox 2632 5613 2902 5664; x_wconf 77' lang='lat' dir='ltr'><strong>tmit&#39;crsmn</strong></span> <span class='ocrx_word' id='word_1_922' title='bbox 2928 5625 3220 5666; x_wconf 82' lang='lat' dir='ltr'><strong>creaturam.</strong></span> 
     </span>
    </p>
   </div>
   <div class='ocr_carea' id='block_1_115' title="bbox 1809 5668 3375 5741">
    <p class='ocr_par' dir='ltr' id='par_1_115' title="bbox 1809 5668 3375 5741">
     <span class='ocr_line' id='line_1_116' title="bbox 1809 5668 3375 5741; baseline 0.004 -19"><span class='ocrx_word' id='word_1_923' title='bbox 1809 5668 1990 5741; x_wconf 43' lang='grc' dir='ltr'><strong>,ίξὶοκ</strong></span> <span class='ocrx_word' id='word_1_924' title='bbox 2016 5674 2105 5721; x_wconf 82' lang='grc' dir='ltr'><strong>Ιιοο</strong></span> <span class='ocrx_word' id='word_1_925' title='bbox 2146 5668 2310 5736; x_wconf 85' lang='lat' dir='ltr'><strong>primo</strong></span> <span class='ocrx_word' id='word_1_926' title='bbox 2339 5668 2460 5732; x_wconf 75' lang='lat' dir='ltr'><strong>loco,</strong></span> <span class='ocrx_word' id='word_1_927' title='bbox 2491 5675 2708 5724; x_wconf 81' lang='lat' dir='ltr'><strong>ntelioris</strong></span> <span class='ocrx_word' id='word_1_928' title='bbox 2749 5685 2876 5727; x_wconf 74' lang='lat' dir='ltr'><strong>nota:</strong></span> <span class='ocrx_word' id='word_1_929' title='bbox 2917 5685 3020 5727; x_wconf 76' lang='lat' dir='ltr'><strong>Mss.</strong></span> <span class='ocrx_word' id='word_1_930' title='bbox 3066 5682 3203 5740; x_wconf 72' lang='lat' dir='ltr'><strong>juxta</strong></span> <span class='ocrx_word' id='word_1_931' title='bbox 3246 5686 3375 5740; x_wconf 70' lang='lat' dir='ltr'><strong>LXX,</strong></span> 
     </span>
    </p>
   </div>
   <div class='ocr_carea' id='block_1_116' title="bbox 1779 5732 3368 5888">
    <p class='ocr_par' dir='ltr' id='par_1_116' title="bbox 1779 5732 3368 5888">
     <span class='ocr_line' id='line_1_117' title="bbox 1779 5732 3368 5888; baseline 0.004 -43"><span class='ocrx_word' id='word_1_932' title='bbox 1779 5732 2016 5888; x_wconf 33' lang='lat' dir='ltr'><strong>[instigatio</strong></span> <span class='ocrx_word' id='word_1_933' title='bbox 2043 5795 2218 5846; x_wconf 78' lang='lat' dir='ltr'><strong>eodem</strong></span> <span class='ocrx_word' id='word_1_934' title='bbox 2253 5809 2384 5846; x_wconf 75' lang='lat' dir='ltr'><strong>vers.</strong></span> <span class='ocrx_word' id='word_1_935' title='bbox 2411 5795 2441 5845; x_wconf 89' lang='lat'>6</span> <span class='ocrx_word' id='word_1_936' title='bbox 2465 5805 2514 5846; x_wconf 89' lang='lat' dir='ltr'><strong>et</strong></span> <span class='ocrx_word' id='word_1_937' title='bbox 2538 5811 2644 5860; x_wconf 85' lang='lat' dir='ltr'><strong>seq.</strong></span> <span class='ocrx_word' id='word_1_938' title='bbox 2683 5799 2793 5849; x_wconf 82' lang='lat' dir='ltr'><strong>vide</strong></span> <span class='ocrx_word' id='word_1_939' title='bbox 2827 5806 2964 5850; x_wconf 81' lang='lat' dir='ltr'><strong>Euar.</strong></span> <span class='ocrx_word' id='word_1_940' title='bbox 2992 5803 3040 5850; x_wconf 88' lang='lat' dir='ltr'><strong>in</strong></span> <span class='ocrx_word' id='word_1_941' title='bbox 3067 5801 3183 5852; x_wconf 72' lang='lat' dir='ltr'><strong>Psal.</strong></span> <span class='ocrx_word' id='word_1_942' title='bbox 3223 5815 3368 5861; x_wconf 74' lang='lat' dir='ltr'><strong>nvu,</strong></span> 
     </span>
    </p>
   </div>
   <div class='ocr_carea' id='block_1_117' title="bbox 1783 5869 1916 5908">
    <p class='ocr_par' dir='ltr' id='par_1_117' title="bbox 1783 5869 1916 5908">
     <span class='ocr_line' id='line_1_118' title="bbox 1783 5869 1916 5908; baseline 0.015 -2"><span class='ocrx_word' id='word_1_943' title='bbox 1783 5869 1832 5906; x_wconf 71' lang='lat' dir='ltr'><strong>ll.</strong></span> <span class='ocrx_word' id='word_1_944' title='bbox 1870 5869 1916 5908; x_wconf 60' lang='grc' dir='ltr'><strong><em>ξ.</em></strong></span> 
     </span>
    </p>
   </div>
  </div>
