3956 6318
573 375 647 434 τι
1811 361 1851 416 S
1912 358 2272 416 AUGUS’I‘INI
2307 358 2609 414 EPISCUPI
3789 355 3858 410 ἠ

568 499 643 556 (tt,
673 500 767 558 ego
794 483 946 539 hodie
969 481 1120 554 genui
1144 473 1191 534 te
1220 478 1317 550 (a).
1345 477 1659 546 Quanquam
1689 475 1851 530 etiam
1882 472 2048 542 possit
2068 472 2157 526 ille

566 575 685 636 dies
702 577 756 634 in
784 572 1060 646 prophetia
1083 571 1261 626 dictus
1290 567 1476 631 videri,
1516 582 1622 636 quo
1641 565 1797 620 Jesus
1815 563 2060 617 Christus
2079 579 2164 614 se-

569 669 800 726 cundum
843 665 1114 721 hominem
1145 672 1300 736 natus
1323 671 1444 721 est;
1477 669 1655 714 tamen
1697 658 1846 711 hodie
1869 657 1993 727 quia
2030 671 2165 724 prte-

571 763 799 819 sentiam
829 755 1114 829 signiﬁcat,
1134 757 1361 825 atquein
1383 752 1681 808 aeternitate
1710 765 1810 805 nec
1838 749 2166 818 prmteritum

574 852 858 922 quidquam
885 858 988 913 est,
1018 847 1170 916 quasi
1191 861 1310 902 esse
1332 845 1585 907 desierit;
1612 858 1712 898 nec
1732 841 1989 904 futurum,
2015 839 2166 910 quasi

576 939 814 996 nuiidum
832 939 935 1004 sit;
961 936 1056 1003 sed
1081 950 1316 1006 praesens
1337 943 1563 999 tantum,
1593 933 1714 1002 quia
1735 929 1989 1001 quidquid
2012 939 2168 983 mter-

575 1046 703 1086 num
732 1037 835 1095 est,
861 1043 1073 1098 semper
1095 1037 1208 1092 est;
1229 1025 1484 1094 divinitus
1508 1023 1766 1092 accipitur
1793 1020 2086 1077 secundum
2114 1019 2166 1074 id

573 1123 798 1187 dictum,
827 1119 938 1191 Ego
963 1120 1114 1174 hodie
1133 1118 1284 1189 genui
1310 1127 1376 1180 te,
1407 1130 1514 1186 quo
1534 1115 1912 1184 sempiternam
1939 1125 2169 1181 genera-

575 1214 776 1268 tionem
817 1211 1023 1265 virtutis
1065 1218 1121 1264 et
1144 1209 1421 1277 sapienti:e
1452 1204 1570 1269 Dei,
1607 1204 1700 1274 qui
1745 1211 1829 1258 est
1865 1201 2171 1272 unigenitus

575 1305 763 1371 Filius,
792 1302 925 1358 ﬁdes
943 1300 1307 1357 sincerissima
1334 1305 1392 1353 et
1415 1297 1676 1352 catholica
1705 1293 1978 1364 praedicat.

643 1394 699 1450 7.
741 1391 763 1467 [
788 1408 918 1447 vers.
949 1389 1029 1463 8.]
1058 1387 1276 1445 Postulo
1304 1405 1336 1440 a
1354 1404 1450 1452 me,
1480 1395 1526 1440 et
1549 1384 1680 1439 dabo
1700 1385 1791 1439 tibi
1809 1392 1979 1453 gentes
2006 1382 2171 1436 luere-

572 1486 782 1540 ditatem
825 1479 1090 1552 tuam(b).
1148 1480 1261 1535 Hoc
1306 1478 1417 1548 jam
1469 1475 1832 1544 temporaliter
1877 1471 2171 1527 secundum

573 1582 877 1642 susceptum
903 1571 1196 1634 hominem,
1226 1569 1319 1640 qni
1352 1567 1674 1622 sacrificium
1705 1579 1826 1621 sese
1853 1562 2046 1617 obtulit
2075 1577 2172 1632 pro

576 1663 822 1717 omnibus
864 1660 1160 1725 sacriﬁciis,
1212 1659 1302 1727 qui
1347 1658 1507 1712 etiam
1551 1655 1850 1725 interpellat
1877 1669 1976 1724 pro
2017 1651 2172 1707 nobis

578 1754 759 1827 (Rom.
793 1769 905 1819 vui,
943 1751 1073 1824 '54);
1120 1762 1178 1806 ut
1202 1751 1268 1805 ad
1299 1758 1464 1805 totam
1506 1749 1676 1820 ipsam
1721 1745 2178 1812 dispensationem

580 1844 948 1914 temporalem,
990 1857 1112 1911 qua:
1142 1854 1240 1910 pro
1264 1853 1462 1908 genere
1489 1837 1722 1892 humano
1747 1834 1884 1890 facta
1911 1843 2012 1897 est,
2040 1833 2176 1886 rele—

579 1945 743 1990 ratur.
764 1933 905 2005 quod
931 1933 1132 1986 dictum
1159 1939 1259 1993 est,
1293 1929 1509 1983 Postula
1527 1945 1560 1981 ε
1584 1943 1696 1993 me;
1723 1936 1783 1980 ut
1809 1915 2017 1981 scilicet
2041 1941 2172 1994 gen—

584 2037 668 2082 tes
710 2023 913 2080 nomini
944 2021 1235 2078 christiano
1271 2005 1607 2089 copulentur,
1641 2027 1801 2088 atque
1826 2017 1899 2071 ita
1938 2031 1968 2068 a
2003 2023 2177 2071 morte

583 2117 933 2182 redimantur,
978 2122 1034 2168 et
1067 2112 1438 2185 possideantur
1476 2125 1506 2164 a
1547 2111 1677 2166 Deo.
1723 2107 1867 2162 Dabo
1893 2107 1982 2162 tibi
2005 2119 2177 2179 gentes

584 2205 927 2262 hereditatem
955 2214 1115 2268 tuam,
1139 2217 1272 2271 quas
1301 2200 1576 2270 possideas
1607 2198 1675 2254 ad
1704 2213 1887 2254 earum
1928 2197 2174 2262 salutem,

581 2308 638 2354 et
677 2312 798 2367 qua:
838 2294 929 2350 tibi
971 2293 1292 2349 fructiﬂcent
1328 2290 1646 2362 spiritualia.
1703 2289 1772 2344 Et
1814 2289 2178 2361 possessionem

584 2402 722 2444 tuam
761 2387 1000 2443 teran'nos
1030 2395 1196 2440 term.
1239 2382 1384 2440 idem
1432 2382 1717 2450 repetitum
1758 2389 1842 2434 est
1883 2397 1896 2433 :
1940 2381 2178 2434 terminos

582 2494 748 2545 terra,
793 2492 892 2548 pro
921 2490 988 2532 eo
1015 2472 1419 2547 positum.un
1445 2472 1646 2528 dictum
1672 2481 1776 2536 est,
1824 2479 2035 2541 gentes;
2082 2469 2174 2526 sed

583 2571 686 2625 hoc
709 2569 936 2638 planius,
954 2575 1027 2643 ut
1053 2580 1244 2622 omnes
1269 2574 1456 2636 gentes
1476 2563 1835 2633 intelligamus
1863 2579 1878 2614 :
1902 2560 2178 2631 possessio-

582 2675 696 2714 nem
725 2664 904 2713 autem
931 2666 1091 2722 tuam,
1116 2671 1214 2728 pro
1237 2669 1303 2710 eo
1322 2653 1464 2726 quod
1477 2652 1678 2708 dictum
1706 2660 1809 2720 est,
1837 2650 2180 2706 [nereditatem

583 2761 744 2806 tuam.
1025 2768 1027 2770 ·

658 2841 712 2897 8.
741 2839 761 2914 [
788 2855 920 2894 vers.
943 2838 997 2904 9,
1019 2837 1132 2910 10]
1153 2838 1315 2908 Reges
1332 2852 1417 2890 eos
1439 2835 1494 2889 in
1514 2835 1655 2907 virga
1671 2838 1832 2904 ferrea
1851 2850 1873 2891 :
1894 2834 1946 2888 in
1969 2833 2180 2888 inﬂexi-

584 2931 673 2986 bili
695 2930 921 3002 justitia.
949 2929 1019 2983 Et
1040 2939 1280 2999 tanquam
1305 2943 1392 2981 vas
1418 2927 1564 2998 ﬁguli
1591 2935 1817 2979 conteres
1843 2940 1930 2979 eos
1960 2923 2037 2995 (ε)
2065 2941 2083 2988 ;
2125 2923 2177 2979 id

583 3033 687 3091 est,
709 3032 955 3079 conteres
977 3023 1031 3077 in
1061 3023 1140 3078 eis
1167 3030 1411 3076 terrenas
1429 3018 1769 3089 cupiditates,
1793 3026 1848 3072 et
1868 3014 2063 3071 veteris
2080 3015 2178 3071 ho-

582 3114 743 3171 minis
759 3114 1019 3170 lutulenta
1034 3113 1265 3183 negotia,
1287 3120 1344 3167 et
1362 3108 1617 3181 quidquid
1630 3108 1698 3165 de
1719 3117 1998 3179 peccatore
2020 3105 2146 3160 limo
2162 3107 2178 3138 ί

581 3213 914 3261 contractum
935 3212 1094 3274 atque
1119 3202 1360 3257 inolitum
1388 3207 1489 3256 est.
1515 3199 1582 3254 Et
1611 3215 1769 3265 nunc,
1799 3215 1962 3270 reges,
1990 3196 2180 3251 intelli-

582 3301 682 3370 gite
706 3313 726 3352 :
746 3306 793 3354 et
811 3313 968 3363 nunc,
998 3294 1051 3350 id
1077 3303 1161 3352 est
1178 3295 1291 3366 jam
1318 3291 1579 3356 innovati,
1611 3290 1722 3362 jam
1754 3290 1997 3344 contritis
2023 3288 2182 3345 luteis

583 3388 926 3460 tegumentis,
977 3387 1030 3442 id
1083 3393 1166 3441 est
1203 3383 1508 3440 carnalibus
1552 3382 1695 3437 vasis
1737 3379 1938 3435 erroris
1966 3395 2085 3448 quae
2113 3380 2180 3433 ad

584 3480 909 3551 praeteritam
931 3478 1092 3532 vitam
1120 3475 1386 3547 pertinent
1412 3491 1425 3526 :
1449 3489 1584 3528 nunc
1603 3470 1987 3542 intelligitejam
2003 3483 2179 3540 reges,

583 3571 638 3627 id
666 3580 770 3635 est,
793 3569 905 3640 jam
937 3569 1176 3622 valentes
1202 3580 1391 3636 regere
1419 3562 1674 3634 quidquid
1704 3562 1757 3616 in
1795 3562 1947 3616 vobis
1981 3559 2180 3638 servile

582 3675 745 3735 atque
783 3663 1008 3718 bestiale
1056 3669 1171 3726 est;
1221 3669 1275 3712 et
1315 3657 1426 3728 jam
1480 3657 1720 3710 valentes
1764 3669 2021 3725 pugnare,
2072 3669 2180 3708 non

584 3756 738 3828 quasi
758 3771 936 3810 acrem
964 3753 1254 3818 cadentes,
1278 3749 1374 3806 sed
1393 3748 1714 3818 castigantes
1734 3758 1910 3802 vestra
1936 3760 2180 3818 corpora,

585 3858 641 3905 et
667 3846 909 3903 servituti
939 3843 1286 3914 subjicientes
1311 3841 1355 3913 (Ι
1375 3839 1495 3894 Cor.
1515 3855 1597 3906 Ix,
1620 3838 1713 3903 26,
1731 3839 1842 3908 27).
1867 3835 2180 3900 Erudimini,

585 3955 760 3993 omnes
787 3940 871 4007 qui
903 3934 1153 4005 judicatis
1193 3942 1398 3986 terram.
1451 3930 1564 3985 Hoc
1589 3929 1728 3984 idem
1757 3927 2041 3998 repetitum
2061 3936 2180 3980 est:

586 4028 878 4090 erudimini,
905 4041 1005 4098 pro
1033 4040 1099 4080 eo
1119 4023 1260 4094 quod
1284 4023 1486 4079 dictum
1515 4029 1620 4089 est,
1649 4020 1953 4092 intelligite;
1988 4019 2075 4089 qui
2090 4020 2184 4089 ju-

588 4121 772 4175 dicatis
796 4127 973 4174 autem
997 4125 1206 4181 terram,
1246 4129 1346 4185 pro
1372 4128 1440 4169 eo
1462 4112 1606 4184 quod
1641 4111 1843 4167 dictum
1868 4117 1981 4177 est,
2021 4125 2183 4178 reges.

587 4209 901 4281 Spirituales
925 4209 1068 4264 enim
1099 4205 1361 4277 signiﬁcat
1389 4205 1480 4274 qui
1503 4202 1747 4273 judicaut
1773 4210 1970 4256 terram
2004 4216 2018 4253 :
2048 4197 2186 4252 infe-

589 4305 700 4358 rius
734 4303 879 4358 enim
922 4300 1076 4354 nobis
1114 4306 1217 4362 est,
1259 4295 1514 4367 quidquid
1556 4292 1891 4363 iudicamus;
1929 4288 2185 4360 quidquid

588 4407 767 4452 autem
812 4393 946 4449 infra
985 4390 1317 4462 spiritualem
1358 4387 1630 4442 hominem
1671 4395 1774 4450 est,
1815 4381 2010 4438 merito
2044 4391 2185 4437 terra

590 4487 914 4548 nominatur,
944 4483 1065 4553 quia
1100 4490 1312 4535 terrena
1341 4477 1461 4533 labe
1487 4479 1779 4531 sauciatum
1807 4483 1910 4529 est.

661 4577 715 4632 9.
758 4574 930 4648 [vers.
961 4571 1074 4645 11.]
1107 4571 1305 4626 Servite
1329 4568 1549 4623 Domino
1587 4567 1642 4620 in
1669 4567 1847 4620 timore
1874 4563 1954 4637 (ά)
1979 4579 1999 4618 :
2028 4579 2095 4619 ne
2133 4563 2184 4617 in

590 4668 896 4737 superbiam
920 4665 1137 4719 vertat’
1168 4660 1312 4731 quOd
1341 4661 1544 4716 dictum
1571 4666 1673 4723 est,
1715 4673 1856 4728 reges
1881 4655 1966 4726 qui
1976 4655 2186 4726 judica-

590 4763 655 4813 tis
687 4770 892 4812 terram.
927 4753 994 4810 Et
1022 4753 1268 4809 exsultate
1287 4752 1330 4806 ei
1356 4767 1470 4804 cum
1499 4759 1713 4802 tremore
1735 4763 1754 4801 :
1777 4745 1977 4815 optime
2005 4742 2187 4813 subje-

590 4861 735 4907 ctum
765 4859 848 4904 est
876 4846 1145 4912 exsultate,
1198 4859 1269 4901 nc
1302 4843 1368 4897 ad
1401 4841 1674 4897 miseriam
1706 4839 1891 4894 valere
1919 4835 2189 4891 videretur

592 4953 735 5017 quod
787 4941 988 4997 dictum
1051 4947 1154 5003 est,
1217 4937 1396 4992 servile
1436 4933 1652 4987 Domino
1703 4931 1758 4985 in
1819 4930 2016 4983 timore.
2082 4925 2189 4982 Sed

594 5050 783 5090 rursus
813 5048 880 5087 ne
907 5031 1136 5102 idipsum
1163 5036 1411 5098 pergeret
1430 5025 1482 5079 in
1509 5022 1824 5079 etfusionem
1854 5019 2187 5083 temeritatis,

591 5126 834 5182 additum
870 5133 972 5188 est,
1004 5137 1122 5175 cum
1167 5130 1413 5179 tremore;
1452 5125 1510 5170 ut
1547 5115 1613 5169 ad
1649 5113 1950 5169 cautionem
1987 5111 2194 5165 valeret

593 5219 1145 5285 circumspectamquc
1182 5205 1617 5264 sanctiﬁcationis
1661 5201 1983 5258 custodiam.
2016 5199 2190 5254 Etiam

597 5310 673 5365 sic
704 5316 880 5379 potest
905 5306 1096 5375 accipi,
1146 5301 1216 5356 Et
1241 5317 1373 5356 nunc
1407 5315 1548 5372 reges
1575 5296 1858 5367 intelligite,
1893 5294 1949 5350 id
1989 5304 2093 5359 est,
2125 5293 2194 5348 Et

663 5466 677 5492 ι
701 5456 825 5507 Tros
846 5465 974 5514 .\tss.,
995 5457 1058 5506 de
1075 5451 1258 5518 peccati
1275 5448 1411 5518 timo.
1602 5468 1604 5471 ·

663 5524 681 5552 ε
703 5521 838 5577 uid,
862 5513 1338 5568 vertantft‘redecim
1359 5520 1488 5577 ιιεε..
1508 5516 1678 5563 vertat.
1698 5517 1845 5577 unus,
1868 5513 2098 5577 Ws

660 5583 738 5644 (a)
773 5571 904 5631 Idem
925 5592 1054 5644 vers.
1078 5579 1109 5627 7
1129 5584 1362 5644 tractatur
1387 5576 1436 5644 in
1459 5581 1598 5644 ξων.
1773 5585 1855 5630 ιχ,
1880 5584 1929 5620 ιι.
1954 5571 2003 5644 8ζ

685 5631 734 5694 bi
769 5651 904 5694 vers.
939 5641 972 5690 8
994 5648 1228 5689 tractatur
1250 5639 1370 5687 item
1400 5638 1449 5686 in
1469 5643 1608 5684 Euar.
1631 5633 1752 5684 Psal.
1777 5647 1883 5691 xxi,
1907 5646 1958 5682 n.
1988 5631 2067 5683 30.

770 5693 901 5754 Idem
921 5715 1049 5811 σεῖε.
1068 5701 1102 5751 9
1126 5699 1394 5763 explicatur
1415 5701 1467 5748 in
1489 5703 1627 5746 Euar.
1654 5694 1774 5745 Psal.
1799 5709 1930 5757 Iuv,
1953 5708 2003 5745 η.
2032 5693 2117 5757 18;
2142 5699 2198 5744 et

685 5792 686 5807 η
711 5801 723 5812 .
750 5779 950 5815 unum.
1010 5796 1025 5811 .

602 5778 723 5818 Ml.
750 5779 884 5820 um,
900 5779 950 5812 tt.
981 5778 1025 5811 ι.

663 5828 742 5891 (d)
777 5834 844 5885 De
869 5818 1044 5876 eodem
1071 5837 1198 5874 vers.
1228 5823 1278 5871 Η
1299 5819 1410 5870 vido
1435 5824 1568 5870 ΡΜ.
1591 5821 1640 5870 in
1665 5818 1784 5871 Psal.
1809 5833 1921 5880 va,
1939 5830 1991 5868 ιι.
2017 5818 2067 5872 5.

2267 471 2375 541 jam
2399 487 2539 527 nunc
2575 487 2660 525 me
2703 486 2826 541 rege
2853 471 3163 536 constituto,
3195 470 3358 525 nolite
3397 469 3579 526 tristes
3607 482 3755 536 esse,
3782 485 3864 527 ro-

2269 581 2363 634 ges
2405 577 2579 629 teme,
2618 565 2768 635 quasi
2802 565 2998 620 bonum
3022 573 3256 619 vestrum
3283 562 3434 617 vobis
3476 561 3719 617 ablatum
3761 562 3862 625 sit;

2271 656 2365 711 sed
2390 656 2667 726 iutelligite
2697 656 2892 725 potius,
2921 663 2978 710 ct
3004 653 3311 727 erudimini.
3345 653 3402 707 Id
3425 651 3572 708 enim
3598 652 3754 707 vobis
3777 667 3871 707 es-

2270 749 2417 820 pedit
2451 758 2508 804 ut
2529 751 2627 804 sub
2650 750 2742 804 illo
2771 749 2904 812 sitis,
2930 764 2962 803 a
2983 763 3088 818 quo
3109 747 3410 802 intellectus
3437 753 3497 802 et
3519 743 3758 801 eruditio
3777 759 3868 799 vo-

2271 844 2353 896 bis
2381 843 2555 897 datur.
2589 842 2654 896 Et
2685 843 2787 896 hoc
2810 840 2962 897 vobis
2982 840 3218 912 expedit,
3244 849 3300 894 ut
3328 853 3436 895 non
3463 846 3674 893 temere
3694 835 3869 892 domi-

2273 935 2507 1000 nemini;
2530 934 2624 990 sed
2651 933 2877 988 Domino
2897 933 3134 988 omnium
3155 947 3278 986 cum
3307 932 3498 986 timore
3517 928 3792 992 serviatis,
3819 938 3873 983 et

2271 1025 2549 1081 exsultetis
2594 1025 2645 1079 in
2682 1024 3009 1080 beatitudine
3040 1023 3340 1079 certissima
3385 1030 3442 1077 et
3481 1020 3869 1084 sincerissima,

2272 1118 2412 1172 cauti
2449 1127 2506 1172 et
2527 1116 3016 1186 circumspicientes
3035 1101 3108 1170 ne
3129 1113 3198 1169 ab
3223 1129 3288 1169 ea
3315 1128 3414 1185 per
3431 1112 3746 1185 superbiam
3776 1109 3873 1167 de-

2272 1209 2481 1264 cidatis.
3665 1239 3671 1243 -

2347 1299 2434 1354 10.
2475 1296 2496 1372 [
2522 1315 2652 1353 vers.
2687 1297 2798 1373 12.]
2829 1294 3206 1368 Apprehendite
3229 1292 3575 1364 disciplinam,
3602 1291 3875 1362 nequando

2273 1390 2523 1445 irascatur
2568 1389 2840 1456 Dominus,
2883 1399 2932 1444 et
2960 1389 3178 1460 pereatis
3221 1387 3288 1443 de
3311 1387 3393 1442 via
3413 1387 3558 1459 justo
3593 1400 3614 1440 :
3658 1383 3767 1440 hoc
3792 1391 3877 1439 est

2275 1484 2414 1554 quod
2439 1485 2533 1549 ait,
2579 1484 2863 1556 intelligite,
2903 1491 2952 1538 et
2992 1481 3294 1546 erudimini;
3333 1495 3457 1537 nam
3481 1477 3794 1548 intelligere
3821 1485 3877 1532 et

2275 1577 2494 1642 erudiri,
2531 1578 2632 1632 hoc
2653 1587 2736 1633 est
2768 1575 3174 1648 apprehendere
3194 1574 3551 1645 disciplinam.
3581 1572 3876 1629 Verumta»

2274 1685 2399 1721 men
2419 1670 2476 1721 in
2493 1683 2559 1723 eo
2575 1667 2717 1737 quod
2735 1666 2950 1731 dicitur,
2977 1665 3360 1738 apprehendite,
3388 1665 3520 1720 satis
3539 1662 3878 1733 signiﬁcatur

2275 1758 2882 1830 praesidiumquoddam
2923 1768 3084 1828 atque
3109 1756 3498 1818 munimentum
3526 1769 3647 1810 esse
3675 1753 3876 1810 adver-

2276 1867 2367 1904 sus
2387 1852 2563 1904 omnia
2591 1865 2709 1919 qua:
2730 1849 2922 1904 obesse
2946 1857 3182 1918 possent,
3212 1847 3313 1901 nisi
3345 1856 3488 1899 tanta
3514 1860 3653 1903 cura.
3671 1859 3875 1915 appre-

2279 1941 2621 1998 ltendcretur.
2650 1939 2936 2008 Nequando
2973 1940 3425 1996 autemirascatur
3445 1936 3721 1999 Dominus,
3749 1951 3874 1992 cum

2277 2031 2606 2086 dubitatione
2652 2030 2878 2099 positum
2929 2040 3052 2095 est;
3107 2044 3215 2082 non
3261 2025 3556 2083 secundum
3603 2025 3873 2080 visionem

2281 2121 2582 2190 Prophetas,
2598 2121 2682 2176 cui
2703 2131 2908 2180 eertum
2930 2129 3032 2184 est,
3054 2119 3149 2175 sed
3173 2118 3468 2174 secundum
3495 2132 3590 2172 eos
3611 2116 3762 2190 ipsos
3781 2117 3873 2188 qui

2282 2224 2599 2278 monentur;
2628 2215 2750 2285 quia
2780 2229 2901 2267 cum
2926 2213 3255 2267 dubitatione
3275 2211 3452 2266 solent
3477 2210 3714 2280 cogitare
3740 2210 3878 2270 iram

2281 2307 2397 2372 Dei,
2444 2307 2634 2379 quibus
2663 2321 2769 2362 non
2795 2315 2978 2376 aperte
3007 2304 3296 2360 reveletur.
3344 2303 3459 2360 Hoc
3485 2318 3615 2370 ergo
3643 2301 3750 2357 sibi
3775 2301 3880 2374 ipsi

2279 2399 2478 2456 debent
2527 2399 2708 2455 diccre
2752 2415 2766 2454 :
2823 2396 3304 2468 Apprehendamus
3362 2394 3726 2467 disciplinam,
3778 2410 3881 2449 ne-

2280 2492 2493 2561 quando
2519 2494 2778 2548 irascatur
2805 2491 3086 2556 Dominus,
3125 2497 3486 2557 etpereamus
3509 2487 3577 2542 de
3603 2488 3685 2541 via
3706 2485 3879 2557 iusta.

2278 2583 2399 2638 Jam
2438 2598 2585 2646 vero,
2636 2583 2886 2637 irascatur
2927 2581 3183 2637 Dominus
3213 2621 3228 2646 ,
3280 2581 3552 2648 quomodo
3603 2577 3884 2649 accipien-

2280 2675 2407 2730 dum
2430 2674 2500 2730 sit
2525 2690 2684 2745 supra
2711 2673 2910 2730 dictum
2937 2681 3022 2730 est
3053 2671 3149 2745 (a).
3183 2670 3490 2742 Etpereatis
3517 2671 3580 2724 de
3596 2669 3682 2732 via
3698 2670 3886 2740 justo:

2281 2766 2399 2821 hmc
2426 2783 2615 2836 magna
2646 2781 2804 2836 poena
2835 2775 2938 2830 est,
2979 2781 3100 2835 qua:
3128 2766 3197 2820 ab
3226 2765 3290 2821 iis
3315 2761 3632 2824 turmidatur
3650 2761 3746 2833 qui
3776 2762 3886 2815 ali-

2281 2858 2406 2927 quid
2435 2857 2732 2914 dulcedinis
2753 2857 2974 2927 iustitiae
3003 2866 3388 2926 perceperunt;
3409 2853 3518 2924 .qui
3548 2852 3696 2912 enim
3739 2851 3888 2923 perit

2281 2949 2349 3004 de
2373 2949 2457 3003 via
2476 2949 2716 3019 justitize,
2743 2964 2862 3003 cum
2888 2963 3079 3020 magna
3103 2945 3319 3002 miseria
3355 2961 3448 3015 per
3476 2945 3592 3000 vias
3620 2943 3887 3014 iniquita-

2283 3041 2350 3094 tis
2376 3041 2593 3096 errabit.

2356 3131 2443 3186 1i.
2485 3129 2508 3204 [
2535 3147 2662 3186 vers.
2691 3128 2805 3203 13.]
2833 3128 2958 3185 Cant
2992 3128 3233 3185 exarserit
3257 3127 3310 3182 in
3331 3126 3466 3181 brevi
3488 3126 3566 3180 ira
3588 3127 3723 3197 ejus,
3751 3126 3892 3181 beati

2281 3238 2454 3277 omnes
2481 3222 2568 3294 qui
2591 3220 2852 3288 conﬁdunt
2877 3221 2932 3274 in
2959 3236 3016 3274 eo
3045 3235 3066 3276 :
3092 3220 3142 3274 id
3169 3227 3273 3287 est,
3300 3233 3421 3274 cum
3450 3217 3682 3275 vindicta
3711 3233 3893 3275 veno-

2283 3313 2374 3380 rit,
2406 3328 2532 3383 quae.
2555 3313 2733 3382 impiis
2766 3321 2821 3367 et
2854 3312 3224 3384 peccatoribus
3265 3321 3623 3380 pratparatur,
3650 3327 3762 3366 non
3781 3327 3890 3366 so-

2284 3406 2392 3462 lum
2437 3423 2533 3462 eos
2581 3423 2686 3460 non
2715 3408 2938 3476 attinget
2965 3405 3054 3474 qui
3085 3403 3360 3462 conﬁdunt
3387 3403 3440 3458 in
3470 3401 3728 3470 Domino,
3787 3404 3889 3458 sed

2283 3499 2444 3562 etiam
2493 3497 2560 3553 ad
2594 3513 2816 3568 regnum
2862 3496 2966 3552 illis
3000 3495 3370 3550 instruendum
3397 3502 3455 3550 et
3475 3491 3890 3561 sublimandum

2286 3591 2550 3659 proﬁciet.
2592 3589 2711 3644 Non
2754 3589 2896 3643 enim
2928 3586 3103 3642 dixit:
3142 3585 3272 3641 Cum
3289 3585 3532 3642 exarserit
3559 3585 3615 3639 in
3640 3581 3784 3655 brevi
3810 3585 3893 3644 ira

2284 3683 2416 3751 ejus,
2466 3679 2642 3736 securi
2685 3696 2855 3733 omnes
2881 3677 2967 3749 qui
2994 3677 3258 3744 conﬁdunt
3295 3675 3350 3728 in
3378 3691 3462 3740 eo,
3497 3680 3758 3743 tanquam
3788 3672 3894 3728 hoc

2286 3775 2458 3827 solum
2504 3772 2628 3826 inde
2667 3770 2916 3836 habeant,
2959 3767 3101 3839 quod
3129 3783 3238 3822 non
3267 3768 3582 3837 puniantur;
3629 3765 3730 3819 sed
3762 3766 3897 3820 beati

2287 3865 2442 3927 dixit,
2487 3863 2575 3920 ubi
2614 3871 2696 3917 est
2725 3862 2986 3916 bonorum
3018 3859 3258 3914 omnium
3285 3870 3494 3917 summa
3533 3864 3589 3910 et
3612 3855 3894 3912 cumulus.

2288 3955 2441 4023 Quod
2465 3964 2644 4009 autem
2673 3956 2898 4022 positum
2931 3960 3032 4014 cst,
3063 3951 3117 4003 in
3143 3948 3300 4016 brevi,
3331 3947 3435 4002 hoc
3466 3945 3779 4018 signiﬁcare
3807 3962 3897 4000 ar-

2291 4051 2478 4116 hitror,
2520 4049 2642 4117 quia
2675 4046 3012 4115 repentinum
3034 4042 3237 4112 aliquid
3263 4041 3387 4105 erit,
3414 4029 3542 4095 dum
3573 4039 3678 4094 hoc
3708 4053 3896 4094 remo-

2292 4152 2403 4197 tum
2428 4149 2483 4194 et
2514 4140 2669 4208 longe
2695 4137 2933 4192 futurum
2963 4145 3276 4208 peccatores
3301 4129 3710 4188 existimabunt.

2785 4342 2865 4404 IN
2908 4338 3292 4402 PSALMUM
3334 4337 3421 4399 Ill

2871 4478 3290 4536 ENARl’tATlO.

2299 4606 2539 4660 I’satmus
2566 4600 2751 4664 David,
2780 4616 2894 4652 cum
2922 4602 3116 4669 fugeret
3143 4612 3174 4648 a
3195 4594 3326 4665 {acie
3341 4591 3646 4650 Abessalon‘
3673 4591 3780 4660 ﬂii
3799 4594 3908 4646 sui.

2367 4721 2421 4772 1.
2464 4715 2638 4790 [vcrs.
2681 4711 2758 4785 1.]
2809 4712 2961 4766 Hunc
3012 4706 3274 4778 psalmum
3315 4721 3380 4759 ex
3428 4717 3657 4773 persona
3695 4701 3910 4758 Christi

2295 4807 2659 4878 accipiendum
2747 4800 3030 4871 persuadet
3101 4795 3241 4868 quod
3300 4796 3500 4860 dictum
3563 4803 3647 4847 est
3700 4807 3716 4843 :
3790 4793 3914 4865 Ego

2297 4901 2530 4964 dormivi,
2560 4908 2606 4952 et
2629 4912 2861 4951 somnum
2887 4893 2997 4963 cepi
3020 4907 3038 4945 :
3059 4901 3104 4944 et
3131 4889 3414 4950 exsurrexi,
3439 4886 3685 4958 quoniam.
3711 4885 3910 4939 Domi-

2299 5009 2393 5048 nus
2422 4989 2661 5060 suscipiet
2690 5004 2786 5041 me.
2821 4984 2987 5053 Magis
3013 4983 3155 5037 enim
3185 4981 3285 5034 hoc
3307 4978 3374 5033 ad
3405 4979 3711 5048 passionem
3736 4986 3797 5030 et
3827 4993 3917 5032 re-

2298 5083 2685 5138 surrectionem
2711 5076 2923 5133 Domini
2951 5083 3312 5144 congruenter
3338 5078 3516 5135 sonat,
3542 5085 3704 5139 quam
3741 5071 3818 5123 ad
3857 5071 3918 5124 il-

2300 5176 2405 5229 lam
2435 5172 2712 5228 historiam
2756 5170 2811 5224 in
2852 5183 2953 5239 qua
2988 5165 3151 5220 David
3196 5163 3449 5219 scribitur
3478 5162 3674 5230 fugisse
3705 5175 3736 5213 a
3767 5156 3918 5216 tiu-ie

2301 5268 2552 5324 bellantis
2580 5264 2863 5319 adversum
2892 5275 2953 5316 se
2978 5259 3072 5314 filii
3091 5260 3173 5314 sui
3193 5258 3262 5330 (ll
3287 5257 3417 5328 Reg.
3439 5255 3661 5326 xv,17).
3689 5254 3919 5326 thuu-

2303 5361 2444 5416 niam
2472 5359 2730 5427 scriptum
2750 5363 2835 5410 est
2857 5353 2925 5409 de
2949 5351 3222 5422 discipulis
3247 5349 3479 5404 Christi:
3507 5346 3768 5415 Quamdiu
3795 5364 3919 5402 cum

2302 5454 2375 5507 eis
2399 5460 2474 5506 est
2503 5464 2742 5520 sponsus,
2775 5461 2878 5499 non
2897 5445 3140 5515 jejunant
3160 5443 3180 5472 '
3212 5440 3310 5511 ﬁlii
3350 5438 3524 5510 sponsi
3575 5433 3796 5509 (Matth.
3839 5452 3917 5502 Ix,

2369 5630 2384 5661 ¹
2413 5634 2464 5677 ιιι
2488 5623 2604 5675 ante
2640 5619 3078 5680 exeusis,.4bsalon.
3115 5623 3175 5670 At
3195 5617 3245 5666 in
3267 5612 3486 5680 melioris
3509 5616 3767 5666 nouella.
3800 5610 3918 5662 ubi-

2303 5703 2404 5756 que
2429 5676 2522 5756 est,
2547 5683 2816 5756 Abessalon.
2843 5676 2894 5756 tu
2913 5690 3077 5756 graeco
3093 5685 3162 5750 ut
3170 5686 3226 5748 x_.
3254 5676 3511 5756 .ibfstttom.

2368 5755 2391 5784 ³
2415 5741 2548 5807 ΕΜ..
2574 5744 2881 5810 jejunabunt.
2903 5752 2958 5794 At
2989 5750 3119 5804 1133.,
3133 5741 3377 5804 jejunum.

2368 5814 2446 5877 (α)
2477 5809 2643 5876 supra,
2664 5823 2712 5858 n.
2740 5809 2788 5858 4.
