3956 6334
162 391 229 444 73
1315 377 1715 433 ENARRATIO
1755 376 1763 428 1

1875 375 2183 433 ἚΑΙΑἊΗΜ
2226 377 2312 432 111.
3397 392 3466 449 74

163 501 268 570 15),
318 512 425 553 non
452 497 646 550 mirum
678 496 724 550 si
754 494 893 550 illius
917 493 1033 564 ejus
1057 492 1273 560 impius,
1305 493 1634 560 signiﬁcatur
1664 489 1754 541 di-

163 592 394 661 scipulus
427 589 622 657 impius
665 588 757 657 qui
790 601 910 642 eum
957 584 1192 639 tradidit.
1227 587 1270 637 Α
1312 585 1465 652 cujus
1496 582 1630 637 facie
1673 581 1756 634 fu-

163 687 300 755 gisse
327 696 633 752 quanquam
673 680 928 734 historice
972 678 1140 746 possit
1183 677 1374 748 accipi,
1414 675 1626 745 quando
1666 674 1759 727 illo

163 776 469 830 discedente
494 772 721 827 secessit
759 785 880 825 cum
923 769 1134 823 caeteris
1177 770 1231 822 in
1275 779 1550 841 ntontcnt;_
1580 777 1757 820 tamen

162 865 530 934 spiritualiter,
559 861 778 933 quando
809 871 1039 916 mentem
1071 859 1222 914 ludat
1250 858 1416 913 Filius
1455 860 1567 924 Dei,
1597 859 1648 911 id
1678 867 1761 911 est

166 958 328 1010 virtus
360 965 416 1009 et
445 954 704 1024 sapientia
749 953 862 1019 Dei,
913 952 1170 1013 deseruit,
1201 965 1321 1003 cum
1363 964 1484 1004 emn
1516 949 1762 1002 diabolus

167 1047 374 1115 penitus
403 1043 624 1107 invasit,
656 1042 711 1096 in
742 1057 808 1096 eo
836 1041 974 1111 quod
1020 1041 1275 1107 scriptum
1322 1048 1427 1104 est,
1463 1038 1524 1090 Et
1560 1039 1764 1091 intrauit

161 1136 395 1191 diabolus
421 1136 478 1188 in
508 1150 596 1188 cor
621 1135 732 1203 ejus
758 1132 939 1205 (Joan.
984 1147 1098 1196 xm,
1141 1130 1221 1201 2).
1262 1132 1399 1184 bene
1436 1129 1697 1198 accipitur
1730 1146 1758 1183 a

163 1229 293 1282 {acie
318 1226 442 1294 ejus
460 1225 734 1280 Christum
759 1223 984 1293 fugisse;
1009 1240 1112 1277 non
1134 1223 1255 1292 quia
1272 1223 1515 1277 Christus
1540 1222 1759 1276 diabolo

160 1319 342 1383 cessit,
365 1318 466 1373 sed
488 1315 702 1372 Christo
720 1314 1025 1370 discedente
1044 1315 1289 1369 diabolus
1307 1313 1559 1383 possedit.
1577 1313 1747 1378 Quem

162 1411 460 1464 discessum
488 1408 666 1478 fugam
693 1421 817 1462 esse
837 1408 889 1461 in
921 1407 1024 1462 hoc
1048 1405 1251 1473 pSaImo
1271 1404 1593 1473 appellatum
1622 1404 1760 1457 cele-

164 1501 336 1554 ritatis
365 1514 530 1554 causa
557 1498 818 1562 arbitror;
847 1497 987 1567 quod
1041 1495 1207 1550 verbo
1249 1495 1409 1550 etiam
1462 1495 1665 1548 Domini
1693 1495 1768 1547 si-

163 1589 451 1660 gniﬁcatur
497 1588 762 1643 dicentis:
789 1587 937 1653 Quod
966 1587 1117 1658 facis,
1162 1586 1273 1658 cito
1309 1588 1392 1656 {ac
1431 1582 1762 1654 (Ibid.,27).

165 1681 459 1750 Loquimur
485 1680 647 1734 etiam
673 1678 751 1733 sic
776 1679 830 1732 in
856 1676 1263 1737 consuetudine,
1286 1685 1344 1729 ut
1364 1675 1603 1730 dicamus
1625 1693 1636 1728 :
1661 1673 1766 1729 Fu-
1802 1711 1808 1718 ι

163 1773 234 1839 git
271 1786 383 1837 me,
416 1769 560 1840 quod
607 1771 660 1822 in
701 1783 934 1822 mentem
967 1783 1070 1822 non
1103 1764 1280 1830 venit;
1333 1777 1388 1821 et
1432 1764 1502 1819 de
1548 1764 1767 1819 homine

163 1861 478 1914 doctissimo
506 1859 770 1912 dicimus:
798 1856 936 1911 Nihil
962 1873 1082 1911 eum
1115 1857 1267 1926 fugit.
1297 1854 1586 1924 Propterea
1627 1855 1767 1908 veri-

165 1961 244 2004 tas
273 1950 410 2019 fugit
438 1960 673 2003 utentem
710 1948 880 2010 Judze,
926 1963 1048 2000 cum
1088 1962 1209 2000 eum
1241 1945 1509 2000 illustrare
1536 1944 1764 2000 destitit.

167 2042 472 2097 Abessalon
505 2051 704 2106 autem,
730 2039 867 2093 sicut
894 2039 1107 2105 quidam
1137 2037 1570 2107 interpretantur,
1601 2035 1654 2090 in
1684 2035 1766 2088 la—

168 2136 273 2187 tina
304 2133 487 2202 lingua
513 2131 712 2186 dicitur
741 2132 911 2185 Patris
937 2147 1068 2201 pax:
1095 2130 1234 2199 quod
1269 2131 1459 2183 mirum
1489 2128 1654 2183 videri
1673 2143 1768 2197 po—

167 2233 287 2288 test,
311 2222 431 2278 sive
459 2222 510 2276 in
539 2222 760 2276 historia
790 2222 1112 2290 Regnorum,
1141 2237 1258 2271 ('ttttt
1290 2220 1484 2272 bellttm
1511 2219 1766 2272 adversus

167 2328 372 2384 patrem
404 2315 704 2369 Abessalon
733 2315 988 2384 gesserit:
1016 2313 1132 2367 sive
1157 2306 1211 2364 in
1241 2313 1456 2364 historia
1485 2310 1616 2364 Novi
1657 2310 1764 2363 Τυ-

165 2405 446 2469 stamcnti,
476 2419 599 2459 cmn
627 2404 850 2458 traditor
878 2403 1090 2456 Domini
1115 2402 1280 2457 Judas
1309 2401 1484 2464 fuerit,
1508 2401 1763 2469 quemad—

168 2498 382 2551 modum
420 2497 597 2550 Patris
629 2511 729 2561 pax
759 2496 924 2563 possit
948 2495 1188 2564 intelligi.
1215 2493 1316 2548 Sed
1347 2503 1397 2545 et
1421 2494 1491 2546 ibi
1523 2493 1612 2562 qui
1643 2493 1764 2546 dili-

167 2598 352 2654 genter
385 2589 588 2656 legunt,
615 2587 794 2642 vident
819 2588 869 2639 in
888 2586 978 2640 illo
996 2586 1135 2641 bello
1158 2584 1319 2638 David
1345 2594 1586 2654 pacatum
1604 2584 1765 2639 fuisse

170 2682 296 2743 lilio,
323 2681 413 2750 qui
434 2683 593 2733 etiam
619 2695 811 2748 magno
833 2695 952 2733 cum
977 2677 1160 2732 dolore
1185 2679 1388 2746 planxit
1413 2678 1756 2740 exstinctum,

168 2771 355 2826 dicens
379 2790 392 2824 :
428 2771 702 2824 Abessalon
732 2770 867 2836 [ilius
890 2787 1044 2830 meus,
1070 2771 1181 2839 quis
1209 2769 1348 2822 dabit
1371 2769 1493 2821 mihi
1523 2769 1651 2821 mori
1671 2785 1764 2838 pro

170 2873 216 2914 te
241 2861 309 2934 (II
340 2861 470 2931 Reg.
498 2878 650 2926 svnt,
673 2860 805 2932 3'5)?
832 2870 887 2915 et
917 2860 968 2915 in
998 2861 1220 2915 historia
1251 2861 1379 2914 Novi
1406 2861 1760 2928 Testamenti,

170 2953 280 3021 ipsa
324 2954 537 3007 Domini
570 2953 737 3008 nostri
780 2963 921 3006 tanta
967 2962 1022 3006 et
1065 2961 1171 3007 tam
1206 2952 1444 3006 miranda
1488 2953 1762 3022 patientia,

169 3043 310 3111 quod
336 3059 460 3097 eum
487 3043 685 3096 tamdiu
715 3042 930 3112 pertulit
957 3051 1205 3112 tanquam
1236 3043 1456 3108 bonum,
1488 3058 1610 3097 cum
1645 3045 1765 3111 ejus

169 3133 523 3201 cogitationes
544 3148 647 3186 non
666 3135 950 3202 ignoraret.
973 3148 1092 3187 cum
1114 3132 1354 3187 adhibuit
1373 3134 1438 3186 ad
1461 3134 1764 3188 convivium

170 3227 223 3275 ιιι
248 3237 359 3292 quo
383 3223 626 3290 corporis
667 3233 723 3276 et
766 3224 1037 3292 sanguinis
1082 3224 1160 3276 sui
1204 3222 1460 3293 figuram‘
1490 3224 1766 3292 discipulis

167 3311 642 3366 commendavitet
667 3312 881 3366 tradidit
911 3312 1085 3384 (Joau.
1116 3310 1254 3383 xm),
1279 3312 1423 3382 quod
1451 3313 1681 3384 denique
1711 3316 1762 3368 in

171 3403 284 3472 ipsa
319 3402 605 3456 traditione
653 3406 891 3456 osuttum
939 3404 1144 3471 accepit
1195 3403 1410 3474 (Matth.
1458 3420 1606 3470 xxvi,
1646 3405 1761 3474 4η),

169 3493 308 3547 bene
340 3493 655 3558 intelligitur
684 3509 866 3562 pacem
892 3493 1160 3547 Christum
1192 3495 1500 3549 exhibuisse
1524 3495 1764 3549 tradituri

169 3597 298 3647 Suo;
330 3585 578 3653 quamvis
605 3585 691 3637 ille
722 3596 826 3637 tam
865 3585 1139 3638 sceleratae
1177 3584 1514 3653 cogitationis
1553 3585 1765 3637 interno

172 3673 316 3726 bello
345 3681 669 3727 vastaretur.
705 3673 770 3726 Et
800 3673 919 3725 ideo
949 3673 1244 3726 Abessalon
1291 3674 1460 3726 Patris
1488 3690 1590 3741 pax
1626 3674 1764 3727 dici-

170 3777 280 3826 tur,
310 3765 437 3832 quia
467 3774 619 3832 pater
645 3764 823 3816 habuit
852 3778 1056 3831 pacem,
1102 3778 1259 3831 quam
1291 3764 1379 3817 ille
1406 3780 1512 3817 non
1557 3764 1760 3817 habuit.

241 3851 296 3905 2.
340 3849 494 3924 [νινε.
519 3852 575 3916 2,
619 3849 700 3924 5.]
741 3851 973 3918 Domine,
1021 3853 1143 3921 quid
1181 3853 1497 3923 multiplicati
1525 3863 1641 3905 sunt
1679 3855 1764 3922 qui

169 3943 417 3995 tribulam
447 3942 564 3995 me!
602 3950 710 3994 tam
739 3943 938 3996 scilicet
970 3943 1297 4010 multiplicati
1341 3952 1485 4008 sunt,
1512 3951 1570 3996 ut
1594 3945 1754 3996 etiam

169 4033 240 4088 de
262 4049 492 4088 numero
520 4033 900 4102 discipulorum
932 4050 1035 4086 non
1063 4034 1289 4086 defuerit
1313 4034 1402 4102 qui
1427 4049 1648 4086 numero
1675 4049 1763 4087 ac-

170 4124 400 4178 tesserit
444 4122 899 4191 persequentium.
947 4120 1102 4175 Multi
1142 4122 1408 4191 insurgunt
1457 4139 1607 4191 super
1648 4136 1766 4177 me:

171 4214 320 4267 multi
341 4213 518 4265 dicunt
542 4213 727 4266 anima:
747 4227 906 4266 meat:
928 4212 1050 4265 Non
1073 4222 1143 4266 est
1168 4213 1308 4265 salus
1329 4213 1407 4266 illi
1426 4213 1479 4265 in
1502 4212 1607 4264 Deo
1629 4213 1755 4285 ejus.

173 4303 515 4357 Manifestum
544 4311 628 4356 est
649 4301 788 4369 quod
817 4302 916 4355 nisi
938 4301 1286 4370 desperarent
1314 4312 1759 4364 resurrecturum,

175 4410 281 4450 non
314 4396 498 4464 utique
521 4393 844 4448 occiderent.
871 4395 948 4447 Ad
978 4395 1078 4447 hoc
1108 4394 1284 4446 valent
1312 4394 1414 4445 illa:
1444 4408 1630 4447 voces:
1660 4392 1761 4445 lte-

177 4487 385 4539 scendat
411 4487 476 4538 de
499 4501 667 4549 cruce,
697 4485 739 4537 si
769 4483 934 4538 Filius
978 4484 1070 4537 Dei
1099 4495 1204 4549 est;
1232 4494 1322 4539 et:
1349 4485 1488 4537 Alios
1533 4488 1759 4547 satravit,

173 4575 400 4644 seipsum
421 4591 525 4628 non
547 4583 706 4644 potest
728 4573 840 4642 (Id.
863 4590 1028 4634 xxvn.
1047 4575 1156 4643 42).
1190 4575 1326 4643 Ergo
1343 4589 1442 4628 nec
1469 4573 1627 4629 ludas
1649 4588 1762 4628 eam

175 4666 518 4729 tradidisset,
551 4666 651 4720 nisi
681 4680 744 4718 ex
773 4681 955 4719 eorum
985 4676 1129 4720 esset
1150 4680 1372 4720 numero
1387 4667 1474 4735 qui
1497 4663 1764 4720 Christum

174 4766 604 4820 contemnerent,
629 4755 901 4810 dicentes:
938 4753 1054 4808 Non
1082 4765 1151 4810 est
1178 4757 1318 4810 salus
1344 4757 1422 4811 illi
1443 4758 1496 4811 in
1516 4757 1619 4810 Deo
1637 4760 1764 4828 ejus.

243 4848 302 4901 ὅ.
345 4843 504 4917 [οέη.
555 4841 635 4917 4.]
673 4843 752 4898 Tu
771 4853 958 4908 autem,
987 4842 1222 4908 Domine,
1250 4856 1508 4914 susceptor
1524 4863 1726 4901 menses
1749 4863 1768 4902 :

173 4935 475 4990 secundum
527 4933 796 4988 hominem
840 4934 1034 4989 dicitur
1055 4935 1193 5000 Deo;
1235 4938 1355 5005 quia
1386 4935 1619 4990 hominis
1643 4952 1768 4991 sus-

175 5024 354 5096 ceptio
384 5033 468 5078 est
499 5023 730 5077 Verbum
781 5040 904 5078 caro
929 5024 1140 5079 factum.
1168 5024 1342 5080 Gloria
1370 5043 1481 5081 mea
1501 5043 1521 5080 :
1544 5026 1767 5096 gloriam

175 5131 328 5172 suam
365 5116 534 5169 Deum
562 5115 691 5168 dicit
731 5115 890 5170 etiam
945 5115 1054 5180 ille,
1085 5133 1242 5186 quem
1281 5118 1362 5172 sic
1399 5119 1634 5188 suscepit
1676 5121 1768 5174 Dei

178 5207 441 5268 Verbum,
471 5213 528 5258 ut
553 5204 710 5260 simul
733 5221 855 5259 cum
885 5222 951 5260 eo
979 5206 1118 5261 Deus
1139 5208 1308 5262 lieret.
1339 5210 1556 5264 Discant
1577 5225 1768 5278 super-

175 5297 250 5358 bi,
306 5296 398 5368 qui
449 5311 556 5349 non
600 5296 826 5351 libenter
872 5297 1094 5351 audiunt
1120 5314 1240 5353 cum
1272 5299 1351 5354 eis
1373 5301 1604 5355 dicitur:
1633 5303 1772 5370 Quid

179 5399 349 5443 autem
381 5388 536 5440 habes
572 5387 708 5458 quod
744 5405 845 5442 non
894 5391 1171 5460 accepisti?
1213 5390 1273 5446 Si
1303 5403 1467 5447 autent
1512 5396 1766 5464 accepisti.

181 5480 302 5546 quid
350 5477 588 5548 gloriaris
616 5478 762 5550 quasi
805 5496 904 5533 non
931 5482 1181 5550 acceperis
1213 5481 1257 5553 (Ι
1296 5482 1415 5538 Cor.
1450 5500 1522 5550 tv,
1570 5487 1659 5556 7)?
1705 5488 1772 5542 Et

181 5570 412 5625 (saltans
458 5578 611 5637 caput
652 5585 853 5623 meum:
881 5579 1109 5625 mentem
1156 5571 1323 5642 ipsam
1367 5572 1652 5630 humanam
1686 5577 1771 5632 hic

243 5710 258 5739 ι
285 5718 489 5766 curatum
537 5708 869 5772 Mss.,scillcet
916 5712 1251 5772 Bcniguianus,
1279 5713 1680 5765 Theodericmsrs
1716 5732 1771 5768 ac

185 5772 472 5819 trccntioris
495 5773 652 5819 :Ptatis
674 5783 737 5817 ex
763 5771 1135 5821 Corbeieusibus
1158 5787 1282 5824 unus
1298 5783 1350 5825 et
1369 5775 1492 5827 altus
1523 5791 1584 5827 ex
1612 5788 1769 5829 lienu-

182 5832 450 5892 gieusibus,
483 5831 782 5892 mysterium.

448 5913 733 5974 PATROL.
773 5910 1061 5978 XXXVI.

1870 489 2233 556 accipiendam
2289 500 2438 559 puto,
2489 492 2628 559 quod
2675 507 2831 564 caput
2872 497 3062 552 animae
3092 512 3196 553 non
3229 500 3465 558 absurde

1869 580 2184 648 appellatur,
2213 598 2338 650 quae
2379 583 2450 636 ita
2496 584 2706 638 ininrsit
2745 599 2799 639 et
2838 589 3228 653 quodammodo
3257 595 3467 650 coaluit

1867 671 2153 724 excellenti
2184 673 2653 740 superemincntim
2683 675 2838 728 Verbi
2871 677 3138 734 hominem
3168 684 3452 752 suscipien-

1871 761 1960 828 tis,
1992 771 2049 814 ιιι
2071 771 2213 816 tanta
2239 764 2504 832 passionis
2538 765 2833 820 humilitate
2862 783 2964 820 non
2991 769 3369 838 deponeretur.

1942 851 1996 905 4.
2037 849 2187 924 [rers.
2249 851 2330 926 5.]
2377 851 2510 907 Voce
2549 872 2662 908 mea
2700 856 2768 908 ad
2814 855 3093 910 Demittunt
3139 859 3467 915 clamavi:id

1870 948 1974 1005 est,
2016 956 2122 1023 non
2166 943 2407 1011 corporis
2439 959 2592 1008 voce,
2627 962 2746 1014 qure
2784 963 2904 1001 cum
2947 949 3168 1016 strepitu
3203 951 3462 1007 verberati

1871 1031 2010 1085 aeris
2041 1036 2328 1101 promitur;
2361 1034 2455 1089 Sed
2483 1051 2612 1088 voce
2633 1037 2828 1102 cordis,
2853 1055 2967 1108 qua:
2989 1041 3296 1094 ltOminibus
3321 1042 3462 1108 silet,

1872 1123 1982 1175 Deo
2013 1133 2189 1177 autem
2230 1127 2366 1179 sicut
2410 1127 2614 1181 clamor
2660 1140 2832 1182 sonat.
2890 1130 3001 1194 Qua
3048 1147 3179 1186 voce
3222 1131 3465 1188 Suzanna

1870 1214 2115 1268 exaudita
2146 1227 2226 1269 est
2254 1217 2415 1287 (Dan.
2443 1235 2553 1280 xm,
2580 1221 2706 1288 44):
2739 1233 2793 1274 et
2827 1223 2894 1277 de
2923 1242 3025 1293 qua
3060 1240 3190 1277 voce
3221 1226 3332 1293 ipse
3363 1225 3466 1278 Do-

1872 1306 2050 1357 minus
2076 1308 2339 1375 pra-cipit,
2373 1319 2430 1361 ut
2458 1311 2508 1363 iu
2537 1311 2795 1365 cubiculis
2838 1314 3051 1374 clausis,
3080 1319 3129 1369 id
3161 1326 3261 1381 σε,
3294 1316 3341 1368 in
3371 1331 3463 1369 se-

1867 1396 2032 1448 cretis
2061 1397 2240 1452 cordis
2265 1399 2379 1453 sine
2410 1402 2632 1470 strepitu
2660 1415 2844 1457 oretur
2883 1405 3098 1470 (Matth.
3144 1425 3215 1471 rt,
3245 1411 3323 1480 (ἰ).
3354 1413 3461 1466 Nec

1868 1485 2025 1539 facile
2052 1487 2332 1557 quisquam
2364 1490 2566 1545 dixerit
2587 1491 2686 1546 bac
2719 1510 2850 1550 voce
2879 1499 3055 1550 minus
3083 1502 3243 1567 orari,
3273 1504 3315 1554 si
3344 1505 3464 1556 nul-

1869 1572 1954 1627 lus
1980 1576 2260 1632 verborum
2291 1593 2454 1633 sonus
2485 1581 2736 1636 reddatur
2760 1600 2826 1638 ex
2856 1601 3108 1657 corpore;
3139 1593 3387 1659 quoniam
3412 1604 3464 1646 ct

1869 1664 2092 1719 silentes
2119 1681 2240 1720 cum
2269 1668 2320 1720 in
2350 1669 2600 1725 cordibus
2627 1687 2863 1735 orati-tus,
2894 1679 2935 1727 si
2964 1679 3150 1732 aiicnzn
3178 1680 3245 1733 ab
3270 1682 3462 1736 alfet-tu

1870 1757 2077 1809 orantis
2101 1758 2449 1827 cogitationes
2476 1761 2858 1829 intercurrunt,
2889 1768 3120 1821 nondum
3139 1770 3239 1824 diri
3260 1784 3464 1838 potest:

1883 1846 2015 1901 Voce
2039 1865 2149 1900 mea
2172 1850 2241 1901 ad
2268 1849 2541 1904 Dominum
2569 1855 2803 1910 clamavi.
2829 1857 3009 1926 Neque
3042 1861 3140 1915 hoc
3167 1874 3308 1917 recte
3337 1865 3467 1917 (Πρῖ-

1875 1949 1979 2004 tur,
2012 1939 2114 1992 nisi
2144 1955 2265 1994 cum
2297 1942 2410 1996 sola
2441 1945 2637 2010 anima,
2671 1947 2802 2001 nihil
2841 1953 3018 2003 carnis
3065 1952 3303 2022 nihilque
3349 1971 3467 2009 ear-

1874 2027 2072 2080 nalium
2117 2029 2469 2084 intentionmn
2502 2032 2553 2086 in
2580 2035 2823 2090 oratione
2852 2038 2866 2069 ⁸
2897 2039 3190 2108 attrahens,
3234 2043 3466 2113 loquitur

1876 2117 2125 2183 Domino,
2176 2120 2263 2172 ubi
2309 2123 2454 2176 solus
2496 2124 2674 2191 audit;
2722 2126 2926 2181 clamor
2968 2140 3142 2184 autem
3176 2132 3332 2186 etiam
3369 2136 3467 2187 isto

1873 2209 2090 2276 dicitur,
2123 2221 2341 2279 propter
2369 2214 2474 2266 vim
2508 2214 2674 2282 ipsius
2719 2216 3051 2272 intentionis.
3099 2220 3168 2274 Et
3207 2226 3464 2278 exaudit-it

1872 2315 1952 2352 me
1975 2299 2039 2352 de
2063 2309 2230 2355 monte
2272 2311 2444 2357 sancto
2484 2321 2576 2357 suo
2607 2307 2681 2376 (tt)
2708 2325 2723 2360 :
2754 2320 2987 2364 montem
3035 2312 3250 2380 quidem
3291 2315 3463 2384 ipsum

1872 2389 2156 2445 Dominum
2189 2408 2284 2460 per
2327 2393 2645 2464 Prophetam
2687 2398 2886 2453 dictmn
2919 2403 3193 2469 habemus,
3229 2417 3286 2459 ut
3327 2408 3464 2460 scri-

1873 2488 2019 2548 ptum
2047 2493 2153 2547 est,
2187 2484 2412 2553 lapidem
2443 2488 2722 2554 prmcisum
2739 2491 2851 2543 sine
2875 2494 3119 2548 manibus
3147 2498 3380 2552 crevisse
3410 2501 3459 2554 in

1872 2573 2289 2640 magnitudinem
2319 2578 2512 2630 montis
2537 2577 2697 2647 (Dan.
2722 2596 2779 2643 ll,
2804 2581 2916 2651 55).
2948 2582 3053 2637 Sed
3085 2585 3184 2640 hoc
3209 2585 3276 2640 ab
3299 2591 3461 2657 ipsius

1869 2667 2136 2730 persona'
2162 2682 2266 2719 non
2299 2677 2472 2736 potest
2501 2671 2690 2737 accipi,
2740 2671 2842 2726 nisi
2884 2673 3016 2728 forte
3058 2677 3125 2730 ila
3158 2680 3335 2735 dicere
3363 2697 3460 2735 vo-

1871 2757 2000 2810 luit:
2029 2757 2101 2810 De
2143 2759 2481 2826 mcmctipso,
2528 2771 2774 2831 tanquam
2817 2764 2881 2818 (is
2919 2779 3097 2822 monte
3125 2782 3311 2823 sancto
3338 2786 3455 2837 suo,

1870 2866 1957 2904 me
1997 2851 2283 2913 exaudivit,
2327 2867 2445 2905 cum
2478 2853 2740 2909 habitaret
2771 2855 2821 2909 in
2870 2874 2972 2923 me,
3027 2860 3201 2925 idest,
3249 2863 3302 2916 itt
3343 2863 3458 2932 ipso

1870 2954 2072 2995 monte.
2107 2942 2318 2997 Planius
2339 2954 2514 2997 autent
2544 2954 2626 2999 est
2654 2955 2710 3000 et
2729 2948 3044 3015 expeditius,
3071 2952 3113 3004 si
3137 2954 3457 3021 accipiamus

1870 3034 2156 3088 exaudisse
2187 3036 2350 3088 Deum
2381 3034 2450 3089 de
2481 3035 2684 3105 justitia
2713 3052 2806 3092 sua
2829 3056 2844 3092 :
2863 3041 3062 3106 justum
3094 3044 3232 3096 enim
3261 3054 3376 3098 erat
3404 3057 3457 3102 ut

1870 3122 2208 3176 innocentem
2243 3125 2498 3188 occisum,
2527 3133 2577 3179 et
2609 3127 2694 3181 cui
2740 3130 2996 3183 retributa
3029 3143 3151 3185 sunt
3178 3134 3314 3187 mala
3361 3152 3457 3204 pro

1869 3212 2046 3276 bonis,
2072 3215 2414 3267 resuscitaret
2435 3230 2464 3268 a
2495 3218 2741 3279 mortuis,
2765 3229 2818 3271 et
2837 3219 2994 3288 digna
3018 3228 3460 3295 persequentibus

1871 3307 2216 3371 retribueret;
2250 3306 2475 3376 legimus
2504 3309 2683 3363 enim:
2711 3308 2920 3364 Iustitia
2964 3327 3050 3367 tua
3097 3317 3224 3371 sicut
3267 3332 3459 3374 montes

1869 3394 1968 3450 Dei
1993 3395 2167 3465 (Psal.
2200 3412 2363 3458 xxxv,
2396 3397 2474 3468 7).

1939 3486 1995 3541 5.
2039 3484 2190 3558 [vers.
2241 3487 2320 3561 6.]
2364 3488 2471 3559 Ego
2501 3487 2733 3554 dormivi,
2764 3501 2810 3544 et
2831 3509 3058 3544 somnum
3087 3497 3197 3564 ερρί
3224 3498 3320 3567 (ὑ).
3341 3499 3458 3554 Non

1871 3577 2305 3632 inconvenienter
2330 3578 2682 3635 animadverti
2711 3593 2885 3649 potest
2921 3586 3061 3652 quod
3102 3588 3327 3654 positum
3351 3604 3457 3644 est:

1871 3665 2006 3737 Ego,
2038 3668 2104 3720 ad
2135 3667 2538 3736 signiﬁcandum
2588 3671 2728 3740 quod
2773 3687 2868 3725 sua
2915 3675 3182 3730 voluntate
3228 3692 3451 3734 mortem

1869 3758 2145 3822 sustinuit,
2175 3759 2465 3812 secundum
2501 3761 2625 3813 illud
2649 3779 2662 3814 :
2690 3761 2969 3829 Propterea
2990 3780 3066 3819 me
3097 3776 3246 3828 Pater
3267 3769 3453 3841 diligit,

1868 3853 2111 3917 quoniam
2144 3866 2233 3920 ego
2262 3867 2395 3918 pono
2443 3853 2664 3903 tmintum
2709 3867 2892 3919 meum,
2941 3864 2999 3908 ut
3039 3861 3218 3911 iterum
3257 3878 3457 3915 sinuant

1870 3954 1998 3991 eam.
2030 3937 2196 3992 Nemo
2221 3957 2329 3992 eam
2357 3941 2486 3993 tollit
2515 3958 2546 3992 τι
2585 3943 2773 4010 meipso
2797 3959 2816 3997 :
2839 3954 3133 4015 potestatem
3169 3947 3326 4004 habeo
3367 3970 3459 4020 po-

1868 4029 2023 4087 nendi
2047 4045 2178 4094 eam,
2224 4039 2268 4083 et
2310 4039 2603 4097 potestatem
2648 4032 2805 4087 habeo
2847 4034 3028 4090 iterum
3071 4041 3303 4095 sumendi
3344 4059 3455 4095 eam

1874 4118 2052 4189 (Joan.
2080 4136 2134 4186 χ,
2161 4121 2248 4184 17,
2279 4120 2403 4191 18);
2433 4139 2536 4174 non
2564 4138 2712 4192 ergo,
2742 4125 2932 4195 inquit,
2969 4143 3064 4183 vos
3090 4145 3176 4184 me
3205 4140 3454 4200 tanquam

1870 4209 2337 4281 invitum-cepistis
2361 4221 2411 4264 et
2441 4213 2729 4276 occidistis,
2753 4217 2846 4270 sed
2877 4235 2966 4288 ego
2990 4222 3224 4288 dormivi,
3251 4236 3297 4277 rt
3323 4243 3460 4279 som-

1869 4316 1990 4353 num
2013 4301 2157 4370 cepi;
2183 4311 2229 4354 et
2259 4305 2536 4366 exsurrrari,
2561 4307 2798 4373 quoniam
2829 4309 3079 4366 Dominus
3102 4318 3339 4388 suscipiet
3359 4338 3456 4376 me.

1870 4389 2129 4444 Somnum
2171 4403 2347 4445 autem
2393 4409 2491 4460 pro
2534 4406 2706 4449 morte
2740 4401 2966 4466 positum
3002 4403 3457 4465 innumerabiliter

1872 4481 2164 4551 Scriptura:
2187 4485 2485 4548 continent,
2518 4487 2658 4542 sicut
2685 4491 2970 4556 Apostolus
3002 4494 3163 4550 dicit:
3198 4497 3252 4552 Ν
3262 4501 3338 4553 olo
3370 4519 3455 4558 vos

1869 4571 2125 4640 ignorare,
2171 4571 2382 4642 fratres,
2430 4577 2493 4629 de
2529 4576 2592 4630 iis
2635 4579 2723 4649 qui
2770 4579 3118 4639 dormitionem
3161 4605 3459 4661 acceperunt

1874 4662 1916 4733 (l
1955 4662 2131 4718 Thess.
2166 4680 2237 4727 tv,
2284 4665 2394 4737 12).
2439 4667 2548 4722 Nec
2595 4671 2938 4740 quaerendum
2984 4688 3066 4731 est
3094 4694 3193 4733 cur
3222 4683 3460 4739 additum

1870 4755 1960 4819 sit,
1983 4770 2214 4809 somnum
2243 4757 2371 4826 cepi,
2389 4759 2626 4828 cumjatn
2656 4761 2856 4817 dictum
2882 4777 3044 4834 esset,
3077 4770 3321 4839 dormivi,
3346 4777 3461 4829 usio

1872 4854 2011 4898 tatas
2039 4846 2180 4898 enim
2213 4846 2408 4901 habent
2437 4851 2727 4919 Scriptura:
2773 4855 3138 4922 lmjuscemodi
3183 4868 3457 4935 repetitio—

1875 4949 1987 4996 nes,
2017 4935 2150 4988 sient
2183 4935 2231 4990 in
2257 4939 2492 4992 secundo
2519 4943 2724 5008 psalmo
2741 4948 2932 5000 multas
2950 4953 3299 5010 ostendimus.
3320 4957 3463 5014 Non-

1873 5025 2001 5078 nulli
2028 5039 2202 5078 autem
2220 5026 2432 5081 codices
2459 5029 2677 5095 habent,
2709 5035 2942 5101 dormivi,
2964 5051 3008 5090 ct
3031 5054 3298 5110 soporalus
3321 5065 3456 5113 sum,

1874 5124 1929 5167 et
1955 5114 2042 5168 alti
2083 5116 2266 5181 aliter;
2307 5121 2576 5187 quomodo
2607 5123 2941 5192 interpretari
2991 5143 3273 5198 potuerunt
3316 5141 3460 5207 quod

1874 5221 2047 5274 grzece
2084 5217 2311 5274 pOSllUItl
2349 5220 2450 5275 est,
2493 5217 2582 5277 εγὼ
2619 5218 2666 5266 δὲ
2703 5222 2958 5284 ἐκοιμήθη-θ
2993 5228 3076 5274 καί
3115 5231 3318 5281 ﬂaverant.
3349 5228 3464 5284 Νίξί

1878 5297 2016 5351 forte
2040 5296 2290 5351 dormilio
2309 5301 2603 5365 morienti~,
2623 5319 2842 5360 somnus
2872 5323 3048 5364 autem
3078 5317 3269 5369 mortui
3293 5318 3466 5390 accipi

1877 5397 2084 5456 potest;
2113 5399 2172 5441 ut
2195 5388 2446 5444 dormitio
2469 5395 2536 5445 sit
2563 5409 2664 5462 qua
2700 5399 2954 5452 transitur
2979 5403 3046 5454 ad
3073 5418 3343 5474 somnum,
3369 5388 3464 5464 ve-

1940 5520 1957 5550 ⁸
1983 5516 2169 5581 Aliquot
2191 5526 2296 5570 uss.
2311 5556 2326 5580 ,
2348 5523 2625 5575 orationem.

1941 5583 1962 5612 ι
1984 5583 2204 5643 Quinque
2235 5591 2358 5633 Mss;
2379 5585 2470 5634 sed
2493 5584 2580 5635 hoc
2604 5587 2670 5637 ad
2690 5587 2839 5651 ipsius
2862 5602 3132 5651 personam.

1939 5663 2012 5724 ra)
2045 5669 2110 5738 De
2122 5663 2315 5738 neodem
2340 5679 2469 5717 vers.
2494 5670 2525 5719 5
2549 5671 2659 5720 vide
2699 5679 2836 5722 Euar.
2883 5675 3002 5725 Psal.
3027 5691 3154 5738 suv,
3195 5697 3244 5734 ιι.
3275 5687 3340 5737 33
3367 5712 3383 5738 ρ

1877 5708 2018 5778 tua:
2045 5708 2315 5772 ᾖξε-⁷*
2494 5708 2525 5719 ν
2699 5708 2836 5722 “"““
2883 5708 3002 5725 “‘""
3027 5708 3154 5738 “""
3195 5708 3244 5734 "'
3275 5708 3383 5762 ’³³³
3425 5708 3484 5754 οι

1940 5784 2012 5872 (Ρ)
2028 5785 2374 5872 ﬂii“???
2646 5795 2699 5872 in
2723 5802 2858 5872 Em"
2895 5799 3014 5848 pa"
3041 5815 3120 5861 λιι
3156 5819 3203 5854 ⁸³·
3258 5821 3341 5872 1οε
3372 5837 3447 5870 ι.ιί

1885 5863 1927 5894 u.
1959 5847 2039 5907 tl;
2066 5859 2128 5908 ct,
2155 5861 2202 5894 ιι.
2230 5850 2290 5910 8;
2318 5859 2366 5899 et
2390 5865 2620 5916 cxxxvm,
2645 5869 2692 5904 n.
2721 5857 2764 5907 2,
2937 5847 2942 5848 ’
3042 5847 3120 5861 "'-
3157 5847 3203 5854 --
3261 5847 3341 5882 ιν,
3373 5847 3466 5882 ut,

2817 5945 3056 6016 (Trois.
3068 5945 3109 6017 λ
