3956 6318
477 337 546 396 78
1717 341 1775 392 5.
1820 335 2075 392 AUGUS’]

2185 335 2190 390 I
2232 335 2533 391 EPISCOI‘I
3372 330 3374 333 ’
3697 338 3771 394 γε

477 456 571 510 ltiti
598 462 681 511 est
710 452 1103 522 cspergel’actio
1132 466 1237 522 qua
1281 436 1540 506 transitur
1578 452 1645 505 ad
1676 450 2065 521 vigilatiouem.

471 544 553 598 Ne
601 560 696 614 pro
728 545 975 598 inanibus
1002 544 1271 598 sermonis
1314 544 1669 608 ornamentis,
1722 542 2072 611 repetitiones

475 643 605 691 istas
633 637 685 690 in
712 636 906 691 divinis
931 636 1082 689 libris
1105 651 1224 690 esse
1250 635 1589 689 arbitremur.
1621 634 1761 688 Bene
1782 649 1910 704 ergo
1931 633 2072 686 acci-

475 731 640 797 pitur,
674 728 784 800 Ego
825 728 1058 790 dormivi,
1091 737 1136 778 et
1167 744 1398 780 somnum
1424 728 1566 793 cepi;
1593 727 1704 796 Ego
1727 741 1812 779 me
1839 723 2073 794 passioni

477 818 721 889 permisi,
745 827 799 873 et
820 833 963 873 mors
989 830 1274 873 consecuta
1303 827 1402 872 est.
1438 815 1504 870 Et
1531 817 1813 882 exsurrexi,
1836 816 2076 879 quoniam

477 910 732 964 Dominus
770 911 1006 981 suscipiet
1049 928 1148 964 me.
1201 910 1308 963 lluc
1335 910 1503 978 magis
1548 906 2074 961 animadvertendum

479 988 592 1068 est,
617 1002 1065 1071 quemadmodum
1097 1004 1147 1056 in
1170 1018 1268 1056 una
1299 1002 1562 1055 sententia
1586 1010 1640 1055 et
1662 1000 1916 1070 praeteriti
1941 1011 2076 1053 tem-

481 1094 631 1160 poris
657 1092 876 1147 verbum
900 1093 1093 1162 posuit,
1121 1104 1172 1146 et
1190 1093 1349 1146 l’uturi
1372 1110 1384 1144 :
1406 1100 1461 1146 et
1477 1092 1738 1146 exsurrexi
1755 1091 1897 1145 enim
1919 1090 2072 1153 dixit,

478 1184 621 1255 quod
654 1193 736 1239 est
763 1184 832 1239 de
863 1187 1168 1255 prmterito;
1199 1194 1251 1239 et
1278 1185 1532 1254 suscipiet,
1562 1183 1704 1253 quod
1731 1183 1902 1237 estde
1930 1182 2075 1253 futu-

478 1290 573 1336 ro;
615 1274 1051 1345 cunfi'esurgerc
1092 1276 1269 1342 utique
1309 1275 1408 1328 nisi
1457 1274 1546 1328 illa
1586 1274 1929 1342 susceptione
1969 1288 2074 1326 non

477 1377 684 1439 posset.
714 1365 818 1420 Sed
848 1367 898 1420 in
927 1366 1203 1434 prophetia
1249 1365 1384 1418 bene
1412 1365 1704 1418 miscentur
1730 1362 1905 1417 futura
1933 1377 2075 1431 prte-

479 1458 674 1523 teritis,
707 1473 812 1538 quo
842 1468 1125 1525 utrumque
1154 1455 1517 1524 signiﬁcetur:
1548 1454 1670 1523 quia
1697 1469 1758 1506 ea
1787 1468 1906 1522 qua:
1945 1467 2071 1506 ven-

482 1561 598 1602 tura
649 1549 1052 1618 pr0phetantur,
1102 1547 1396 1600 secundum
1449 1555 1658 1615 tempus
1703 1545 1878 1599 futura
1917 1554 2074 1604 sunt;

478 1639 775 1693 secundum
827 1639 1105 1692 scientiam
1151 1653 1280 1691 vero
1333 1634 1787 1706 prophetantium,
1829 1635 1937 1704 jam
1982 1647 2079 1702 pro

484 1731 636 1785 factis
698 1730 957 1784 habenda.
1010 1729 1300 1782 Miscentur
1347 1741 1559 1796 quoque
1609 1726 1888 1794 prteseutis
1940 1734 2076 1778 tem-

487 1823 633 1893 poris
663 1821 844 1887 verba,
875 1837 992 1890 qua:
1032 1833 1131 1873 suo
1161 1818 1302 1880 loco,
1331 1832 1453 1872 cum
1483 1816 1834 1880 occurrerint,
1879 1821 2080 1868 tracta-

486 1917 704 1968 buntur.

557 2006 612 2061 6.
654 2004 804 2079 [vers
855 2004 905 2057 7.
916 2017 934 2075 λ
970 2002 1088 2056 Νοη
1121 2001 1302 2056 timebo
1329 2001 1492 2054 millia
1513 2000 1690 2070 pepuli
1719 1999 2080 2053 circumdantis

485 2115 604 2153 me:
627 2099 884 2168 scriptum
908 2106 987 2149 est
1015 2095 1066 2148 in
1093 2093 1404 2163 Evangelio,
1432 2101 1627 2163 quanta
1653 2107 1774 2146 eum
1800 2091 2081 2144 multitudo

485 2191 772 2259 patientem
804 2195 858 2242 et
880 2185 1194 2242 cruciﬁxum
1221 2183 1631 2239 circumsteterit
1659 2181 1879 2252 (Matth.
1915 2197 2078 2246 xxvii,

481 2283 574 2345 59,
595 2282 736 2352 etc.).
763 2277 1020 2348 Exsurge,
1047 2277 1283 2342 Domine,
1306 2275 1501 2329 salvum
1523 2290 1603 2328 me
1623 2275 1728 2346 fac,
1761 2272 1898 2326 Deus
1920 2287 2083 2325 meus:

485 2387 589 2425 non
617 2368 904 2424 dormienti
931 2377 1022 2422 aut
1048 2366 1245 2437 jacenti
1295 2365 1491 2420 dicitur
1533 2364 1666 2429 Deo,
1713 2378 1956 2432 exsurge;
1987 2360 2080 2414 sed

485 2463 650 2518 moris
675 2472 758 2516 est
785 2459 1083 2515 divinarum
1117 2457 1514 2526 Scripturarum
1567 2469 1812 2524 personae
1857 2453 1950 2507 Dei
1984 2454 2080 2506 tri-

485 2553 652 2606 buere
681 2549 820 2620 quod
855 2549 908 2602 in
938 2549 1093 2602 nobis
1120 2546 1273 2611 facit;
1319 2561 1426 2600 non
1456 2543 1675 2615 quidem
1722 2543 1938 2611 ubique,
1984 2544 2081 2595 sed

485 2645 572 2698 ubi
603 2651 963 2712 congruenter
994 2639 1094 2693 dici
1141 2646 1338 2710 potest,
1391 2637 1556 2692 veluti
1601 2651 1726 2691 cum
1771 2635 1888 2704 ipse
1935 2635 2080 2704 loqui

484 2733 700 2797 dicitur,
739 2730 954 2802 quando
1002 2730 1119 2799 ejus
1166 2729 1309 2783 dono
1349 2728 1637 2798 loquuntur
1666 2727 1948 2797 Propheta:
1996 2727 2082 2782 vel

485 2825 747 2894 Apostoli,
780 2822 862 2877 vel
895 2822 1093 2892 quique
1124 2821 1290 2874 nuntii
1322 2820 1584 2875 veritatis.
1615 2818 1771 2874 Unde
1801 2817 1928 2872 illud
1961 2827 2078 2872 cst:

484 2917 560 2969 An
589 2915 739 2968 vultis
773 2915 1174 2983 experimentum
1199 2911 1428 2980 accipere
1457 2911 1566 2981 ejus
1604 2909 1691 2981 qui
1721 2910 1773 2963 in
1802 2925 1885 2962 me
1912 2909 2081 2978 loqui-

482 3020 566 3062 tur
586 3006 819 3063 Christus
846 3005 914 3078 (ll
958 3003 1075 3059 Cor.
1117 3019 1234 3065 xm,
1277 3001 1369 3074 3)?
1400 3017 1506 3055 non
1545 3003 1688 3054 enim
1714 3001 1807 3067 ait,
1835 3001 1951 3070 ejus
1976 3014 2082 3070 quo

480 3099 814 3154 illuminante
854 3105 946 3150 aut
970 3095 1190 3164 jubente
1234 3095 1460 3164 loquor;
1502 3091 1593 3146 sed
1641 3106 1862 3161 prorsus
1908 3091 2078 3159 ipsam

483 3190 810 3244 locutionem
840 3188 913 3240 illi
943 3186 1126 3239 tribuit
1152 3185 1304 3253 cujus
1326 3199 1548 3238 munere
1579 3182 1915 3252 loquebatur.

549 3281 604 3334 ’1.
648 3276 801 3351 [υσθυε.
855 3276 934 3350 8.]
974 3277 1225 3345 Quoniam
1265 3285 1318 3328 tu
1360 3275 1654 3346 percussisti
1690 3289 1862 3328 omnes
1900 3274 2082 3329 adver-

477 3383 648 3426 santes
688 3371 814 3424 mihi
855 3371 964 3423 sine
1000 3385 1155 3421 causa
1184 3384 1204 3422 :
1241 3382 1344 3421 non
1379 3367 1451 3421 ita
1495 3366 1927 3436 distinguendum
1973 3375 2075 3432 est,

477 3466 628 3534 quasi
658 3479 762 3518 una
793 3461 1055 3518 sententia
1099 3461 1189 3525 sit,
1222 3458 1474 3529 Exsurge,
1507 3457 1751 3522 Domine;
1779 3458 1975 3511 salvum
2001 3474 2081 3512 me

486 3559 588 3626 fac,
623 3555 760 3609 Deus
806 3571 967 3619 meus,
996 3553 1234 3623 quoniam
1279 3559 1332 3604 tu
1381 3549 1671 3620 percussisti
1699 3566 1871 3603 omnes
1897 3549 2078 3603 adver-

481 3660 644 3703 santes
671 3647 798 3702 mihi
821 3647 929 3700 sine
970 3659 1167 3698 causa:
1195 3657 1300 3697 non
1351 3641 1495 3696 enim
1545 3650 1826 3710 propterea
1872 3640 2076 3694 salvum

483 3740 625 3800 facit,
655 3734 779 3807 quia
811 3736 1076 3808 percussit
1119 3735 1366 3790 inimicos
1394 3735 1545 3803 ejus;
1591 3731 1685 3787 sed
1737 3733 1913 3801 potius
1959 3733 2076 3802 ipso

479 3832 628 3884 salvo
659 3828 817 3894 facto,
850 3828 970 3882 illos
1003 3826 1283 3897 percussit.
1327 3825 1468 3895 Ergo
1496 3824 1563 3878 ad
1592 3823 1643 3877 id
1671 3825 1813 3893 quod
1841 3826 2080 3893 sequitur

480 3924 739 3993 pertinet;
771 3934 829 3976 ut
878 3923 977 3976 iste
1019 3921 1088 3974 sit
1133 3936 1345 3984 sensus,
1377 3920 1632 3984 Quoniam
1679 3927 1734 3971 tu
1785 3918 2076 3987 percussisti

477 4033 649 4069 omnes
681 4015 1002 4067 adversantes
1032 4012 1154 4065 mihi
1183 4012 1293 4066 sine
1330 4027 1507 4075 causa,
1557 4009 1730 4063 dentes
1757 4019 2078 4077 peccatorum

465 4106 791 4168 contrivisti;
825 4104 873 4158 id
898 4113 1004 4168 est,
1026 4102 1149 4156 inde
1178 4100 1474 4156 contrivisti
1500 4098 1688 4153 dentes
1713 4107 2075 4167 peccatorum,

475 4197 726 4266 quoniam
755 4193 1069 4266 percussisti
1117 4206 1307 4246 omnes
1337 4191 1684 4245 adversantes
1713 4190 1864 4242 mihi.
1913 4187 2076 4244 Ptnna

474 4291 669 4359 quippe
699 4287 1094 4341 adversantium
1134 4293 1235 4347 est,
1269 4299 1370 4352 qua
1414 4283 1606 4336 dentes
1649 4295 1832 4335 eorum
1863 4280 2076 4334 contriti

479 4394 626 4448 sunt,
664 4382 714 4436 id
746 4393 848 4448 est,
894 4383 943 4435 in
988 4381 1196 4434 irritum
1240 4379 1390 4449 quasi
1431 4379 1485 4431 in
1515 4377 1790 4446 pulverem
1821 4375 2076 4446 perducta

474 4473 636 4526 verba
684 4481 1026 4541 peccatorum
1075 4469 1484 4524 dilacerantium
1532 4465 1833 4520 maledictis
1882 4463 2075 4518 Filium

475 4564 600 4627 Dei;
630 4571 691 4616 ut
717 4563 792 4615 sic
821 4561 1146 4631 accipiamus
1176 4558 1387 4622 dentes,
1420 4556 1580 4611 verba
1629 4556 1910 4620 maledica,
1954 4559 2068 4626 qui-

475 4657 575 4707 bus
627 4652 878 4707 dentibus
935 4651 1069 4705 dicit
1130 4649 1424 4719 Apostolus
1478 4665 1492 4701 :
1548 4647 1610 4701 Si
1659 4656 1827 4701 autem
1878 4649 2079 4702 morde-

473 4749 537 4802 tis
560 4746 789 4811 invicem,
817 4745 980 4797 videte
1005 4760 1066 4796 ne
1107 4741 1475 4795 consumamini
1506 4739 1567 4793 ab
1592 4739 1801 4793 invicem
1848 4738 1990 4810 (Gal.
2020 4755 2072 4804 v,

480 4840 590 4908 15).
632 4840 864 4892 Possunt
910 4845 964 4890 ct
1013 4837 1199 4890 dentes
1231 4844 1578 4904 peccatorum
1609 4833 1777 4902 accipi
1811 4834 2075 4902 principes

472 4938 836 5004 peccatorum,
861 4943 1090 4994 quorum
1119 4925 1436 4979 auctoritate
1468 4927 1697 4993 quisque
1727 4924 1792 4977 de
1818 4935 2074 4978 suetetate

475 5032 624 5082 secto
667 5020 957 5074 viventium
1015 5016 1353 5086 przcciditur,
1401 5024 1454 5070 ct
1499 5015 1648 5082 quasi
1701 5014 2074 5080 incorporalur

475 5115 615 5168 male
643 5111 966 5166 viventibus.
1015 5109 1108 5163 llis
1139 5107 1387 5162 dentibus
1431 5106 1684 5160 contrarii
1732 5115 1855 5158 sunt
1884 5106 2072 5159 dentes

470 5205 750 5270 Ecclesite,
780 5219 1005 5273 quorum
1033 5200 1349 5254 auctoritate
1377 5198 1442 5250 ab
1469 5213 1651 5252 errore
1681 5199 1957 5266 gentilium
1981 5215 2067 5249 va-

473 5298 787 5365 riorumque
816 5295 1123 5364 dogmatum
1156 5291 1517 5363 prtcciduntur
1560 5290 1860 5353 credentes,
1911 5300 1966 5344 et
2019 5293 2069 5344 in

471 5403 590 5441 eam
621 5402 738 5455 qua:
765 5386 962 5440 Christi
995 5398 1192 5452 corpus
1223 5393 1304 5436 est
1337 5380 1766 5434 transferuuutr:
1802 5380 1884 5435 his
1931 5380 2068 5434 den-

473 5483 617 5535 tibus
643 5479 841 5532 dictutn
872 5486 954 5531 est
975 5477 1136 5530 Petro
1161 5483 1219 5527 ut
1245 5472 1589 5526 mztnducaret
1619 5481 1842 5525 mactata
1865 5473 2070 5524 anima-

472 5573 539 5626 lia
571 5572 705 5643 (Act.
737 5587 793 5632 ι,
829 5570 952 5637 l5);
1001 5568 1051 5621 id
1092 5577 1196 5631 est,
1243 5564 1537 5621 occidendo
1564 5565 1615 5618 in
1644 5563 1903 5620 Gentibus
1927 5566 2066 5633 quod

471 5675 642 5721 mut.
669 5674 723 5718 et
752 5660 1156 5717 trausmut-ando
1185 5659 1236 5711 in
1276 5659 1325 5712 id
1355 5657 1494 5728 quod
1541 5658 1653 5730 ipse
1685 5665 1846 5710 esset.
1891 5656 1955 5709 Et
2000 5657 2067 5711 de

470 5757 556 5811 his
609 5756 848 5816 dentibus
894 5753 1147 5807 Ecclesia:
1179 5751 1402 5806 dicitur:
1439 5749 1621 5803 Dentes
1669 5750 1739 5804 tui
1790 5751 1916 5804 sicut
1942 5766 2064 5820 grex

2183 450 2505 502 detonsarum
2535 451 2806 503 ascendens
2834 449 2896 502 de
2939 449 3160 511 lavacro,
3203 465 3316 515 qua
3353 466 3526 505 omnes
3549 452 3773 520 geminos

2182 539 2406 608 pariunt,
2432 551 2475 592 et
2502 540 2684 593 sterilis
2713 556 2812 593 non
2838 550 2909 594 est
2940 541 2989 592 in
3016 541 3120 593 illis
3146 539 3315 604 (Cant.
3345 558 3417 606 tv,
3438 541 3495 604 2,
3527 553 3572 596 et
3600 558 3673 606 Vl,
3692 543 3768 614 5).

2181 630 2245 686 Hi
2276 641 2398 684 sunt
2429 631 2519 700 qui
2543 641 2685 684 recte
2715 633 3046 700 prmcipinut,
3073 643 3126 685 et
3154 633 3603 703 quemadmodum
3639 651 3768 704 pne.

2180 721 2382 788 cipiunt
2408 720 2476 774 ita
2513 722 2722 785 vivunt;
2753 722 2839 790 qui
2882 723 3081 776 faciunt
3105 723 3245 791 quod
3275 723 3474 777 dictum
3517 733 3601 778 est
3624 741 3636 774 :
3660 723 3770 777 Lu-

2180 822 2322 864 ceant
2347 829 2502 880 opera
2527 823 2688 866 vestra
2715 830 2883 866 coram
2914 815 3216 879 hominibus,
3247 824 3300 868 ut
3329 815 3620 868 benedicant
3661 815 3774 869 Pa-

2182 915 2306 958 trem
2349 917 2562 959 restrutn
2605 907 2690 976 qui
2719 907 2769 958 in
2799 907 2933 959 cazlis
2962 916 3032 960 est
3067 905 3286 975 (Matth.
3330 923 3384 970 v,
3427 907 3552 976 l6):
3584 907 3776 962 horum

2183 997 2326 1048 enim
2375 995 2691 1048 auctoritate
2720 995 2996 1058 commoti,
3045 997 3152 1050 Deo
3181 1012 3276 1063 per
3307 998 3427 1052 illos
3455 997 3692 1068 loquenti
3719 1008 3779 1053 et

2183 1088 2424 1154 aperanti
2455 1086 2700 1140 homines
2745 1087 2988 1149 credunt,
3034 1096 3087 1140 et
3123 1089 3355 1158 separati
3391 1104 3420 1142 a
3465 1090 3666 1144 saeculo
3690 1091 3777 1145 cui

2184 1178 2501 1232 conformati
2529 1187 2708 1240 erant,
2743 1179 2792 1232 in
2828 1180 3079 1233 Ecclesia:
3107 1181 3344 1234 membra
3373 1191 3667 1236 transeunt.
3711 1183 3782 1237 Et

2186 1268 2306 1322 ideo
2332 1279 2477 1322 recte
2506 1270 2612 1334 isti,
2649 1285 2743 1339 per
2782 1285 2918 1335 quos
2961 1269 3074 1323 ltzcc
3107 1273 3238 1324 linut
3259 1311 3274 1338 ,
3310 1271 3500 1327 dentes
3525 1273 3786 1329 dicuntur

2183 1357 2425 1412 detonsis
2471 1359 2658 1413 ovibus
2704 1360 2938 1423 similes,
2986 1361 3106 1428 quia
3150 1368 3483 1415 terrenarum
3525 1376 3782 1417 curarum

2185 1464 2346 1503 onera
2378 1449 2772 1519 deposuerunt,
2816 1459 2872 1504 et
2907 1451 3263 1507 ascendentes
3305 1452 3372 1507 de
3410 1453 3658 1516 lavacro.
3711 1455 3784 1510 de

2184 1541 2422 1596 sordium
2467 1543 2649 1596 saeculi
2691 1543 2963 1596 ablutione
2993 1545 3008 1574 ί
3044 1559 3137 1612 per
3177 1554 3568 1600 sacramentum
3598 1546 3784 1618 bapti-

2184 1636 2392 1700 smatis,
2427 1651 2613 1690 omnes
2641 1639 2881 1706 geminos
2911 1639 3137 1706 pariunt.
3169 1637 3474 1705 Operantur
3499 1641 3642 1694 enim
3669 1641 3785 1695 duo

2186 1737 2472 1795 praecepta,
2501 1726 2568 1780 de
2597 1727 2789 1796 quibus
2816 1727 3012 1781 dictum
3042 1737 3125 1781 est
3160 1745 3173 1781 :
3207 1726 3273 1781 In
3303 1713 3384 1782 his
3413 1729 3611 1784 duobus
3641 1749 3782 1799 prie-

2184 1817 2341 1883 ceptis
2368 1827 2471 1869 tota
2522 1816 2628 1870 Lex
2670 1818 2852 1886 pendet
2908 1828 2952 1870 et
3009 1817 3279 1887 Pr0pheta:
3308 1816 3443 1891 (Id.
3484 1835 3616 1886 uti,
3644 1822 3782 1893 40),

2186 1905 2467 1976 diligentes
2496 1906 2658 1960 Deum
2691 1922 2755 1960 ex
2790 1915 2901 1961 toto
2937 1906 3121 1973 corde,
3157 1919 3210 1962 et
3245 1924 3313 1963 ex
3357 1919 3464 1963 tota
3493 1911 3693 1979 anima,
3726 1922 3784 1968 et

2181 2011 2250 2049 ex
2285 2004 2394 2049 tota
2440 2007 2653 2062 mente;
2703 2007 2757 2051 et
2802 1999 3108 2065 proximum
3142 2005 3396 2068 tanquam
3443 2001 3668 2070 seipsos.
3722 2002 3785 2057 In

2185 2086 2383 2155 quibus
2427 2087 2627 2143 sterilis
2658 2103 2762 2141 non
2791 2099 2910 2153 est,
2956 2089 3207 2158 quoniam
3255 2090 3385 2144 tales
3415 2090 3622 2146 fructus
3652 2093 3786 2149 red-

2187 2178 2319 2232 dunt
2349 2179 2476 2232 Deo.
2510 2178 2811 2234 Secundum
2840 2194 2967 2248 ergo
2995 2179 3152 2232 istum
3178 2180 3503 2245 intellectum
3528 2183 3608 2237 sic
3637 2186 3786 2239 secl.

2187 2269 2439 2338 piendum
2473 2279 2574 2334 est,
2607 2270 2778 2323 dentes
2807 2279 3128 2338 peccatorum
3158 2273 3477 2338 contrivisti;
3503 2272 3554 2329 id
3584 2283 3686 2333 est.
3726 2274 3786 2330 in

2187 2361 2395 2414 irritum
2426 2359 2696 2415 adduxisti
2727 2361 2995 2430 principes
3027 2372 3386 2430 peccatorum,
3421 2367 3786 2432 percutiunto

2186 2470 2377 2510 omnes
2417 2455 2766 2508 adversantes
2803 2455 2930 2508 mihi
2961 2456 3076 2509 sine
3101 2472 3260 2510 causa
3293 2474 3306 2511 :
3335 2458 3607 2527 principes
3633 2461 3784 2515 enim

2186 2561 2310 2598 cum
2335 2545 2628 2598 secundum
2651 2545 3014 2613 evangelicum
3045 2546 3321 2599 historiam
3346 2548 3607 2616 persecuti
3629 2557 3784 2613 sunt,

2187 2651 2308 2688 cum
2342 2634 2624 2689 multitudo
2651 2635 2870 2690 inferior
2901 2635 3216 2689 honoraret.

2259 2727 2310 2781 8.
2361 2726 2512 2798 [νοτε.
2556 2725 2636 2799 9.]
2679 2725 2882 2779 Domini
2935 2736 3005 2780 est
3045 2728 3212 2791 salus,
3256 2737 3302 2781 et
3343 2744 3496 2794 super
3533 2731 3785 2802 populum

2190 2827 2329 2868 tuum
2350 2817 2622 2870 benedictio
2638 2826 2724 2870 tua
2744 2815 2838 2887 (lt).
2863 2817 2917 2870 In
2951 2833 3049 2870 una
3069 2819 3328 2871 sententia
3347 2829 3400 2872 et
3419 2820 3672 2889 praecepit
3686 2819 3791 2875 lus.

2188 2909 2423 2961 minibus
2450 2909 2574 2978 quid
2606 2909 2923 2974 crederent,
2967 2919 3018 2964 et
3062 2926 3157 2978 pro
3182 2911 3520 2967 credentibus
3559 2916 3738 2970 oravit
3768 2934 3786 2973 :

2186 3018 2331 3068 nam,
2355 3001 2560 3055 Domini
2589 3013 2661 3056 est
2681 3003 2819 3055 salus
2848 3017 2968 3056 cum
2992 3002 3207 3067 dicitur,
3236 3005 3300 3056 ad
3330 3004 3574 3060 homines
3602 3021 3788 3062 sermo

2186 3095 2432 3165 dirigitur
2457 3111 2470 3157 ;
2516 3110 2613 3147 nec
2640 3094 2710 3147 ita
2741 3096 2980 3162 sequitur
3005 3137 3017 3156 .
3062 3095 3130 3150 Et
3155 3111 3316 3165 super
3343 3097 3593 3168 populum
3621 3111 3786 3154 suum

2187 3186 2487 3240 benedictio
2514 3185 2630 3253 ejus
2650 3227 2665 3248 ,
2700 3194 2756 3240 ut
2785 3194 2951 3240 totum
2982 3185 3286 3244 hominibus
3313 3187 3513 3244 dictum
3544 3189 3653 3255 sit;
3684 3191 3784 3247 sed

2186 3277 2253 3331 ad
2282 3278 2453 3346 ipsum
2501 3277 2668 3330 Deum
2711 3276 2885 3329 oratio
2911 3278 3267 3343 convertitur,
3315 3294 3411 3348 pro
3441 3279 3557 3349 ipso
3584 3282 3786 3351 populo

2186 3369 2270 3423 cui
2295 3369 2495 3421 dictum
2531 3376 2613 3420 est
2642 3386 2656 3420 :
2687 3366 2894 3420 Domini
2930 3378 3001 3422 est
3030 3369 3192 3422 salus.
3239 3370 3374 3436 Quid
3397 3385 3528 3441 ergo
3555 3373 3648 3438 ait,
3679 3374 3786 3429 nisi

2186 3462 2330 3516 hoc?
2382 3461 2550 3514 Nemo
2576 3461 2644 3515 de
2686 3476 2744 3514 se
2781 3470 3106 3529 prmsumat,
3151 3463 3399 3530 quoniam
3445 3459 3653 3518 Domini
3694 3475 3784 3520 est

2183 3555 2362 3608 salvos
2389 3555 2560 3608 lacere
2581 3554 2647 3607 de
2675 3562 2845 3606 morte
2875 3553 3105 3621 peccati;
3136 3570 3258 3607 nam
3284 3553 3476 3624 Infelix
3492 3571 3583 3623 ego
3605 3556 3783 3624 homo,

2183 3646 2293 3715 quis
2327 3661 2406 3696 me
2438 3644 2665 3697 liberabit
2689 3644 2752 3698 de
2780 3660 2993 3711 corpore
3021 3646 3196 3698 mortis
3223 3646 3413 3715 hujus?
3459 3646 3637 3701 Gratia
3662 3647 3782 3713 Dei,

2185 3752 2274 3803 per
2293 3734 2470 3787 Jesnm
2497 3733 2754 3787 Christum
2778 3732 3054 3786 Dominum
3081 3746 3306 3789 nostrum
3333 3737 3510 3806 (Rom.
3543 3753 3616 3792 vn
3639 3779 3654 3804 ,
3684 3739 3782 3804 24,

2182 3827 2316 3894 25);
2347 3835 2401 3879 tu
2433 3836 2608 3879 autem
2635 3867 2649 3890 ,
2692 3826 2914 3880 Domine
2937 3867 2952 3890 ,
2994 3826 3219 3882 bcuedic
3255 3829 3504 3898 populum
3536 3839 3683 3885 tuum
3711 3832 3785 3888 de

2183 3928 2235 3972 te
2265 3919 2486 3972 salutem
2517 3927 2839 3985 sperantem.

2254 4013 2306 4065 9.
2341 4011 2524 4064 Potest
2553 4019 2607 4064 et
2632 4011 2730 4064 iste
2760 4011 2994 4080 psalmus
3021 4012 3190 4080 accipi
3216 4012 3281 4066 ad
3313 4029 3594 4081 personam
3621 4013 3785 4070 Chri-

2183 4104 2247 4156 sti
2277 4103 2382 4154 alio
2408 4101 2567 4155 modo
2593 4144 2607 4168 ,
2657 4103 2706 4155 id
2737 4112 2857 4167 est,
2893 4114 2948 4155 ut
2969 4112 3113 4157 totus
3143 4103 3406 4174 loquatur.
3440 4106 3603 4161 Totus
3627 4107 3779 4175 dion,

2182 4209 2302 4246 cum
2333 4209 2563 4261 corpore
2588 4208 2686 4245 suo
2714 4193 2801 4247 cui
2828 4207 2986 4262 caput
3016 4206 3120 4257 est,
3150 4197 3440 4250 secundum
3459 4200 3782 4269 Apostolum

2181 4286 2268 4353 qui
2303 4285 2473 4337 dicit:
2515 4281 2616 4336 Vos
2663 4295 2830 4337 autent
2865 4287 2981 4337 estis
3015 4303 3197 4353 corpus
3239 4286 3426 4342 Christi
3467 4299 3513 4342 et
3556 4292 3782 4347 membra

2183 4378 2227 4443 (Ι
2255 4377 2371 4432 Cor.
2401 4393 2471 4430 xu
2493 4418 2508 4442 ,
2535 4377 2628 4446 27)
2658 4395 2671 4437 ;
2717 4393 2846 4444 ergo
2892 4378 2978 4432 ille
3005 4390 3163 4447 caput
3190 4391 3272 4435 est
3317 4383 3473 4452 hujus
3509 4387 3777 4454 corporis.

2184 4471 2409 4539 Propter
2436 4471 2578 4539 quod
2608 4471 2712 4523 alio
2743 4471 2858 4524 loco
2885 4473 3011 4524 dicit
3041 4490 3052 4525 :
3097 4472 3365 4528 Veritatem
3390 4488 3554 4531 autem
3576 4480 3779 4551 facien-

2182 4573 2252 4615 tes
2280 4564 2333 4615 in
2360 4563 2638 4627 charitate,
2692 4580 2967 4634 augeantur
3000 4566 3050 4618 in
3081 4567 3170 4620 illo
3211 4584 3299 4637 per
3338 4571 3542 4639 omnia,
3584 4574 3673 4641 qui
3702 4586 3780 4630 est

2182 4663 2333 4725 caput
2364 4653 2593 4708 Christus
2613 4695 2627 4718 ,
2657 4670 2720 4706 ea:
2743 4670 2842 4723 quo
2873 4665 3029 4708 totum
3057 4673 3239 4726 corpus
3259 4674 3538 4714 conua’cum
3560 4672 3605 4716 et
3629 4679 3774 4718 com-

2183 4754 2388 4811 pactum
2416 4752 2486 4796 est
2527 4741 2744 4812 (Ephes.
2783 4760 2861 4806 tv,
2894 4745 2962 4797 15
2985 4785 2997 4808 ,
3031 4745 3140 4815 16).
3190 4745 3450 4814 Loquitur
3472 4767 3598 4820 ergo
3631 4755 3776 4823 apud

2181 4831 2504 4900 Prophetam
2534 4833 2692 4886 simul
2719 4833 2953 4887 Ecclesia
2985 4846 3040 4890 et
3065 4846 3223 4904 caput
3260 4838 3375 4906 ejus
3399 4881 3413 4898 ,
3466 4839 3603 4897 inter
3642 4859 3764 4914 pm.

2180 4924 2342 4977 cellas
2396 4925 2831 4992 persecutionum
2877 4926 3163 4981 constituta
3205 4942 3303 4997 per
3340 4930 3646 4988 universum
3678 4951 3773 4990 or-

2185 5016 2304 5068 bem
2335 5025 2620 5077 terrarum,
2650 5017 2788 5085 quod
2814 5017 2921 5083 jam
2950 5018 3238 5087 contigisse
3265 5020 3467 5074 scimus
3497 5039 3510 5074 :
3537 5022 3772 5093 Domine,

2177 5107 2301 5178 quid
2325 5108 2646 5175 multiplicati
2683 5116 2798 5162 sunt
2818 5109 2904 5177 qui
2930 5110 3169 5162 tribulam
3189 5111 3310 5164 me?
3335 5113 3482 5165 multi
3501 5115 3776 5184 insurgunt

2177 5203 2440 5256 adversum
2485 5217 2596 5263 me,
2644 5200 2994 5254 christianum
3036 5217 3232 5257 nomen
3281 5206 3636 5261 exterminare
3672 5223 3774 5261 cu-

2179 5295 2407 5364 pientes.
2460 5294 2608 5346 Mulli
2637 5295 2809 5347 dicunt
2851 5296 3036 5349 anima:
3069 5312 3194 5349 mea:
3226 5311 3245 5350 :
3275 5294 3395 5350 Non
3420 5307 3495 5352 est
3519 5299 3657 5354 salus
3695 5302 3773 5356 illi

2178 5391 2229 5438 in
2258 5384 2366 5439 Deo
2396 5387 2505 5456 ejus
2531 5402 2549 5438 :
2577 5401 2681 5438 non
2708 5387 2849 5439 enim
2879 5386 3038 5441 aliter
3068 5397 3344 5456 sperarent
3371 5405 3528 5459 posse
3557 5407 3616 5446 se
3647 5407 3772 5462 per-

2177 5478 2303 5532 dere
2351 5477 2647 5532 Ecclesiam
2701 5477 2955 5532 latissime
2996 5472 3382 5548 pullulantem,
3424 5479 3525 5535 nisi
3561 5483 3626 5537 ad
3673 5483 3768 5540 Dei

2239 5641 2256 5664 ι
2279 5633 2501 5693 Quinque
2528 5638 2652 5682 Mss.
2681 5631 2742 5680 de
2759 5629 2982 5680 sordibus
3004 5630 3173 5680 steculi
3188 5629 3355 5682 abluti.

2177 5694 2311 5804 aut)
2350 5694 2532 5804 melus:
2566 5695 2738 5743 eodem
2757 5694 2937 5742 vers.9
2965 5695 3070 5742 vide
3095 5700 3229 5742 Enar.
3257 5695 3305 5743 in
3329 5692 3444 5742 Psal.
3474 5707 3590 5751 ml.
3619 5707 3668 5743 ιι.
3688 5696 3772 5750 Ιϐν

2251 5769 2388 5814 aut,
2417 5770 2465 5802 υ.
2527 5792 2538 5803 .
