3956 6326
222 374 289 430 ⁷7
1380 374 1774 438 ΕΝᾹΒΒΑΤΙΟ
1816 374 1832 427 l

1943 374 2246 432 )suawu
2287 378 2370 432 tv.
3473 404 3538 471 ιιι

221 504 409 542 curaui
438 487 713 558 pertinere
749 504 858 545 non
883 489 1184 545 crederent.
1233 487 1310 543 Tu
1353 504 1518 542 autem
1545 529 1560 553 ,
1596 488 1832 548 Domine.

222 568 491 646 susceptor
530 597 673 636 meus
720 599 774 636 es
803 599 822 636 :
855 584 907 636 in
947 582 1160 638 Christo
1200 584 1424 651 utique;
1476 597 1598 634 nam
1646 580 1698 634 in
1743 581 1835 634 illo

225 667 447 725 homine
477 680 531 725 et
571 672 814 729 Ecclesia
840 682 1087 743 suscepta
1113 682 1196 727 est
1222 687 1252 724 a
1274 672 1452 726 Verbo
1477 713 1491 737 ,
1537 673 1675 741 quod
1707 685 1836 725 caro

229 765 433 816 tactum
462 773 549 818 est
572 803 588 826 ,
633 774 688 818 et
718 763 978 819 habitavit
1005 765 1056 819 in
1080 765 1234 820 nobis
1263 765 1440 836 (Joan.
1475 781 1527 825 ι,
1558 766 1679 832 M);
1712 765 1837 832 quia

227 858 356 908 etin
389 857 708 912 caelestibus
738 875 836 912 nos
859 857 1049 913 sedere
1077 857 1202 913 fecit
1221 873 1324 912 una
1353 873 1474 912 cum
1507 857 1597 911 illo
1618 852 1834 925 (Ephes.

228 961 286 1012 ιι,
316 945 375 1019 6)
406 964 421 1000 :
457 948 797 1017 praecedente
823 949 966 1003 enim
993 949 1187 1018 capite,
1216 950 1677 1010 tnentbragcmlera
1706 962 1838 1002 con-

228 1050 570 1108 sequentur;
645 1041 770 1111 quis
823 1041 966 1096 enim
1019 1055 1118 1094 nos
1164 1039 1434 1110 separabit
1483 1055 1512 1092 a
1571 1039 1833 1094 charitate

226 1127 433 1185 Christi
464 1131 642 1203 (Rom.
670 1147 761 1186 vm
781 1172 796 1196 ,
831 1132 970 1203 '55)?
1014 1131 1179 1186 Recte
1215 1145 1345 1201 ergo
1380 1130 1509 1186 dicit
1540 1130 1700 1184 etiam
1731 1130 1838 1184 Ec-

228 1222 396 1278 clesia
432 1241 449 1278 :
486 1223 768 1293 Susceptor
797 1241 941 1279 meus
969 1240 1048 1291 es,
1071 1224 1236 1295 gloria
1256 1240 1404 1289 mea;
1434 1239 1539 1276 non
1561 1226 1705 1278 enim
1737 1221 1838 1277 sibi

230 1314 421 1370 tribuit
465 1314 608 1385 quod
642 1314 896 1383 excellit,
923 1331 1044 1370 cum
1091 1315 1334 1385 intelligit
1377 1315 1529 1384 cujus
1570 1314 1741 1384 gratia
1785 1321 1842 1367 et

230 1407 607 1472 misericordia
638 1409 760 1462 talis
787 1416 890 1466 est.
922 1407 989 1462 Et
1017 1409 1248 1463 exaltans
1272 1416 1426 1478 caput
1452 1424 1636 1474 meum,
1663 1407 1838 1476 ipsum

231 1499 441 1553 scilicet
483 1499 577 1568 qui
622 1499 1008 1570 primogenitus
1031 1514 1062 1553 a
1103 1499 1330 1555 mortuis
1359 1497 1602 1554 ascendit
1635 1497 1687 1552 in
1723 1512 1840 1552 cte-

233 1588 367 1642 Iutn.
418 1587 554 1644 Voce
586 1606 699 1643 mea
723 1589 793 1643 ad
823 1588 1096 1644 Dominum
1130 1590 1374 1654 clamavi,
1412 1599 1458 1643 et
1483 1588 1737 1643 exaudivit
1761 1603 1842 1642 me

232 1683 297 1735 de
327 1693 502 1736 monte
538 1692 716 1736 sancto
739 1698 852 1736 suo.
911 1675 1037 1736 ιιωο
1061 1690 1144 1737 est
1165 1682 1338 1737 oratio
1363 1680 1602 1736 omnium
1627 1688 1843 1736 sancto-

235 1787 392 1836 rum,
443 1771 582 1826 odor
619 1773 900 1826 suavitatis
935 1771 1027 1842 qui
1070 1771 1312 1826 ascendit
1337 1771 1390 1824 in
1415 1780 1707 1839 conspectu
1735 1769 1843 1824 Do-

233 1861 372 1916 mini
399 1861 549 1929 :jam
580 1863 722 1935 enim
767 1861 1053 1917 exauditur
1081 1861 1320 1917 Ecclesia
1359 1861 1430 1916 de
1476 1862 1593 1931 ipso
1635 1869 1837 1926 monte,

231 1952 376 2021 quod
424 1953 590 2007 etiam
627 1961 795 2022 caput
822 1952 938 2022 ejus
975 1964 1096 2018 est;
1142 1955 1221 2007 vel
1249 1952 1317 2008 de
1356 1953 1444 2007 illa
1477 1952 1681 2023 justitia
1719 1953 1838 2019 Dei,

232 2059 339 2114 qua
371 2052 428 2098 et
471 2045 768 2100 liberantur
807 2046 960 2099 electi
992 2046 1140 2114 ejus,
1167 2056 1222 2100 et
1253 2056 1623 2115 persecutores
1648 2060 1840 2100 eorum

231 2139 552 2206 puniuntur.
599 2138 751 2193 Dicat
790 2138 1016 2207 populus
1047 2139 1142 2194 Dei
1169 2140 1330 2194 etiam
1371 2138 1544 2193 illud:
1576 2137 1687 2209 Ego
1715 2139 1840 2192 dor--

239 2229 394 2294 miri,
423 2236 474 2281 et
499 2243 732 2282 somnan
760 2230 908 2299 cepi;
935 2239 982 2282 et
1001 2231 1265 2284 exsurrexi
1286 2272 1300 2291 ,
1324 2232 1564 2301 quoniam
1592 2229 1842 2310 Dominus

232 2319 474 2389 suscipiet
512 2334 626 2385 me,
675 2331 734 2374 ut
759 2321 1078 2390 adjungatur
1119 2329 1175 2375 et
1204 2321 1475 2378 cohrereat
1502 2323 1664 2392 capiti
1708 2340 1837 2390 suo;

236 2409 363 2467 huic
399 2414 546 2467 enim
581 2413 776 2481 populo
817 2413 1016 2468 dictum
1048 2422 1131 2468 est
1165 2431 1177 2466 :
1209 2413 1376 2484 Surge
1407 2415 1492 2484 qui
1535 2416 1725 2471 dormis
1746 2457 1763 2485 ,
1793 2427 1841 2471 et

233 2517 456 2571 exsurge
493 2519 526 2554 ιι
565 2505 805 2569 mortuis,
846 2513 891 2556 et
930 2505 1184 2574 continget
1215 2504 1231 2535 ί
1262 2515 1309 2558 te
1348 2503 1578 2560 Christus
1621 2504 1837 2579 (Epiros.

234 2607 301 2656 v,
334 2592 466 2664 is);
515 2594 770 2664 quoniam
794 2594 861 2647 de
891 2597 1257 2662 peccatoribus
1285 2606 1590 2667 assumptus
1617 2602 1740 2656 est.
1772 2600 1840 2655 de

233 2683 433 2753 quibus
463 2685 788 2754 generaliter
811 2685 1009 2739 dictum
1044 2695 1127 2740 est
1159 2705 1172 2741 :
1209 2685 1310 2753 Qui
1346 2698 1516 2741 autem
1558 2687 1834 2757 dormiunt,

236 2787 381 2830 nocte
403 2776 666 2830 dormiunt
693 2776 736 2850 (l
766 2777 945 2832 Thess.
975 2795 1006 2831 v
1026 2819 1040 2842 ,
1074 2780 1150 2849 7).
1201 2780 1351 2834 Dicat
1374 2782 1534 2839 etiam
1564 2800 1577 2835 :
1615 2782 1736 2836 Non
1771 2784 1838 2836 ti-

236 2867 380 2920 mebo
406 2868 571 2920 nrillia
594 2869 770 2940 populi
788 2869 1150 2925 circumdantur
1177 2887 1294 2936 me;
1321 2874 1836 2929 circumvallantium

236 2959 447 3014 scilicet
473 2961 748 3030 gentium,
789 2961 856 3015 ad
894 2964 1340 3033 exstinguendum
1367 2983 1590 3026 nomen.
1635 2969 1678 3023 si
1709 2985 1836 3038 pos-

236 3059 378 3116 sent,
409 3051 734 3120 ubicumque
759 3053 1129 3109 christianum.
1162 3055 1266 3110 Sed
1297 3057 1563 3127 quomodo
1586 3059 1838 3114 timerent»-

238 3149 344 3206 tur,
375 3157 499 3196 cum
525 3153 773 3212 tanquam
800 3147 919 3200 oleo
941 3149 1198 3217 sanguine
1227 3159 1519 3220 martyrum
1549 3152 1599 3205 in
1622 3152 1839 3209 Christo

234 3231 398 3286 ardor
439 3233 716 3287 charitatis
762 3235 1218 3292 inﬂammaretur?
1267 3238 1535 3312 Exsurge,
1586 3241 1835 3308 Domine,

237 3323 436 3376 salsum
461 3340 538 3378 me
560 3327 674 3395 fac,
703 3324 844 3381 Deus
873 3344 1014 3383 meus
1045 3344 1065 3382 :
1091 3337 1273 3399 potest
1295 3332 1394 3386 hoc
1417 3334 1516 3404 ipsi
1544 3335 1701 3402 capiti
1739 3351 1838 3391 suo

238 3428 436 3483 corpus
462 3414 678 3480 dicere;
730 3417 821 3471 illo
857 3419 999 3474 enim
1044 3432 1368 3492 exsurgente
1404 3423 1607 3478 salvum
1637 3423 1836 3482 factum

237 3515 339 3568 est,
364 3505 458 3574 qui
483 3507 795 3561 ascendltin
823 3509 1011 3574 altum,
1036 3511 1299 3580 captivam
1322 3515 1431 3584 egit
1450 3516 1831 3584 captivitatem,

235 3593 384 3649 dedit
422 3595 566 3650 dona
614 3597 919 3654 hominibus
963 3600 1136 3671 (Psal.
1166 3618 1338 3670 ιιι-ιι,
1383 3605 1475 3676 19)
1507 3623 1520 3657 :
1554 3606 1654 3662 hoc
1690 3609 1832 3664 enim

236 3684 290 3738 in
314 3685 786 3754 prredestinatione
815 3706 842 3742 a
868 3691 1130 3760 Pmphcta
1159 3693 1355 3749 dicitur
1375 3736 1391 3760 ,
1439 3712 1545 3765 quo
1567 3713 1737 3769 usque
1765 3700 1832 3755 ad

237 3784 409 3830 terras
453 3778 736 3833 Dominum
767 3791 1009 3835 nostrum
1034 3824 1048 3847 ,
1094 3784 1182 3839 illa
1221 3784 1290 3840 de
1321 3803 1423 3856 qua
1456 3789 1507 3842 in
1541 3789 1829 3862 Evangelio

235 3867 453 3931 dicitur,
482 3871 674 3925 messis
699 3881 908 3927 matura
939 3874 1150 3945 (Matth.
1186 3892 1241 3931 ix
1267 3917 1282 3944 ,
1313 3878 1402 3950 '57)
1424 3878 1690 3949 deposuit,
1735 3900 1832 3939 cu-

231 3954 318 4025 jus
367 3958 516 4012 salus
564 3969 648 4014 cst
698 3962 750 4015 in
796 3961 912 4032 ejus
948 3968 1377 4033 resurrectione,
1419 3972 1506 4040 qui
1542 3987 1641 4042 pro
1677 3974 1834 4032 nobis

233 4049 485 4118 dignatus
509 4060 591 4105 est
620 4057 779 4108 mori.
828 4055 1082 4122 Quoniam
1124 4068 1178 4112 tu
1209 4063 1498 4130 percussisti
1538 4081 1711 4119 omnes
1733 4066 1834 4120 ad-

233 4149 490 4194 versantes
508 4142 634 4196 mihi
652 4145 761 4198 sine
779 4161 954 4212 causa,
981 4147 1154 4203 dentes
1175 4164 1496 4219 peccatorum
1519 4157 1797 4211 contrivisti
1814 4177 1830 4215 :

229 4231 338 4301 jam
387 4243 650 4302 regnante
696 4235 977 4306 Ecclesia,
1026 4241 1226 4297 inimici
1277 4245 1508 4300 nominis
1552 4246 1831 4305 christiani

231 4323 552 4380 confusione
602 4328 842 4396 percussi
888 4340 1050 4395 sunt,
1108 4341 1164 4387 et
1207 4334 1319 4389 sive
1365 4336 1624 4392 maledica
1670 4340 1830 4395 verba

229 4430 419 4470 eorum
441 4457 458 4482 ,
487 4418 603 4472 sive
635 4419 959 4489 principatus
982 4463 994 4485 ,
1029 4423 1082 4476 in
1112 4423 1320 4479 irritum
1350 4426 1585 4482 deducti.
1613 4431 1830 4487 Credite

231 4522 378 4578 ergo,
409 4508 679 4573 homines,
708 4513 848 4582 quod
871 4511 1080 4568 Domini
1098 4525 1170 4570 est
1195 4519 1334 4571 salus
1353 4528 1453 4586 :et,
1476 4529 1552 4586 tu,
1582 4521 1827 4591 Domine,

228 4598 296 4648 sit
324 4614 483 4666 super
511 4601 756 4670 populum
781 4611 920 4656 tuum
943 4603 1219 4660 benedictio
1250 4618 1358 4661 tua.

308 4689 398 4742 10.
431 4689 620 4746 Potest
645 4691 806 4746 etiam
830 4695 1194 4766 unusquisque
1216 4709 1456 4755 nostrum
1479 4701 1677 4771 dicere,
1705 4720 1827 4761 cum

228 4779 480 4834 vitiorum
509 4789 564 4835 et
588 4783 936 4850 cupiditatum
982 4788 1270 4844 multitudo
1300 4793 1634 4849 resistentem
1676 4812 1826 4852 men-

228 4877 334 4923 tem
365 4870 516 4924 ducit
557 4871 608 4924 in
639 4873 753 4943 lege
781 4877 981 4943 peccati
1013 4895 1025 4931 :
1060 4877 1276 4934 Domine
1296 4919 1313 4946 ,
1366 4884 1477 4950 iuid
1505 4887 1828 4958 multiplicati

226 4972 342 5014 sunt
367 4962 458 5030 qui
481 4963 724 5018 tribulam
752 4983 867 5031 me,
912 4969 1058 5022 multi
1093 4970 1362 5042 insurgunt
1403 4975 1669 5032 adversum
1704 4977 1829 5034 me?

229 5049 295 5105 Et
335 5053 592 5121 quoniam
634 5055 946 5126 plerumque
995 5064 1400 5119 coacervatione
1424 5067 1672 5123 vitiorum
1694 5071 1826 5125 sub-

228 5145 362 5212 repit
415 5143 722 5215 desperatio
747 5149 988 5205 sanitatis
1011 5191 1026 5217 ,
1057 5161 1306 5223 tanquam
1333 5156 1462 5226 ipsis
1491 5158 1633 5214 vitiis
1660 5162 1828 5216 insul-

229 5239 464 5291 tantihus
489 5237 705 5302 animm,
731 5239 816 5293 vel
847 5243 1009 5296 etiam
1037 5243 1251 5298 diabolo
1271 5259 1326 5301 et
1351 5250 1558 5319 angelis
1585 5252 1825 5324 ejus'per

231 5329 413 5384 noxias
441 5333 811 5400 suggestiones
843 5343 898 5388 ut
927 5335 1277 5404 desperemus
1312 5345 1661 5410 operantibus
1685 5388 1700 5412 ,
1733 5363 1824 5404 vc-

229 5417 436 5475 rissime
475 5421 670 5476 dicitur
701 5439 715 5477 :
750 5422 904 5478 Multi
943 5427 1115 5481 dicunt
1160 5431 1345 5485 unione
1391 5452 1516 5490 mete
1541 5452 1562 5490 :
1590 5435 1711 5493 Non
1750 5449 1824 5495 est

228 5510 360 5564 salus
399 5508 478 5563 illi
515 5513 566 5565 in
602 5511 708 5566 Deo
737 5516 866 5583 ejus.
911 5512 990 5569 Tu
1018 5530 1221 5583 autem,
1269 5521 1518 5589 Domine,
1564 5540 1842 5601 susceptor

231 5618 365 5659 metu
384 5620 476 5670 es;
504 5607 618 5662 hinc
638 5607 784 5662 enim
813 5625 934 5678 spes
955 5620 1057 5677 est,
1089 5615 1228 5682 quod
1261 5628 1504 5674 naturam
1533 5622 1818 5682 humanam

226 5755 300 5879 gat
329 5764 414 5806 ιτο
430 5757 731 5823 epiphausei,
759 5758 1060 5827 illuminabit,
1081 5763 1302 5834 legebat,
1318 5773 1611 5843 ephapsrtai,
1640 5783 1820 5836 comin-

1952 487 2002 539 in
2030 488 2243 543 Christo
2271 493 2286 521 ί
2317 492 2592 560 alisoipcre
2635 495 2880 567 dignatus
2918 513 3018 557 est.
3073 506 3249 564 Gloria
3291 530 3400 568 mea
3434 540 3451 569 .-
3479 530 3545 574 cx

1950 578 2036 632 illa
2067 591 2282 650 regula,
2318 598 2385 636 ne
2415 586 2534 652 quis
2558 587 2658 641 sihi
2701 591 2898 660 aliquid
2945 595 3159 653 tribuat.
3207 600 3273 655 Et
3313 607 3546 661 eraltons

1948 681 2099 737 caput
2125 686 2293 724 meum
2327 689 2345 725 :
2374 674 2489 728 sive
2517 676 2688 744 ipsum
2723 681 2811 748 qui
2839 686 3076 740 omnium
3108 701 3346 747 nostrum
3377 711 3539 766 caput

1946 770 2028 812 est
2048 801 2061 816 .
2091 762 2204 816 sive
2236 764 2651 835 uniuscujusque
2696 779 2934 826 nostrum
2965 777 3245 845 spiritum,
3289 789 3429 852 quod
3447 762 3545 841 ica-

1947 861 2042 918 put
2077 855 2162 906 est
2190 855 2383 908 animae
2415 865 2470 910 et
2497 860 2709 931 carnis;
2753 875 2905 932 caput
2935 859 3076 921 enim
3109 873 3334 927 mulieris
3359 877 3434 928 vir
3457 919 3471 940 ,
3506 892 3550 930 et

1945 956 2098 1009 caput
2143 944 2239 996 viri
2284 944 2519 1001 Christus
2567 948 2614 1018 (Ι
2641 949 2758 1005 Cor.
2790 969 2843 1008 XI
2868 997 2882 1016 ,
2923 953 3001 1025 3).
3056 959 3332 1017 Exaltatur
3368 959 3545 1020 autem

1941 1041 2120 1094 utens,
2147 1051 2269 1090 cum
2289 1036 2398 1106 jam
2422 1039 2525 1093 dici
2551 1051 2744 1109 potest,
2766 1045 2934 1100 Mente
2953 1055 3112 1105 servio
3126 1052 3225 1123 legi
3250 1055 3343 1108 υρί
3368 1054 3539 1126 (πων,

1944 1139 2045 1187 vti,
2077 1121 2208 1196 25);
2241 1136 2299 1182 ut
2323 1141 2515 1185 caetera
2545 1131 2777 1190 hominis
2809 1149 2995 1205 pacata
3031 1144 3050 1172 ³
3073 1121 3388 1213 subdantur,
3425 1157 3548 1203 etuti

1939 1213 2050 1282 jam
2089 1218 2267 1272 carnis
2303 1225 2699 1280 resurrectione
2738 1227 3060 1287 absorbetur
3103 1252 3248 1290 mors
3289 1259 3339 1294 ιιι
3373 1243 3550 1296 victo~

1943 1306 2079 1360 riam
2108 1306 2150 1379 (Ι
2183 1306 2300 1364 Cor.
2331 1326 2425 1374 xv,
2455 1311 2570 1384 54).
2614 1310 2748 1370 Voce
2773 1335 2882 1372 mea
2902 1323 2970 1374 ad
2993 1323 3266 1381 Dominum
3295 1330 3510 1387 clamavi
3531 1352 3550 1386 :

1943 1412 2078 1454 voce
2119 1396 2204 1453 illa
2237 1401 2422 1457 intima
2459 1417 2513 1459 et
2555 1407 2928 1466 intentissima.
2981 1411 3048 1468 Et
3085 1418 3339 1474 exaudivit
3379 1442 3459 1479 me
3484 1428 3547 1478 dc

1944 1497 2114 1543 monte
2141 1500 2318 1545 sancto
2346 1510 2440 1547 suo
2471 1511 2490 1549 :
2518 1494 2586 1551 de
2615 1497 2732 1566 ipso
2770 1514 2865 1570 per
2894 1521 3052 1572 quem
3091 1509 3246 1565 nobis
3271 1514 3543 1581 subvenit,

1942 1583 2118 1648 etquo
2136 1579 2435 1639 mediatore
2462 1601 2562 1640 nos
2589 1581 2824 1646 exaudit.
2852 1594 2961 1665 Ego
2986 1595 3220 1667 dormivi,
3244 1615 3289 1657 et
3311 1579 3545 1662 somnum

1943 1668 2090 1739 cepi;
2131 1682 2178 1726 et
2231 1678 2493 1730 exsurrexi
2517 1718 2532 1744 ,
2575 1683 2815 1749 quoniam
2856 1684 3108 1743 Dominus
3143 1696 3384 1762 suscipiet
3412 1717 3493 1755 me
3523 1716 3543 1756 :

1946 1763 2062 1832 quis
2098 1764 2201 1820 hoc
2227 1781 2332 1820 non
2378 1778 2556 1838 potest
2589 1767 2828 1831 ﬁdelium
2861 1779 3042 1836 dicere
3063 1824 3080 1850 ,
3128 1788 3374 1844 recolens
3403 1807 3536 1849 mor-

1947 1862 2054 1908 tem
2086 1868 2428 1925 peccatorum
2455 1875 2673 1919 suorum
2701 1909 2716 1930 ,
2765 1879 2815 1921 et
2845 1870 3047 1928 donum
3088 1883 3546 1946 regenerationis?

1947 1939 2071 1998 Non
2113 1944 2296 2002 timebo
2334 1949 2496 2004 millia
2541 1956 2717 2027 papuli
2751 1960 3114 2020 circumdantis
3142 1939 3240 2022 me.
3294 1970 3546 2043 Exceptis

1962 2032 2049 2090 his
2085 2053 2206 2107 qua:
2246 2041 2617 2100 universaliter
2653 2049 2890 2105 Ecclesia
2936 2059 3186 2112 sustinuit
3213 2071 3266 2115 et
3295 2032 3545 2132 sustinet,

1964 2123 2124 2182 habet
2150 2131 2309 2184 etiam
2344 2137 2710 2208 unusquisque
2752 2145 3071 2200 tentationcs
3100 2151 3290 2218 quibus
3318 2123 3548 2212 circum:

1941 2221 2165 2277 vallatus
2187 2222 2301 2279 haec
2327 2225 2472 2281 dicat
2504 2247 2516 2281 :
2554 2226 2807 2302 Exsurge,
2837 2235 3086 2304 Domine,
3120 2243 3316 2298 salvum
3342 2265 3419 2300 me
3437 2253 3543 2321 fac,

1942 2307 2084 2366 Deus
2113 2331 2298 2381 meus;
2338 2318 2441 2373 hoc
2469 2330 2570 2384 est,
2601 2318 2710 2378 Fac
2737 2341 2823 2382 me
2852 2344 3160 2401 exsurgere.
3213 2336 3465 2403 Quoniam
3489 2356 3543 2397 ιιι

1943 2408 2240 2476 percussisti
2283 2427 2457 2464 omnes
2486 2415 2811 2471 adversantes
2853 2422 2979 2474 mihi
3023 2425 3132 2478 sine
3168 2444 3325 2485 causa
3351 2447 3373 2485 .'
3401 2445 3545 2491 recte

1943 2493 1996 2549 in
2030 2497 2507 2567 praedestinatione
2547 2504 2741 2560 dicitur
2769 2508 2835 2563 de
2861 2509 3074 2568 diabolo
3099 2527 3151 2570 ct
3177 2521 3380 2590 angelis
3403 2525 3540 2595 ejus.

1945 2586 2035 2655 qui
2072 2603 2180 2640 non
2202 2591 2374 2646 solum
2405 2592 2456 2645 in
2488 2602 2656 2649 totum
2682 2595 2881 2652 Christi
2909 2616 3137 2672 corpus,
3183 2586 3276 2663 sed
3303 2586 3461 2668 etiam
3491 2586 3543 2671 in

1945 2675 2185 2745 singulos
2223 2694 2464 2750 quosque
2493 2685 2742 2753 privatim
2784 2691 3031 2747 szeviunt.
3081 2694 3267 2753 Dentes
3315 2719 3546 2771 peccato-

1942 2782 2054 2817 rum
2080 2770 2357 2823 contrivisti
2386 2786 2406 2826 :
2436 2772 2600 2829 habet
2617 2782 2982 2853 unusquisque
3001 2770 3389 2850 maledicentes
3407 2799 3540 2863 sibi;

1943 2854 2104 2912 habet
2131 2861 2290 2915 etiam
2319 2863 2569 2920 vitiorum
2596 2880 2843 2927 auctores
2869 2887 3123 2935 conantes
3145 2899 3265 2939 eum
3295 2904 3324 2941 a
3344 2889 3542 2948 Christi

1940 2962 2166 3016 corpore
2188 2951 2498 3020 praecidere.
2524 2953 2627 3014 Sed
2656 2961 2864 3018 Domini
2889 2979 2960 3022 est
2987 2973 3162 3038 salus;
3190 2963 3424 3036 cavenda
3453 2999 3541 3037 suo

1942 3041 2124 3106 porhia
2151 3054 2263 3109 est,
2291 3055 2347 3101 et
2374 3047 2657 3106 dicendum
2691 3069 2706 3106 :
2740 3057 2962 3113 Adhazsit
2998 3066 3169 3118 anima
3206 3085 3317 3123 mea
3358 3085 3470 3141 post
3496 3087 3543 3129 te

1941 3126 2115 3236 fl’sal.
2148 3149 2277 3200 an,
2311 3137 2389 3208 9).
2416 3137 2486 3193 Et
2513 3159 2664 3212 super
2685 3151 2928 3218 populum
2953 3162 3094 3209 tuum
3126 3126 3408 3222 benedictio
3430 3126 3538 3236 tua,

1941 3217 2043 3274 hoc
2072 3233 2155 3277 est
2181 3239 2343 3296 super
2369 3245 2800 3308 unumquemque
2831 3252 3093 3299 nostrum.
3482 3242 3484 3244 V

1941 3360 3468 3409 ..Μ

2429 3455 2508 3515 ΙΝ
2550 3457 2688 3524 PSA
2703 3462 2934 3526 LMUM
2963 3469 3051 3528 IV

2510 3576 2927 3638 ENAllliATIO.

2209 3676 2276 3736 In
2297 3683 2450 3752 ﬁnem
2475 3725 2490 3754 ,
2526 3687 2764 3747 Psalmus
2790 3689 3054 3754 Canticum
3080 3697 3266 3760 David.

2013 3793 2062 3846 Ι.
2113 3790 2282 3868 [υενε.
2333 3797 2420 3870 1.]
2469 3800 2616 3858 Finis
2662 3805 2811 3878 Legis
2853 3810 3086 3870 Christus
3151 3819 3222 3872 ad
3280 3816 3536 3893 justitiam

1936 3886 2077 3938 omni
2103 3887 2329 3940 credenti
2357 3890 2536 3956 (Rom.
2566 3910 2620 3960 ι,
2651 3895 2709 3968 4)
2745 3915 2758 3950 :
2792 3899 2876 3955 hic
2915 3905 3055 3958 enim
3101 3909 3221 3963 linis
3247 3886 3536 3980 perfectio-

1934 3989 2057 4027 nem
2096 3976 2362 4047 signiﬁcat
2386 4022 2401 4047 ,
2435 3996 2541 4037 non
2584 3992 3074 4059 Consumptionem.
3129 3976 3316 4056 Utrum
3356 4017 3533 4064 autem

1935 4341 2173 4408 cantica,
2207 4347 2372 4412 quaeri
2403 4357 2601 4417 potest.
2651 4351 2755 4406 Sed
2783 4341 3270 4421 animadvertenda:
3296 4367 3536 4442 Scriptu-

1936 4445 2012 4484 ra:
2037 4442 2194 4496 sunt,
2225 4451 2293 4490 ne
2333 4436 2469 4493 forte
2492 4439 2771 4498 Canticum
2804 4447 3043 4505 laetitiam
3069 4453 3305 4513 iudicet:
3335 4436 3534 4521 Psalmi

1933 4531 2111 4577 autem
2144 4526 2431 4596 dicuntur,
2482 4535 2569 4602 qui
2602 4548 2886 4594 cantantur
2926 4545 2992 4599 ad
3041 4551 3385 4622 psalterium;
3427 4574 3540 4630 quo

1936 4629 2088 4669 usum
2117 4631 2237 4672 esse
2267 4619 2430 4676 David
2459 4626 2773 4694 prophetam
2805 4632 2856 4687 in
2884 4648 3078 4707 magno
3100 4619 3379 4714 mysterio,
3412 4619 3536 4719 pro-

1934 4705 2010 4760 dit
2039 4706 2261 4763 historia
2297 4712 2339 4781 (Ι
2372 4712 2500 4768 Par.
2534 4733 2650 4785 xm,
2680 4721 2734 4787 8,
2766 4732 2812 4775 et
2841 4740 2950 4790 xw,
2979 4705 3057 4798 ὃ).
3109 4705 3182 4788 De
3206 4753 3308 4805 qua
3339 4705 3532 4798 rerum

1937 4808 2020 4853 est
2049 4800 2133 4854 hic
2172 4801 2472 4861 disserendi
2515 4809 2700 4878 locus;
2742 4816 2863 4883 quia
2891 4818 3194 4880 diuturnam
3225 4800 3531 4900 inquisitio-

1934 4905 2058 4945 nem
2087 4903 2140 4946 et
2172 4893 2385 4965 longam
2405 4900 2834 4967 disputationem
2862 4910 3148 4968 desiderat.
3199 4893 3348 4975 Nunc
3390 4925 3529 4978 inte-

1933 4981 2032 5035 rim
2061 4994 2152 5038 aut
2182 4989 2340 5040 verba
2371 4989 2633 5047 Dominici
2664 4994 2900 5054 hominis
2933 5014 3050 5069 post
3079 5014 3527 5075 resurrectionem

1931 5085 2246 5141 exspectare
2269 5078 2545 5147 debemus,
2580 5095 2672 5140 aut
2702 5087 2934 5146 hominis
2957 5094 3006 5148 in
3036 5095 3273 5155 Ecclesia
3302 5107 3530 5161 creden-

1933 5164 2000 5217 tis
2025 5174 2079 5218 ct
2098 5171 2363 5235 sperantis
2392 5174 2441 5225 in
2470 5189 2613 5229 ctun.

2019 5255 2073 5308 2.
2119 5255 2267 5329 [vers.
2302 5259 2383 5334 2.]
2428 5261 2554 5318 Cum
2598 5267 2916 5340 invocarent,
2963 5282 3219 5336 exaudivit
3261 5303 3339 5340 me
3383 5289 3523 5345 Deus

1923 5348 2141 5416 iustitia:
2172 5369 2297 5406 mea:
2321 5371 2342 5408 :
2371 5371 2491 5410 cum
2539 5360 2838 5418 invocarem
2861 5407 2875 5428 ,
2918 5373 3184 5428 exaudivit
3228 5394 3314 5434 me
3358 5380 3522 5449 Deus,

1931 5441 2102 5510 inquit
2125 5483 2138 5506 ,
2164 5460 2191 5495 a
2217 5460 2323 5514 quo
2352 5460 2433 5503 est
2457 5451 2658 5517 justitia
2693 5471 2828 5510 utea.
2859 5457 2925 5512 In
2952 5463 3273 5523 tribulatione
3299 5441 3524 5530 dilatasti

1928 5531 2050 5583 mihi
2074 5548 2094 5585 :
2123 5533 2190 5584 ah
2216 5540 2477 5606 angustiis
2518 5541 2746 5597 tristitia‘
2771 5587 2785 5609 ,
2834 5548 2885 5602 in
2929 5551 3262 5612 latitudinem
3301 5565 3524 5632 gaudio-

1926 5637 2043 5675 rum
2069 5639 2155 5679 me
2176 5625 2402 5690 duxisti;
2435 5631 2702 5688 tribulatio
2725 5637 2866 5690 enim
2891 5653 2943 5694 et
2971 5651 3210 5716 angustia
3233 5651 3282 5704 in
3303 5625 3519 5711 omnem

1991 5731 2007 5806 ξ
2033 5729 2239 5806 tiddgin
2263 5733 2518 5806 (aristam.
2549 5745 2610 5806 _At
2635 5743 2852 5806 nonnulli
2883 5751 3010 5804 διες..
3046 5751 3095 5799 in
3118 5753 3323 5806 Christo.

1925 5791 2007 5913 ml
2033 5793 2437 5901 ltjwcolbcrtinus
2473 5798 2646 5849 codex.
2698 5802 2783 5853 Alii
2817 5791 3511 5888 smnus.

1991 5868 2076 5901 ιίἰ.
