3956 6312
469 357 535 420 79
1711 350 1767 405 S.
1810 345 2177 405 AUCUSTlNl
2221 343 2521 401 EPISCOPI
3689 344 3756 401 ιο

464 481 695 535 animam
737 474 969 529 hominis
996 470 1270 545 operattis
1299 468 1494 523 malum
1526 466 1702 537 (Rom.
1726 482 1760 520 Il
1781 505 1799 532 ,
1828 464 1905 535 9).
1946 461 2048 532 Qui

466 578 645 623 autem
668 564 827 621 .dicit
864 581 879 619 :
914 562 1206 617 Gaudemus
1254 559 1307 612 in
1350 555 1797 621 tribulationibus,
1844 557 2055 609 scientes

470 659 708 727 quoniam
737 654 996 709 tribulatio
1018 646 1316 723 patientiam
1341 660 1602 716 aperatur,
1634 662 1805 717 usque
1829 646 1895 700 ad
1928 646 2054 699 illud

468 748 559 803 ubi
583 747 660 802 ait
687 764 705 802 :
737 746 990 812 Quoniam
1026 743 1249 797 cltaritas
1276 740 1370 794 Dei
1399 739 1591 807 diffusa
1624 749 1697 792 est
1738 739 1791 792 in
1819 737 2056 791 cordibus

469 837 656 891 nostris
680 852 770 904 per
797 832 1047 903 Spiritum
1074 842 1324 893 sanctum,
1352 830 1438 901 qui
1479 830 1631 883 datus
1671 838 1746 882 est
1782 827 1923 882 nobis
1940 825 2052 895 (Id.

469 942 524 990 v,
551 929 607 990 5,
638 927 692 994 5)
719 966 736 989 ,
784 941 891 979 non
924 922 1083 979 habet
1110 922 1287 977 cordis
1310 918 1582 991 angustias
1603 960 1620 985 ,
1666 918 1910 990 quamvis
1948 934 2045 997 cx-

475 1018 736 1071 trinsecus
758 1032 787 1069 a
814 1015 1255 1085 persequentibus
1284 1013 1613 1083 ingerantur.
1634 1011 1853 1065 Mutatio
1872 1019 2050 1063 autem

473 1124 715 1178 personui
737 1149 753 1173 ,
796 1107 938 1177 quod
965 1122 997 1160 a
1025 1107 1208 1172 tertia,
1255 1104 1343 1159 ubi
1378 1104 1491 1167 ait,
1537 1102 1828 1167 exaudivit,
1875 1100 2056 1156 statim

471 1196 679 1252 transiit
703 1197 769 1250 ad
795 1196 1123 1262 secundam,
1167 1196 1253 1251 ubi
1279 1195 1391 1262 ait,
1436 1193 1666 1248 dilatain
1688 1193 1849 1255 mihi,
1876 1191 1923 1247 si
1949 1206 2056 1245 non

467 1288 747 1343 varietatis
775 1301 840 1341 ac
867 1286 1145 1341 suavitatis
1188 1299 1349 1340 causa
1400 1286 1535 1339 facta
1577 1293 1692 1348 est,
1736 1283 1929 1337 mirum
1958 1296 2057 1337 cur

467 1381 695 1449 primum
724 1390 976 1449 tanquam
1008 1377 1244 1433 indicare
1280 1376 1447 1430 voluit
1489 1374 1795 1430 hominibus
1831 1373 2055 1430 exaudi-

469 1481 580 1523 tum
608 1484 667 1524 se
687 1484 827 1533 esse,
858 1477 911 1524 et
939 1478 1119 1538 postea
1137 1466 1462 1537 compellare
1491 1466 1853 1522 exauditorem
1875 1479 2053 1519 suum.

468 1559 580 1613 Nisi
620 1557 756 1614 forte
791 1572 915 1615 cum
953 1558 1244 1617 indicasset
1283 1556 1733 1628 quemadmodum
1776 1554 2059 1610 exauditus

466 1649 538 1702 sit
559 1647 615 1701 in
641 1648 754 1717 ipsa
783 1646 1093 1702 dilatatione
1118 1645 1298 1701 cordis
1319 1686 1338 1713 ,
1366 1646 1557 1702 maluit
1581 1660 1704 1699 cum
1729 1646 1841 1700 Deo
1875 1644 2054 1714 loqui;

470 1739 715 1793 utetiam
754 1737 857 1793 hoc
896 1738 1057 1792 modo
1084 1737 1394 1793 ostenderet
1429 1735 1560 1807 quid
1597 1736 1669 1790 sit
1708 1735 1873 1791 corde
1919 1735 2057 1790 dila-

473 1828 594 1891 tari,
625 1829 678 1883 id
711 1835 833 1895 est,
877 1828 991 1898 jam
1030 1827 1175 1881 cordi
1206 1826 1403 1883 habere
1431 1824 1665 1881 infusum
1704 1826 1907 1890 Deum,
1933 1839 2058 1880 cum

456 1934 575 1991 quo
615 1919 942 1983 intrinsecus
970 1918 1332 1987 colloquatur.
1383 1917 1537 1984 Quod
1576 1917 1632 1973 in
1668 1930 1899 1990 persona
1941 1918 2059 1985 ejus

469 2014 558 2081 qui
588 2013 815 2068 credens
842 2012 895 2065 in
924 2010 1197 2067 Christum
1225 2010 1558 2065 illuminatus
1581 2019 1704 2077 est,
1745 2021 1893 2065 recte
1919 2009 2061 2064 acci-

470 2104 616 2173 pitur
646 2119 662 2157 :
693 2102 745 2157 in
776 2102 944 2169 ipsius
980 2111 1156 2156 autem
1189 2101 1446 2157 Dominici
1476 2100 1728 2167 hominis,
1748 2114 1907 2170 quem
1932 2115 2057 2155 sus-

473 2195 615 2264 cepit
653 2194 748 2250 Dei
796 2194 1104 2263 Sapientia,
1145 2208 1255 2248 non
1291 2191 1449 2247 video
1479 2191 1925 2262 quemadmodum
1956 2190 2061 2248 hoc

465 2282 640 2353 possit
678 2299 1009 2354 congruere;
1054 2298 1158 2337 non
1199 2282 1341 2336 enim
1371 2283 1441 2337 ab
1467 2297 1530 2337 ea
1557 2282 1843 2352 aliquando
1870 2282 2058 2338 deser-

468 2385 556 2428 tus
577 2383 676 2429 cst.
704 2372 810 2433 Sed
835 2371 1284 2443 quemadmodum
1314 2372 1426 2440 ipsa
1447 2371 1566 2442 ejus
1588 2370 1895 2443 deprecatio
1916 2414 1931 2435 ,
1961 2387 2061 2427 no-

467 2474 596 2520 stras
640 2465 818 2535 potius
859 2464 1184 2519 infirmitatis
1230 2464 1486 2519 indicium
1525 2473 1648 2529 est;
1698 2464 1777 2519 sic
1804 2464 1965 2519 etiam
1991 2464 2060 2521 de

467 2559 570 2611 ista
599 2558 877 2627 repentina
920 2557 1233 2611 dilatatione
1268 2556 1447 2611 cordis
1489 2565 1666 2625 potest
1706 2555 1846 2611 idem
1876 2556 2060 2609 Domi-

467 2663 568 2705 nus
595 2662 691 2719 pro
737 2646 983 2704 fidelibus
1008 2646 1119 2703 suis
1166 2645 1344 2718 loqui,
1388 2660 1613 2716 quorum
1646 2660 1931 2717 personam
1957 2645 2057 2703 sibi

469 2741 719 2812 imposuit
748 2743 907 2795 etiam
936 2755 1058 2796 cum
1094 2741 1169 2794 ait
1202 2758 1216 2794 :
1247 2740 1452 2794 Esurivi
1476 2781 1491 2801 .
1527 2751 1574 2794 et
1596 2757 1695 2794 non
1720 2741 1926 2795 cibastis
1946 2757 2059 2808 me;

468 2833 603 2889 sitivi
623 2874 639 2900 ,
667 2844 718 2888 et
744 2842 918 2904 potum
945 2849 1047 2887 non
1075 2832 1286 2887 dedistis
1311 2833 1439 2886 mihi
1469 2831 1681 2903 (Matth.
1714 2849 1838 2898 xxv,
1868 2832 1983 2901 55),
2005 2839 2062 2888 et

460 2936 680 2982 uetera.
708 2926 885 2993 Quare
915 2924 1003 2980 hic
1026 2939 1236 2994 quoque
1257 2931 1432 2992 potest
1450 2923 1650 2991 dicere,
1670 2924 1892 2978 dilatasti
1911 2924 2058 2990 mihi,

470 3033 566 3086 pro
592 3031 699 3072 uno
722 3032 786 3071 ex
816 3014 1053 3069 minimis
1072 3012 1185 3069 suis
1203 3013 1550 3084 colloquente
1574 3029 1698 3069 cum
1725 3014 1838 3069 Deo
1862 3055 1877 3079 ,
1904 3013 2059 3085 cujus

462 3105 782 3161 cbaritatem
836 3104 1086 3160 diffusam
1129 3102 1295 3159 habet
1337 3103 1394 3159 in
1439 3104 1621 3159 corde
1658 3119 1755 3174 per
1796 3102 2055 3175 Spiritum

464 3209 733 3260 sanctum,
764 3196 854 3267 qui
880 3194 1040 3251 datus
1062 3202 1147 3250 est
1172 3194 1349 3250 nobis.
1378 3194 1624 3249 Miserere
1650 3194 1750 3250 mci
1767 3238 1783 3262 ,
1804 3206 1853 3250 et
1873 3197 2062 3252 exaudi

464 3287 752 3343 (rationem
780 3303 945 3341 meam
978 3301 999 3342 :
1022 3300 1119 3341 cur
1136 3286 1329 3341 iterum
1356 3293 1530 3356 rogat,
1558 3300 1678 3341 cum
1696 3286 1806 3355 jam
1824 3304 1883 3343 se
1898 3303 2061 3342 exau-

466 3379 637 3433 ditum
666 3387 722 3435 et
747 3377 1027 3433 dilatatam
1057 3376 1420 3433 indicaverit?
1469 3378 1552 3434 An
1580 3387 1799 3448 propter
1826 3393 1956 3440 nos,
1992 3381 2061 3434 de

466 3469 659 3538 quibus
698 3468 896 3525 dicitur
926 3485 942 3522 :
977 3466 1040 3523 Si
1085 3476 1254 3521 autent
1289 3466 1428 3539 quod
1462 3483 1567 3521 non
1612 3468 1837 3522 uidemus
1879 3486 2058 3540 spera-

468 3575 583 3614 mus
606 3600 622 3624 ,
659 3575 748 3627 per
777 3558 1071 3626 patientiam
1099 3567 1448 3626 exspectamus
1471 3556 1645 3628 (Rom.
1665 3573 1788 3623 vni,
1813 3558 1940 3628 25);
1968 3567 2061 3613 aut

469 3659 529 3705 ut
551 3650 603 3705 in
625 3651 717 3705 illo
733 3652 821 3721 qui
843 3648 1067 3705 credidit
1094 3649 1400 3718 perficiatur
1427 3648 1568 3718 quod
1597 3648 1906 3704 inchoatum
1932 3649 2059 3705 est?

539 3745 593 3799 ὅ.
616 3741 780 3816 [verm
804 3740 894 3817 3.]
922 3740 1047 3795 Filii
1082 3741 1363 3808 hominum,
1390 3758 1647 3812 usquequo
1668 3759 1846 3812 graves
1869 3743 2060 3797 corde?

470 3835 661 3890 saltem
704 3848 874 3904 usque
916 3833 971 3888 in
1000 3832 1288 3888 adventum
1307 3873 1326 3901 ,
1368 3833 1571 3903 inquit,
1601 3832 1723 3889 Filii
1754 3835 1852 3889 Dei
1882 3846 2058 3891 vester

472 3940 627 3981 error
654 3924 959 3992 duraverit;
998 3924 1124 3995 quid
1152 3939 1280 3996 ergo
1305 3925 1445 3979 ultra
1470 3940 1661 3997 graves
1686 3926 1848 3983 corde
1884 3928 2057 3983 estis?

457 4015 695 4086 Quando
721 4015 951 4071 habituri
984 4016 1142 4070 linem
1175 4014 1503 4071 fallaciarum
1524 4058 1539 4080 ,
1578 4017 1623 4071 si
1655 4019 1878 4072 veritate
1920 4034 2058 4087 prte-

469 4117 620 4165 sente
660 4109 680 4140 ¹
715 4123 823 4163 non
870 4108 1119 4163 habetis’
1166 4105 1613 4179 thuidt'diligitis
1656 4110 1964 4175 vanitatem,
2008 4118 2058 4164 et

468 4199 694 4264 qua'ritis
723 4188 1039 4253 mendltcium
1062 4198 1088 4251 .9
1130 4197 1313 4268 utquid
1342 4197 1503 4253 vultis
1546 4198 1684 4253 beati
1714 4214 1835 4255 esse
1862 4191 1931 4254 de
1969 4201 2054 4255 in-

472 4290 654 4347 limis?
696 4288 1057 4365 Sulaveritas
1104 4288 1227 4344 facit
1270 4287 1488 4355 beatos,
1521 4304 1584 4344 cx
1626 4305 1731 4360 qua
1766 4306 1891 4343 vera
1932 4300 2057 4344 sunt

467 4382 664 4438 omnia.
684 4382 815 4436 Nam
833 4382 1038 4435 vanitas
1051 4392 1131 4435 est
1147 4380 1550 4445 vanitantium',
1565 4390 1618 4435 et
1633 4382 1811 4436 omnia
1825 4382 2051 4439 vanitas.

466 4478 598 4543 Qua:
645 4474 964 4530 abundantia
1023 4473 1222 4528 homini
1277 4472 1330 4527 in
1374 4471 1521 4528 omni
1560 4472 1744 4528 labore
1783 4488 1917 4539 suo,
1948 4488 2055 4544 quo

469 4567 581 4635 ipse
621 4564 828 4621 laborat
868 4564 969 4620 sub
1014 4565 1128 4619 sole
1156 4561 1367 4635 (Eccle.
1400 4579 1452 4630 ι,
1474 4563 1530 4624 2.
1558 4563 1667 4632 5)?
1698 4564 1896 4635 thuid
1926 4582 2056 4635 ergo

466 4654 836 4725 temporalium
871 4669 1048 4710 rerum
1095 4670 1280 4709 amore
1318 4653 1674 4709 detinemini?
1714 4656 1900 4726 utquid
1934 4667 2054 4711 tan-

464 4760 625 4816 quam
652 4745 847 4817 prima,
871 4754 1111 4799 extrema
1137 4745 1416 4799 sectamini
1441 4761 1457 4810 ;
1490 4745 1631 4813 quod
1658 4756 1743 4801 est
1766 4746 1973 4800 vanitas
1998 4756 2056 4803 et

467 4834 847 4892 mendacium?
873 4834 1080 4905 Cupitis
1105 4837 1248 4890 enim
1276 4851 1591 4904 permanere
1611 4838 1907 4903 vobiscum,
1930 4856 2051 4912 quae

467 4926 644 4982 omnia
676 4934 953 4980 transeunt
989 4934 1238 4994 tanquam
1268 4926 1479 4980 umbra.
1554 4936 1560 4941 ‘

2169 463 2331 519 tionis
2360 477 2528 531 genus
2560 460 2818 517 familiare
2846 476 2967 517 esse
2993 460 3068 515 illi
3101 460 3293 531 lingua:
3326 475 3433 529 qua
3472 459 3751 529 Propheta

2167 553 2331 609 iucnti
2358 562 2502 608 sunt.
2535 551 2666 607 Nam
2697 567 2841 623 stupe
2878 553 3084 607 invenis
3114 553 3182 606 ita
3211 562 3446 620 emptum
3479 570 3495 606 ε
3530 551 3600 606 Et
3627 550 3760 605 dixit

2169 644 2424 700 Dominus
2450 642 2516 697 ad
2546 642 2695 697 illum
2715 683 2731 704 ,
2762 642 2830 696 Et
2870 640 3065 696 factum
3093 652 3177 697 est
3202 641 3418 697 verbum
3452 640 3665 696 Domini
3690 642 3756 707 ad~

2164 736 2336 791 illum.
2381 736 2511 803 Quae
2552 736 2798 804 iunctura
2845 734 3272 803 conjunctionis,
3323 749 3446 788 cum
3490 736 3755 788 sententia

2163 845 2277 886 non
2308 828 2643 898 praecesserit
2670 827 2756 880 cui
2785 819 3016 896 sequens
3043 834 3395 891 conectatur,
3438 822 3759 879 mirabiliter

2170 918 2410 973 fortassis
2439 917 2674 971 insinuat
2711 916 3063 987 prolationem
3093 915 3335 970 veritatis
3373 914 3427 970 in
3456 930 3593 969 voce
3634 927 3755 967 cunt

2165 1025 2227 1063 ea
2257 1010 2460 1064 visione
2484 1023 2605 1077 qure
2629 1009 2688 1061 fit
2728 1008 2782 1062 in
2810 1006 2973 1062 corde
2999 1021 3119 1062 esse
3164 1006 3525 1076 coniunctam.
3569 1004 3754 1071 Quan-

2164 1115 2323 1167 quam
2348 1099 2433 1153 ltic
2459 1098 2561 1153 dici
2591 1100 2776 1168 possit.
2805 1097 2948 1167 quod
2977 1098 3222 1168 superior
3245 1098 3533 1162 sententia,
3562 1095 3757 1165 thuid

2163 1191 2380 1263 diligitis
2406 1191 2708 1257 vanitatem,
2736 1201 2786 1244 et
2821 1190 3043 1258 queritis
3068 1190 3387 1244 mendacium
3410 1190 3438 1244 .’
3480 1189 3555 1244 ita
3585 1189 3756 1258 posita

2161 1292 2247 1340 est
2270 1299 2333 1338 ac
2355 1286 2401 1339 si
2428 1283 2716 1349 diceretur,
2740 1282 2916 1337 Nolite
2947 1282 3167 1352 diligere
3185 1281 3496 1349 vanitatem,
3524 1290 3581 1336 et
3604 1296 3749 1351 qum-

2163 1390 2287 1431 rere
2313 1375 2645 1431 mendacium
2669 1393 2684 1442 ;
2715 1391 2822 1445 quo
2846 1375 2916 1431 ita
2941 1375 3137 1445 posito,
3160 1375 3460 1430 rectissima
3484 1373 3759 1428 locutione

2163 1465 2407 1534 sequitur
2437 1482 2450 1518 :
2476 1464 2544 1519 Et
2578 1467 2754 1520 scitote
2779 1466 3017 1535 quoniam
3043 1463 3397 1519 admirabilem
3422 1464 3542 1537 fecit
3569 1463 3757 1517 Domi-

2163 1574 2263 1612 nus
2292 1567 2525 1612 sanctum
2551 1574 2721 1611 suum.
2752 1556 2857 1613 Sed
2888 1556 3260 1625 interpositum
3289 1555 3580 1625 diapsalma
3609 1562 3762 1609 vetat

2163 1658 2321 1705 istam
2361 1664 2483 1703 cum
2519 1650 2795 1718 superiore
2823 1647 3071 1717 conjungi
3104 1664 3119 1701 :
3151 1648 3265 1701 sive
3290 1645 3434 1701 enim
3478 1644 3760 1703 bebrmum

2162 1737 2385 1795 verbum
2436 1739 2525 1804 sit,
2570 1738 2708 1793 sicut
2749 1737 2965 1809 quidam
3018 1737 3221 1805 volunt,
3271 1752 3380 1808 quo
3426 1733 3765 1806 signiﬁcatur

2163 1828 2320 1894 Fiat;
2351 1829 2462 1885 sive
2485 1844 2740 1899 graecum,
2769 1844 2877 1899 quo
2900 1827 3227 1898 significatur
3251 1827 3587 1883 intervallum
3616 1825 3765 1896 psal-

2165 1918 2308 1975 lendi
2329 1960 2344 1986 ,
2378 1929 2434 1976 ut
2462 1918 2667 1992 psalma
2697 1920 2769 1974 sit
2810 1918 2953 1988 quod
2994 1919 3239 1989 psallitur
3258 1950 3279 1987 ,ς
3306 1917 3601 1988 diapsalma
3626 1930 3764 1971 vero

2164 2010 2536 2080 interpositum
2567 2009 2620 2066 in
2651 2009 2930 2080 psallendo
2956 2009 3226 2065 silentium
3251 2025 3268 2077 ;
3310 2017 3371 2065 ut
3401 2006 3765 2080 quemadmo-

2163 2100 2294 2155 dum
2314 2100 2639 2171 sympsalma
2664 2100 2861 2155 dicitur
2883 2114 3070 2156 vocum
3096 2099 3367 2171 cepulatio
3391 2100 3444 2154 in
3468 2097 3762 2163 cantando,

2165 2191 2238 2247 ita
2265 2191 2558 2262 diapsalma
2589 2192 2877 2263 disjunetio
2902 2208 3083 2247 earum
3105 2233 3121 2258 ,
3154 2191 3243 2246 ubi
3270 2190 3516 2262 quindam
3541 2190 3765 2259 requies

2163 2282 2445 2355 disiuncta:
2483 2284 2900 2340 continuationis
2928 2284 3230 2341 ostenditur
3256 2301 3270 2339 :
3300 2284 3419 2340 sive
3445 2298 3576 2354 ergo
3604 2283 3762 2348 illud,

2165 2373 2279 2428 sive
2305 2374 2406 2427 hoc
2425 2415 2440 2437 ,
2471 2374 2583 2430 sive
2607 2373 2750 2428 aliud
2781 2374 2977 2444 aliquid
3013 2374 3116 2439 sit,
3143 2380 3290 2429 certe
3321 2373 3448 2429 illud
3479 2372 3766 2444 probabile
3820 2380 3823 2381 ⁷

2161 2471 2279 2528 est,
2312 2479 2417 2517 non
2460 2475 2607 2518 recte
2635 2465 2937 2520 continuari
2980 2476 3035 2518 et
3077 2464 3325 2535 conjungi
3369 2479 3625 2531 sensum,
3670 2464 3766 2519 ubi

2163 2551 2458 2622 diapsalma
2487 2554 2858 2624 interponitur.

2235 2644 2287 2705 5.
2321 2643 2569 2703 Dominus
2596 2646 2831 2703 exaudiet
2863 2661 2976 2714 me,
3001 2646 3123 2703 dum
3166 2632 3445 2704 tumo
3485 2664 3553 2701 ac
3594 2666 3712 2701 eum
3746 2663 3767 2703 :

2165 2738 2255 2794 hic
2282 2754 2381 2794 nos
2406 2740 2683 2797 admoneri
2711 2740 2903 2805 credo,
2933 2750 2991 2794 ut
3020 2755 3207 2811 magna
3237 2739 3532 2795 intentione
3555 2739 3765 2805 cordis,

2168 2832 2219 2888 id
2242 2844 2345 2899 est,
2374 2834 2589 2888 interno
2609 2843 2659 2888 et
2690 2834 3009 2903 incorporeo
3028 2832 3263 2889 clamore
3281 2832 3538 2893 auxilium
3568 2831 3768 2901 implo-

2164 2938 2347 2978 remus
2378 2922 2470 2977 Dei
2497 2938 2512 2987 ;
2544 2924 2796 2993 quoniam
2827 2924 2965 2978 sicut
3000 2922 3373 2993 gratulandum
3412 2932 3494 2977 est
3525 2922 3595 2978 de
3636 2922 3766 2977 illu-

2167 3013 2460 3068 minatione
2505 3013 2558 3068 in
2588 3012 2689 3069 hac
2717 3013 2824 3067 vita
2847 3056 2863 3079 ,
2894 3014 2966 3069 ita
2993 3014 3256 3070 orandum
3287 3029 3383 3083 pro
3411 3014 3596 3083 requie
3643 3023 3771 3083 post

2168 3103 2305 3159 hanc
2336 3102 2519 3159 vitam.
2564 3102 2900 3174 Quapropter
2926 3113 3019 3159 aut
3045 3120 3112 3159 ex
3144 3117 3367 3175 persona
3396 3102 3571 3158 fidelis
3592 3118 3769 3158 evan-

2148 3197 2463 3273 gelizantis,
2493 3206 2583 3250 attt
2610 3212 2676 3251 ex
2719 3197 2887 3266 ipsius
2921 3196 3154 3261 Domini,
3178 3196 3258 3250 sic
3282 3195 3653 3265 accipiendum
3679 3204 3771 3252 est

2165 3305 2229 3345 ac
2253 3290 2297 3343 si
2328 3289 2528 3344 dictum
2556 3290 2664 3345 sit:
2694 3290 2949 3344 Dominus
2978 3287 3234 3344 exaudiet
3261 3303 3376 3354 vos,
3403 3287 3530 3343 dum
3560 3288 3769 3344 clama-

2164 3382 2347 3435 veritis
2375 3379 2442 3434 ad
2470 3395 2616 3435 eum.

2237 3475 2290 3529 6.
2310 3471 2476 3547 iners.
2494 3471 2589 3546 5.]
2610 3470 2925 3535 Irascintini,
2946 3480 2993 3525 et
3020 3470 3175 3525 nolite
3202 3486 3408 3540 peccare
3431 3468 3507 3541 (τι)
3533 3486 3549 3519 :
3570 3484 3769 3527 occur-

2163 3565 2313 3619 rebat
2351 3564 2493 3618 enim
2530 3580 2543 3615 :
2576 3562 2709 3632 Quis
2735 3573 2818 3618 est
2845 3562 3038 3633 dignus
3065 3561 3338 3628 exaudiri,
3369 3570 3457 3615 aut
3487 3562 3767 3630 quomodo

2167 3669 2272 3707 non
2301 3652 2498 3708 frustra
2525 3654 2724 3708 clamat
2750 3662 3000 3723 peccator
3025 3650 3093 3705 ad
3118 3650 3443 3707 Dominum?
3472 3652 3613 3721 Ergo
3640 3650 3768 3705 Ira-

2163 3745 2364 3799 scimini
2379 3785 2394 3811 ,
2429 3744 2617 3816 inquit,
2644 3752 2693 3799 et
2722 3742 2880 3798 nolite
2904 3757 3151 3815 peccare;
3180 3743 3320 3812 quod
3347 3742 3557 3799 duobus
3582 3744 3767 3801 modis

2164 3835 2383 3900 intelligi
2415 3843 2590 3905 potest
2616 3849 2633 3889 :
2661 3844 2785 3901 aut,
2814 3834 2987 3889 Etiam
3013 3833 3059 3888 si
3090 3834 3401 3899 irascimini,
3430 3834 3602 3890 nolite
3627 3849 3763 3903 pec-

2162 3940 2325 3991 care;
2376 3924 2427 3979 id
2456 3933 2571 3990 est,
2604 3924 2775 3979 Etiam
2801 3924 2845 3978 si
2884 3923 3055 3994 surgit
3092 3933 3268 3978 motus
3294 3923 3458 3979 animi
3481 3964 3498 3990 ,
3524 3924 3617 3995 qui
3642 3923 3763 3997 jam

2162 4026 2383 4088 propter
2411 4031 2623 4087 pcenam
2649 4018 2851 4087 peccati
2884 4031 2988 4070 non
3022 4024 3107 4070 est
3136 4014 3187 4069 in
3220 4023 3517 4086 potestate,
3561 4017 3763 4073 saltem

2162 4110 2211 4165 ei
2242 4125 2348 4164 non
2374 4110 2675 4164 consentiat
2695 4110 2831 4164 ratio
2850 4115 2908 4163 et
2931 4122 3104 4176 mens,
3129 4122 3249 4178 qua:
3276 4108 3418 4163 intus
3440 4120 3762 4179 regenerata

2162 4210 2247 4257 est
2274 4203 2568 4259 secundum
2601 4203 2766 4257 Deum
2788 4211 2895 4267 ,‘ut
2938 4212 3118 4258 mente
3161 4203 3457 4259 serviamus
3499 4203 3602 4273 legi
3634 4204 3759 4271 Dei,

2162 4294 2205 4348 si
2238 4293 2413 4348 adhuc
2434 4308 2598 4348 carne
2631 4292 2896 4348 servimus
2927 4292 3025 4363 legi
3056 4293 3260 4362 peccati
3287 4292 3463 4363 (Rom.
3491 4309 3587 4359 vtt,
3617 4293 3757 4366 25):

2160 4394 2273 4449 aut,
2302 4383 2456 4453 Agite
2480 4381 2845 4453 pmoitentiant
2868 4398 2884 4449 ;
2915 4383 2965 4436 id
2992 4392 3094 4445 est,
3129 4383 3416 4437 irascimini
3444 4383 3603 4440 vobis
3623 4385 3760 4455 ipsis

2159 4475 2227 4529 de
2270 4476 2553 4545 praeteritis
2598 4475 2862 4545 peccatis.
2900 4484 2955 4529 et
2986 4474 3208 4528 ulterius
3251 4490 3475 4545 peccare
3501 4475 3754 4533 desinite.

2163 4565 2294 4633 Qut:
2319 4566 2488 4621 dicitis
2510 4566 2566 4620 in
2588 4565 2825 4620 cordibus
2852 4567 3029 4621 vestris
3051 4582 3073 4620 :
3101 4565 3434 4631 subauditur,
3461 4568 3662 4634 dicite;
3694 4579 3753 4627 ιιι

2159 4660 2229 4715 sit
2260 4659 2414 4728 plena
2457 4660 2720 4721 sententia
2750 4678 2765 4714 :
2795 4659 2926 4726 Qua:
2954 4660 3132 4715 dicitis
3151 4702 3165 4724 ,
3199 4658 3253 4715 in
3278 4660 3529 4717 cordibus
3554 4664 3750 4720 vestris

2157 4750 2353 4816 dicite;
2386 4749 2437 4804 id
2460 4757 2562 4815 est,
2594 4750 2757 4804 nolite
2777 4766 2901 4805 esse
2927 4752 3152 4820 populus
3176 4751 3244 4806 de
3270 4768 3378 4821 quo
3403 4752 3603 4809 dictum
3628 4766 3749 4813 est:

2158 4837 2332 4894 Labiis
2370 4856 2449 4893 me
2478 4840 2762 4905 honorant,
2792 4857 2882 4895 cor
2916 4852 3083 4895 autem
3121 4859 3295 4896 eorum
3321 4846 3470 4917 longe
3508 4853 3582 4899 est
3610 4861 3643 4899 a
3672 4861 3749 4901 me

2161 4930 2312 4999 (Isai.
2340 4946 2505 4995 xxix,
2534 4930 2656 5001 15).
2696 4930 2764 4985 In
2807 4931 3057 4988 cubilibus
3092 4935 3270 4989 vestris
3305 4937 3748 5006 contpungimt‘ni:

535 5018 589 5072 4.
623 5014 789 5090 [oers.
818 5012 915 5089 4.]
958 5014 1025 5070 Et
1069 5015 1244 5069 scitote
1285 5015 1525 5085 quoniam
1553 5016 1904 5071 admirabilem
1930 5020 2051 5090 fecit
2148 5022 2261 5078 ‘hoe
2286 5033 2369 5079 est
2393 5024 2536 5093 quod
2558 5023 2668 5093 jam
2698 5024 2896 5079 dictum
2924 5034 3007 5080 est
3025 5068 3040 5088 ,
3077 5027 3130 5081 in
3153 5028 3432 5095 cordibus;
3460 5030 3577 5086 hare
3598 5033 3749 5089 enim

467 5111 717 5165 Dominis
745 5118 975 5162 sanctum
995 5124 1147 5161 suum
1172 5122 1191 5160 :
1214 5122 1394 5177 quem,
1420 5106 1521 5162 nisi
1546 5123 1668 5162 eum
1698 5123 1854 5179 quem
1880 5113 2049 5165 susci-

469 5202 598 5256 tavit
623 5199 693 5255 ab
722 5199 938 5265 inferis,
963 5207 1019 5255 et
1044 5199 1096 5253 in
1124 5198 1263 5253 cmlo
1302 5197 1366 5252 ad
1397 5196 1677 5253 dexteram
1720 5200 2048 5257 collocavit?

459 5294 770 5362 Increpatur
794 5305 927 5362 ergo
952 5305 1121 5360 genus
1151 5287 1475 5353 humanum,
1507 5298 1565 5343 ut
1593 5290 1659 5343 ad
1689 5304 1810 5344 eum
1843 5307 1901 5347 se
1932 5302 2049 5348 tan-

458 5385 580 5439 dem
612 5383 679 5437 ab
707 5381 866 5449 hujus
907 5379 1091 5434 mundi
1136 5394 1320 5434 amore
1348 5389 1647 5433 convertat.
1677 5379 1781 5437 Sed
1811 5383 1855 5437 si
1886 5400 2044 5454 quem

462 5482 639 5529 movet
679 5470 987 5539 eonjunctio
1025 5469 1397 5540 superaddita,
1442 5470 1582 5538 quod
1612 5473 1714 5537 ait,
1745 5472 1812 5527 Et
1849 5477 2043 5544 scitote,

460 5565 620 5621 facile
648 5575 731 5619 est
760 5573 820 5617 ut
848 5565 899 5618 in
930 5562 1221 5631 Scripturis
1261 5561 1651 5617 animadvertat
1694 5562 1853 5632 hujus
1896 5566 2042 5622 Incu-

520 5681 536 5712 ⁸
562 5678 822 5728 Duodecim
843 5685 972 5735 uss,
997 5677 1039 5728 si
1062 5673 1272 5728 veritatis
1294 5676 1567 5739 prementia.

520 5740 544 5771 ί
561 5740 633 5789 sie
662 5738 876 5802 legimus
895 5753 1013 5802 cum
1038 5738 1311 5802 sanioribus
1334 5745 1441 5789 Mss.
1478 5746 1547 5793 De
1581 5738 1670 5791 huc
1695 5738 1909 5793 lectione
1932 5741 2043 5795 vide

453 5796 661 5849 Retraet.
684 5796 770 5851 lib.
799 5803 846 5864 l,
863 5814 969 5864 cap.
990 5801 1041 5862 7,
1060 5814 1109 5849 ιι.
1129 5801 1177 5850 5.
1272 5807 1330 5850 tl.

2154 5125 2279 5168 sunt
2319 5114 2511 5169 Ctllllll-‘I
2541 5114 2610 5169 de
2638 5116 2831 5185 quibus
2872 5125 2929 5171 et
2954 5117 3214 5175 Dominus
3241 5129 3458 5187 monet,
3503 5132 3561 5176 ut
3603 5122 3749 5178 intus

2153 5220 2370 5260 oremus
2415 5206 2610 5260 clausis
2652 5206 2804 5261 ostiis
2846 5206 3058 5277 (Matth.
3086 5224 3168 5276 vt,
3200 5208 3287 5280 6).
3332 5209 3751 5284 Compungimini

2152 5310 2365 5365 autem,
2402 5309 2491 5353 aut
2521 5298 2587 5353 ad
2635 5300 2962 5368 paenitentia:
3007 5300 3247 5357 dolorem
3291 5304 3565 5372 refertur,
3596 5310 3655 5361 ut
3682 5324 3749 5364 se
3843 5310 3847 5317 ’

2156 5390 2320 5459 ipsam
2346 5390 2523 5443 anima
2556 5392 2781 5457 puniens
2808 5404 3166 5462 compungat,
3207 5408 3277 5449 ne
3317 5395 3370 5449 in
3414 5396 3508 5451 Dei
3540 5397 3745 5465 judicio

2151 5482 2401 5537 damnata
2432 5491 2775 5551 torqueatur;
2804 5491 2893 5536 aut
2923 5484 2989 5538 ad
3018 5484 3417 5550 excitationem,
3447 5497 3503 5542 ut
3525 5490 3745 5560 evigila-

2152 5591 2270 5632 mus
2312 5575 2379 5628 ad
2420 5573 2699 5629 videndam
2742 5574 2912 5629 lucem
2941 5574 3173 5640 Christi,
3216 5588 3464 5649 tanquam
3508 5582 3744 5639 stimulis

2150 5664 2422 5721 adhibitis.
2478 5664 2733 5719 Nonnulli
2778 5676 2959 5720 autem
3005 5682 3114 5723 non
3160 5672 3599 5741 compungimini,
3643 5675 3742 5731 sed

2221 5799 2295 5863 (α)
2330 5807 2397 5850 De
2424 5798 2602 5850 eodem
2629 5813 2759 5850 vers.
2782 5800 2814 5850 5
2830 5801 2941 5853 vide
2966 5808 3000 5849 tt
3023 5809 3155 5853 Enar.
3180 5805 3230 5855 in
3253 5806 3373 5857 rsal.
3396 5820 3491 5857 xxv
3536 5821 3585 5858 ιι.
3609 5808 3658 5860 '5.
