3956 6354
165 421 220 480 ει
1292 407 1690 465 ΕκΑιιιιΑτιῡ
1720 403 1784 460 tu
1825 403 2148 462 rssnuuu
2187 406 2278 464 tv.
3384 418 3455 472 ss

165 531 459 603 aperimini,
507 531 699 587 dicunt
745 527 938 584 melius
979 522 1126 596 legi;
1179 523 1431 594 quoniam
1482 523 1534 576 in
1575 534 1760 600 graeco

166 623 422 683 Psalterio
446 632 532 679 est
559 616 888 687 ιατανῦτιπτσ,
930 616 1072 688 quod
1100 613 1420 678 referturad
1448 613 1592 668 illam
1621 612 1758 666 dila-

167 721 419 774 tationem
445 715 633 772 cordis
651 756 669 779 .
700 725 760 769 ut
803 710 1103 782 excipiatur
1127 707 1340 764 diﬁ‘usio
1365 707 1639 761 eharitatis
1665 720 1762 776 per

165 810 417 880 Spiritum
453 814 727 862 sanctum.

235 903 287 956 7.
317 898 486 972 hers.
514 898 585 965 6,
611 894 708 971 7.]
747 894 1047 964 Sacriﬁcate
1079 890 1387 959 sacri/icium
1417 889 1635 959 Justitiae
1657 930 1675 954 ,
1714 898 1762 942 et

167 1002 364 1064 sperate
391 991 448 1045 in
475 989 719 1044 Domino.
753 987 896 1042 ldem
925 985 1134 1040 dieitiu
1164 983 1268 1038 alio
1301 981 1503 1053 psalmo
1530 997 1546 1035 :
1580 981 1759 1036 Sacri-

169 1084 341 1152 ﬁcium
367 1081 479 1137 Deo
513 1079 724 1152 spiritus
749 1076 1111 1133 contribulatus
1139 1074 1321 1145 (Psal.
1352 1089 1405 1138 l.,
1443 1071 1556 1144 19).
1587 1072 1762 1141 Quare

170 1191 275 1231 non
303 1154 543 1229 absurde
571 1171 656 1226 hic
678 1171 938 1243 accipitur
965 1169 1136 1237 ipsum
1167 1181 1287 1221 esse
1325 1163 1644 1218 sacriﬁcium
1672 1163 1762 1230 ju-

170 1265 350 1328 stitiae,
381 1262 528 1336 quod
560 1262 619 1319 ﬁt
655 1277 753 1333 per
778 1258 1144 1331 paenitentiam
1178 1275 1193 1311 :
1225 1254 1351 1327 quid
1378 1254 1518 1309 enim
1544 1253 1761 1322 justius,

167 1374 330 1430 quam
357 1365 418 1413 ut
444 1356 560 1414 suis
585 1354 952 1426 unusquisque
981 1349 1232 1422 peccatis,
1259 1362 1417 1418 quam
1445 1347 1634 1400 alienis
1663 1359 1764 1415 po-

169 1450 274 1505 tius
302 1450 590 1511 irascatur,
617 1459 783 1516 seque
809 1443 979 1515 ipsum
1008 1441 1234 1512 puniens
1263 1447 1461 1493 mactet
1493 1437 1639 1492 Deo?
1679 1436 1762 1490 An

167 1539 493 1611 Sacriﬁcium
529 1532 750 1606 justitize
788 1548 952 1604 opera
993 1531 1135 1601 justa
1166 1537 1290 1585 sunt
1333 1536 1455 1599 post
1499 1525 1761 1597 paeniten-

168 1635 298 1687 tiam
320 1630 347 1686 1
383 1629 518 1685 Nam
558 1635 614 1684 et
645 1626 1014 1695 interpositum
1044 1622 1364 1693 diapsalma,
1397 1636 1504 1675 non
1535 1616 1765 1674 absurde

169 1721 420 1777 fortassis
457 1718 689 1774 insinuat
732 1716 892 1770 etiam
924 1713 1202 1768 transitum
1233 1711 1303 1767 de
1339 1710 1449 1766 vita
1489 1708 1656 1763 veteri
1698 1706 1766 1760 ad

169 1815 338 1868 vitam
370 1826 564 1866 novam
595 1828 611 1864 :
640 1816 699 1863 ut
737 1809 1001 1863 exstincto
1025 1805 1130 1859 vel.
1150 1804 1418 1857 inlirmato
1451 1814 1552 1872 per
1591 1799 1765 1870 pinni-

174 1904 403 1958 tentiam
424 1911 606 1956 vetere
634 1898 867 1961 homine,
891 1894 1206 1950 sacrificium
1231 1889 1450 1962 justitite
1474 1888 1767 1945 secundum

169 1993 641 2065 regenerationem
681 1990 804 2044 novi
842 1987 1072 2042 hominis
1101 1985 1355 2039 oﬁ'emtur
1381 1982 1521 2045 Deo,
1551 1995 1672 2035 cum
1711 1994 1772 2034 se

168 2086 330 2141 oﬁ‘ert
377 2086 492 2152 ipsa
535 2081 712 2136 anima
747 2079 860 2149 jam
888 2078 1090 2141 abluta,
1131 2084 1184 2129 et
1229 2075 1456 2144 imponit
1501 2072 1554 2129 in
1593 2071 1764 2126 altare

171 2177 320 2239 ﬁdei,
356 2174 542 2230 divino
566 2173 717 2242 igne,
745 2170 796 2226 id
825 2178 907 2225 est
927 2210 942 2236 ,
967 2167 1169 2237 Spiritu
1199 2176 1386 2222 sancto
1413 2161 1770 2233 comprehen-

168 2266 348 2322 denda
374 2282 390 2332 ;
437 2276 498 2319 ut
525 2265 625 2318 iste
663 2263 732 2316 sit
768 2274 989 2324 sensus,
1019 2258 1318 2326 Sacri/icate
1343 2254 1654 2324 sacriﬁcium
1676 2255 1767 2324 ju-

166 2361 322 2413 stitia:
340 2399 356 2422 ,
386 2367 434 2411 et
463 2367 664 2425 sperate
701 2355 754 2408 in
785 2352 1005 2406 Domino
1026 2392 1042 2414 ,
1071 2349 1122 2404 id
1153 2359 1236 2403 est
1259 2391 1274 2414 ,
1307 2348 1468 2403 Recte
1497 2345 1659 2402 vivite
1678 2387 1692 2412 ,
1720 2352 1774 2399 et

165 2457 382 2518 sperate
428 2446 628 2500 donum
660 2431 889 2513 Spiritus
929 2441 1134 2503 sancti.
1177 2448 1235 2494 ut
1275 2454 1372 2493 vos
1399 2437 1631 2502 veritas,
1672 2438 1759 2491 cui

169 2539 504 2605 credidistis,
540 2539 785 2592 illustret.

238 2631 295 2686 8.
341 2629 449 2685 Sed
497 2639 672 2682 tamen
713 2624 930 2696 Sperate
974 2624 1029 2678 in
1075 2619 1330 2685 Domino,
1375 2618 1557 2674 clause
1598 2617 1772 2672 adhuc

170 2723 377 2777 dictum
414 2729 517 2774 est.
568 2718 860 2788 Sperantur
898 2726 1077 2770 autem
1115 2729 1271 2784 quae,
1298 2711 1402 2766 nisi
1443 2709 1625 2775 bona?
1667 2709 1772 2765 Sed

170 2815 294 2882 quia
348 2811 716 2881 unusquisque
765 2807 816 2863 id
863 2807 1060 2862 bonum
1103 2806 1216 2859 vult
1253 2820 1282 2858 a
1328 2803 1438 2859 Deo
1485 2802 1773 2874 impetrare

169 2905 313 2974 quod
346 2903 543 2972 diligit,
572 2917 671 2956 nec
708 2899 865 2954 facile
894 2897 1240 2953 inveniuntur
1263 2894 1354 2965 qui
1385 2893 1608 2964 diligant
1634 2891 1773 2945 bona

173 2997 456 3060 interiora,
488 2993 538 3048 id
567 3002 671 3059 est,
697 2991 763 3047 ad
793 2990 1099 3046 interiorem
1132 2986 1400 3042 hominem
1429 2981 1774 3056 pertinentia,

173 3104 294 3159 qua:
323 3086 443 3141 sola
469 3083 740 3155 diligenda
765 3090 908 3148 sunt,
945 3079 1154 3136 caeteris
1182 3087 1360 3132 autem
1389 3074 1458 3131 ad
1487 3074 1776 3130 necessita-

171 3189 283 3236 tem
313 3177 598 3243 utendum,
626 3190 736 3230 non
760 3174 828 3229 ad
853 3171 1103 3244 gaudium
1133 3166 1515 3240 perimendum
1539 3183 1557 3233 ;
1599 3163 1772 3218 admi-

181 3273 430 3328 rabiliter
451 3284 572 3324 eum
615 3267 858 3334 dixisset,
893 3264 1110 3335 Sperate
1149 3263 1201 3316 in
1231 3260 1472 3322 Domino,
1503 3253 1731 3326 subjecit
1759 3273 1774 3310 :

174 3363 334 3418 Multi
377 3361 558 3416 dicunt
585 3374 605 3414 :
635 3358 759 3426 Quis
786 3357 1002 3411 ostendit
1042 3353 1183 3407 nobis
1213 3351 1386 3405 bona?
1428 3348 1528 3416 Qui
1574 3361 1776 3412 sermo,

173 3465 231 3511 et
258 3470 381 3526 quae
410 3450 760 3521 interrogatio
783 3446 1088 3518 quotidiana
1118 3452 1200 3498 est
1230 3442 1466 3497 omnium
1493 3439 1775 3494 stultorum

174 3557 232 3602 et
275 3525 628 3614 iniquorum;
677 3540 790 3595 sive
835 3553 1019 3607 pacem
1070 3546 1125 3590 et
1168 3531 1604 3602 tranquillitatem
1654 3525 1778 3581 vita:

173 3635 458 3692 saecularis
509 3629 964 3694 desiderantium,
1014 3637 1066 3681 et
1114 3633 1332 3695 pr0pter
1378 3620 1775 3691 perversitatem

173 3728 394 3796 generis
440 3723 662 3779 humani
713 3737 816 3775 non
865 3717 1268 3780 invenientium,
1312 3714 1399 3784 qui
1445 3713 1607 3767 etiam
1649 3711 1776 3764 caici

173 3834 437 3873 accusare
464 3815 663 3869 audent
685 3812 925 3866 ordinem
954 3825 1156 3872 rerum,
1181 3822 1300 3860 cum
1327 3802 1545 3858 involuti
1575 3801 1779 3856 meritis

176 3911 289 3965 suis
321 3918 514 3979 putant
546 3916 782 3972 tempora
808 3917 930 3957 esse
971 3901 1149 3971 pejora
1179 3912 1338 3967 quam
1368 3894 1635 3964 prazterita
1661 3891 1780 3946 fue-

179 4007 344 4062 runt;
377 3997 496 4054 sive
521 3994 591 4049 de
619 3995 730 4063 ipsa
762 3992 937 4045 futura
960 3991 1082 4052 vita,
1108 4004 1227 4057 qum
1254 3986 1407 4039 nobis
1433 3982 1778 4053 promittitur,

177 4090 542 4148 dubitantium
566 4087 650 4141 vel
676 4081 1092 4154 desperautium,
1115 4079 1202 4149 qui
1229 4091 1372 4145 smpe
1395 4076 1579 4129 dicunt
1604 4091 1617 4128 :
1648 4073 1782 4140 Quis

177 4184 330 4238 novit
376 4180 421 4234 si
459 4193 583 4233 vera
630 4182 791 4240 sunt,
823 4183 915 4228 aut
954 4171 1075 4241 quis
1102 4169 1247 4223 venit
1275 4167 1344 4221 ab
1371 4164 1556 4221 inferis
1597 4173 1652 4218 ut
1682 4164 1780 4218 ista

180 4269 503 4328 nuutiaret?
541 4266 828 4337 Magniﬁce
873 4263 1030 4334 igitur
1058 4270 1111 4317 et
1158 4259 1424 4325 breviter,
1455 4257 1548 4312 sed
1591 4257 1782 4310 intrin-

179 4378 344 4420 secus
371 4359 711 4422 videntibus,
743 4354 976 4411 ostendit
1001 4368 1122 4424 qua:
1161 4351 1297 4421 bona
1338 4347 1623 4419 quaerenda
1654 4347 1779 4411 sint,

179 4452 521 4523 respondens
565 4450 776 4502 illorum
828 4442 1224 4515 interrogationi
1263 4441 1350 4510 qui
1393 4440 1576 4495 dicunt
1612 4457 1626 4494 :
1660 4439 1784 4502 Quis

181 4545 407 4600 ostendit
439 4543 582 4596 nobis
609 4541 739 4594 bona
758 4540 783 4592 7
813 4537 1080 4607 Signatum
1107 4543 1196 4597 est,
1236 4533 1424 4602 inquit,
1455 4532 1506 4584 in
1535 4532 1674 4584 nobis
1707 4532 1784 4584 lu-

183 4654 298 4692 men
330 4636 504 4690 vultus
531 4634 624 4695 tui,
669 4630 903 4684 Domine.
936 4629 1045 4681 lloc
1078 4626 1256 4680 lumen
1289 4634 1370 4678 est
1411 4633 1578 4677 totum
1609 4622 1776 4675 homi-

184 4729 269 4784 nis
314 4734 373 4782 et
414 4740 603 4780 verum
660 4722 879 4784 bonum,
912 4717 1055 4790 quod
1105 4732 1210 4771 non
1258 4714 1447 4779 oculis,
1480 4713 1572 4769 sed
1604 4723 1786 4768 mente

184 4817 542 4888 conspicitur.
578 4813 850 4884 Signatum
876 4821 1055 4863 autem
1083 4807 1218 4861 dixit
1251 4807 1302 4860 in
1340 4806 1504 4869 nobis,
1539 4814 1783 4874 tauquam

185 4909 450 4964 denarius
478 4905 720 4975 signatur
746 4899 1154 4972 regis-imagine
1188 4914 1201 4949 :
1237 4897 1398 4951 homo
1435 4897 1575 4949 enim
1619 4895 1787 4948 lactus

187 5009 271 5055 est
301 4997 370 5052 ad
412 4994 698 5064 imaginem
731 5001 786 5046 et
812 4991 1213 5047 similitudinem
1243 4988 1336 5042 Dei
1381 4986 1545 5057 (Gen.
1575 5002 1621 5053 I,
1652 4985 1722 5040 26
1747 4992 1783 5056 ),

186 5108 350 5162 quam
374 5087 650 5161 peccando
675 5085 946 5154 corrupit:
977 5085 1174 5139 bonum
1202 5098 1329 5152 ergo
1356 5081 1473 5150 ejus
1496 5091 1578 5135 est
1601 5096 1786 5134 verum

189 5196 351 5254 atque
382 5193 644 5235 :cternum
665 5220 682 5244 ,
726 5175 769 5231 si
815 5174 1146 5231 renascendo
1175 5173 1430 5243 signetur.
1482 5171 1550 5226 Et
1589 5170 1654 5225 ad
1686 5171 1789 5226 hoc

189 5273 356 5329 credo
388 5272 688 5341 pertinere,
723 5267 864 5337 quod
893 5265 1106 5335 quidam
1137 5263 1426 5333 prudenter
1466 5261 1787 5330 intelligunt,

191 5365 322 5420 illud
353 5361 494 5434 quod
521 5361 776 5414 Dominus
797 5358 910 5411 viso
935 5355 1165 5411 Cresaris
1190 5369 1409 5408 nummo
1435 5353 1509 5406 ait
1537 5371 1549 5406 :
1575 5351 1792 5406 Reddite

193 5456 386 5511 Casari
413 5455 549 5524 quod
576 5450 796 5506 Cwsaris
819 5459 920 5514 est,
950 5460 998 5502 et
1029 5445 1134 5500 Deo
1160 5446 1296 5516 quod
1324 5445 1419 5499 Dei
1446 5456 1518 5499 est
1573 5445 1786 5516 (Matth.

198 5563 334 5611 xxu,
355 5545 450 5616 2|)
473 5561 487 5611 ;
523 5535 843 5612 tanquanisi
869 5540 1073 5592 diceret
1097 5555 1109 5589 :
1133 5537 1590 5605 Quemadmodum
1613 5535 1792 5590 Cresar

195 5657 224 5693 a
269 5637 420 5694 vobis
464 5635 630 5706 exigit
677 5631 1089 5702 impressionem
1136 5627 1380 5698 imaginis
1422 5641 1568 5693 sum,
1619 5628 1697 5683 sic
1741 5637 1794 5682 et

200 5729 378 5794 Deos;
417 5737 475 5783 ut
511 5722 969 5798 quemadmodum
1017 5719 1091 5773 illi
1130 5720 1372 5775 redditur
1401 5736 1687 5788 nummus,
1715 5721 1793 5775 sic

207 5819 316 5878 Deo
332 5823 506 5877 anima
532 5817 746 5876 lumine
767 5814 943 5868 vultus
964 5813 1078 5882 ejus
1100 5812 1356 5867 illustrata
1381 5822 1540 5883 atque
1561 5814 1786 5884 signata.

1871 517 2065 573 Dedisti
2090 519 2320 575 lattitiom
2346 523 2397 575 in
2425 540 2511 576 eor
2534 540 2716 579 meum.
2745 525 2859 584 Non
2889 543 3017 598 ergo
3044 528 3177 586 t‘oris
3201 547 3445 602 quaeren-

1866 612 1933 668 da
1962 622 2045 668 est
2069 613 2272 681 laetitia,
2301 616 2369 670 ab
2395 615 2477 670 his
2505 618 2592 685 qui
2621 618 2794 673 adhuc
2823 636 3010 688 graves
3035 623 3194 678 corde
3219 623 3442 694 diligunt

1868 705 2154 760 vanitatem
2207 715 2262 760 et
2308 718 2556 776 quarunt
2606 710 2980 777 mendacium,
3030 713 3123 768 sed
3171 715 3310 770 intus
3360 717 3448 771 ubi

1867 795 2129 866 signatum
2181 806 2264 852 est
2309 798 2490 852 lumen
2520 799 2694 853 vultus
2734 801 2824 855 Dei
2865 820 2878 855 :
2919 801 2972 856 in
3015 784 3266 860 interiore
3307 809 3450 860 enim

1869 885 2087 941 homine
2114 886 2319 942 habitat
2345 887 2592 944 Christus
2625 889 2839 960 (Ep/tes.
2870 908 2945 956 ut,
2975 891 3096 965 Π),
3130 904 3186 949 ιιι
3209 895 3283 948 ait
3309 896 3454 963 Apo-

1869 977 2070 1043 stolus;
2115 977 2183 1032 ad
2230 979 2406 1047 ipsum
2451 979 2596 1034 enim
2646 982 2876 1049 pertinet
2925 982 3108 1039 videre
3152 987 3453 1048 veritatem,

1869 1084 1987 1124 cum
2023 1070 2111 1125 ille
2140 1071 2336 1126 dixerit
2365 1087 2382 1130 :
2431 1069 2545 1143 Ego
2575 1089 2687 1128 sum
2713 1073 2894 1129 veritas
2919 1073 3102 1146 (Joan.
3127 1092 3239 1144 xlv,
3267 1077 3344 1147 6).
3391 1078 3457 1134 Et

1869 1175 1991 1213 cum
2031 1160 2342 1229 loquebatur
2375 1162 2427 1215 in
2456 1162 2713 1232 Apostolo
2740 1163 2947 1220 (licente
2974 1181 2988 1218 :
3016 1165 3102 1220 Au
3125 1169 3272 1223 vultis
3304 1184 3456 1237 expc»

1869 1251 2139 1305 rimentum
2182 1255 2293 1326 ejus
2337 1254 2568 1324 accipere
2611 1255 2700 1325 qui
2746 1257 2801 1312 in
2847 1273 2927 1312 me
2966 1257 3185 1329 loquitur
3227 1259 3454 1314 Christus

1871 1341 2094 1411 (llCor.
2125 1359 2254 1409 χιιι,
2287 1343 2399 1411 5)?
2441 1359 2546 1400 non
2579 1346 2626 1400 ei
2674 1345 2806 1401 toris
2851 1346 3072 1419 utique;
3117 1350 3210 1403 sed
3257 1351 3307 1402 in
3340 1351 3453 1417 ipso

1868 1432 2030 1488 corde.
2053 1474 2067 1498 ,
2096 1433 2147 1487 id
2177 1443 2278 1499 est,
2313 1435 2367 1494 iu
2399 1435 2489 1489 illo
2518 1436 2676 1490 cubili
2707 1437 2797 1493 ubi
2839 1440 3094 1493 orandum
3123 1449 3207 1492 est
3236 1438 3465 1508 (Mutth..

1869 1539 1923 1580 vt
1942 1565 1958 1589 ,
1988 1523 2077 1598 6),
2108 1525 2446 1596 loquebatur.

1944 1616 1995 1669 9.
2028 1614 2177 1687 [vers.
2211 1618 2266 1679 8,
2293 1614 2379 1688 9.]
2413 1615 2519 1673 Sed
2540 1615 2785 1672 homines
2813 1620 3122 1686 temporali.
3153 1629 3463 1684 sectantes,

1865 1705 1960 1774 qui
1977 1713 2122 1760 certe
2149 1706 2300 1760 multi
2325 1716 2486 1773 sunt,
2516 1706 2643 1761 nihil
2674 1707 2816 1762 aliud
2836 1719 3094 1763 noverunt
3121 1709 3324 1776 dicere,
3352 1711 3451 1765 nisi

1878 1798 2006 1865 Quis
2031 1800 2246 1854 ostendit
2271 1800 2416 1856 nobis
2442 1801 2570 1855 bona
2591 1804 2617 1856 t
2640 1818 2758 1857 cum
2790 1818 2913 1858 vera
2941 1813 2996 1860 et
3019 1816 3163 1859 certa
3194 1806 3332 1861 bona
3375 1808 3426 1862 in
3443 1839 3459 1849 -

1876 1898 1955 1942 tra
1983 1891 2300 1959 semetipsos
2321 1889 2506 1945 videre
2532 1907 2635 1945 non
2664 1893 2890 1961 possint.
2920 1892 3104 1966 Itaque
3132 1910 3462 1966 consequen-

1877 1987 1958 2034 ter
1989 1978 2057 2033 de
2078 1978 2159 2034 his
2196 1982 2497 2036 rcetlssime
2525 1981 2740 2049 dicitur,
2783 1984 2924 2054 quod
2952 1985 3190 2056 adjungit
3219 2004 3230 2041 :
3261 1987 3302 2041 Α
3333 1998 3460 2040 tem-

1877 2088 1999 2142 pore
2028 2071 2045 2105 ί
2068 2073 2324 2143 frumenti,
2366 2074 2470 2128 uini
2497 2084 2542 2128 et
2586 2077 2684 2128 olei
2716 2077 2795 2131 sui
2831 2077 3154 2149 multiplicati
3179 2088 3314 2134 sunt.
3345 2077 3460 2134 Non

1884 2163 2026 2218 enim
2053 2171 2226 2230 vacat,
2257 2164 2397 2234 quod
2428 2165 2663 2222 additum
2694 2178 2810 2233 est,
2838 2166 2964 2221 sui:
2989 2177 3069 2223 est
3097 2169 3237 2223 enim
3269 2179 3321 2224 et
3352 2169 3463 2222 lru-

1884 2265 2122 2308 tnentum
2167 2255 2283 2318 Dei,
2331 2257 2593 2325 siquidem
2635 2266 2715 2311 est
2763 2257 2912 2327 panis
2941 2259 3091 2313 vivus
3118 2261 3204 2328 qui
3232 2261 3296 2314 de
3325 2262 3464 2324 emlo

1877 2346 2149 2401 descendit
2179 2345 2354 2418 (Joau.
2387 2364 2463 2412 v1,
2495 2348 2615 2417 5|);
2671 2359 2832 2403 estet
2858 2347 3036 2405 vinum
3068 2350 3179 2416 Dei,
3211 2367 3330 2404 nam
3363 2349 3459 2403 ln-

1878 2437 2220 2502 ebriabuntur,
2276 2437 2467 2506 inquit,
2507 2440 2569 2492 ab
2617 2439 2840 2494 ubertate
2889 2441 3069 2496 domus
3123 2451 3225 2496 tua:
3263 2439 3284 2513 (
3309 2441 3452 2495 l’sal.

1881 2541 2048 2589 xxxv,
2074 2527 2129 2598 9)
2158 2535 2239 2580 est
2263 2538 2316 2582 et
2336 2529 2511 2582 oleum
2535 2529 2646 2591 Dei,
2679 2529 2745 2583 de.
2770 2545 2875 2600 quo
2895 2531 3090 2586 dictant
3119 2542 3235 2588 est:
3267 2532 3466 2602 Impiu-

1880 2620 2047 2688 gttasti
2089 2621 2141 2672 in
2182 2620 2291 2672 oleo
2320 2629 2473 2690 caput
2505 2637 2666 2674 meum
2698 2621 2868 2689 (Psal.
2893 2637 3029 2686 xxu,
3057 2621 3134 2694 5).
3166 2624 3252 2678 Isti
3282 2635 3460 2678 autem

1879 2711 2035 2765 multi
2065 2711 2154 2780 qui
2187 2711 2387 2774 dicunt,
2416 2711 2543 2776 Quis
2568 2712 2782 2766 ostendit
2807 2714 2949 2768 nobis
2965 2713 3095 2769 bona
3113 2715 3140 2767 ?
3167 2723 3221 2768 et
3241 2731 3459 2787 regnum

1875 2803 2139 2857 caelorum
2189 2801 2324 2856 intra
2364 2818 2422 2856 se
2465 2818 2584 2857 esse
2637 2818 2741 2858 non
2774 2804 2954 2860 vident
2985 2802 3135 2877 (Luc.
3168 2820 3300 2872 xvu,
3343 2804 3460 2876 2|),

1876 2908 1910 2948 α
1937 2901 2157 2964 tempore
2183 2895 2444 2962 frumenti,
2497 2895 2598 2947 uiui
2643 2905 2689 2949 et
2717 2895 2812 2950 olei
2836 2898 2916 2950 sui
2956 2896 3278 2966 multiplicati
3317 2909 3459 2952 sunt.

1881 2984 1997 3042 Non
2023 2985 2166 3040 enim
2204 2987 2572 3055 multiplicatio
2604 3001 2819 3056 semper
2843 2988 3140 3042 ubertatem
3168 2987 3464 3058 signiﬁcat,

1880 3085 1936 3131 et
1979 3092 2082 3131 non
2132 3077 2444 3146 plerumque
2490 3077 2835 3149 exiguitatem
2880 3095 2897 3136 :
2946 3095 3066 3134 cum
3101 3078 3277 3135 dedita
3328 3091 3464 3135 tem-

1881 3169 2159 3239 poralibus
2221 3168 2582 3238 voluptatibus
2648 3184 2822 3223 annua
2893 3183 3104 3239 semper
3168 3169 3470 3226 exardescit

1879 3260 2202 3330 cupiditate,
2259 3273 2359 3314 nec
2400 3257 2582 3314 satiari
2635 3267 2830 3330 potest,
2882 3269 2936 3316 et
2981 3261 3256 3331 multiplici
3303 3271 3465 3331 atque

1882 3365 2183 3407 aerumnosa
2226 3350 2546 3422 cogitatione
2591 3351 2855 3416 distenta,
2888 3351 3111 3422 simplex
3156 3354 3353 3411 bonum
3388 3354 3470 3408 vi-

1883 3441 2013 3498 dere
2043 3458 2147 3496 non
2185 3443 2398 3508 sinitur;
2426 3443 2598 3512 qualis
2627 3451 2710 3498 est
2742 3443 2828 3498 illa
2853 3444 2920 3497 de
2945 3459 3048 3513 qua
3074 3443 3267 3498 dicitur
3294 3463 3312 3500 :
3338 3443 3467 3499 Cor-

1885 3551 1978 3603 pus
2003 3535 2154 3598 enim,
2185 3534 2321 3606 quod
2347 3535 2709 3606 corrumpitur,
2735 3545 2976 3607 aggravet
3006 3536 3226 3590 animam
3246 3577 3264 3605 ,
3306 3548 3353 3591 et
3380 3539 3470 3591 dc-

1886 3627 2058 3697 primit
2095 3636 2296 3681 terrena
2349 3626 2649 3680 inhabitatio
2709 3644 2910 3683 sensum
2964 3631 3125 3682 multa
3166 3630 3467 3700 cogitantem

1890 3717 2044 3789 (Sep.
2095 3733 2177 3782 tx,
2228 3715 2338 3788 l5).
2371 3718 2518 3771 Talis
2567 3719 2743 3774 anima
2788 3719 3160 3790 temporalium
3210 3718 3470 3774 bonorum

1890 3807 2201 3864 decessione
2253 3819 2306 3864 et
2354 3810 2721 3872 successione,
2753 3808 2807 3864 id
2847 3819 3034 3873 est,.a
3079 3820 3315 3880 tempore
3359 3811 3471 3863 l'ru-

1884 3901 2088 3968 menti,
2119 3899 2227 3954 vini
2282 3908 2338 3955 et
2385 3900 2488 3955 olei
2541 3899 2646 3964 sui,
2701 3899 3176 3955 innumerabilibus
3207 3900 3469 3969 completa

1885 3992 2343 4062 phantasmatibus
2391 3991 2469 4068 sic
2518 3992 2860 4062 multiplicata
2906 4001 3022 4059 est,
3070 4001 3128 4046 ut
3163 4007 3268 4047 non
3307 3995 3474 4062 possit

1886 4098 2044 4153 agere
2072 4082 2212 4153 quod
2244 4090 2564 4152 praeceptum
2595 4094 2674 4138 εει
2701 4098 2720 4137 :
2746 4082 2942 4138 Sentite
2969 4083 3033 4138 de
3069 4083 3286 4138 Domino
3315 4084 3367 4138 in
3387 4086 3473 4138 bo-

1887 4175 2060 4238 nitate,
2091 4174 2208 4226 etin
2228 4173 2550 4242 simplicitate
2573 4174 2740 4229 cordis
2767 4174 2975 4244 quazrite
3028 4174 3173 4229 illum
3214 4173 3378 4242 (ldJ,
3398 4175 3472 4244 l);

1889 4267 1990 4322 ista
2039 4266 2180 4320 enim
2225 4265 2588 4334 multiplicitas
2635 4264 2710 4320 illi
2758 4265 3078 4333 simplicitati
3125 4265 3470 4320 vehementer

1888 4358 2109 4411 adversa
2141 4365 2241 4410 est.
2273 4355 2341 4409 Et
2368 4355 2488 4410 ideo
2519 4355 2633 4410 istis
2657 4355 2855 4410 relictis
2883 4351 2973 4425 qui
2996 4355 3144 4409 multi
3170 4363 3314 4417 Slllll,
3339 4354 3476 4408 mul-

1889 4450 2108 4518 tiplicati
2160 4448 2363 4501 scilicet
2408 4447 2778 4516 temporalium
2829 4447 3117 4517 cupiditate
3158 4455 3213 4500 et
3257 4447 3470 4510 dicunt,

1893 4541 2018 4604 Quis
2045 4539 2259 4593 ostendit
2304 4538 2446 4592 nobis
2492 4535 2661 4592 bona?
2705 4553 2825 4608 qua:
2869 4555 2974 4592 non
3004 4538 3172 4592 oculis
3202 4537 3351 4602 foris,
3380 4539 3474 4592 sed

1891 4631 2031 4684 intus
2078 4630 2256 4684 cordis
2302 4629 2640 4698 simplicitate
2682 4628 2966 4699 quaerenda
2995 4638 3149 4697 sunt,
3193 4629 3270 4682 \‘ir
3303 4628 3473 4682 ﬁdelis

1891 4721 2122 4776 exsultat
2171 4731 2220 4774 et
2264 4719 2392 4773 dicit
2429 4736 2444 4774 :
2479 4718 2541 4774 In
2575 4736 2719 4788 pace,
2773 4720 2824 4773 in
2854 4720 3074 4790 idipsum
3117 4721 3429 4774 obdormiam
3458 4765 3473 4782 ,

1892 4822 1939 4867 et
1990 4830 2220 4867 somnum
2267 4813 2482 4883 -apiam.
2541 4812 2704 4867 Recte
2741 4811 2883 4866 enim
2937 4823 3184 4880 speratur
3218 4828 3248 4866 a
3281 4811 3476 4866 talibus

1892 4903 2196 4958 omnimodo
2230 4902 2424 4956 mentis
2445 4903 2762 4958 abalienatio
2798 4917 2828 4955 a
2857 4904 3170 4957 mortallhus
3208 4903 3365 4957 rebus
3417 4914 3475 4958 et

1895 4996 2233 5051 miseriarum
2258 4996 2439 5050 saeculi
2467 4996 2621 5066 hujus
2647 4997 2866 5062 oblivio,
2893 5013 3013 5067 qua:
3044 4998 3258 5053 nontine
3284 4996 3480 5054 obdor-

1895 5088 2134 5143 mitionis
2159 5098 2213 5142 et
2237 5087 2409 5142 somni
2439 5087 2694 5144 decenter
2720 5098 2774 5143 et
2796 5088 3104 5159 prophetico
3132 5087 3473 5159 signiﬁcatur,

1894 5178 1984 5232 ubi
2015 5192 2220 5232 summa
2253 5193 2352 5248 pax
2382 5177 2528 5232 nullo
2553 5179 2779 5232 tumultu
2811 5177 3133 5246 interpellari
3160 5183 3352 5247 potest.
3371 5178 3477 5232 Sed

1896 5268 1997 5323 hoc
2016 5268 2126 5338 jam
2155 5284 2260 5324 non
2293 5278 2504 5324 tenetur
2530 5270 2579 5321 iu
2612 5269 2710 5323 hac
2735 5269 2862 5334 vita,
2890 5269 2983 5323 sed
3009 5278 3128 5337 post
3157 5269 3296 5322 hanc
3314 5267 3473 5338 vitam

1899 5359 2222 5430 sperandum
2272 5371 2373 5415 est.
2417 5361 2530 5414 l-loc
2578 5359 2896 5428 etiam'ipsa
2944 5359 3106 5413 verba
3158 5361 3480 5432 ostendunt,

1897 5468 2015 5522 quae
2048 5452 2205 5505 futuri
2232 5455 2356 5506 sunt
2386 5452 2644 5521 temporis
2671 5468 2686 5506 :
2717 5468 2823 5506 non
2850 5452 2990 5506 enim
3019 5452 3217 5505 dictqu
3238 5459 3341 5516 est,
3369 5462 3481 5514 aut,

1898 5543 2203 5598 Ohdormivi
2244 5553 2299 5598 et
2329 5561 2574 5597 somnum
2602 5543 2755 5612 cepi;
2789 5554 2896 5606 aut,
2932 5542 3220 5596 Ohdormio
3248 5550 3301 5596 et
3330 5556 3473 5593 som-

1897 5650 2024 5688 num
2051 5635 2235 5705 capio;
2271 5633 2362 5688 sed
2379 5675 2396 5698 ,
2422 5633 2750 5687 Obdorniium
2775 5643 2820 5686 et
2842 5650 3072 5687 somnum
3098 5632 3316 5694 capiam.
3335 5631 3485 5686 Tunc

1965 5762 1983 5796 ⁸
2010 5769 2096 5810 Pro
2115 5761 2210 5833 api)
2234 5761 2435 5832 karpoti,
2452 5765 2690 5874 agnem,
2721 5761 2941 5825 legebat,
2965 5762 3056 5826 apii
3087 5761 3273 5822 ktriroti,
3301 5775 3330 5810 a
3368 5767 3488 5810 tem-

1965 5835 2015 5873 re
2045 5837 2059 5873 :
2085 5838 2156 5874 su:
2180 5832 2464 5874 et;amt;asst
2557 5837 2658 5873 rus.

1899 5835 2015 5886 pore
2045 5837 2059 5873 :
2085 5832 2156 5874 sic
2180 5832 2324 5875 etzam
2339 5832 2658 5874 Cassiodorus.
