3956 6324
435 444 506 500 83
1781 403 2148 464 AUGUS'l'lNl
2192 401 2491 459 l‘Ll‘iSCUPl
3668 398 3738 458 86

435 549 781 622 corruptibili:
820 546 923 602 hoc
967 541 1217 598 induetur
1248 532 1644 600 incorruptione
1669 566 1684 589 ,
1715 532 1772 579 et
1810 519 2036 576 mortale

430 645 542 703 hoc
569 615 816 696 induatur
844 630 1281 690 immortalitate;
1315 637 1441 678 tunc
1485 615 1863 673 absorbebilur
1889 624 2034 664 mors

441 737 494 790 in
530 731 806 786 victoriam
836 727 877 794 (Ι
914 725 1033 779 Cor.
1063 735 1162 784 xv,
1199 716 1314 786 54).
1345 713 1459 768 Hoc
1501 717 1586 764 est
1609 705 1753 761 unde
1795 702 1990 794 dicitur
2022 719 2036 740 τ

438 827 501 880 Si
532 832 695 876 autem
724 818 858 889 quod
902 831 1005 868 non
1037 812 1260 865 videmus
1281 818 1566 874 speramus,
1611 815 1698 870 per
1739 793 2038 866 patientiam

437 924 787 980 exspectamus
816 909 993 978 (Rom.
1029 921 1141 966 VIII.
1175 902 1290 968 9.5).

518 977 602 1060 l0.
658 1002 810 1077 [vers.
861 996 980 1071 10.]
1023 997 1358 1062 Quapropter
1407 990 1765 1054 congruenter
1793 977 2036 1032 ultimum

445 1066 678 1150 Innectii
705 1133 719 1156 ,
760 1099 813 1144 et
842 1066 1010 1143 dicit:
1048 1084 1299 1152 Quoniam
1328 1091 1402 1142 tu,
1433 1075 1646 1129 Domine
1669 1114 1684 1134 ,
1715 1066 2041 1138 singulariter

438 1192 496 1242 in
526 1202 616 1254 spe
641 1184 870 1237 habitare
891 1178 1056 1250 fecisti
1081 1193 1177 1228 me.
1210 1173 1305 1228 ilic
1328 1184 1432 1224 non
1461 1167 1624 1227 dixit,
1666 1161 1883 1223 Facies;
1921 1156 2036 1222 sed,

445 1248 657 1332 Fecisti.
691 1274 746 1327 In
777 1248 1040 1340 quoergo
1075 1268 1187 1335 jam
1220 1265 1316 1316 ista
1367 1273 1490 1331 spes
1519 1265 1636 1320 est,
1667 1254 1769 1308 erit
1800 1248 2040 1322 profecto

437 1368 598 1420 etiam
629 1363 770 1433 quod
797 1336 1067 1430 islierat‘ur.
1093 1356 1156 1409 Et
1181 1355 1316 1408 bene
1342 1351 1432 1413 ait,
1463 1344 1790 1417 singulariter
1815 1357 1836 1396 .'
1866 1336 2040 1409 potest

443 1457 584 1512 cnim
610 1455 798 1511 referri
829 1453 1085 1508 adversus
1116 1449 1233 1502 illos
1267 1444 1464 1498 multos
1493 1440 1606 1509 qui,
1651 1430 1985 1503 multiplicati
2008 1445 2039 1484 a

445 1561 684 1618 tempore
713 1545 965 1600 frumenti
993 1541 1098 1596 vini
1125 1548 1179 1595 et
1207 1536 1311 1592 olei
1338 1535 1443 1599 sui,
1468 1533 1652 1585 dicunt
1683 1546 1695 1580 :
1727 1525 1851 1591 Quis
1873 1532 2040 1578 ostcn-

444 1645 519 1696 dit
540 1616 680 1699 nobis
721 1637 892 1692 bona?
923 1637 1060 1708 perit
1085 1632 1229 1688 enim
1267 1629 1383 1682 hzec
1413 1621 1805 1691 inultiplicitas,
1847 1624 1903 1671 et
1923 1616 2007 1670 sin
2029 1643 2040 1652 -

448 1735 702 1804 gelat-itas
724 1740 933 1787 leuetur
967 1730 1018 1781 in
1049 1725 1271 1788 sanctis,
1301 1721 1368 1775 de
1391 1718 1583 1788 quibus
1621 1713 1816 1775 dicitur
1847 1709 1902 1763 in
1931 1709 2040 1762 Ac-

445 1800 586 1880 tibus
626 1823 999 1893 Apostolorum
1041 1836 1054 1872 :
1107 1811 1455 1870 Multitudinis
1504 1816 1673 1860 autem
1730 1800 2040 1856 credentium

446 1927 553 1970 crat
579 1920 750 1968 animo
785 1930 884 1968 una
912 1921 956 1965 et
992 1926 1078 1963 cor
1114 1923 1270 1961 unum
1318 1904 1451 1976 (Act.
1483 1915 1559 1966 iv,
1585 1897 1698 1965 52).
1733 1893 2042 1963 Singularcs

447 2024 575 2080 ergo
617 2017 672 2063 et
725 2005 1028 2074 simplices,
1061 2001 1113 2054 id
1162 2007 1245 2053 est
1269 2040 1283 2060 ,
1331 1993 1524 2049 secreti
1556 2007 1584 2044 a
1614 1985 1954 2044 multitudine
1980 1999 2044 2038 ac

447 2103 597 2156 turba
654 2098 983 2155 nascentium
1034 2107 1212 2148 rerum
1260 2105 1323 2143 ac
1360 2084 1699 2141 morientium
1727 2123 1741 2145 ,
1774 2085 2044 2132 amatores

447 2193 762 2251 mternitatis
792 2200 847 2244 et
877 2175 1092 2242 unitatis
1137 2197 1258 2238 esse
1284 2180 1542 2234 debemus
1563 2219 1580 2243 ,
1616 2174 1660 2228 si
1691 2171 1783 2226 uni
1829 2168 1944 2225 Deo
1991 2175 2044 2221 et

453 2284 680 2341 Domino
710 2291 893 2335 nostro
918 2276 1163 2345 cupimus
1188 2271 1469 2326 inhrerere.

832 2393 2018 2428 Μ

924 2492 1006 2553 ΙΝ
1050 2485 1433 2551 PSALMUM
1476 2482 1533 2544 ν

1053 2607 1478 2666 ENARRATIO.

527 2733 577 2785 1.
603 2729 768 2802 [νινε.
798 2724 880 2799 1.]
914 2723 1122 2780 Titulus
1151 2721 1348 2789 Psalmi
1384 2729 1466 2774 cst
1493 2739 1506 2773 :
1538 2717 1637 2772 Pro
1666 2732 1725 2770 ea
1745 2729 1858 2786 qua
1887 2713 2050 2765 lacteo

451 2821 660 2874 ditatem
688 2817 890 2887 occipit.
917 2814 1238 2885 intelligitur
1269 2826 1398 2881 ergo
1422 2809 1684 2869 Ecclesia,
1713 2822 1831 2877 qua:
1853 2802 2050 2873 accipit

454 2909 822 2968 hereditatem
851 2907 1017 2960 vitam
1048 2913 1303 2958 aeternam
1351 2916 1444 2970 per
1487 2898 1771 2952 Dominum
1804 2903 2046 2948 nostrum

451 3001 636 3057 Iesum
674 2998 944 3054 Christum
968 3037 983 3060 ,
1014 3003 1072 3048 ut
1103 2992 1375 3064 possideat
1407 2992 1578 3059 ipsum
1613 2989 1802 3050 Deum,
1831 2983 1916 3039 cui
1946 2981 2048 3037 ad-

451 3093 664 3154 lucrens
701 3089 856 3144 beata
883 3088 953 3145 sit
997 3084 1290 3141 secundum
1321 3083 1451 3136 illud
1484 3101 1497 3135 :
1528 3079 1671 3133 Beati
1716 3077 1860 3131 mites
1885 3119 1901 3143 ,
1931 3075 2052 3145 quia

452 3186 552 3254 ipsi
579 3182 871 3237 hiereditate
901 3177 1225 3250 possidebunt
1246 3186 1429 3230 terram
1463 3171 1674 3243 (Matth.
1707 3187 1758 3229 ν.
1791 3170 1868 3241 4);
1890 3183 2049 3238 quam

456 3273 694 3338 terram?
721 3272 822 3326 nisi
861 3269 928 3324 de
954 3283 1055 3340 qua
1085 3267 1282 3322 dicitur
1311 3284 1328 3321 :
1361 3265 1491 3333 Spes
1536 3279 1645 3316 mea
1675 3279 1724 3316 es
1768 3272 1843 3324 tu,
1885 3260 2051 3329 portio

457 3381 575 3420 mea
597 3366 650 3418 in
682 3375 812 3417 terra
839 3363 1108 3416 viventium
1144 3357 1334 3430 (Psal.
1363 3372 1503 3419 cm,
1539 3355 1617 3424 6);
1645 3364 1698 3408 et
1724 3351 1850 3406 illud
1878 3351 2051 3404 mani-

459 3457 646 3510 festius
679 3473 692 3506 :
723 3453 976 3508 Dominus
1014 3467 1134 3522 pars
1177 3447 1489 3502 hancditatis
1515 3460 1641 3500 mea:
1666 3452 1712 3496 et
1756 3441 1928 3495 colicis
1956 3441 2054 3494 mei

461 3548 633 3619 (t'sot.
677 3562 768 3611 XV,
806 3543 893 3614 .5).
923 3543 1129 3598 Dicitur
1163 3548 1219 3596 et
1243 3537 1531 3593 biereditas
1557 3536 1646 3590 Dei
1679 3533 1912 3588 vicissim
1948 3533 2052 3586 Ec-

458 3638 618 3704 clesia
664 3633 955 3691 secundum
997 3631 1131 3685 illud
1179 3629 1444 3683 :I’ostuta
1471 3645 1504 3679 α
1533 3644 1641 3690 me,
1697 3635 1744 3678 et
1791 3623 1920 3677 dabo
1967 3621 2058 3676 tibi

459 3737 628 3798 gentes
649 3726 993 3779 [nereditatem
1023 3733 1160 3774 tuam
1187 3718 1360 3790 (Psal.
1393 3735 1452 3779 ti,
1483 3717 1565 3788 8).
1600 3717 1736 3785 Ergo
1769 3712 2057 3771 hzereditas

462 3829 643 3875 nostra
676 3818 814 3871 Deus
845 3814 1058 3877 dicitur,
1089 3814 1210 3881 quia
1240 3811 1351 3880 ipse
1376 3823 1472 3864 nos
1501 3810 1669 3876 pascit
1695 3816 1749 3863 et
1776 3805 2054 3860 continet:

463 3922 512 3966 el
549 3908 835 3964 hereditas
867 3906 962 3960 Dei
989 3904 1238 3967 dicimur,
1271 3901 1392 3970 quia
1441 3899 1556 3969 ipse
1600 3913 1697 3952 nos
1726 3895 2061 3952 administrat

466 4013 519 4060 et
548 4003 702 4074 regit.
733 4001 1069 4068 Quapmpter
1105 4012 1203 4049 vox
1238 3993 1494 4050 Ecclesia:
1523 4001 1608 4046 est
1634 3991 1685 4044 in
1721 3989 1822 4044 hoc
1851 3987 2060 4058 psalmo

464 4107 672 4152 vocatas
708 4095 776 4152 ad
807 4091 1199 4156 hmreditatem,
1225 4099 1280 4142 ut
1308 4097 1362 4144 et
1390 4087 1502 4157 ipsa
1532 4083 1625 4138 liat
1647 4080 1931 4137 barreditas
1957 4083 2064 4135 Do-

539 4281 594 4333 2.
645 4278 815 4351 [νει-³.,
843 4275 922 4348 2].
986 4271 1151 4328 Verba
1191 4287 1302 4324 meo
1328 4267 1514 4324 exaudi
1538 4309 1554 4332 ,
1585 4265 1803 4319 Domine
1823 4281 1842 4320 :
1875 4269 2062 4318 vocata

470 4375 680 4428 invocat
712 4370 1018 4432 Dominum,
1064 4375 1119 4421 ut
1165 4363 1358 4419 eodem
1403 4359 1700 4429 cpitulante
1733 4363 2064 4427 pertranseat

469 4464 760 4534 nequitiam
787 4460 966 4515 smeuli
991 4458 1169 4526 hujus,
1201 4464 1254 4509 ct
1272 4454 1337 4508 ad
1369 4468 1489 4507 eum
1510 4449 1808 4520 perveniat.
1834 4447 2067 4518 Intellige

472 4559 740 4609 clamorem
773 4568 940 4607 meum
971 4566 989 4603 :
1019 4549 1153 4603 bene
1196 4544 1431 4602 ostendit
1459 4542 1579 4610 quis
1605 4542 1707 4595 iste
1746 4539 1816 4592 sit
1840 4539 2062 4604 clamor,

473 4662 633 4717 quam
667 4645 888 4700 interior
915 4642 982 4696 de
1011 4640 1188 4695 cordis
1214 4637 1372 4693 cubili
1417 4636 1534 4689 sine
1559 4633 1789 4717 strepitu
1824 4632 2066 4700 corporis

478 4738 753 4808 perveniat
773 4735 841 4793 ad
860 4736 1046 4795 Deum;
1071 4727 1501 4801 quandoquidem
1525 4709 1629 4778 vox
1652 4723 1947 4792 corporalis
1973 4739 2067 4775 au-

463 4833 640 4898 ,ditur,
691 4825 983 4896 Spiritualis
1027 4832 1203 4896 autem
1255 4819 1588 4887 intelligitur.
1620 4815 1932 4884 Quanquam
1964 4812 2068 4866 hoc

473 4923 546 4976 sit
572 4919 731 4975 etiam
761 4915 1014 4972 exaudire
1045 4915 1155 4976 Dei,
1191 4927 1296 4965 non
1323 4924 1454 4962 aure
1483 4905 1707 4970 carnali,
1764 4905 1859 4959 sed
1902 4905 2069 4973 maje-

477 5011 635 5066 slalis
658 5007 964 5079 przcsetitia.

547 5105 599 5158 '5.
634 5100 787 5173 [vers.
825 5096 909 5170 5.]
933 5094 1150 5149 Intende
1170 5093 1280 5146 uoci
1305 5090 1664 5145 obsecrationis
1692 5105 1816 5143 mete
1838 5104 1858 5141 :
1887 5088 1937 5142 id
1965 5095 2067 5150 est,

474 5201 551 5255 illi
583 5198 722 5260 voci,
750 5210 908 5264 quam
931 5201 988 5246 ut
1010 5191 1150 5244 Deus
1171 5187 1429 5255 intelligat
1461 5185 1630 5253 petit;
1654 5200 1773 5253 qua:
1799 5181 1972 5252 qualis
2002 5182 2071 5235 sit

476 5295 586 5362 jam
618 5287 925 5351 insinuavit,
948 5300 1068 5338 cum
1098 5281 1230 5336 dixit
1254 5298 1266 5333 :
1295 5277 1531 5346 Intellrge
1560 5278 1832 5330 clamorem
1873 5291 2066 5327 meum.

479 5383 695 5439 Intende
715 5380 824 5434 voci
845 5375 1202 5432 obsecrationis
1219 5388 1360 5436 utea,
1395 5371 1502 5425 Rea:
1521 5387 1658 5425 meus
1675 5378 1722 5423 et
1746 5368 1884 5423 Deus
1907 5385 2068 5430 meus.

478 5473 735 5543 Quamvis
758 5480 812 5525 et
839 5468 1006 5523 Filius
1031 5467 1190 5529 Deus,
1219 5472 1274 5520 et
1299 5465 1456 5518 Pater
1479 5464 1637 5522 Deus,
1658 5471 1712 5533 et
1735 5460 1894 5516 simul
1913 5461 2074 5514 Pater

482 5564 728 5620 etF'ilius
779 5575 915 5616 unus
946 5560 1119 5623 Deus;
1151 5567 1205 5613 et
1251 5557 1296 5611 si
1325 5557 1717 5624 interrogemur
1759 5552 1826 5607 de
1871 5550 2073 5622 Spiritu

482 5666 688 5718 sancto,
717 5652 850 5709 nihil
878 5650 1018 5705 aliud
1050 5645 1478 5716 respondendum
1504 5653 1606 5706 est,
1644 5643 1744 5696 nisi
1767 5641 1905 5710 quod
1936 5643 2076 5695 Deus

486 5752 588 5810 sit;
619 5758 818 5805 etcum
847 5745 1003 5800 simul
1041 5743 1290 5797 dicuntur
1318 5741 1473 5795 Pater
1503 5747 1557 5791 et
1579 5735 1744 5790 Filius
1773 5745 1828 5789 et
1847 5735 2076 5806 Spiritus

489 5852 700 5904 sanctus
729 5881 743 5908 ,
805 5839 934 5893 nihil
981 5837 1120 5891 aliud
1159 5831 1559 5905 intelligendum
1607 5839 1688 5885 est
1736 5845 1895 5899 quam
1940 5845 2082 5889 unus

458 2415 811 2430 σι--ι--ιν--ο-ο

2149 516 2322 576 Deus;
2366 529 2541 571 tamen
2581 532 2758 588 regem
2809 515 3002 571 Filium
3053 515 3223 572 solent
3273 515 3544 586 appellare
3587 515 3737 572 Scri-

2145 621 2336 679 pturze.
2359 611 2666 664 Secundum
2693 626 2820 680 ergo
2848 610 2974 664 illud
2998 610 3137 680 quod
3165 611 3365 666 dictum
3397 621 3497 674 est,
3528 608 3633 663 Per
3657 627 3737 664 me

2143 703 2250 755 itur
2272 703 2340 753 ad
2372 701 2576 755 Patrem
2603 701 2783 767 (Joan.
2815 719 2921 766 xiv,
2951 701 3027 770 6),
3046 713 3190 757 recte
3215 703 3408 770 primo,
3433 701 3545 756 Rea:
3570 719 3734 766 meus,

2145 806 2195 849 et
2225 795 2438 859 deinde,
2475 793 2609 848 Deus
2640 811 2794 847 meus.
2843 793 2950 848 Nec
3002 803 3177 846 tamen
3227 794 3390 858 dixit,
3439 793 3700 846 lntcndite
3737 811 3749 855 ;

2145 884 2260 940 sed.
2294 883 2512 937 Intende
2543 901 2560 938 :
2587 901 2691 938 non
2719 886 2860 938 enim
2890 884 3023 938 duos
3054 894 3149 938 aut
3178 894 3285 937 tres
3314 883 3447 938 deos
3489 883 3624 938 ﬂdes
3650 898 3741 937 ca—

2147 974 2340 1029 tholica
2369 975 2652 1044 pra-dicat,
2681 975 2775 1029 sed
2809 977 2974 1044 ipsam
2998 975 3309 1028 Trinitatem
3339 990 3500 1028 unum
3535 975 3702 1028 Deum
3726 991 3738 1026 :

2145 1083 2251 1121 non
2283 1077 2332 1120 ul
2363 1067 2549 1120 eadem
2579 1056 2818 1121 Trinitas
2853 1069 3006 1120 simul
3039 1067 3200 1136 possit
3249 1066 3531 1136 aliquando
3557 1067 3742 1134 Pater,

2143 1156 2428 1226 aliquando
2457 1157 2642 1222 Filius,
2667 1157 2950 1227 aliquando
2975 1158 3201 1226 Spiritus
3232 1166 3447 1211 sanctus
3474 1157 3599 1222 dici,
3625 1158 3743 1212 sic-

2145 1259 2203 1302 ut
2247 1248 2511 1304 Sabellius
2553 1249 2775 1303 credidit
2803 1266 2818 1311 ;
2851 1249 2942 1302 sed
2973 1259 3030 1303 ut
3057 1250 3215 1304 Pater
3243 1251 3450 1304 nonnisi
3484 1249 3664 1314 Pater,
3690 1259 3745 1303 et

2145 1339 2312 1396 Filius
2338 1341 2549 1394 nonnisi
2583 1341 2768 1406 Filius,
2796 1352 2847 1396 ct
2868 1341 3097 1408 Spiritus
3137 1351 3355 1396 sanctas
3385 1343 3593 1398 nonnisi
3619 1341 3745 1410 Spi-

2144 1434 2280 1487 ritus
2331 1444 2583 1498 sanctus,
2629 1443 2683 1488 ct
2729 1433 2842 1488 Innc
2882 1434 3117 1489 Trinitas
3147 1437 3357 1489 nonnisi
3391 1451 3529 1490 unus
3577 1437 3741 1491 Deus.

2144 1523 2277 1591 Quia
2303 1533 2357 1578 ct
2392 1539 2514 1578 cum
2550 1524 2776 1578 dixisset
2824 1525 3150 1594 Apostolus:
3185 1525 3268 1580 Ea:
3308 1543 3407 1595 quo
3433 1528 3623 1595 omnia,
3653 1544 3746 1597 per

2144 1632 2290 1684 quem
2315 1615 2516 1681 omnia,
2557 1616 2609 1668 in
2635 1632 2732 1684 quo
2760 1616 2930 1669 omnia
2957 1615 3132 1686 (Rom.
3165 1633 3242 1683 xi,
3272 1617 3391 1687 56),
3421 1617 3742 1673 Trinitatem

2147 1707 2316 1775 ipsam
2340 1707 2639 1763 insinuasse
2660 1709 2935 1774 creditur;
2961 1699 3068 1765 nec
3105 1721 3286 1766 tamen
3317 1709 3580 1781 subjecit,
3607 1711 3744 1782 Ipsis

2145 1798 2311 1869 gloria
2337 1815 2351 1861 ;
2382 1797 2474 1853 sed
2497 1839 2512 1864 ,
2547 1797 2658 1868 Ipsi
2681 1800 2866 1870 gloria.

2219 1888 2270 1942 4.
2301 1885 2322 1960 [
2352 1904 2478 1942 vers.
2506 1887 2588 1961 4.]
2633 1888 2884 1953 Quoniam
2915 1889 2982 1942 ad
3028 1899 3074 1943 te
3097 1890 3249 1945 orabo
3271 1934 3283 1953 ,
3321 1890 3552 1957 Domine,
3594 1909 3748 1947 mane

2147 1981 2386 2034 exaudies
2427 1997 2593 2034 vocem
2623 1998 2782 2036 meam
2817 1997 2834 2034 :
2862 1981 2986 2052 quid
3031 1983 3131 2036 sibi
3163 1983 3275 2037 vult
3311 1984 3452 2052 quod
3493 1985 3744 2054 superius

2148 2069 2314 2134 dixit,
2341 2071 2528 2124 exaudi
2550 2112 2565 2135 ,
2598 2074 2745 2140 quasi
2779 2072 2830 2125 in
2863 2071 3187 2140 praisentise
3213 2069 3449 2128 exaudiri
3479 2087 3701 2145 cuperet
3727 2115 3745 2140 ,

2148 2177 2290 2216 nunc
2318 2179 2446 2216 vero
2472 2162 2634 2228 dicit,
2664 2181 2813 2217 mone
2840 2165 3101 2229 exaudies,
3129 2181 3255 2232 non,
3283 2168 3476 2222 exaudi
3503 2185 3517 2232 ;
3550 2178 3605 2222 et
3625 2211 3639 2230 ,
3673 2173 3744 2220 ad

2150 2263 2198 2308 te
2223 2253 2413 2327 orabo“.
2448 2271 2553 2308 non
2575 2296 2591 2320 ,
2637 2255 2703 2308 ad
2733 2265 2784 2311 te
2812 2271 2946 2322 oro;
2978 2266 3032 2312 et
3062 2256 3318 2326 deinceps
3343 2299 3354 2320 ,
3390 2275 3539 2313 mane
3563 2263 3748 2314 astabo

2150 2348 2238 2400 tibi
2259 2358 2304 2399 et
2331 2347 2525 2409 uidebo,
2558 2362 2684 2411 non,
2708 2357 2826 2400 asto
2868 2358 2923 2402 et
2955 2347 3148 2402 video?
3179 2348 3289 2404 Nisi
3331 2351 3466 2404 forte
3496 2351 3750 2419 superior

2150 2438 2266 2504 ejus
2291 2439 2466 2492 oratio
2511 2439 2680 2506 ipsam
2731 2436 3124 2493 invocationem
3155 2441 3172 2470 ί
3204 2439 3441 2494 ostendit
3470 2458 3483 2494 :
3509 2441 3750 2510 caligatis

2151 2537 2329 2584 autem
2357 2528 2496 2582 inter
2522 2529 2785 2597 procellas
2814 2527 2970 2598 hujus
3007 2528 3210 2594 smculi,
3243 2531 3403 2585 sentit
3430 2546 3488 2584 se
3519 2547 3624 2586 non
3671 2533 3753 2586 vi-

2152 2619 2280 2673 dere
2299 2618 2439 2688 quod
2465 2619 2628 2688 cupit,
2661 2629 2715 2674 et
2741 2632 2916 2675 tamen
2969 2636 3190 2690 sperare
3226 2638 3330 2675 non
3359 2623 3590 2678 desinit:
3621 2640 3754 2694 spes

2152 2709 2294 2766 enim
2336 2726 2455 2780 qua:
2479 2711 2710 2777 videtur,
2737 2726 2841 2765 non
2879 2721 2962 2766 est
3000 2727 3123 2782 spes
3155 2713 3338 2785 (Rom.
3370 2731 3478 2771 \‘lll.
3510 2713 3628 2780 Ἠ).
3660 2715 3752 2770 lti-

2154 2803 2343 2871 telligit
2384 2813 2561 2863 tamen
2592 2818 2761 2873 quare
2793 2819 2894 2858 non
2945 2804 3160 2870 videat,
3209 2807 3330 2874 quia
3375 2806 3611 2862 nondum
3643 2824 3755 2866 nox

2155 2889 2372 2964 peracta
2417 2901 2519 2957 est,
2551 2891 2604 2948 id
2635 2902 2719 2947 cst
2743 2897 2977 2949 tenebrae
3007 2910 3139 2965 quas
3167 2905 3385 2965 peccata
3413 2909 3752 2955 meruerunt.

2155 2987 2293 3042 Dicit
2317 3002 2462 3058 ergo,
2497 2986 2752 3054 Quoniam
2771 2989 2838 3041 ad
2868 2998 2915 3041 te
2942 2989 3117 3053 orabo,
3141 2989 3375 3054 Domine,
3407 2991 3455 3044 id
3488 3001 3591 3058 est,
3619 3007 3747 3062 quo.

2155 3081 2299 3135 niam
2342 3090 2522 3135 tantus
2547 3095 2606 3135 es
2631 3079 2696 3134 ad
2722 3096 2880 3152 quem
2910 3081 3095 3143 orabo,
3130 3099 3277 3136 mane
3302 3085 3542 3139 exaudies
3582 3102 3757 3140 rorem

2155 3188 2339 3225 meam.
2389 3171 2507 3227 Non
2558 3171 2646 3225 ille
2676 3186 2758 3235 es,
2785 3173 2991 3241 inquit.
3028 3173 3117 3242 qui
3164 3174 3336 3242 pOsSiS
3385 3175 3551 3230 videri
3577 3177 3647 3231 ab
3678 3179 3759 3232 cis

2119 3334 2127 3343 ο
2157 3278 2384 3332 quorum
2411 3263 2477 3317 ab
2498 3262 2671 3317 oculis
2701 3277 2805 3317 nox
2838 3273 3180 3332 [urceatoiuui
3224 3265 3455 3319 nomium
3486 3270 3716 3323 recessit
3741 3287 3757 3323 :

2159 3367 2372 3426 peracta
2399 3372 2528 3426 ergo
2555 3356 2755 3410 erroris
2793 3356 2897 3411 mei
2932 3369 3120 3418 nocte.
3162 3366 3216 3411 et
3242 3359 3645 3416 discedentibus
3683 3374 3765 3415 te-

2158 3447 2340 3502 nebris
2369 3463 2502 3516 quas
2551 3445 2680 3501 mihi
2729 3447 2962 3517 peccatis
2992 3448 3124 3502 meis
3175 3448 3314 3511 feci,
3347 3451 3600 3505 exaudies
3661 3468 3761 3504 vo-

2157 3555 2275 3594 cem
2296 3555 2489 3594 meam.
2519 3537 2627 3593 Cur
2652 3553 2782 3610 ergo
2800 3539 3048 3608 superius
3073 3557 3178 3592 non
3201 3542 3294 3605 ait,
3322 3541 3607 3606 exaudies;
3637 3545 3756 3608 sed,

2156 3638 2388 3694 mutii?
2415 3640 2496 3708 An
2528 3647 2807 3708 postquam
2829 3637 3095 3700 clamavit,
3127 3639 3332 3701 exaudi,
3364 3648 3419 3693 et
3448 3656 3552 3693 non
3592 3655 3765 3695 exau-

2159 3730 2277 3784 dita
2321 3738 2438 3795 est,
2472 3730 2640 3785 sensit
2686 3729 2810 3799 quid
2842 3731 2863 3760 ²
2898 3739 3141 3797 Oporteat
3190 3729 3419 3784 transire
3480 3739 3535 3784 ut
3589 3732 3764 3801 possit

2161 3821 2443 3876 exaudiri?
2487 3823 2564 3875 An
2593 3830 2646 3875 et
2676 3822 2922 3890 superius
2952 3820 3200 3875 exaudita
3235 3829 3316 3874 est
3336 3862 3352 3886 ,
3394 3821 3488 3875 sed
3520 3821 3758 3877 nondum

2167 3931 2228 3969 se
2278 3913 2524 3985 intelligit
2569 3913 2871 3970 exauditam
2898 3955 2914 3980 ,
2969 3913 3090 3984 quia
3143 3914 3380 3968 nondum
3415 3914 3559 3969 videt
3597 3929 3624 3967 a
3653 3930 3766 3984 quo

2163 4007 2413 4064 exaudita
2445 4017 2560 4067 est;
2590 4018 2644 4062 et
2691 4007 2833 4078 quod
2866 4021 3007 4061 nunc
3040 4007 3133 4072 ait,
3163 4022 3312 4060 moue
3349 4007 3606 4071 exaudies,
3657 4007 3767 4064 hoc

2164 4099 2390 4170 intelligi
2428 4098 2614 4161 voluit,
2654 4115 2810 4158 inane
2841 4099 3132 4166 intelligam
3158 4113 3243 4152 me
3268 4114 3390 4153 esse
3415 4098 3722 4153 exauditam
3739 4099 3766 4155 ἲ

2165 4191 2343 4262 qualis
2367 4199 2451 4244 est
2474 4189 2572 4244 ista
2603 4190 2822 4252 locutio,
2851 4190 3107 4258 Exsurge,
3130 4188 3350 4242 Domine
3374 4189 3541 4260 (νισι.
3571 4203 3647 4252 ut,
3680 4189 3765 4257 7),

2170 4284 2220 4338 id
2251 4293 2352 4348 est,
2390 4282 2471 4337 fac
2500 4297 2585 4336 me
2615 4295 2943 4349 exsurgere;
2975 4281 3069 4336 sed
3104 4281 3204 4335 hoc
3228 4282 3294 4334 de
3325 4284 3716 4336 resurrectione
3745 4280 3768 4312 ⁸

2169 4375 2364 4430 Christi
2418 4375 2694 4443 accipitur.
2734 4372 2865 4426 Illud
2895 4382 3046 4428 certe
3082 4389 3186 4426 non
3239 4381 3411 4440 potest
3442 4381 3586 4426 recte
3609 4371 3772 4427 aliter

2171 4468 2362 4538 accipi,
2398 4466 2578 4520 Tentat
2606 4482 2692 4519 vos
2722 4465 2970 4518 Dominus
3000 4465 3134 4517 Deus
3159 4473 3334 4524 vester.
3373 4474 3426 4516 ut
3449 4464 3577 4518 sciat
3605 4465 3648 4516 si
3677 4465 3766 4516 di-

2171 4561 2327 4630 ligitis
2347 4577 2461 4613 eum
2487 4557 2662 4629 (Deut.
2696 4573 2808 4617 xm.
2833 4558 2913 4623 3),
2941 4557 3039 4610 nisi
3069 4568 3124 4609 ut
3153 4571 3246 4608 vos
3275 4570 3370 4624 per
3392 4557 3535 4610 illum
3554 4555 3767 4620 sciatis,

2173 4666 2228 4709 et
2254 4651 2648 4721 vobismelipsis
2676 4651 3042 4704 inanilestetnr
3067 4659 3322 4720 quantum
3351 4649 3403 4703 in
3434 4664 3553 4719 ejus
3572 4664 3770 4706 amore

2172 4745 2529 4817 proieceritis.

2249 4840 2302 4894 5.
2332 4837 2479 4910 [vers.
2529 4835 2677 4907 5-8.]
2701 4836 2852 4888 Mone
2872 4834 3049 4889 astabo
3063 4833 3170 4900 tibi,
3196 4844 3243 4887 et
3265 4833 3437 4888 uidebo
3459 4834 3539 4904 (o)
3559 4833 3773 4888 :astabo

2175 4931 2299 5000 quid
2324 4938 2432 4992 est,
2459 4927 2559 4982 nisi
2583 4943 2687 4980 non
2702 4925 2929 4995 jacebo?
2955 4925 3079 4996 quid
3101 4935 3183 4980 est
3203 4934 3380 4980 autem
3403 4925 3544 4980 aliud
3563 4910 3771 4994 jacere,

2179 5023 2278 5076 nisi
2309 5023 2360 5074 in
2392 5029 2528 5074 terra
2555 5020 2852 5088 quiescere,
2885 5018 3026 5087 quod
3057 5027 3142 5072 est
3171 5018 3221 5070 iii
3270 5017 3503 5073 terreris
3524 5018 3773 5084 volupta-

2179 5116 2318 5169 tibus
2342 5113 2723 5168 beatitudinem
2742 5127 2983 5182 qnznrere
3006 5113 3029 5165 ?
3050 5112 3258 5174 Astabo,
3286 5112 3484 5179 inquit,
3507 5121 3553 5164 et
3572 5111 3777 5165 videbo:

2179 5221 2284 5259 non
2313 5217 2393 5260 est
2413 5220 2542 5274 ergo
2564 5204 2927 5258 inl'iaire’ndum
2960 5204 3206 5267 terrenis,
3236 5202 3278 5256 si
3317 5202 3563 5257 volumus
3604 5202 3775 5255 Deum

2180 5297 2383 5359 videre,
2435 5295 2525 5363 qui
2573 5293 2772 5348 mundo
2803 5294 2965 5348 corde
2995 5291 3342 5358 conspicitur.
3385 5292 3640 5358 Quoniam
3669 5309 3774 5346 non

2180 5389 2319 5445 Deus
2348 5387 2519 5442 volens
2565 5387 2878 5456 iniquitate»:
2909 5396 2963 5438 tu
3008 5403 3079 5439 es.
3117 5383 3236 5439 Non
3285 5384 3526 5438 habitabit
3542 5385 3700 5454 juxta
3734 5390 3787 5435 te

2246 5590 2261 5620 ί
2288 5585 2420 5643 ΠΜ,
2447 5583 2752 5651 iocationem.
2782 5589 2834 5630 Αι
2846 5580 3150 5630 Colbertinus
3181 5579 3336 5630 codex
3357 5579 3534 5638 aliique
3567 5577 3784 5630 ιιῖυιίιιτὶς

2183 5660 2310 5701 noue
2336 5656 2461 5702 t.tss.,
2484 5643 2842 5694 inromtionem.

2250 5713 2270 5741 ³
2296 5710 2462 5756 Plures
2486 5714 2611 5758 Mss”
2641 5706 2787 5766 quod.

2250 5774 2268 5803 ³
2294 5771 2423 5819 ειιιι..
2446 5770 2530 5819 sed
2555 5767 2595 5816 si
2617 5761 2704 5816 hoc
2721 5767 2780 5816 de
2795 5767 3158 5816 resurrectione.
3174 5761 3402 5814 l‘articula
3418 5761 3459 5810 si
3475 5763 3615 5810 ala-st
3628 5777 3654 5806 ει
3675 5769 3782 5815 κει,

2253 5837 2326 5894 ia)
2359 5832 2489 5879 idem
2507 5843 2637 5880 vers.
2664 5830 2698 5877 ὃ
2721 5837 2950 5880 tractatur
2970 5831 3014 5888 ip
3037 5835 3066 5876 lt
3094 5835 3227 5876 Enar.
3255 5824 3374 5876 l“sa|.
3403 5835 3540 5881 uti.
3563 5838 3615 5875 ιι.
3640 5829 3693 5874 tl.
