3956 6358
221 407 289 463 85
743 373 748 378 ’
1365 403 1764 459 manuario
1808 402 1872 460 IN
1913 403 2238 480 Psamimt
2268 404 2340 458 .v.
3463 415 3535 472 εδ

219 517 472 588 ma!ignus
492 557 508 581 ,
537 531 699 579 neque
731 513 1094 588 permanebunt
1122 514 1300 585 injusti
1327 526 1443 569 ante
1475 518 1647 569 oculos
1687 525 1816 570 tuos.

224 609 389 662 Odisti
429 623 600 662 omnes
625 607 714 677 qui
745 616 1023 676 operantur
1058 606 1374 675 iniquitatem
1399 649 1412 668 ,
1447 607 1624 678 perdes
1652 624 1822 661 omnes

219 704 302 769 qui
328 701 608 766 loquuntur
633 699 976 753 mendacium.
1020 697 1194 752 Virum
1237 700 1545 770 sanguinum
1591 711 1634 752 et
1677 699 1822 751 dolo-

223 807 330 844 sum
378 790 756 844 abominabitur
798 789 1108 845 Dominus:
1140 790 1426 859 iniquitas.
1490 790 1820 859 malignitas,

225 883 555 938 mendacium
582 924 598 950 ,
630 883 997 949 homicidium,
1047 883 1223 948 dolus,
1265 894 1318 938 et
1341 882 1599 953 quidquid
1632 882 1824 950 hujus-

225 974 361 1028 modi
389 985 494 1040 est,
524 975 638 1042 ipsa
670 991 778 1030 nux
803 983 908 1040 est,
939 991 1043 1044 qua
1074 984 1382 1028 transeunte
1408 973 1463 1026 lit
1482 989 1638 1027 mane
1663 984 1718 1026 ut
1746 973 1823 1025 vi-

221 1065 406 1119 deatur
429 1065 596 1120 Deus.
622 1064 855 1120 Causam
883 1081 1009 1135 ergo
1029 1067 1278 1134 estposuit
1302 1081 1468 1135 quare
1497 1079 1653 1119 inane
1679 1073 1823 1118 asta—

223 1159 314 1220 bit,
342 1167 396 1213 et
423 1159 662 1225 videbit,
691 1159 932 1229 quoniam
954 1176 1054 1212 non
1081 1147 1224 1212 Deus
1251 1160 1423 1213 volens
1461 1158 1780 1228 iniquitatem
1803 1199 1818 1223 ,

222 1253 405 1321 inquit,
434 1264 490 1305 tu
518 1269 591 1306 es.
622 1252 680 1307 Si
713 1252 854 1307 enim
898 1252 1038 1306 Deus
1069 1263 1212 1306 esset
1239 1250 1330 1321 qui
1365 1251 1526 1306 vellet
1566 1249 1820 1320 iniquita-

224 1354 355 1410 tem,
391 1354 578 1416 posset
600 1345 761 1398 etiam
782 1345 848 1398 ab
877 1342 1071 1411 iniquis
1101 1342 1268 1396 videri
1293 1359 1306 1404 ;
1342 1352 1398 1395 ut
1420 1357 1526 1394 non
1556 1355 1713 1396 mane
1740 1339 1820 1394 vi-

223 1435 456 1497 deretur,
490 1436 542 1489 id
581 1446 684 1500 est,
717 1451 840 1489 cum
875 1434 1168 1505 iniquitatis
1198 1447 1300 1487 nox
1330 1431 1718 1502 pertransierit.

290 1530 340 1584 6.
384 1526 509 1582 Non
539 1526 782 1580 habitabit
796 1528 950 1597 juxta
978 1537 1024 1578 te
1052 1525 1302 1595 malignus
1324 1540 1344 1576 :
1372 1523 1425 1577 id
1448 1532 1530 1578 est
1553 1564 1567 1588 ,
1616 1537 1719 1575 non
1746 1522 1822 1575 sic

225 1620 420 1675 videbit
449 1632 507 1674 ιιι
541 1621 764 1675 luerent.
815 1619 939 1674 Ideo
966 1619 1206 1686 sequitur
1229 1657 1245 1680 ,
1272 1631 1432 1686 neque
1460 1615 1821 1685 permanebunt

224 1714 393 1785 injuin
419 1723 541 1766 ante
584 1713 757 1766 oculos
804 1723 957 1774 tuos;
1003 1712 1125 1780 quia
1171 1709 1314 1764 oculi
1359 1722 1586 1772 eorum,
1639 1706 1691 1759 id
1740 1714 1824 1760 est

226 1820 370 1860 mens
390 1821 583 1858 eorum
618 1804 992 1858 reverberatur
1012 1801 1130 1855 luce
1160 1801 1399 1855 veritatis
1422 1811 1640 1868 prOpter
1667 1809 1820 1851 tene-

226 1899 343 1953 bras
392 1906 778 1970 peccatorum’,
836 1910 1060 1967 quorum
1112 1891 1502 1949 consuetudine
1560 1890 1821 1959 fulgorem

225 1983 376 2046 rectae
427 1989 804 2060 intelligentia‘
857 1988 1123 2042 sustinere
1167 2001 1272 2039 non
1315 1993 1557 2055 possunt.
1597 1983 1739 2052 Ergo
1769 1990 1826 2036 et

224 2066 305 2152 qui
337 2080 520 2136 vident
548 2078 867 2149 aliquando,
897 2077 949 2132 id
975 2087 1088 2141 est,
1136 2077 1228 2146 qui
1255 2092 1439 2130 verum
1481 2074 1779 2143 intelligunt
1803 2115 1818 2140 ,

227 2185 391 2228 tamen
420 2173 604 2228 adhuc
631 2171 810 2241 injusti
843 2181 984 2234 sunt,
1019 2185 1122 2223 non
1150 2170 1219 2223 ibi
1244 2177 1563 2239 permanent
1592 2165 1821 2220 amando

223 2281 279 2320 e1
307 2281 424 2337 qua:
463 2274 722 2320 avertunt
751 2279 781 2318 a
813 2279 976 2326 vero;
1025 2271 1219 2332 gerunt
1265 2262 1406 2316 enim
1455 2275 1636 2313 secum
1670 2271 1820 2312 suam

226 2369 455 2420 nectent,
490 2355 548 2410 id
576 2363 678 2421 εει,
712 2369 816 2408 non
849 2355 1018 2407 solum
1049 2352 1512 2411 consuetudinem,
1536 2350 1630 2403 sed
1658 2351 1818 2402 etiam

224 2463 449 2502 amorem
483 2447 764 2522 peccandi.
812 2446 939 2513 Quzu
969 2460 1074 2499 nox
1106 2445 1150 2498 si
1195 2443 1499 2510 transierit,
1551 2443 1601 2496 id
1632 2452 1742 2506 εει,
1776 2443 1820 2495 si

228 2555 436 2608 μυρίην-ε
463 2539 813 2601 destiterint,
862 2545 912 2591 et
946 2537 1060 2605 ipse
1101 2551 1254 2589 amor
1291 2545 1450 2603 atque
1489 2532 1821 2589 consuetudo

225 2633 384 2701 fugata
413 2629 610 2690 fuerit,
647 2630 925 2693 fit'mane;
963 2630 1030 2681 ita
1065 2637 1251 2680 utnon
1280 2626 1453 2679 solum
1483 2625 1816 2693 intelligant,

224 2722 308 2776 sed
334 2724 491 2776 etiam
523 2719 826 2774 inluereant
853 2718 1081 2773 veritati.

288 2813 335 2865 'l.
380 2811 556 2864 Odisti
586 2813 602 2843 ί
633 2827 806 2865 omnes
834 2812 917 2876 qui
948 2818 1222 2879 operantur
1247 2807 1559 2877 iniquitate»:
1591 2821 1610 2858 :
1638 2806 1820 2859 odium

225 2905 392 2960 Deiex
423 2905 513 2959 illa
550 2903 821 2958 locutione
852 2901 1255 2972 intelligendum
1284 2911 1386 2967 est,
1419 2914 1522 2969 qua
1550 2899 1660 2953 odit
1694 2912 1820 2967 pec-

223 3006 363 3051 cator
403 2998 635 3068 quisque
663 2997 966 3051 veritatem.
1002 2994 1225 3049 Videtur
1254 2994 1397 3047 enim
1442 2991 1583 3062 quod
1632 3000 1684 3046 et
1731 2991 1819 3044 illa

225 3088 325 3142 odit
354 3104 484 3160 quos
509 3089 562 3142 in
591 3102 654 3142 se
681 3102 900 3141 manere
925 3101 1031 3140 non
1058 3085 1216 3140 sinit:
1243 3099 1348 3139 non
1375 3092 1553 3137 autem
1580 3093 1817 3144 manent,

224 3179 306 3247 qui
326 3195 440 3234 eam
467 3179 741 3234 suetinere
779 3193 887 3232 non
937 3177 1138 3231 valent.
1192 3174 1386 3230 Perdes
1416 3191 1586 3228 omnes
1622 3174 1707 3242 qui
1738 3173 1819 3226 lo-

225 3281 432 3339 quuntur
481 3267 972 3324 mendaciumzhoc
1013 3268 1155 3322 enim
1206 3276 1290 3323 est
1339 3267 1550 3322 veritati
1601 3274 1819 3319 contra-

226 3362 371 3416 rium.
401 3361 510 3417 Sed
541 3377 612 3416 ne
641 3367 762 3430 quis
791 3369 940 3430 putct
963 3359 1197 3429 aliquam
1223 3358 1576 3413 substantiam
1611 3357 1694 3411 vel
1727 3371 1821 3409 na—

227 3463 386 3509 turam
410 3455 626 3509 veritati
649 3469 770 3509 esse
796 3454 1119 3508 contrariam
1141 3493 1156 3517 ,
1200 3451 1458 3522 intelligat
1487 3450 1553 3504 ad
1595 3451 1646 3503 id
1678 3449 1820 3520 quod

234 3563 330 3600 non
366 3556 448 3601 est
490 3547 766 3615 pertinere
795 3543 1130 3598 mendacium
1153 3585 1168 3608 ,
1200 3558 1307 3596 non
1337 3544 1404 3595 ad
1435 3541 1488 3596 id
1535 3540 1679 3612 quod
1716 3548 1817 3595 εει.

229 3639 282 3696 Si
326 3642 463 3699 enim
505 3641 614 3697 hoc
664 3641 859 3695 dicitur
903 3638 1046 3710 quod
1095 3646 1212 3703 cst,
1262 3652 1446 3691 verum
1500 3635 1729 3697 dcitur;
1774 3635 1820 3687 si

230 3741 400 3787 autem
457 3732 563 3788 hoc
607 3730 803 3787 dicitur
844 3729 983 3801 quod
1020 3745 1125 3784 non
1170 3737 1283 3796 εει,
1341 3726 1674 3783 mendacium
1715 3733 1816 3780 est.

230 3823 372 3891 Ideo,
427 3825 641 3895 inquit,
710 3821 904 3877 Perdes
963 3838 1136 3876 omnes
1183 3822 1268 3892 qui
1306 3820 1584 3890 loquuntur
1614 3818 1822 3872 menda—

231 3917 390 3983 cium;
461 3917 590 3987 quia
650 3915 963 3970 recedcntes
1030 3914 1096 3968 ab
1150 3929 1216 3968 eo
1267 3897 1408 3982 quod
1440 3919 1591 3976 ἐει,
1649 3910 1715 3963 ad
1770 3909 1822 3964 id

227 4011 356 4078 quod
392 4025 499 4066 non
541 4019 629 4066 est
675 4008 1008 4064 declinantur
1032 4008 1052 4039 ⁸
1079 3993 1100 4059 .’
1120 4007 1280 4060 Multa
1315 4005 1529 4076 quidem
1575 4003 1823 4064 videntur

228 4118 315 4170 pro
371 4104 543 4159 salute
610 4111 702 4157 aut
755 4100 1041 4157 commodo
1077 4101 1350 4168 alicuius,
1418 4115 1523 4153 non
1578 4098 1818 4163 malitia,

228 4195 314 4250 sed
352 4197 683 4267 benignitate
711 4195 1019 4260 mendacia,
1068 4196 1224 4265 quale
1278 4195 1490 4248 illarum
1544 4193 1593 4247 in
1636 4193 1821 4248 Exodo

229 4286 561 4342 obstetricum
620 4302 738 4356 qua:
791 4285 1056 4342 Pharaoni
1125 4286 1320 4356 falsum
1382 4287 1823 4363 renuntiaverunt

230 4376 419 4449 (Exod.
452 4396 467 4434 ι
494 4420 509 4444 ,
545 4379 676 4448 l9),
701 4388 758 4434 ut
801 4378 1032 4432 infantes
1080 4378 1307 4432 liliorum
1340 4377 1498 4431 Israel
1530 4394 1633 4430 non
1665 4393 1822 4431 neca-

230 4479 416 4525 rentur.
447 4471 552 4526 Sed
577 4471 739 4524 etiam
767 4470 868 4525 ista
892 4485 996 4524 non
1027 4486 1104 4535 re,
1135 4469 1228 4525 sed
1259 4469 1436 4524 indole
1457 4469 1476 4501 ³
1500 4469 1819 4535 laudantur;

231 4566 463 4632 quoniam
490 4566 583 4638 qui
613 4573 815 4618 tantum
843 4567 942 4618 hoc
963 4564 1123 4617 modo
1147 4563 1508 4628 mentiuntur,
1536 4561 1824 4616 merebun-

237 4667 314 4712 tur
337 4658 623 4729 aliquando
651 4657 720 4712 ab
749 4658 894 4711 omni
937 4639 1217 4711 mendacio
1250 4655 1484 4709 liberari.
1512 4653 1643 4708 Nam
1678 4654 1727 4706 in
1759 4653 1824 4708 iis

235 4751 315 4820 qui
363 4752 582 4822 perfecti
633 4760 793 4812 sunt,
841 4765 940 4804 nec
985 4750 1081 4803 ista
1121 4748 1394 4804 mendacia
1449 4747 1820 4811 inveniuntur;

234 4842 408 4910 quibus
429 4843 627 4898 dictum
650 4851 764 4896 est:
788 4840 934 4896 Sitin
953 4856 1038 4894 ore
1056 4850 1216 4894 vestro
1235 4883 1250 4905 ,
1276 4837 1391 4902 Est,
1419 4848 1492 4892 est
1512 4856 1531 4904 ;
1551 4854 1667 4902 non,
1691 4853 1823 4891 non:

234 4935 460 5004 quidquid
483 4935 707 5006 amplius
731 4945 804 4988 est
827 4976 842 5000 ,
869 4949 900 4985 a
932 4932 1066 4986 malo
1106 4942 1180 4986 est
1204 4931 1221 5001 (
1246 4931 1432 4985 Matth.
1464 4947 1530 4994 v,
1560 4931 1684 5000 37).
1715 4929 1825 4986 Nec

240 5025 490 5081 immerito
516 5027 625 5082 alio
652 5026 771 5080 loco
795 5025 1050 5091 scriptum
1073 5032 1156 5078 est
1187 5042 1198 5074 :
1233 5022 1303 5077 Os
1330 5023 1464 5090 quod
1485 5023 1720 5075 mentitur
1741 5038 1826 5075 oc-

237 5119 572 5173 ciditanimam
599 5119 756 5188 (Sap.
780 5133 817 5182 ι,
841 5117 925 5188 ll)
950 5132 964 5182 ;
992 5133 1056 5170 ne
1077 5116 1197 5186 quis
1221 5115 1508 5168 arbitretur
1533 5112 1825 5182 perfectum

240 5219 287 5262 et
313 5211 636 5279 spiritualem
683 5209 954 5263 hominem
986 5223 1081 5276 pro
1123 5208 1223 5260 ista
1257 5205 1540 5276 temporali
1572 5205 1678 5257 vita
1705 5246 1719 5264 ,
1768 5204 1819 5257 iu

240 5302 376 5370 cujus
397 5313 568 5358 morte
596 5320 700 5356 non
727 5301 984 5355 occiditur
1010 5301 1184 5354 anima
1204 5341 1216 5364 ,
1248 5299 1360 5352 sive
1387 5315 1478 5351 sua
1501 5339 1516 5363 ,
1545 5298 1657 5350 sive
1688 5297 1823 5349 alti-—

246 5399 368 5457 rius,
400 5396 593 5451 debere
623 5396 855 5449 mentiri.
888 5393 992 5449 Sed
1015 5393 1266 5464 quoniam
1295 5391 1436 5445 aliud
1460 5400 1543 5446 εει
1573 5391 1785 5443 mentiri
1808 5431 1822 5453 ,

245 5487 368 5541 aliud
399 5503 579 5542 verum
611 5488 908 5550 occultare;
940 5486 1200 5556 siquidem
1230 5483 1374 5537 aliud
1401 5492 1482 5538 est
1525 5482 1713 5536 faISnm
1745 5481 1824 5533 di-

247 5591 384 5643 cere,
413 5578 551 5633 aliud
585 5594 769 5633 verum
816 5586 1027 5642 tacere;
1059 5576 1101 5628 si
1129 5576 1247 5645 quis
1280 5574 1414 5628 forte
1443 5573 1523 5627 vel
1570 5573 1634 5625 ad
1669 5573 1822 5625 istam

304 5693 316 5724 '
342 5700 385 5742 In
411 5693 552 5743 editis
575 5705 587 5740 :
615 5690 789 5749 odisti,
810 5688 1020 5740 nomine.
1045 5696 1095 5736 At
1117 5699 1144 5749 a
1158 5694 1263 5736 ms.
1278 5686 1421 5736 abest
1440 5698 1555 5744 vox,
1575 5682 1792 5744 Domine,

302 5755 468 5814 ἘΔΜ
491 5755 754 5805 declinant.
776 5748 830 5802 λι
850 5748 1329 5817 Μεεη-(Ιεειὶηιιηιιινς
1380 5809 1390 5817 _
1428 5808 1437 5817 l
1541 5814 1554 5817 Δ
1631 5806 1649 5817 ﬁ
1740 5805 1767 5817 η

305 5805 470 5872 ιιῖίιίιιζ
507 5817 560 5866 in
583 5817 709 5866 doto.
755 5816 922 5863 verius
951 5805 1280 5876 aliquotMssq
1305 5808 1484 5862 indole.
1531 5806 1701 5860 Confer
1738 5805 1822 5856 lib.

249 5874 305 5924 de
323 5880 572 5943 Wo,
591 5891 662 5930 cc.
685 5879 718 5929 5
741 5885 792 5927 ct
816 5876 890 5926 l'i.

1936 516 2197 571 visibilem
2231 525 2456 571 mortem
2488 531 2594 572 non
2623 520 2734 574 vult
2759 519 3036 576 hominem
3075 525 3303 594 prodere
3323 569 3340 591 ,
3374 543 3534 597 para-

1933 615 2023 682 tus
2043 622 2163 663 esse
2200 606 2358 664 debet
2383 622 2573 688 verum
2601 610 2898 676 occultare,
2945 627 3049 666 non
3081 615 3270 670 falsum
3311 603 3526 689 dicere;

1931 711 1986 753 ut
2010 715 2182 770 neque
2211 700 2399 770 prodat
2423 718 2597 772 neque
2627 705 2931 769 mentiatur,
2969 722 3035 760 ne
3062 709 3268 763 occidat
3293 705 3530 766 animam

1929 807 2081 844 suam
2113 807 2205 859 pro
2234 807 2461 861 corpore
2487 793 2724 850 alterius.
2757 793 2812 851 Si
2844 807 3023 852 autem
3055 801 3153 854 hoc
3180 805 3413 856 nondum
3439 794 3532 873 p0-

1932 892 2070 948 test;
2104 884 2187 939 vel
2213 885 2332 940 sola.
2358 886 2515 957 hujus
2537 889 2872 943 necessitatis
2901 891 3096 945 habeat
3122 894 3400 948 mendacia
3427 935 3443 960 ,
3479 905 3537 951 ut

1930 975 2093 1029 eliam
2130 976 2199 1031 ab
2247 977 2397 1042 istis,
2427 980 2470 1033 si
2512 980 2622 1034 sola
2653 983 3008 1035 remanserint
3032 985 3292 1049 ,.liberari
3325 1002 3534 1042 merca-

1933 1075 2048 1131 tur,
2075 1077 2130 1121 ει
2159 1066 2390 1136 Spiritus
2432 1070 2603 1124 sancti
2631 1072 2798 1126 robur
2823 1073 3069 1142 accipere
3094 1116 3109 1139 ,
3143 1091 3248 1144 quo
3278 1077 3533 1147 quidquid

1931 1159 2337 1228 perpetiendum
2380 1171 2465 1216 est
2491 1176 2589 1230 pro
2629 1166 2855 1218 veritate
2886 1175 3216 1221 contemnat.
3265 1169 3378 1223 Duo
3409 1178 3534 1223 sunt

1932 1249 2150 1302 omnino
2179 1265 2376 1320 genera
2421 1252 2822 1307 mendaciorum
2856 1256 2907 1308 in
2948 1257 3139 1326 quibus
3184 1274 3291 1311 non
3342 1274 3534 1329 magna

1930 1341 2083 1409 culpa
2115 1352 2228 1405 est,
2270 1342 2362 1396 sed
2406 1351 2582 1398 tamen
2629 1361 2734 1399 non
2776 1359 2900 1400 sunt
2925 1349 3042 1402 sine
3074 1350 3259 1417 culpa,
3293 1337 3413 1404 cum
3440 1363 3533 1405 aut

1924 1430 2171 1500 jocamur
2195 1474 2209 1496 ,
2249 1443 2339 1486 aut
2378 1444 2437 1488 ut
2478 1437 2743 1505 prosimus
2787 1440 3094 1494 mentimur.
3127 1440 3258 1495 Illud
3297 1444 3530 1512 primum

1930 1526 1982 1575 in
2009 1521 2273 1590 jocando,
2305 1525 2424 1579 ideo
2460 1540 2564 1580 non
2603 1537 2682 1581 est
2716 1530 3225 1596 perniciosissimum
3255 1533 3382 1603 quia
3419 1551 3526 1588 non

1929 1611 2100 1680 fallit;
2129 1616 2272 1668 novit
2299 1615 2442 1670 enim
2470 1618 2559 1672 ille
2588 1619 2670 1671 cui
2702 1619 2897 1674 dicitur
2921 1662 2935 1685 ,
2963 1622 3070 1690 joci
3097 1637 3259 1677 causa
3292 1639 3411 1679 esse
3452 1626 3534 1678 di-

1929 1716 2094 1761 ctum.
2127 1707 2435 1764 Secundum
2466 1719 2644 1766 autem
2673 1712 2793 1766 ideo
2821 1714 3002 1767 mitius
3027 1727 3107 1770 εει
3130 1757 3146 1782 ,
3173 1717 3295 1786 quia
3337 1718 3534 1772 retinet

1929 1801 2240 1855 nonnullam
2262 1802 2710 1858 benevolentiam.
2743 1805 2874 1861 Illud
2905 1824 3033 1863 vero
3058 1810 3202 1879 quod
3232 1825 3335 1865 non
3367 1810 3531 1865 habet

1929 1891 2126 1961 duplex
2165 1908 2289 1960 cor,
2342 1910 2440 1948 nec
2469 1895 2805 1950 mendacium
2833 1898 3048 1967 quidem
3076 1899 3361 1955 dicendum
3401 1912 3483 1956 est
3515 1919 3527 1953 :

1929 1991 2178 2052 tanquam
2200 2025 2214 2049 ,
2244 1986 2388 2040 verbi
2415 1987 2613 2056 gratia,
2645 1988 2686 2040 si
2728 1989 2811 2042 cui
2858 1989 3064 2058 gladius
3089 1991 3493 2046 commendetur
3513 2034 3529 2058 ,

1929 2085 1978 2130 et
2014 2077 2288 2143 promittat
2313 2091 2371 2132 se
2399 2077 2731 2133 redditurum
2755 2095 2876 2135 cum
2906 2081 2992 2136 ille
3017 2083 3105 2151 qui
3129 2082 3526 2148 commendavit

1928 2170 2272 2236 poposcerit;
2302 2169 2347 2223 si
2393 2169 2531 2225 forte
2580 2171 2816 2241 gladium
2855 2189 3012 2227 suum
3059 2183 3266 2244 repetat
3309 2174 3529 2240 furens,

1930 2259 2268 2334 manifestum
2306 2270 2389 2318 est
2418 2270 2543 2316 tunc
2568 2278 2672 2315 non
2712 2278 2832 2318 esse
2859 2263 3190 2318 reddendum
3209 2307 3224 2330 ,
3259 2280 3325 2320 ne
3353 2266 3437 2320 vel
3467 2280 3529 2326 se

1929 2352 2137 2407 occidat
2165 2354 2247 2408 vel
2290 2354 2455 2421 alios,
2503 2354 2677 2410 donec
2715 2355 2764 2410 ei
2813 2356 3012 2410 sanitas
3057 2357 3384 2412 restituatur.
3435 2357 3530 2424 llic

1929 2443 2050 2498 ideo
2081 2462 2186 2498 non
2222 2445 2383 2500 habet
2411 2446 2608 2515 duplex
2632 2463 2726 2500 cor
2745 2489 2757 2508 ,
2785 2448 2908 2516 quia
2951 2448 3039 2503 ille
3075 2449 3157 2503 cui
3186 2449 3530 2503 commcnda-

1929 2544 2012 2590 tus
2040 2547 2121 2591 est
2149 2537 2354 2606 gladius
2380 2580 2395 2603 ,
2439 2553 2558 2591 cum
2608 2539 2949 2606 prmnittebat
2979 2555 3037 2592 se
3067 2537 3396 2593 redditurum
3432 2556 3528 2608 ιιι)-

1927 2631 2117 2694 scenti,
2149 2643 2251 2680 non
2274 2629 2540 2698 cogitabat
2562 2629 2824 2683 furentem
2854 2644 3013 2698 posse
3037 2639 3300 2698 repetere.
3333 2629 3528 2684 Volunt

1927 2732 2104 2774 autem
2151 2723 2436 2775 occultavit
2478 2732 2534 2778 et
2562 2722 2855 2786 Dominus,
2900 2738 3020 2776 cum
3071 2722 3343 2792 discipulis
3391 2740 3529 2782 non.

1927 2812 2050 2865 dum
2083 2812 2285 2865 idoneis
2313 2812 2446 2866 dixit
2470 2831 2484 2866 :
2518 2811 2687 2867 Multa
2715 2814 2875 2866 habeo
2896 2814 3033 2867 vobis
3054 2813 3251 2880 dicere,
3282 2814 3371 2867 sed
3392 2831 3530 2868 nunc

1928 2921 2029 2957 non
2077 2905 2281 2973 potestis
2309 2916 2512 2974 portare
2539 2905 2631 2959 illa
2663 2904 2852 2975 (Joan.
2883 2922 2968 2960 XVI
2989 2947 3020 2973 ,,
3044 2905 3172 2976 ΙΞ);
3217 2917 3271 2960 ει
3315 2915 3534 2975 aposto-

1928 2997 2012 3050 lus
2044 2996 2237 3051 l'aulus
2266 3013 2388 3051 cum
2414 2997 2489 3052 ait
2515 3015 2528 3052 :
2559 2995 2682 3052 Non
2715 2999 2858 3068 potui
2886 2999 3026 3065 loqui
3049 2999 3184 3052 vobis
3208 3001 3353 3070 quasi
3377 3001 3534 3068 spiri-

1927 3093 2181 3157 tualibus,
2229 3092 2317 3147 sed
2359 3086 2504 3158 quasi
2544 3095 2830 3147 carnalibus
2873 3093 3072 3166 (lCor.
3103 3109 3190 3158 ιιι,
3240 3091 3332 3164 1)]
3380 3093 3532 3148 Unde

1928 3184 2269 3240 manifestum
2315 3196 2397 3239 est
2443 3202 2547 3240 non
2578 3201 2698 3240 esse
2725 3184 3047 3256 eulpandum
3072 3225 3088 3252 ,
3120 3186 3408 3256 aliquando
3441 3202 3533 3240 νεα

1929 3292 2047 3329 rum
2097 3286 2293 3330 tacere.
2349 3276 2563 3331 Falsum
2615 3285 2794 3330 autem
2842 3275 3064 3342 dicere,
3111 3291 3216 3330 non
3261 3275 3531 3331 invenitur

1927 3385 2241 3424 concessum
2276 3386 2393 3424 esse
2423 3370 2694 3438 perfectis.

1999 3461 2053 3516 8.
2096 3460 2270 3514 Virum
2293 3462 2597 3532 sanguinum
2626 3472 2671 3515 et
2701 3461 2935 3515 dolosam
2963 3460 3333 3515 abominabitur
3358 3459 3532 3515 Donti-

1928 3569 2044 3605 nus.
2090 3552 2268 3604 Potest
2295 3551 2380 3604 hic
2409 3563 2554 3606 recte
2584 3552 2749 3606 videri
2785 3553 3067 3622 repetitum
3099 3553 3241 3622 quod
3271 3554 3348 3607 ait
3372 3570 3530 3623 supe-

1928 3644 2036 3696 rius
2071 3660 2083 3693 :
2121 3642 2286 3696 Odisti
2316 3660 2489 3697 omnes
2530 3645 2616 3713 qui
2655 3654 2933 3712 operantur
2958 3645 3306 3714 iniquitatem,
3354 3646 3535 3716 perdes

1927 3751 2100 3787 omnes
2120 3734 2207 3804 qui
2233 3733 2507 3804 loquuntur
2534 3734 2851 3788 mendacium
2877 3750 2895 3798 ,'
2923 3743 2979 3788 ut
3022 3735 3187 3788 cirum
3225 3738 3536 3807 sanguinum

1927 3825 1993 3879 ad
2020 3834 2330 3895 operantem
2363 3826 2693 3895 iniquitatem
2721 3824 2923 3881 referas
2943 3868 2958 3893 ,
2986 3825 3219 3879 dolosam
3258 3837 3436 3882 autem
3465 3825 3534 3881 ad

1927 3916 2263 3974 mendacium
2291 3935 2305 3970 :
2331 3917 2485 3970 dolus
2515 3918 2660 3971 enim
2689 3926 2801 3980 est,
2836 3933 2956 3970 cum
2978 3917 3121 3971 aliud
3149 3919 3322 3987 agitur
3342 3961 3356 3982 ,
3385 3919 3531 3982 aliud

1928 4009 2228 4062 simulatur.
2263 4008 2327 4062 Et
2354 4019 2480 4077 apto
2505 4009 2670 4062 verbo
2698 4023 2823 4061 usus
2851 4018 2933 4062 est
2958 4009 3100 4078 quod
3131 4010 3236 4075 ait,
3269 4009 3537 4062 abomina-

1928 4101 2098 4166 bitur;
2144 4101 2319 4155 soleut
2344 4101 2486 4156 enim
2526 4099 2819 4154 abominati
2859 4099 2999 4164 dici,
3042 4100 3368 4155 exlueredati
3400 4121 3411 4154 :
3450 4101 3535 4155 hic

1929 4205 2106 4248 autem
2151 4194 2388 4264 psalmus
2429 4211 2520 4262 pro
2564 4210 2621 4246 eu
2649 4200 2742 4246 εει·
2775 4208 2891 4261 qua:
2928 4193 3273 4245 Iiwreditatem
3311 4193 3532 4260 accipit,

1929 4302 2048 4355 qua:
2095 4285 2306 4353 subjicit
2353 4282 2763 4338 exsultationem
2808 4283 2922 4352 spei
2968 4297 3110 4346 sum,
3153 4282 3338 4337 dicens
3372 4301 3384 4334 :
3420 4279 3532 4352 Ege

1929 4391 2098 4434 autem
2124 4380 2177 4432 in
2214 4376 2537 4430 multitudine
2557 4375 2900 4427 miserationis
2935 4385 3036 4428 tum
3058 4415 3072 4435 ,
3114 4374 3329 4428 introibo
3359 4377 3410 4428 in
3436 4379 3530 4428 do-

1929 4489 2069 4526 mum
2113 4483 2274 4524 tuam.
2321 4467 2387 4521 In
2428 4466 2748 4521 multitudine
2778 4465 3156 4533 miserationis,
3200 4466 3429 4520 fortasse
3483 4469 3531 4520 in

1931 4561 2272 4617 multitudine
2303 4559 2576 4613 hominum
2607 4555 2964 4626 perfecturum
2994 4564 3047 4610 ct
3076 4557 3351 4610 beatorum
3383 4558 3533 4623 dicit,

1930 4636 2341 4724 quibuspcivitas
2385 4649 2475 4703 illa
2506 4649 2803 4713 ceustabit,
2852 4665 3010 4717 quam
3041 4663 3182 4702 nunc
3216 4651 3444 4717 parturit
3482 4660 3539 4704 et

1930 4747 2182 4817 paulatim
2229 4745 2364 4815 parit
2404 4743 2658 4797 Ecclesia.
2705 4741 2961 4795 llmnines
2999 4751 3176 4796 autem
3210 4746 3404 4796 multos
3445 4760 3535 4798 re-

1929 4849 2212 4909 generatus
2256 4848 2415 4906 atque
2465 4835 2758 4903 perfectos,
2793 4845 2939 4888 recte
2987 4834 3090 4888 dici
3138 4836 3535 4892 multitudian

1931 4929 2288 4985 miserationis
2327 4926 2419 4981 Dei
2460 4927 2580 4996 quis
2620 4935 2813 4994 negat,
2847 4942 2968 4977 cum
3019 4927 3295 4979 \erissime
3333 4927 3535 4980 diuum

1930 5023 1999 5078 sit
2031 5039 2044 5073 :
2082 5021 2216 5087 Quid
2241 5029 2312 5073 est
2352 5020 2531 5084 homo,
2581 5017 2716 5087 quod
2760 5034 2948 5070 memor
2988 5035 3039 5070 cs
3079 5019 3225 5085 ejus;
3272 5029 3359 5070 aut
3399 5019 3538 5086 ίιιυι.

1933 5115 2150 5168 hominis
2172 5156 2187 5179 ,
2214 5113 2332 5182 quia
2358 5112 2531 5164 visitas
2555 5127 2666 5162 eum
2694 5108 2711 5181 (
2738 5107 2883 5163 Psal.
2929 5126 3020 5164 vni
3041 5153 3055 5176 ,
3085 5112 3117 5163 5
3141 5113 3198 5180 )?
3228 5111 3452 5165 lntroibc
3478 5109 3534 5160 in

1933 5209 2139 5261 domum
2171 5215 2308 5258 tuam
2337 5223 2349 5259 :
2381 5215 2628 5272 tanquam
2659 5203 2793 5271 lapis
2813 5245 2828 5270 ,
2871 5203 3032 5257 credo
3057 5245 3070 5267 ε
3118 5204 3170 5256 in
3207 5204 3492 5259 :ediﬁcium
3518 5249 3531 5271 ,

1933 5300 2130 5353 dictum
2174 5307 2272 5350 est.
2307 5295 2442 5362 Quid
2471 5295 2612 5348 enim
2655 5282 2796 5348 aliud
2837 5295 3029 5348 dOuius
3075 5298 3163 5348 Uci
3204 5313 3362 5366 quam
3397 5310 3521 5354 tem-

1932 5395 2075 5463 plum
2111 5393 2198 5445 Dei
2228 5404 2306 5446 est
2331 5435 2343 5455 ,
2377 5393 2443 5445 de
2471 5407 2578 5461 quo
2606 5390 2804 5444 dictum
2837 5400 2954 5444 est:
2986 5391 3246 5459 Templum
3274 5394 3409 5444 enim
3437 5393 3533 5446 Dei

1931 5495 2162 5537 sanctum
2190 5494 2283 5546 est,
2310 5483 2443 5552 quod
2464 5472 2582 5536 eatis
2609 5499 2693 5535 vos
2717 5484 2733 5551 (
2757 5481 2774 5534 l
2796 5481 2913 5534 Cor.
2945 5499 2997 5536 ιιι
3023 5525 3037 5547 ,
3065 5484 3160 5551 17)
3183 5487 3206 5532 ‘.’
3231 5484 3381 5552 cujus
3409 5486 3540 5536 mdi-

1935 5578 2034 5632 licii
2068 5579 2202 5647 lapis
2243 5577 2514 5646 angularis
2543 5587 2622 5629 est
2657 5577 2742 5627 ille
2788 5575 3016 5643 (Ephcs.
3067 5593 3136 5641 ll,
3183 5575 3284 5644 20)
3312 5619 3326 5640 ,
3375 5592 3534 5645 qum:

1932 5671 2167 5740 suscipit
2191 5681 2454 5724 equitet-na
2487 5668 2627 5721 Patri
2665 5666 2843 5720 Virtus
2872 5677 2924 5719 et
2948 5669 3206 5732 sapientia
3241 5668 3354 5720 Dei.

2005 5766 2057 5819 9.
2102 5762 2337 5815 Δάοι-αὕη
2382 5761 2450 5813 ad
2488 5760 2729 5830 templum
2769 5771 2998 5813 sanctum
3046 5773 3221 5824 tuum,
3269 5761 3318 5812 in
3356 5761 3534 5812 timore

1935 5866 2020 5911 tuo
2041 5873 2059 5910 .·
2099 5856 2165 5908 ad
2204 5855 2444 5925 tcnaplum
2473 5856 2608 5907 sicut
2640 5867 2805 5924 prope
2857 5853 3110 5918 temlénm
3156 5852 3533 5922 intelligimus;
