  <div class='ocr_page' id='page_1' title='image "/cluster/home/n/w/nwhite01/storage/ocr_20150623/36/umn.319510024773307/053.png"; bbox 0 0 3956 6322; ppageno 0'>
   <div class='ocr_carea' id='block_1_1' title="bbox 438 348 3710 431">
    <p class='ocr_par' dir='ltr' id='par_1_1' title="bbox 438 348 3710 431">
     <span class='ocr_line' id='line_1_1' title="bbox 438 348 3710 431; baseline 0.002 -21"><span class='ocrx_word' id='word_1_1' title='bbox 438 371 507 431; x_wconf 66' lang='grc' dir='ltr'><strong>ετ</strong></span> <span class='ocrx_word' id='word_1_2' title='bbox 1665 355 1724 412; x_wconf 88' lang='lat' dir='ltr'><strong>s.</strong></span> <span class='ocrx_word' id='word_1_3' title='bbox 1758 349 2131 424; x_wconf 19' lang='lat' dir='ltr'><strong>,AUGUS’I‘I‘NI</strong></span> <span class='ocrx_word' id='word_1_4' title='bbox 2168 352 2471 408; x_wconf 68' lang='lat' dir='ltr'><strong>EPISCGN</strong></span> <span class='ocrx_word' id='word_1_5' title='bbox 2515 401 2521 404; x_wconf 71' lang='grc'>,</span> <span class='ocrx_word' id='word_1_6' title='bbox 3202 348 3215 359; x_wconf 82' lang='grc'><strong><em>“</em></strong></span> <span class='ocrx_word' id='word_1_7' title='bbox 3638 360 3710 417; x_wconf 78' lang='lat' dir='ltr'><strong>as</strong></span> 
     </span>
    </p>
   </div>
   <div class='ocr_carea' id='block_1_2' title="bbox 438 468 2022 546">
    <p class='ocr_par' dir='ltr' id='par_1_2' title="bbox 438 468 2022 546">
     <span class='ocr_line' id='line_1_2' title="bbox 438 468 2022 546; baseline -0.013 -6"><span class='ocrx_word' id='word_1_8' title='bbox 438 501 543 540; x_wconf 77' lang='lat' dir='ltr'><strong>nun</strong></span> <span class='ocrx_word' id='word_1_9' title='bbox 572 484 711 537; x_wconf 82' lang='lat' dir='ltr'><strong>enim</strong></span> <span class='ocrx_word' id='word_1_10' title='bbox 755 482 861 546; x_wconf 86' lang='lat' dir='ltr'><strong>ait,</strong></span> <span class='ocrx_word' id='word_1_11' title='bbox 893 477 1141 533; x_wconf 75' lang='lat' dir='ltr'><strong>Adurabo</strong></span> <span class='ocrx_word' id='word_1_12' title='bbox 1168 476 1221 530; x_wconf 92' lang='lat' dir='ltr'><strong>in</strong></span> <span class='ocrx_word' id='word_1_13' title='bbox 1266 473 1464 543; x_wconf 88' lang='lat' dir='ltr'><strong>templo</strong></span> <span class='ocrx_word' id='word_1_14' title='bbox 1505 478 1693 529; x_wconf 81' lang='lat' dir='ltr'><strong>sancto</strong></span> <span class='ocrx_word' id='word_1_15' title='bbox 1731 478 1857 537; x_wconf 85' lang='lat' dir='ltr'><strong>tuo,</strong></span> <span class='ocrx_word' id='word_1_16' title='bbox 1901 468 2022 532; x_wconf 87' lang='lat' dir='ltr'><strong>sed,</strong></span> 
     </span>
    </p>
   </div>
   <div class='ocr_carea' id='block_1_3' title="bbox 434 557 2022 637">
    <p class='ocr_par' dir='ltr' id='par_1_3' title="bbox 434 557 2022 637">
     <span class='ocr_line' id='line_1_3' title="bbox 434 557 2022 637; baseline -0.009 -11"><span class='ocrx_word' id='word_1_17' title='bbox 434 573 672 629; x_wconf 79' lang='lat' dir='ltr'><strong>Adornbo</strong></span> <span class='ocrx_word' id='word_1_18' title='bbox 718 570 786 622; x_wconf 88' lang='lat' dir='ltr'><strong>ad</strong></span> <span class='ocrx_word' id='word_1_19' title='bbox 833 566 1077 637; x_wconf 87' lang='lat' dir='ltr'><strong>templum</strong></span> <span class='ocrx_word' id='word_1_20' title='bbox 1128 574 1359 619; x_wconf 84' lang='lat' dir='ltr'><strong>sanctum</strong></span> <span class='ocrx_word' id='word_1_21' title='bbox 1410 572 1571 616; x_wconf 82' lang='lat' dir='ltr'><strong>tuum.</strong></span> <span class='ocrx_word' id='word_1_22' title='bbox 1621 557 2022 630; x_wconf 83' lang='lat' dir='ltr'><strong>Intelligendum</strong></span> 
     </span>
    </p>
   </div>
   <div class='ocr_carea' id='block_1_4' title="bbox 435 648 2023 727">
    <p class='ocr_par' dir='ltr' id='par_1_4' title="bbox 435 648 2023 727">
     <span class='ocr_line' id='line_1_4' title="bbox 435 648 2023 727; baseline -0.008 -13"><span class='ocrx_word' id='word_1_23' title='bbox 435 665 597 715; x_wconf 83' lang='lat' dir='ltr'><strong>etiam</strong></span> <span class='ocrx_word' id='word_1_24' title='bbox 626 670 709 715; x_wconf 87' lang='lat' dir='ltr'><strong>est</strong></span> <span class='ocrx_word' id='word_1_25' title='bbox 738 674 844 714; x_wconf 90' lang='lat' dir='ltr'><strong>non</strong></span> <span class='ocrx_word' id='word_1_26' title='bbox 886 660 953 713; x_wconf 87' lang='lat' dir='ltr'><strong>de</strong></span> <span class='ocrx_word' id='word_1_27' title='bbox 1003 654 1357 727; x_wconf 85' lang='lat' dir='ltr'><strong>perfectione,</strong></span> <span class='ocrx_word' id='word_1_28' title='bbox 1397 651 1493 708; x_wconf 85' lang='lat' dir='ltr'><strong>scd</strong></span> <span class='ocrx_word' id='word_1_29' title='bbox 1533 651 1604 707; x_wconf 85' lang='lat' dir='ltr'><strong>de</strong></span> <span class='ocrx_word' id='word_1_30' title='bbox 1643 664 1927 721; x_wconf 86' lang='lat' dir='ltr'><strong>progressu</strong></span> <span class='ocrx_word' id='word_1_31' title='bbox 1955 648 2023 702; x_wconf 90' lang='lat' dir='ltr'><strong>ad</strong></span> 
     </span>
    </p>
   </div>
   <div class='ocr_carea' id='block_1_5' title="bbox 438 740 2021 823">
    <p class='ocr_par' dir='ltr' id='par_1_5' title="bbox 438 740 2021 823">
     <span class='ocr_line' id='line_1_5' title="bbox 438 740 2021 823; baseline -0.01 -15"><span class='ocrx_word' id='word_1_32' title='bbox 438 754 820 823; x_wconf 71' lang='lat' dir='ltr'><strong>perfectionem</strong></span> <span class='ocrx_word' id='word_1_33' title='bbox 847 750 1044 805; x_wconf 84' lang='lat' dir='ltr'><strong>dictum</strong></span> <span class='ocrx_word' id='word_1_34' title='bbox 1072 763 1231 813; x_wconf 82' lang='lat' dir='ltr'><strong>esse;</strong></span> <span class='ocrx_word' id='word_1_35' title='bbox 1276 756 1332 800; x_wconf 88' lang='lat' dir='ltr'><strong>ut</strong></span> <span class='ocrx_word' id='word_1_36' title='bbox 1374 744 1502 799; x_wconf 85' lang='lat' dir='ltr'><strong>illud</strong></span> <span class='ocrx_word' id='word_1_37' title='bbox 1538 741 1920 814; x_wconf 84' lang='lat' dir='ltr'><strong>perfectionem</strong></span> <span class='ocrx_word' id='word_1_38' title='bbox 1948 740 2021 793; x_wconf 75' lang='lat' dir='ltr'><strong>si-</strong></span> 
     </span>
    </p>
   </div>
   <div class='ocr_carea' id='block_1_6' title="bbox 438 831 2025 909">
    <p class='ocr_par' dir='ltr' id='par_1_6' title="bbox 438 831 2025 909">
     <span class='ocr_line' id='line_1_6' title="bbox 438 831 2025 909; baseline -0.01 -12"><span class='ocrx_word' id='word_1_39' title='bbox 438 842 690 909; x_wconf 72' lang='lat' dir='ltr'><strong>gnificat,</strong></span> <span class='ocrx_word' id='word_1_40' title='bbox 720 837 947 893; x_wconf 81' lang='lat' dir='ltr'><strong>lntroibo</strong></span> <span class='ocrx_word' id='word_1_41' title='bbox 975 841 1027 892; x_wconf 84' lang='lat' dir='ltr'><strong>in</strong></span> <span class='ocrx_word' id='word_1_42' title='bbox 1054 840 1259 890; x_wconf 87' lang='lat' dir='ltr'><strong>domum</strong></span> <span class='ocrx_word' id='word_1_43' title='bbox 1284 846 1443 888; x_wconf 89' lang='lat' dir='ltr'><strong>tuam.</strong></span> <span class='ocrx_word' id='word_1_44' title='bbox 1475 831 1581 889; x_wconf 82' lang='lat' dir='ltr'><strong>Sed</strong></span> <span class='ocrx_word' id='word_1_45' title='bbox 1621 840 1680 886; x_wconf 86' lang='lat' dir='ltr'><strong>nt</strong></span> <span class='ocrx_word' id='word_1_46' title='bbox 1705 834 1806 886; x_wconf 85' lang='lat' dir='ltr'><strong>hoc</strong></span> <span class='ocrx_word' id='word_1_47' title='bbox 1832 843 2025 900; x_wconf 82' lang='lat' dir='ltr'><strong>prove-</strong></span> 
     </span>
    </p>
   </div>
   <div class='ocr_carea' id='block_1_7' title="bbox 440 927 2026 1002">
    <p class='ocr_par' dir='ltr' id='par_1_7' title="bbox 440 927 2026 1002">
     <span class='ocr_line' id='line_1_7' title="bbox 440 927 2026 1002; baseline -0.009 -15"><span class='ocrx_word' id='word_1_48' title='bbox 440 935 572 995; x_wconf 82' lang='lat' dir='ltr'><strong>niat.</strong></span> <span class='ocrx_word' id='word_1_49' title='bbox 604 933 749 1002; x_wconf 90' lang='lat' dir='ltr'><strong>prius</strong></span> <span class='ocrx_word' id='word_1_50' title='bbox 768 932 1010 996; x_wconf 83' lang='lat' dir='ltr'><strong>adorabo,</strong></span> <span class='ocrx_word' id='word_1_51' title='bbox 1034 929 1221 1000; x_wconf 87' lang='lat' dir='ltr'><strong>inquit,</strong></span> <span class='ocrx_word' id='word_1_52' title='bbox 1248 928 1319 980; x_wconf 88' lang='lat' dir='ltr'><strong>ad</strong></span> <span class='ocrx_word' id='word_1_53' title='bbox 1343 927 1586 995; x_wconf 84' lang='lat' dir='ltr'><strong>templum</strong></span> <span class='ocrx_word' id='word_1_54' title='bbox 1605 933 1833 978; x_wconf 81' lang='lat' dir='ltr'><strong>sanctum</strong></span> <span class='ocrx_word' id='word_1_55' title='bbox 1852 932 2026 985; x_wconf 87' lang='lat' dir='ltr'><strong>tuum;</strong></span> 
     </span>
    </p>
   </div>
   <div class='ocr_carea' id='block_1_8' title="bbox 440 1012 2026 1085">
    <p class='ocr_par' dir='ltr' id='par_1_8' title="bbox 440 1012 2026 1085">
     <span class='ocr_line' id='line_1_8' title="bbox 440 1012 2026 1085; baseline -0.009 -7"><span class='ocrx_word' id='word_1_56' title='bbox 440 1033 497 1079; x_wconf 86' lang='lat' dir='ltr'><strong>ct</strong></span> <span class='ocrx_word' id='word_1_57' title='bbox 524 1022 750 1077; x_wconf 86' lang='lat' dir='ltr'><strong>fortasse</strong></span> <span class='ocrx_word' id='word_1_58' title='bbox 782 1022 852 1076; x_wconf 89' lang='lat' dir='ltr'><strong>ob</strong></span> <span class='ocrx_word' id='word_1_59' title='bbox 879 1020 981 1075; x_wconf 87' lang='lat' dir='ltr'><strong>hoc</strong></span> <span class='ocrx_word' id='word_1_60' title='bbox 1006 1018 1243 1085; x_wconf 78' lang='lat' dir='ltr'><strong>addidit,</strong></span> <span class='ocrx_word' id='word_1_61' title='bbox 1283 1018 1336 1071; x_wconf 83' lang='lat' dir='ltr'><strong>in</strong></span> <span class='ocrx_word' id='word_1_62' title='bbox 1363 1018 1541 1070; x_wconf 87' lang='lat' dir='ltr'><strong>timore</strong></span> <span class='ocrx_word' id='word_1_63' title='bbox 1577 1026 1697 1081; x_wconf 87' lang='lat' dir='ltr'><strong>tuo,</strong></span> <span class='ocrx_word' id='word_1_64' title='bbox 1742 1012 1884 1082; x_wconf 89' lang='lat' dir='ltr'><strong>quod</strong></span> <span class='ocrx_word' id='word_1_65' title='bbox 1915 1026 2026 1065; x_wconf 88' lang='lat' dir='ltr'><strong>nta-</strong></span> 
     </span>
    </p>
   </div>
   <div class='ocr_carea' id='block_1_9' title="bbox 438 1102 2026 1185">
    <p class='ocr_par' dir='ltr' id='par_1_9' title="bbox 438 1102 2026 1185">
     <span class='ocr_line' id='line_1_9' title="bbox 438 1102 2026 1185; baseline -0.008 -18"><span class='ocrx_word' id='word_1_66' title='bbox 438 1130 602 1185; x_wconf 75' lang='lat' dir='ltr'><strong>gnum</strong></span> <span class='ocrx_word' id='word_1_67' title='bbox 633 1123 713 1169; x_wconf 89' lang='lat' dir='ltr'><strong>est</strong></span> <span class='ocrx_word' id='word_1_68' title='bbox 738 1112 1045 1184; x_wconf 68' lang='lat' dir='ltr'><strong>prtesidium</strong></span> <span class='ocrx_word' id='word_1_69' title='bbox 1072 1108 1481 1181; x_wconf 72' lang='lat' dir='ltr'><strong>procedentibus</strong></span> <span class='ocrx_word' id='word_1_70' title='bbox 1525 1105 1591 1161; x_wconf 89' lang='lat' dir='ltr'><strong>ad</strong></span> <span class='ocrx_word' id='word_1_71' title='bbox 1620 1104 1869 1160; x_wconf 87' lang='lat' dir='ltr'><strong>salutem.</strong></span> <span class='ocrx_word' id='word_1_72' title='bbox 1895 1102 2026 1157; x_wconf 90' lang='lat' dir='ltr'><strong>Cum</strong></span> 
     </span>
    </p>
   </div>
   <div class='ocr_carea' id='block_1_10' title="bbox 440 1194 2028 1274">
    <p class='ocr_par' dir='ltr' id='par_1_10' title="bbox 440 1194 2028 1274">
     <span class='ocr_line' id='line_1_10' title="bbox 440 1194 2028 1274; baseline -0.005 -16"><span class='ocrx_word' id='word_1_73' title='bbox 440 1216 620 1259; x_wconf 81' lang='lat' dir='ltr'><strong>autem</strong></span> <span class='ocrx_word' id='word_1_74' title='bbox 641 1206 865 1274; x_wconf 84' lang='lat' dir='ltr'><strong>quisque</strong></span> <span class='ocrx_word' id='word_1_75' title='bbox 891 1200 1212 1270; x_wconf 77' lang='lat' dir='ltr'><strong>pervenerit,</strong></span> <span class='ocrx_word' id='word_1_76' title='bbox 1239 1198 1331 1254; x_wconf 87' lang='lat' dir='ltr'><strong>fiet</strong></span> <span class='ocrx_word' id='word_1_77' title='bbox 1350 1197 1405 1253; x_wconf 84' lang='lat' dir='ltr'><strong>in</strong></span> <span class='ocrx_word' id='word_1_78' title='bbox 1433 1211 1500 1252; x_wconf 89' lang='lat' dir='ltr'><strong>eo</strong></span> <span class='ocrx_word' id='word_1_79' title='bbox 1518 1194 1660 1267; x_wconf 88' lang='lat' dir='ltr'><strong>quod</strong></span> <span class='ocrx_word' id='word_1_80' title='bbox 1683 1194 1884 1249; x_wconf 88' lang='lat' dir='ltr'><strong>dictum</strong></span> <span class='ocrx_word' id='word_1_81' title='bbox 1906 1201 1988 1247; x_wconf 87' lang='lat' dir='ltr'><strong>est</strong></span> <span class='ocrx_word' id='word_1_82' title='bbox 2012 1209 2028 1250; x_wconf 88' lang='lat'><strong>:</strong></span> 
     </span>
    </p>
   </div>
   <div class='ocr_carea' id='block_1_11' title="bbox 442 1283 2026 1365">
    <p class='ocr_par' dir='ltr' id='par_1_11' title="bbox 442 1283 2026 1365">
     <span class='ocr_line' id='line_1_11' title="bbox 442 1283 2026 1365; baseline -0.008 -18"><span class='ocrx_word' id='word_1_83' title='bbox 442 1300 801 1350; x_wconf 75' lang='lat' dir='ltr'><strong>t‘onsummata</strong></span> <span class='ocrx_word' id='word_1_84' title='bbox 827 1293 1026 1346; x_wconf 90' lang='lat' dir='ltr'><strong>dilectio</strong></span> <span class='ocrx_word' id='word_1_85' title='bbox 1053 1294 1193 1365; x_wconf 77' lang='lat' dir='ltr'><strong>foras</strong></span> <span class='ocrx_word' id='word_1_86' title='bbox 1230 1289 1381 1342; x_wconf 87' lang='lat' dir='ltr'><strong>mittit</strong></span> <span class='ocrx_word' id='word_1_87' title='bbox 1410 1288 1640 1343; x_wconf 86' lang='lat' dir='ltr'><strong>timorem</strong></span> <span class='ocrx_word' id='word_1_88' title='bbox 1668 1284 1689 1358; x_wconf 91' lang='lat'><strong>(</strong></span> <span class='ocrx_word' id='word_1_89' title='bbox 1706 1283 1723 1338; x_wconf 88' lang='lat' dir='ltr'><strong>l</strong></span> <span class='ocrx_word' id='word_1_90' title='bbox 1747 1283 1904 1338; x_wconf 84' lang='lat' dir='ltr'><strong>Joan.</strong></span> <span class='ocrx_word' id='word_1_91' title='bbox 1938 1299 1989 1337; x_wconf 87' lang='lat' dir='ltr'><strong>tv</strong></span> <span class='ocrx_word' id='word_1_92' title='bbox 2011 1323 2026 1344; x_wconf 88' lang='lat'><em>.</em></span> 
     </span>
    </p>
   </div>
   <div class='ocr_carea' id='block_1_12' title="bbox 443 1375 2027 1459">
    <p class='ocr_par' dir='ltr' id='par_1_12' title="bbox 443 1375 2027 1459">
     <span class='ocr_line' id='line_1_12' title="bbox 443 1375 2027 1459; baseline -0.007 -19"><span class='ocrx_word' id='word_1_93' title='bbox 443 1386 512 1440; x_wconf 74' lang='grc'><strong>18</strong></span> <span class='ocrx_word' id='word_1_94' title='bbox 538 1388 555 1451; x_wconf 88' lang='grc'><strong>)</strong></span> <span class='ocrx_word' id='word_1_95' title='bbox 579 1426 593 1451; x_wconf 89' lang='grc'><em>,</em></span> <span class='ocrx_word' id='word_1_96' title='bbox 624 1400 728 1440; x_wconf 87' lang='lat' dir='ltr'><strong>non</strong></span> <span class='ocrx_word' id='word_1_97' title='bbox 754 1383 896 1439; x_wconf 89' lang='lat' dir='ltr'><strong>enim</strong></span> <span class='ocrx_word' id='word_1_98' title='bbox 926 1383 1111 1438; x_wconf 90' lang='lat' dir='ltr'><strong>timent</strong></span> <span class='ocrx_word' id='word_1_99' title='bbox 1130 1381 1242 1453; x_wconf 89' lang='lat' dir='ltr'><strong>jam</strong></span> <span class='ocrx_word' id='word_1_100' title='bbox 1270 1381 1499 1435; x_wconf 88' lang='lat' dir='ltr'><strong>amicum</strong></span> <span class='ocrx_word' id='word_1_101' title='bbox 1528 1380 1585 1459; x_wconf 15' lang='grc' dir='ltr'><strong>³η,</strong></span> <span class='ocrx_word' id='word_1_102' title='bbox 1616 1376 1805 1448; x_wconf 87' lang='lat' dir='ltr'><strong>quibus</strong></span> <span class='ocrx_word' id='word_1_103' title='bbox 1828 1375 2027 1430; x_wconf 86' lang='lat' dir='ltr'><strong>dictum</strong></span> 
     </span>
    </p>
   </div>
   <div class='ocr_carea' id='block_1_13' title="bbox 444 1466 2025 1535">
    <p class='ocr_par' dir='ltr' id='par_1_13' title="bbox 444 1466 2025 1535">
     <span class='ocr_line' id='line_1_13' title="bbox 444 1466 2025 1535; baseline -0.007 -5"><span class='ocrx_word' id='word_1_104' title='bbox 444 1489 526 1531; x_wconf 68' lang='lat' dir='ltr'><strong>est</strong></span> <span class='ocrx_word' id='word_1_105' title='bbox 558 1496 573 1531; x_wconf 86' lang='lat'><strong>:</strong></span> <span class='ocrx_word' id='word_1_106' title='bbox 605 1476 727 1529; x_wconf 73' lang='lat' dir='ltr'><strong>lam</strong></span> <span class='ocrx_word' id='word_1_107' title='bbox 764 1492 865 1530; x_wconf 85' lang='lat' dir='ltr'><strong>non</strong></span> <span class='ocrx_word' id='word_1_108' title='bbox 912 1475 1079 1529; x_wconf 81' lang='lat' dir='ltr'><strong>dicant</strong></span> <span class='ocrx_word' id='word_1_109' title='bbox 1116 1489 1202 1528; x_wconf 73' lang='lat' dir='ltr'><strong>vos</strong></span> <span class='ocrx_word' id='word_1_110' title='bbox 1245 1488 1440 1535; x_wconf 80' lang='lat' dir='ltr'><strong>servos,</strong></span> <span class='ocrx_word' id='word_1_111' title='bbox 1484 1471 1574 1524; x_wconf 81' lang='lat' dir='ltr'><strong>sed</strong></span> <span class='ocrx_word' id='word_1_112' title='bbox 1617 1469 1805 1522; x_wconf 87' lang='lat' dir='ltr'><strong>amicos</strong></span> <span class='ocrx_word' id='word_1_113' title='bbox 1834 1466 2025 1534; x_wconf 81' lang='lat' dir='ltr'><strong>(Joan.</strong></span> 
     </span>
    </p>
   </div>
   <div class='ocr_carea' id='block_1_14' title="bbox 449 1557 2031 1638">
    <p class='ocr_par' dir='ltr' id='par_1_14' title="bbox 449 1557 2031 1638">
     <span class='ocr_line' id='line_1_14' title="bbox 449 1557 2031 1638; baseline -0.006 -18"><span class='ocrx_word' id='word_1_114' title='bbox 449 1584 554 1629; x_wconf 77' lang='lat' dir='ltr'><strong>xv,</strong></span> <span class='ocrx_word' id='word_1_115' title='bbox 603 1567 709 1638; x_wconf 77' lang='grc'><strong>15)</strong></span> <span class='ocrx_word' id='word_1_116' title='bbox 734 1608 751 1633; x_wconf 85' lang='grc'><strong><em>,</em></strong></span> <span class='ocrx_word' id='word_1_117' title='bbox 778 1581 902 1620; x_wconf 88' lang='lat' dir='ltr'><strong>cum</strong></span> <span class='ocrx_word' id='word_1_118' title='bbox 944 1566 1008 1619; x_wconf 89' lang='lat' dir='ltr'><strong>ad</strong></span> <span class='ocrx_word' id='word_1_119' title='bbox 1042 1565 1092 1619; x_wconf 95' lang='lat' dir='ltr'><strong>id</strong></span> <span class='ocrx_word' id='word_1_120' title='bbox 1121 1562 1258 1635; x_wconf 83' lang='lat' dir='ltr'><strong>quod</strong></span> <span class='ocrx_word' id='word_1_121' title='bbox 1306 1562 1622 1632; x_wconf 78' lang='lat' dir='ltr'><strong>promissum</strong></span> <span class='ocrx_word' id='word_1_122' title='bbox 1665 1570 1749 1615; x_wconf 82' lang='lat' dir='ltr'><strong>est</strong></span> <span class='ocrx_word' id='word_1_123' title='bbox 1792 1557 2031 1629; x_wconf 85' lang='lat' dir='ltr'><strong>perducti</strong></span> 
     </span>
    </p>
   </div>
   <div class='ocr_carea' id='block_1_15' title="bbox 448 1658 662 1714">
    <p class='ocr_par' dir='ltr' id='par_1_15' title="bbox 448 1658 662 1714">
     <span class='ocr_line' id='line_1_15' title="bbox 448 1658 662 1714; baseline -0.005 0"><span class='ocrx_word' id='word_1_124' title='bbox 448 1658 662 1714; x_wconf 88' lang='lat' dir='ltr'><strong>fuerint.</strong></span> 
     </span>
    </p>
   </div>
   <div class='ocr_carea' id='block_1_16' title="bbox 524 1743 2029 1822">
    <p class='ocr_par' dir='ltr' id='par_1_16' title="bbox 524 1743 2029 1822">
     <span class='ocr_line' id='line_1_16' title="bbox 524 1743 2029 1822; baseline -0.004 -19"><span class='ocrx_word' id='word_1_125' title='bbox 524 1750 610 1804; x_wconf 77' lang='lat' dir='ltr'><strong>i0.</strong></span> <span class='ocrx_word' id='word_1_126' title='bbox 652 1747 817 1822; x_wconf 83' lang='lat' dir='ltr'><strong>[vers.</strong></span> <span class='ocrx_word' id='word_1_127' title='bbox 845 1748 879 1804; x_wconf 86' lang='lat'><strong>9</strong></span> <span class='ocrx_word' id='word_1_128' title='bbox 902 1788 919 1815; x_wconf 88' lang='lat'><strong>,</strong></span> <span class='ocrx_word' id='word_1_129' title='bbox 970 1744 1103 1820; x_wconf 68' lang='lat'><strong>10.]</strong></span> <span class='ocrx_word' id='word_1_130' title='bbox 1133 1744 1348 1800; x_wconf 88' lang='lat' dir='ltr'><strong>Domine</strong></span> <span class='ocrx_word' id='word_1_131' title='bbox 1367 1787 1380 1802; x_wconf 94' lang='lat'><strong>.</strong></span> <span class='ocrx_word' id='word_1_132' title='bbox 1408 1745 1567 1799; x_wconf 80' lang='lat' dir='ltr'><strong>deduc</strong></span> <span class='ocrx_word' id='word_1_133' title='bbox 1595 1760 1674 1797; x_wconf 88' lang='lat' dir='ltr'><strong>me</strong></span> <span class='ocrx_word' id='word_1_134' title='bbox 1694 1745 1746 1796; x_wconf 87' lang='lat' dir='ltr'><strong>in</strong></span> <span class='ocrx_word' id='word_1_135' title='bbox 1777 1753 1862 1796; x_wconf 84' lang='lat' dir='ltr'><strong>tua</strong></span> <span class='ocrx_word' id='word_1_136' title='bbox 1876 1743 2029 1815; x_wconf 82' lang='lat' dir='ltr'><strong>justi-</strong></span> 
     </span>
    </p>
   </div>
   <div class='ocr_carea' id='block_1_17' title="bbox 450 1833 2032 1908">
    <p class='ocr_par' dir='ltr' id='par_1_17' title="bbox 450 1833 2032 1908">
     <span class='ocr_line' id='line_1_17' title="bbox 450 1833 2032 1908; baseline -0.004 -15"><span class='ocrx_word' id='word_1_137' title='bbox 450 1841 521 1894; x_wconf 85' lang='lat' dir='ltr'><strong>tia</strong></span> <span class='ocrx_word' id='word_1_138' title='bbox 550 1848 755 1908; x_wconf 81' lang='lat' dir='ltr'><strong>prapter</strong></span> <span class='ocrx_word' id='word_1_139' title='bbox 778 1838 1007 1892; x_wconf 84' lang='lat' dir='ltr'><strong>inimicos</strong></span> <span class='ocrx_word' id='word_1_140' title='bbox 1036 1852 1172 1891; x_wconf 77' lang='lat' dir='ltr'><strong>meos</strong></span> <span class='ocrx_word' id='word_1_141' title='bbox 1198 1852 1218 1890; x_wconf 81' lang='lat'><strong>.&#39;</strong></span> <span class='ocrx_word' id='word_1_142' title='bbox 1243 1834 1373 1889; x_wconf 81' lang='lat' dir='ltr'><strong>satis</strong></span> <span class='ocrx_word' id='word_1_143' title='bbox 1402 1836 1485 1890; x_wconf 87' lang='lat' dir='ltr'><strong>hic</strong></span> <span class='ocrx_word' id='word_1_144' title='bbox 1511 1833 1798 1888; x_wconf 75' lang='lat' dir='ltr'><strong>declaravit</strong></span> <span class='ocrx_word' id='word_1_145' title='bbox 1822 1835 1873 1886; x_wconf 91' lang='lat' dir='ltr'><strong>in</strong></span> <span class='ocrx_word' id='word_1_146' title='bbox 1900 1848 2032 1904; x_wconf 53' lang='lat' dir='ltr'><strong>pro.</strong></span> 
     </span>
    </p>
   </div>
   <div class='ocr_carea' id='block_1_18' title="bbox 448 1923 2032 1995">
    <p class='ocr_par' dir='ltr' id='par_1_18' title="bbox 448 1923 2032 1995">
     <span class='ocr_line' id='line_1_18' title="bbox 448 1923 2032 1995; baseline -0.004 -11"><span class='ocrx_word' id='word_1_147' title='bbox 448 1930 681 1986; x_wconf 85' lang='lat' dir='ltr'><strong>feetione</strong></span> <span class='ocrx_word' id='word_1_148' title='bbox 706 1945 767 1985; x_wconf 90' lang='lat' dir='ltr'><strong>se</strong></span> <span class='ocrx_word' id='word_1_149' title='bbox 786 1944 935 1994; x_wconf 85' lang='lat' dir='ltr'><strong>esse,</strong></span> <span class='ocrx_word' id='word_1_150' title='bbox 985 1927 1035 1982; x_wconf 88' lang='lat' dir='ltr'><strong>id</strong></span> <span class='ocrx_word' id='word_1_151' title='bbox 1065 1935 1147 1982; x_wconf 89' lang='lat' dir='ltr'><strong>est</strong></span> <span class='ocrx_word' id='word_1_152' title='bbox 1174 1928 1225 1981; x_wconf 89' lang='lat' dir='ltr'><strong>in</strong></span> <span class='ocrx_word' id='word_1_153' title='bbox 1254 1937 1500 1995; x_wconf 85' lang='lat' dir='ltr'><strong>provectu</strong></span> <span class='ocrx_word' id='word_1_154' title='bbox 1525 1925 1592 1979; x_wconf 88' lang='lat' dir='ltr'><strong>ad</strong></span> <span class='ocrx_word' id='word_1_155' title='bbox 1621 1923 1997 1994; x_wconf 80' lang='lat' dir='ltr'><strong>perfectionem</strong></span> <span class='ocrx_word' id='word_1_156' title='bbox 2016 1964 2032 1990; x_wconf 92' lang='lat'><strong>,</strong></span> 
     </span>
    </p>
   </div>
   <div class='ocr_carea' id='block_1_19' title="bbox 452 2015 2034 2089">
    <p class='ocr_par' dir='ltr' id='par_1_19' title="bbox 452 2015 2034 2089">
     <span class='ocr_line' id='line_1_19' title="bbox 452 2015 2034 2089; baseline -0.005 -14"><span class='ocrx_word' id='word_1_157' title='bbox 452 2021 689 2076; x_wconf 85' lang='lat' dir='ltr'><strong>nondum</strong></span> <span class='ocrx_word' id='word_1_158' title='bbox 711 2019 763 2075; x_wconf 89' lang='lat' dir='ltr'><strong>in</strong></span> <span class='ocrx_word' id='word_1_159' title='bbox 788 2019 898 2089; x_wconf 86' lang='lat' dir='ltr'><strong>ipsa</strong></span> <span class='ocrx_word' id='word_1_160' title='bbox 926 2016 1288 2089; x_wconf 74' lang='lat' dir='ltr'><strong>perfectione,</strong></span> <span class='ocrx_word' id='word_1_161' title='bbox 1317 2015 1528 2086; x_wconf 86' lang='lat' dir='ltr'><strong>quando</strong></span> <span class='ocrx_word' id='word_1_162' title='bbox 1551 2024 1607 2068; x_wconf 92' lang='lat' dir='ltr'><strong>ut</strong></span> <span class='ocrx_word' id='word_1_163' title='bbox 1631 2015 1921 2069; x_wconf 88' lang='lat' dir='ltr'><strong>deducatur</strong></span> <span class='ocrx_word' id='word_1_164' title='bbox 1940 2030 2034 2068; x_wconf 79' lang='lat' dir='ltr'><strong>ex-</strong></span> 
     </span>
    </p>
   </div>
   <div class='ocr_carea' id='block_1_20' title="bbox 450 2104 2037 2180">
    <p class='ocr_par' dir='ltr' id='par_1_20' title="bbox 450 2104 2037 2180">
     <span class='ocr_line' id='line_1_20' title="bbox 450 2104 2037 2180; baseline -0.003 -19"><span class='ocrx_word' id='word_1_165' title='bbox 450 2120 619 2180; x_wconf 78' lang='lat' dir='ltr'><strong>optat.</strong></span> <span class='ocrx_word' id='word_1_166' title='bbox 651 2107 719 2163; x_wconf 76' lang='lat' dir='ltr'><strong>In</strong></span> <span class='ocrx_word' id='word_1_167' title='bbox 746 2119 835 2163; x_wconf 81' lang='lat' dir='ltr'><strong>tua</strong></span> <span class='ocrx_word' id='word_1_168' title='bbox 850 2108 1056 2179; x_wconf 83' lang='lat' dir='ltr'><strong>justitia</strong></span> <span class='ocrx_word' id='word_1_169' title='bbox 1083 2115 1259 2161; x_wconf 88' lang='lat' dir='ltr'><strong>autem</strong></span> <span class='ocrx_word' id='word_1_170' title='bbox 1282 2149 1294 2171; x_wconf 87' lang='lat'><strong>,</strong></span> <span class='ocrx_word' id='word_1_171' title='bbox 1327 2121 1432 2160; x_wconf 89' lang='lat' dir='ltr'><strong>non</strong></span> <span class='ocrx_word' id='word_1_172' title='bbox 1479 2106 1528 2158; x_wconf 91' lang='lat' dir='ltr'><strong>in</strong></span> <span class='ocrx_word' id='word_1_173' title='bbox 1560 2121 1621 2159; x_wconf 89' lang='lat' dir='ltr'><strong>ea</strong></span> <span class='ocrx_word' id='word_1_174' title='bbox 1664 2120 1784 2172; x_wconf 78' lang='lat' dir='ltr'><strong>qute</strong></span> <span class='ocrx_word' id='word_1_175' title='bbox 1828 2104 2037 2158; x_wconf 87' lang='lat' dir='ltr'><strong>videtur</strong></span> 
     </span>
    </p>
   </div>
   <div class='ocr_carea' id='block_1_21' title="bbox 452 2186 2037 2265">
    <p class='ocr_par' dir='ltr' id='par_1_21' title="bbox 452 2186 2037 2265">
     <span class='ocr_line' id='line_1_21' title="bbox 452 2186 2037 2265; baseline -0.006 -9"><span class='ocrx_word' id='word_1_176' title='bbox 452 2199 776 2256; x_wconf 73' lang='lat' dir='ltr'><strong>hominibus.</strong></span> <span class='ocrx_word' id='word_1_177' title='bbox 801 2196 936 2253; x_wconf 83' lang='lat' dir='ltr'><strong>Nam</strong></span> <span class='ocrx_word' id='word_1_178' title='bbox 967 2206 1019 2252; x_wconf 90' lang='lat' dir='ltr'><strong>et</strong></span> <span class='ocrx_word' id='word_1_179' title='bbox 1047 2197 1242 2251; x_wconf 87' lang='lat' dir='ltr'><strong>malum</strong></span> <span class='ocrx_word' id='word_1_180' title='bbox 1290 2210 1385 2265; x_wconf 89' lang='lat' dir='ltr'><strong>pro</strong></span> <span class='ocrx_word' id='word_1_181' title='bbox 1415 2196 1552 2247; x_wconf 88' lang='lat' dir='ltr'><strong>malo</strong></span> <span class='ocrx_word' id='word_1_182' title='bbox 1581 2186 1843 2258; x_wconf 84' lang='lat' dir='ltr'><strong>reddere,</strong></span> <span class='ocrx_word' id='word_1_183' title='bbox 1883 2194 2037 2261; x_wconf 82' lang='lat' dir='ltr'><strong>justi-</strong></span> 
     </span>
    </p>
   </div>
   <div class='ocr_carea' id='block_1_22' title="bbox 452 2285 2038 2357">
    <p class='ocr_par' dir='ltr' id='par_1_22' title="bbox 452 2285 2038 2357">
     <span class='ocr_line' id='line_1_22' title="bbox 452 2285 2038 2357; baseline -0.006 -11"><span class='ocrx_word' id='word_1_184' title='bbox 452 2291 523 2346; x_wconf 85' lang='lat' dir='ltr'><strong>tia</strong></span> <span class='ocrx_word' id='word_1_185' title='bbox 551 2291 790 2355; x_wconf 64' lang='lat' dir='ltr'><strong>videtur,</strong></span> <span class='ocrx_word' id='word_1_186' title='bbox 816 2290 909 2344; x_wconf 83' lang='lat' dir='ltr'><strong>sed</strong></span> <span class='ocrx_word' id='word_1_187' title='bbox 937 2305 1040 2344; x_wconf 90' lang='lat' dir='ltr'><strong>non</strong></span> <span class='ocrx_word' id='word_1_188' title='bbox 1073 2298 1155 2344; x_wconf 87' lang='lat' dir='ltr'><strong>est</strong></span> <span class='ocrx_word' id='word_1_189' title='bbox 1182 2287 1297 2357; x_wconf 89' lang='lat' dir='ltr'><strong>ejus</strong></span> <span class='ocrx_word' id='word_1_190' title='bbox 1324 2287 1390 2340; x_wconf 89' lang='lat' dir='ltr'><strong>de</strong></span> <span class='ocrx_word' id='word_1_191' title='bbox 1416 2302 1524 2355; x_wconf 88' lang='lat' dir='ltr'><strong>quo</strong></span> <span class='ocrx_word' id='word_1_192' title='bbox 1552 2286 1750 2341; x_wconf 89' lang='lat' dir='ltr'><strong>dictum</strong></span> <span class='ocrx_word' id='word_1_193' title='bbox 1780 2294 1865 2341; x_wconf 88' lang='lat' dir='ltr'><strong>est</strong></span> <span class='ocrx_word' id='word_1_194' title='bbox 1890 2302 1904 2339; x_wconf 88' lang='lat'><strong>:</strong></span> <span class='ocrx_word' id='word_1_195' title='bbox 1936 2285 2038 2351; x_wconf 89' lang='lat' dir='ltr'><strong>Qui</strong></span> 
     </span>
    </p>
   </div>
   <div class='ocr_carea' id='block_1_23' title="bbox 454 2376 2030 2455">
    <p class='ocr_par' dir='ltr' id='par_1_23' title="bbox 454 2376 2030 2455">
     <span class='ocr_line' id='line_1_23' title="bbox 454 2376 2030 2455; baseline -0.005 -18"><span class='ocrx_word' id='word_1_196' title='bbox 454 2385 573 2455; x_wconf 75' lang='lat' dir='ltr'><strong>facit</strong></span> <span class='ocrx_word' id='word_1_197' title='bbox 599 2384 722 2437; x_wconf 84' lang='lat' dir='ltr'><strong>oriri</strong></span> <span class='ocrx_word' id='word_1_198' title='bbox 739 2380 895 2437; x_wconf 79' lang='lat' dir='ltr'><strong>solent</strong></span> <span class='ocrx_word' id='word_1_199' title='bbox 920 2396 1068 2436; x_wconf 82' lang='lat' dir='ltr'><strong>suum</strong></span> <span class='ocrx_word' id='word_1_200' title='bbox 1095 2398 1247 2449; x_wconf 84' lang='lat' dir='ltr'><strong>super</strong></span> <span class='ocrx_word' id='word_1_201' title='bbox 1273 2379 1427 2434; x_wconf 79' lang='lat' dir='ltr'><strong>bonos</strong></span> <span class='ocrx_word' id='word_1_202' title='bbox 1450 2387 1495 2433; x_wconf 84' lang='lat' dir='ltr'><strong>ct</strong></span> <span class='ocrx_word' id='word_1_203' title='bbox 1525 2380 1685 2432; x_wconf 84' lang='lat' dir='ltr'><strong>malos</strong></span> <span class='ocrx_word' id='word_1_204' title='bbox 1709 2381 1725 2447; x_wconf 95' lang='lat'><strong>(</strong></span> <span class='ocrx_word' id='word_1_205' title='bbox 1746 2376 1933 2431; x_wconf 71' lang='lat' dir='ltr'><strong>Matth.</strong></span> <span class='ocrx_word' id='word_1_206' title='bbox 1966 2393 1997 2429; x_wconf 68' lang='grc' dir='ltr'><strong>ι’</strong></span> <span class='ocrx_word' id='word_1_207' title='bbox 2015 2418 2030 2440; x_wconf 83' lang='grc'><strong><em>,</em></strong></span> 
     </span>
    </p>
   </div>
   <div class='ocr_carea' id='block_1_24' title="bbox 451 2468 2036 2545">
    <p class='ocr_par' dir='ltr' id='par_1_24' title="bbox 451 2468 2036 2545">
     <span class='ocr_line' id='line_1_24' title="bbox 451 2468 2036 2545; baseline -0.003 -18"><span class='ocrx_word' id='word_1_208' title='bbox 451 2475 560 2545; x_wconf 68' lang='grc'><strong>45)</strong></span> <span class='ocrx_word' id='word_1_209' title='bbox 588 2490 604 2539; x_wconf 85' lang='lat'><strong>;</strong></span> <span class='ocrx_word' id='word_1_210' title='bbox 632 2475 755 2544; x_wconf 83' lang='lat' dir='ltr'><strong>quia</strong></span> <span class='ocrx_word' id='word_1_211' title='bbox 781 2482 975 2530; x_wconf 87' lang='lat' dir='ltr'><strong>etcum</strong></span> <span class='ocrx_word' id='word_1_212' title='bbox 1007 2472 1153 2540; x_wconf 84' lang='lat' dir='ltr'><strong>punit</strong></span> <span class='ocrx_word' id='word_1_213' title='bbox 1180 2471 1317 2524; x_wconf 83' lang='lat' dir='ltr'><strong>Deus</strong></span> <span class='ocrx_word' id='word_1_214' title='bbox 1345 2479 1672 2538; x_wconf 85' lang='lat' dir='ltr'><strong>peccatores,</strong></span> <span class='ocrx_word' id='word_1_215' title='bbox 1705 2484 1808 2522; x_wconf 87' lang='lat' dir='ltr'><strong>non</strong></span> <span class='ocrx_word' id='word_1_216' title='bbox 1840 2468 2036 2522; x_wconf 88' lang='lat' dir='ltr'><strong>malum</strong></span> 
     </span>
    </p>
   </div>
   <div class='ocr_carea' id='block_1_25' title="bbox 452 2558 2032 2627">
    <p class='ocr_par' dir='ltr' id='par_1_25' title="bbox 452 2558 2032 2627">
     <span class='ocr_line' id='line_1_25' title="bbox 452 2558 2032 2627; baseline -0.005 -6"><span class='ocrx_word' id='word_1_217' title='bbox 452 2580 606 2621; x_wconf 79' lang='lat' dir='ltr'><strong>suum</strong></span> <span class='ocrx_word' id='word_1_218' title='bbox 637 2565 716 2618; x_wconf 86' lang='lat' dir='ltr'><strong>eis</strong></span> <span class='ocrx_word' id='word_1_219' title='bbox 743 2563 922 2627; x_wconf 74' lang='lat' dir='ltr'><strong>infert,</strong></span> <span class='ocrx_word' id='word_1_220' title='bbox 954 2563 1047 2617; x_wconf 89' lang='lat' dir='ltr'><strong>sed</strong></span> <span class='ocrx_word' id='word_1_221' title='bbox 1078 2563 1229 2617; x_wconf 86' lang='lat' dir='ltr'><strong>malis</strong></span> <span class='ocrx_word' id='word_1_222' title='bbox 1267 2577 1449 2616; x_wconf 90' lang='lat' dir='ltr'><strong>eorum</strong></span> <span class='ocrx_word' id='word_1_223' title='bbox 1477 2575 1568 2615; x_wconf 88' lang='lat' dir='ltr'><strong>eos</strong></span> <span class='ocrx_word' id='word_1_224' title='bbox 1594 2560 1809 2614; x_wconf 80' lang='lat' dir='ltr'><strong>dimittit</strong></span> <span class='ocrx_word' id='word_1_225' title='bbox 1838 2578 1852 2613; x_wconf 87' lang='lat'><strong>:</strong></span> <span class='ocrx_word' id='word_1_226' title='bbox 1882 2558 2032 2625; x_wconf 83' lang='lat' dir='ltr'><strong>Ecce,</strong></span> 
     </span>
    </p>
   </div>
   <div class='ocr_carea' id='block_1_26' title="bbox 451 2652 2033 2724">
    <p class='ocr_par' dir='ltr' id='par_1_26' title="bbox 451 2652 2033 2724">
     <span class='ocr_line' id='line_1_26' title="bbox 451 2652 2033 2724; baseline -0.004 -14"><span class='ocrx_word' id='word_1_227' title='bbox 451 2656 648 2724; x_wconf 78' lang='lat' dir='ltr'><strong>inquit,</strong></span> <span class='ocrx_word' id='word_1_228' title='bbox 680 2656 913 2723; x_wconf 85' lang='lat' dir='ltr'><strong>parturiit</strong></span> <span class='ocrx_word' id='word_1_229' title='bbox 944 2654 1276 2716; x_wconf 81' lang='lat' dir='ltr'><strong>iniustitiam,</strong></span> <span class='ocrx_word' id='word_1_230' title='bbox 1319 2653 1543 2721; x_wconf 79' lang='lat' dir='ltr'><strong>concepit</strong></span> <span class='ocrx_word' id='word_1_231' title='bbox 1571 2652 1789 2706; x_wconf 78' lang='lat' dir='ltr'><strong>laborem</strong></span> <span class='ocrx_word' id='word_1_232' title='bbox 1814 2693 1828 2715; x_wconf 95' lang='lat'><strong>,</strong></span> <span class='ocrx_word' id='word_1_233' title='bbox 1861 2662 1905 2706; x_wconf 88' lang='lat' dir='ltr'><strong>et</strong></span> <span class='ocrx_word' id='word_1_234' title='bbox 1945 2668 2033 2719; x_wconf 82' lang='lat' dir='ltr'><strong>pe-</strong></span> 
     </span>
    </p>
   </div>
   <div class='ocr_carea' id='block_1_27' title="bbox 452 2738 2036 2819">
    <p class='ocr_par' dir='ltr' id='par_1_27' title="bbox 452 2738 2036 2819">
     <span class='ocr_line' id='line_1_27' title="bbox 452 2738 2036 2819; baseline -0.004 -17"><span class='ocrx_word' id='word_1_235' title='bbox 452 2750 581 2819; x_wconf 81' lang='lat' dir='ltr'><strong>perit</strong></span> <span class='ocrx_word' id='word_1_236' title='bbox 602 2747 915 2819; x_wconf 66' lang='lat' dir='ltr'><strong>utiquitatent</strong></span> <span class='ocrx_word' id='word_1_237' title='bbox 941 2762 961 2800; x_wconf 87' lang='lat'><strong><em>:</em></strong></span> <span class='ocrx_word' id='word_1_238' title='bbox 990 2748 1157 2799; x_wconf 86' lang='lat' dir='ltr'><strong>lacum</strong></span> <span class='ocrx_word' id='word_1_239' title='bbox 1194 2744 1391 2813; x_wconf 81' lang='lat' dir='ltr'><strong>aperuit</strong></span> <span class='ocrx_word' id='word_1_240' title='bbox 1418 2738 1463 2797; x_wconf 83' lang='lat' dir='ltr'><strong>et</strong></span> <span class='ocrx_word' id='word_1_241' title='bbox 1493 2742 1668 2809; x_wconf 73' lang='lat' dir='ltr'><strong>elfodit</strong></span> <span class='ocrx_word' id='word_1_242' title='bbox 1695 2759 1809 2795; x_wconf 84' lang='lat' dir='ltr'><strong>eum</strong></span> <span class='ocrx_word' id='word_1_243' title='bbox 1834 2784 1849 2807; x_wconf 92' lang='lat'><strong>,</strong></span> <span class='ocrx_word' id='word_1_244' title='bbox 1877 2751 1923 2801; x_wconf 88' lang='lat' dir='ltr'><strong>et</strong></span> <span class='ocrx_word' id='word_1_245' title='bbox 1952 2743 2036 2796; x_wconf 83' lang='lat' dir='ltr'><strong>in-</strong></span> 
     </span>
    </p>
   </div>
   <div class='ocr_carea' id='block_1_28' title="bbox 451 2835 2039 2911">
    <p class='ocr_par' dir='ltr' id='par_1_28' title="bbox 451 2835 2039 2911">
     <span class='ocr_line' id='line_1_28' title="bbox 451 2835 2039 2911; baseline -0.002 -21"><span class='ocrx_word' id='word_1_246' title='bbox 451 2839 575 2892; x_wconf 75' lang='lat' dir='ltr'><strong>cidit</strong></span> <span class='ocrx_word' id='word_1_247' title='bbox 617 2838 669 2892; x_wconf 86' lang='lat' dir='ltr'><strong>in</strong></span> <span class='ocrx_word' id='word_1_248' title='bbox 707 2841 903 2911; x_wconf 77' lang='lat' dir='ltr'><strong>foveam</strong></span> <span class='ocrx_word' id='word_1_249' title='bbox 941 2853 1092 2907; x_wconf 84' lang='lat' dir='ltr'><strong>quam</strong></span> <span class='ocrx_word' id='word_1_250' title='bbox 1135 2844 1372 2907; x_wconf 83' lang='lat' dir='ltr'><strong>cperatus</strong></span> <span class='ocrx_word' id='word_1_251' title='bbox 1408 2847 1479 2889; x_wconf 84' lang='lat' dir='ltr'><strong>est</strong></span> <span class='ocrx_word' id='word_1_252' title='bbox 1503 2851 1521 2888; x_wconf 88' lang='lat'><strong><em>:</em></strong></span> <span class='ocrx_word' id='word_1_253' title='bbox 1543 2845 1856 2889; x_wconf 79' lang='lat' dir='ltr'><strong>convertatur</strong></span> <span class='ocrx_word' id='word_1_254' title='bbox 1888 2835 2039 2888; x_wconf 89' lang='lat' dir='ltr'><strong>dolor</strong></span> 
     </span>
    </p>
   </div>
   <div class='ocr_carea' id='block_1_29' title="bbox 452 2928 2042 3004">
    <p class='ocr_par' dir='ltr' id='par_1_29' title="bbox 452 2928 2042 3004">
     <span class='ocr_line' id='line_1_29' title="bbox 452 2928 2042 3004; baseline 0.001 -19"><span class='ocrx_word' id='word_1_255' title='bbox 452 2934 562 2995; x_wconf 79' lang='lat' dir='ltr'><strong>eius</strong></span> <span class='ocrx_word' id='word_1_256' title='bbox 587 2929 641 2985; x_wconf 82' lang='lat' dir='ltr'><strong>in</strong></span> <span class='ocrx_word' id='word_1_257' title='bbox 669 2938 823 3001; x_wconf 79' lang='lat' dir='ltr'><strong>caput</strong></span> <span class='ocrx_word' id='word_1_258' title='bbox 843 2929 954 3003; x_wconf 76' lang='lat' dir='ltr'><strong>ejus</strong></span> <span class='ocrx_word' id='word_1_259' title='bbox 976 2974 990 2995; x_wconf 88' lang='lat'><strong>,</strong></span> <span class='ocrx_word' id='word_1_260' title='bbox 1018 2939 1064 2986; x_wconf 88' lang='lat' dir='ltr'><strong>et</strong></span> <span class='ocrx_word' id='word_1_261' title='bbox 1092 2928 1145 2985; x_wconf 84' lang='lat' dir='ltr'><strong>in</strong></span> <span class='ocrx_word' id='word_1_262' title='bbox 1167 2929 1395 2985; x_wconf 72' lang='lat' dir='ltr'><strong>tertt&#39;cent</strong></span> <span class='ocrx_word' id='word_1_263' title='bbox 1421 2929 1530 3001; x_wconf 70' lang='lat' dir='ltr'><strong>ejus</strong></span> <span class='ocrx_word' id='word_1_264' title='bbox 1555 2928 1793 3004; x_wconf 70' lang='lat' dir='ltr'><strong>iniquitas</strong></span> <span class='ocrx_word' id='word_1_265' title='bbox 1813 2928 1923 3001; x_wconf 71' lang='lat' dir='ltr'><strong>ejus</strong></span> <span class='ocrx_word' id='word_1_266' title='bbox 1946 2928 2042 2986; x_wconf 78' lang='lat' dir='ltr'><strong>de-</strong></span> 
     </span>
    </p>
   </div>
   <div class='ocr_carea' id='block_1_30' title="bbox 449 3023 2034 3095">
    <p class='ocr_par' dir='ltr' id='par_1_30' title="bbox 449 3023 2034 3095">
     <span class='ocr_line' id='line_1_30' title="bbox 449 3023 2034 3095; baseline 0.002 -20"><span class='ocrx_word' id='word_1_267' title='bbox 449 3024 651 3079; x_wconf 84' lang='lat' dir='ltr'><strong>scendet</strong></span> <span class='ocrx_word' id='word_1_268' title='bbox 680 3025 699 3094; x_wconf 94' lang='lat'><strong>(</strong></span> <span class='ocrx_word' id='word_1_269' title='bbox 725 3023 869 3078; x_wconf 80' lang='lat' dir='ltr'><strong>Psal.</strong></span> <span class='ocrx_word' id='word_1_270' title='bbox 901 3040 975 3078; x_wconf 78' lang='lat' dir='ltr'><strong>vn</strong></span> <span class='ocrx_word' id='word_1_271' title='bbox 997 3066 1012 3090; x_wconf 95' lang='lat'><strong>,</strong></span> <span class='ocrx_word' id='word_1_272' title='bbox 1060 3025 1225 3080; x_wconf 78' lang='grc'><strong>15-17</strong></span> <span class='ocrx_word' id='word_1_273' title='bbox 1250 3024 1289 3095; x_wconf 89' lang='grc'><strong>).</strong></span> <span class='ocrx_word' id='word_1_274' title='bbox 1330 3024 1461 3079; x_wconf 85' lang='lat' dir='ltr'><strong>Cum</strong></span> <span class='ocrx_word' id='word_1_275' title='bbox 1500 3040 1629 3095; x_wconf 80' lang='lat' dir='ltr'><strong>ergo</strong></span> <span class='ocrx_word' id='word_1_276' title='bbox 1677 3027 1825 3095; x_wconf 81' lang='lat' dir='ltr'><strong>punit</strong></span> <span class='ocrx_word' id='word_1_277' title='bbox 1854 3025 1995 3079; x_wconf 86' lang='lat' dir='ltr'><strong>Deus</strong></span> <span class='ocrx_word' id='word_1_278' title='bbox 2018 3066 2034 3089; x_wconf 92' lang='lat'><strong>,</strong></span> 
     </span>
    </p>
   </div>
   <div class='ocr_carea' id='block_1_31' title="bbox 452 3113 2040 3185">
    <p class='ocr_par' dir='ltr' id='par_1_31' title="bbox 452 3113 2040 3185">
     <span class='ocr_line' id='line_1_31' title="bbox 452 3113 2040 3185; baseline 0.002 -19"><span class='ocrx_word' id='word_1_279' title='bbox 452 3122 511 3167; x_wconf 89' lang='lat' dir='ltr'><strong>ut</strong></span> <span class='ocrx_word' id='word_1_280' title='bbox 533 3113 693 3183; x_wconf 88' lang='lat' dir='ltr'><strong>judex</strong></span> <span class='ocrx_word' id='word_1_281' title='bbox 726 3114 876 3185; x_wconf 87' lang='lat' dir='ltr'><strong>punit</strong></span> <span class='ocrx_word' id='word_1_282' title='bbox 900 3129 994 3170; x_wconf 89' lang='lat' dir='ltr'><strong>eos</strong></span> <span class='ocrx_word' id='word_1_283' title='bbox 1018 3114 1107 3183; x_wconf 87' lang='lat' dir='ltr'><strong>qui</strong></span> <span class='ocrx_word' id='word_1_284' title='bbox 1138 3116 1305 3185; x_wconf 79' lang='lat' dir='ltr'><strong>legent</strong></span> <span class='ocrx_word' id='word_1_285' title='bbox 1336 3126 1686 3183; x_wconf 69' lang='lat' dir='ltr'><strong>prtetercunt,</strong></span> <span class='ocrx_word' id='word_1_286' title='bbox 1721 3132 1824 3169; x_wconf 83' lang='lat' dir='ltr'><strong>non</strong></span> <span class='ocrx_word' id='word_1_287' title='bbox 1850 3116 1930 3170; x_wconf 88' lang='lat' dir='ltr'><strong>eis</strong></span> <span class='ocrx_word' id='word_1_288' title='bbox 1956 3115 2040 3169; x_wconf 88' lang='lat' dir='ltr'><strong>in-</strong></span> 
     </span>
    </p>
   </div>
   <div class='ocr_carea' id='block_1_32' title="bbox 453 3203 2040 3273">
    <p class='ocr_par' dir='ltr' id='par_1_32' title="bbox 453 3203 2040 3273">
     <span class='ocr_line' id='line_1_32' title="bbox 453 3203 2040 3273; baseline 0.001 -18"><span class='ocrx_word' id='word_1_289' title='bbox 453 3206 634 3258; x_wconf 69' lang='lat' dir='ltr'><strong>ferens</strong></span> <span class='ocrx_word' id='word_1_290' title='bbox 670 3203 737 3258; x_wconf 90' lang='lat' dir='ltr'><strong>de</strong></span> <span class='ocrx_word' id='word_1_291' title='bbox 774 3204 954 3273; x_wconf 86' lang='lat' dir='ltr'><strong>seipso</strong></span> <span class='ocrx_word' id='word_1_292' title='bbox 1002 3203 1200 3258; x_wconf 87' lang='lat' dir='ltr'><strong>malutn</strong></span> <span class='ocrx_word' id='word_1_293' title='bbox 1222 3245 1237 3269; x_wconf 94' lang='lat'><strong>,</strong></span> <span class='ocrx_word' id='word_1_294' title='bbox 1261 3204 1355 3259; x_wconf 88' lang='lat' dir='ltr'><strong>sed</strong></span> <span class='ocrx_word' id='word_1_295' title='bbox 1386 3204 1531 3258; x_wconf 77' lang='lat' dir='ltr'><strong>inid</strong></span> <span class='ocrx_word' id='word_1_296' title='bbox 1574 3203 1712 3272; x_wconf 84' lang='lat' dir='ltr'><strong>quod</strong></span> <span class='ocrx_word' id='word_1_297' title='bbox 1763 3205 2040 3271; x_wconf 84' lang='lat' dir='ltr'><strong>elegerunt</strong></span> 
     </span>
    </p>
   </div>
   <div class='ocr_carea' id='block_1_33' title="bbox 450 3294 2035 3365">
    <p class='ocr_par' dir='ltr' id='par_1_33' title="bbox 450 3294 2035 3365">
     <span class='ocr_line' id='line_1_33' title="bbox 450 3294 2035 3365; baseline 0 -17"><span class='ocrx_word' id='word_1_298' title='bbox 450 3309 547 3349; x_wconf 89' lang='lat' dir='ltr'><strong>eos</strong></span> <span class='ocrx_word' id='word_1_299' title='bbox 585 3295 858 3365; x_wconf 85' lang='lat' dir='ltr'><strong>expellens</strong></span> <span class='ocrx_word' id='word_1_300' title='bbox 886 3294 952 3348; x_wconf 89' lang='lat' dir='ltr'><strong>ad</strong></span> <span class='ocrx_word' id='word_1_301' title='bbox 978 3294 1346 3365; x_wconf 87' lang='lat' dir='ltr'><strong>complendatn</strong></span> <span class='ocrx_word' id='word_1_302' title='bbox 1386 3310 1645 3348; x_wconf 81' lang='lat' dir='ltr'><strong>summam</strong></span> <span class='ocrx_word' id='word_1_303' title='bbox 1677 3295 2035 3352; x_wconf 84' lang='lat' dir='ltr'><strong>miseriarum.</strong></span> 
     </span>
    </p>
   </div>
   <div class='ocr_carea' id='block_1_34' title="bbox 453 3383 2040 3454">
    <p class='ocr_par' dir='ltr' id='par_1_34' title="bbox 453 3383 2040 3454">
     <span class='ocr_line' id='line_1_34' title="bbox 453 3383 2040 3454; baseline 0.001 -16"><span class='ocrx_word' id='word_1_304' title='bbox 453 3383 627 3438; x_wconf 84' lang='lat' dir='ltr'><strong>llnmo</strong></span> <span class='ocrx_word' id='word_1_305' title='bbox 671 3392 848 3439; x_wconf 86' lang='lat' dir='ltr'><strong>autem</strong></span> <span class='ocrx_word' id='word_1_306' title='bbox 892 3398 1015 3440; x_wconf 89' lang='lat' dir='ltr'><strong>cum</strong></span> <span class='ocrx_word' id='word_1_307' title='bbox 1062 3384 1260 3438; x_wconf 89' lang='lat' dir='ltr'><strong>malmn</strong></span> <span class='ocrx_word' id='word_1_308' title='bbox 1302 3399 1399 3454; x_wconf 89' lang='lat' dir='ltr'><strong>pro</strong></span> <span class='ocrx_word' id='word_1_309' title='bbox 1451 3385 1593 3438; x_wconf 79' lang='lat' dir='ltr'><strong>ntalo</strong></span> <span class='ocrx_word' id='word_1_310' title='bbox 1636 3384 1846 3452; x_wconf 87' lang='lat' dir='ltr'><strong>reddit,</strong></span> <span class='ocrx_word' id='word_1_311' title='bbox 1897 3386 2040 3439; x_wconf 86' lang='lat' dir='ltr'><strong>malo</strong></span> 
     </span>
    </p>
   </div>
   <div class='ocr_carea' id='block_1_35' title="bbox 452 3472 2035 3543">
    <p class='ocr_par' dir='ltr' id='par_1_35' title="bbox 452 3472 2035 3543">
     <span class='ocr_line' id='line_1_35' title="bbox 452 3472 2035 3543; baseline 0.003 -19"><span class='ocrx_word' id='word_1_312' title='bbox 452 3482 577 3525; x_wconf 78' lang='lat' dir='ltr'><strong>vnto</strong></span> <span class='ocrx_word' id='word_1_313' title='bbox 621 3472 673 3528; x_wconf 89' lang='lat' dir='ltr'><strong>id</strong></span> <span class='ocrx_word' id='word_1_314' title='bbox 703 3473 856 3541; x_wconf 83' lang='lat' dir='ltr'><strong>facit;</strong></span> <span class='ocrx_word' id='word_1_315' title='bbox 896 3483 952 3529; x_wconf 91' lang='lat' dir='ltr'><strong>et</strong></span> <span class='ocrx_word' id='word_1_316' title='bbox 990 3472 1060 3529; x_wconf 92' lang='lat' dir='ltr'><strong>ob</strong></span> <span class='ocrx_word' id='word_1_317' title='bbox 1090 3474 1194 3529; x_wconf 91' lang='lat' dir='ltr'><strong>boc</strong></span> <span class='ocrx_word' id='word_1_318' title='bbox 1233 3474 1376 3543; x_wconf 86' lang='lat' dir='ltr'><strong>prior</strong></span> <span class='ocrx_word' id='word_1_319' title='bbox 1405 3474 1520 3543; x_wconf 80' lang='lat' dir='ltr'><strong>ipse</strong></span> <span class='ocrx_word' id='word_1_320' title='bbox 1546 3474 1717 3529; x_wconf 88' lang='lat' dir='ltr'><strong>malus</strong></span> <span class='ocrx_word' id='word_1_321' title='bbox 1743 3484 1861 3542; x_wconf 85' lang='lat' dir='ltr'><strong>est,</strong></span> <span class='ocrx_word' id='word_1_322' title='bbox 1909 3472 2035 3530; x_wconf 88' lang='lat' dir='ltr'><strong>dum</strong></span> 
     </span>
    </p>
   </div>
   <div class='ocr_carea' id='block_1_36' title="bbox 458 3563 1033 3633">
    <p class='ocr_par' dir='ltr' id='par_1_36' title="bbox 458 3563 1033 3633">
     <span class='ocr_line' id='line_1_36' title="bbox 458 3563 1033 3633; baseline 0.005 -19"><span class='ocrx_word' id='word_1_323' title='bbox 458 3564 648 3633; x_wconf 76' lang='lat' dir='ltr'><strong>punire</strong></span> <span class='ocrx_word' id='word_1_324' title='bbox 676 3563 784 3619; x_wconf 84' lang='lat' dir='ltr'><strong>vult</strong></span> <span class='ocrx_word' id='word_1_325' title='bbox 812 3563 1033 3618; x_wconf 88' lang='lat' dir='ltr'><strong>malum.</strong></span> 
     </span>
    </p>
   </div>
   <div class='ocr_carea' id='block_1_37' title="bbox 527 3653 2042 3728">
    <p class='ocr_par' dir='ltr' id='par_1_37' title="bbox 527 3653 2042 3728">
     <span class='ocr_line' id='line_1_37' title="bbox 527 3653 2042 3728; baseline 0.001 -18"><span class='ocrx_word' id='word_1_326' title='bbox 527 3658 613 3710; x_wconf 82' lang='grc' dir='ltr'><strong>Η.</strong></span> <span class='ocrx_word' id='word_1_327' title='bbox 660 3654 836 3728; x_wconf 79' lang='lat' dir='ltr'><strong>Dirige</strong></span> <span class='ocrx_word' id='word_1_328' title='bbox 869 3657 923 3709; x_wconf 85' lang='lat' dir='ltr'><strong>in</strong></span> <span class='ocrx_word' id='word_1_329' title='bbox 949 3665 1213 3726; x_wconf 83' lang='lat' dir='ltr'><strong>conspectu</strong></span> <span class='ocrx_word' id='word_1_330' title='bbox 1243 3664 1328 3710; x_wconf 86' lang='lat' dir='ltr'><strong>tuo</strong></span> <span class='ocrx_word' id='word_1_331' title='bbox 1349 3656 1446 3710; x_wconf 77' lang='lat' dir='ltr'><strong>iter</strong></span> <span class='ocrx_word' id='word_1_332' title='bbox 1486 3671 1668 3710; x_wconf 83' lang='lat' dir='ltr'><strong>meum.</strong></span> <span class='ocrx_word' id='word_1_333' title='bbox 1696 3653 1845 3712; x_wconf 81' lang='lat' dir='ltr'><strong>Nihil</strong></span> <span class='ocrx_word' id='word_1_334' title='bbox 1871 3655 2042 3712; x_wconf 80' lang='lat' dir='ltr'><strong>manl-</strong></span> 
     </span>
    </p>
   </div>
   <div class='ocr_carea' id='block_1_38' title="bbox 455 3744 2042 3816">
    <p class='ocr_par' dir='ltr' id='par_1_38' title="bbox 455 3744 2042 3816">
     <span class='ocr_line' id='line_1_38' title="bbox 455 3744 2042 3816; baseline 0.003 -18"><span class='ocrx_word' id='word_1_335' title='bbox 455 3744 641 3799; x_wconf 87' lang='lat' dir='ltr'><strong>fcstius</strong></span> <span class='ocrx_word' id='word_1_336' title='bbox 667 3755 776 3810; x_wconf 87' lang='lat' dir='ltr'><strong>est,</strong></span> <span class='ocrx_word' id='word_1_337' title='bbox 825 3760 983 3815; x_wconf 89' lang='lat' dir='ltr'><strong>quam</strong></span> <span class='ocrx_word' id='word_1_338' title='bbox 1025 3746 1079 3801; x_wconf 91' lang='lat' dir='ltr'><strong>in</strong></span> <span class='ocrx_word' id='word_1_339' title='bbox 1124 3753 1335 3815; x_wconf 82' lang='lat' dir='ltr'><strong>tempus</strong></span> <span class='ocrx_word' id='word_1_340' title='bbox 1377 3760 1502 3801; x_wconf 85' lang='lat' dir='ltr'><strong>eum</strong></span> <span class='ocrx_word' id='word_1_341' title='bbox 1531 3745 1909 3813; x_wconf 79' lang='lat' dir='ltr'><strong>commendare</strong></span> <span class='ocrx_word' id='word_1_342' title='bbox 1935 3760 2042 3816; x_wconf 89' lang='lat' dir='ltr'><strong>quo</strong></span> 
     </span>
    </p>
   </div>
   <div class='ocr_carea' id='block_1_39' title="bbox 455 3834 2043 3907">
    <p class='ocr_par' dir='ltr' id='par_1_39' title="bbox 455 3834 2043 3907">
     <span class='ocr_line' id='line_1_39' title="bbox 455 3834 2043 3907; baseline 0.003 -18"><span class='ocrx_word' id='word_1_343' title='bbox 455 3834 703 3907; x_wconf 80' lang='lat' dir='ltr'><strong>prolicit;</strong></span> <span class='ocrx_word' id='word_1_344' title='bbox 736 3835 836 3890; x_wconf 86' lang='lat' dir='ltr'><strong>hoc</strong></span> <span class='ocrx_word' id='word_1_345' title='bbox 881 3842 965 3891; x_wconf 89' lang='lat' dir='ltr'><strong>est</strong></span> <span class='ocrx_word' id='word_1_346' title='bbox 987 3836 1129 3890; x_wconf 88' lang='lat' dir='ltr'><strong>enim</strong></span> <span class='ocrx_word' id='word_1_347' title='bbox 1158 3837 1259 3891; x_wconf 86' lang='lat' dir='ltr'><strong>iter</strong></span> <span class='ocrx_word' id='word_1_348' title='bbox 1282 3836 1425 3906; x_wconf 87' lang='lat' dir='ltr'><strong>quod</strong></span> <span class='ocrx_word' id='word_1_349' title='bbox 1456 3850 1564 3891; x_wconf 88' lang='lat' dir='ltr'><strong>non</strong></span> <span class='ocrx_word' id='word_1_350' title='bbox 1606 3843 1870 3891; x_wconf 84' lang='lat' dir='ltr'><strong>terrarum</strong></span> <span class='ocrx_word' id='word_1_351' title='bbox 1908 3836 2043 3895; x_wconf 86' lang='lat' dir='ltr'><strong>locis</strong></span> 
     </span>
    </p>
   </div>
   <div class='ocr_carea' id='block_1_40' title="bbox 456 3924 2040 3998">
    <p class='ocr_par' dir='ltr' id='par_1_40' title="bbox 456 3924 2040 3998">
     <span class='ocr_line' id='line_1_40' title="bbox 456 3924 2040 3998; baseline 0.001 -15"><span class='ocrx_word' id='word_1_352' title='bbox 456 3927 756 3998; x_wconf 75' lang='lat' dir='ltr'><strong>peragitur,</strong></span> <span class='ocrx_word' id='word_1_353' title='bbox 802 3924 901 3984; x_wconf 85' lang='lat' dir='ltr'><strong>sed</strong></span> <span class='ocrx_word' id='word_1_354' title='bbox 942 3926 1219 3983; x_wconf 78' lang='lat' dir='ltr'><strong>affectibus</strong></span> <span class='ocrx_word' id='word_1_355' title='bbox 1266 3928 1585 3983; x_wconf 89' lang='lat' dir='ltr'><strong>animorum.</strong></span> <span class='ocrx_word' id='word_1_356' title='bbox 1637 3926 1706 3982; x_wconf 87' lang='lat' dir='ltr'><strong>In</strong></span> <span class='ocrx_word' id='word_1_357' title='bbox 1743 3938 2040 3998; x_wconf 85' lang='lat' dir='ltr'><strong>conspectu,</strong></span> 
     </span>
    </p>
   </div>
   <div class='ocr_carea' id='block_1_41' title="bbox 456 4017 2043 4088">
    <p class='ocr_par' dir='ltr' id='par_1_41' title="bbox 456 4017 2043 4088">
     <span class='ocr_line' id='line_1_41' title="bbox 456 4017 2043 4088; baseline 0.003 -16"><span class='ocrx_word' id='word_1_358' title='bbox 456 4017 628 4087; x_wconf 84' lang='lat' dir='ltr'><strong>inquit</strong></span> <span class='ocrx_word' id='word_1_359' title='bbox 656 4058 671 4083; x_wconf 89' lang='lat'><strong>,</strong></span> <span class='ocrx_word' id='word_1_360' title='bbox 702 4028 788 4072; x_wconf 90' lang='lat' dir='ltr'><strong>tuo</strong></span> <span class='ocrx_word' id='word_1_361' title='bbox 823 4017 986 4088; x_wconf 81' lang='lat' dir='ltr'><strong>dirige</strong></span> <span class='ocrx_word' id='word_1_362' title='bbox 1012 4018 1108 4072; x_wconf 88' lang='lat' dir='ltr'><strong>iter</strong></span> <span class='ocrx_word' id='word_1_363' title='bbox 1143 4035 1308 4073; x_wconf 87' lang='lat' dir='ltr'><strong>meum</strong></span> <span class='ocrx_word' id='word_1_364' title='bbox 1333 4035 1353 4073; x_wconf 88' lang='lat'><strong><em>:</em></strong></span> <span class='ocrx_word' id='word_1_365' title='bbox 1379 4019 1427 4072; x_wconf 89' lang='lat' dir='ltr'><strong>id</strong></span> <span class='ocrx_word' id='word_1_366' title='bbox 1458 4028 1540 4074; x_wconf 88' lang='lat' dir='ltr'><strong>cst</strong></span> <span class='ocrx_word' id='word_1_367' title='bbox 1563 4059 1578 4082; x_wconf 89' lang='lat'><strong>,</strong></span> <span class='ocrx_word' id='word_1_368' title='bbox 1608 4019 1697 4073; x_wconf 87' lang='lat' dir='ltr'><strong>ubi</strong></span> <span class='ocrx_word' id='word_1_369' title='bbox 1730 4019 1905 4075; x_wconf 82' lang='lat' dir='ltr'><strong>nullus</strong></span> <span class='ocrx_word' id='word_1_370' title='bbox 1944 4018 2043 4076; x_wconf 77' lang='lat' dir='ltr'><strong>bo~</strong></span> 
     </span>
    </p>
   </div>
   <div class='ocr_carea' id='block_1_42' title="bbox 455 4107 2040 4179">
    <p class='ocr_par' dir='ltr' id='par_1_42' title="bbox 455 4107 2040 4179">
     <span class='ocr_line' id='line_1_42' title="bbox 455 4107 2040 4179; baseline 0.001 -14"><span class='ocrx_word' id='word_1_371' title='bbox 455 4110 658 4165; x_wconf 77' lang='lat' dir='ltr'><strong>minam</strong></span> <span class='ocrx_word' id='word_1_372' title='bbox 688 4107 850 4174; x_wconf 84' lang='lat' dir='ltr'><strong>videt,</strong></span> <span class='ocrx_word' id='word_1_373' title='bbox 874 4108 1064 4179; x_wconf 86' lang='lat' dir='ltr'><strong>quibus</strong></span> <span class='ocrx_word' id='word_1_374' title='bbox 1090 4107 1413 4165; x_wconf 89' lang='lat' dir='ltr'><strong>credendum</strong></span> <span class='ocrx_word' id='word_1_375' title='bbox 1442 4124 1549 4163; x_wconf 89' lang='lat' dir='ltr'><strong>non</strong></span> <span class='ocrx_word' id='word_1_376' title='bbox 1576 4118 1660 4165; x_wconf 81' lang='lat' dir='ltr'><strong>est</strong></span> <span class='ocrx_word' id='word_1_377' title='bbox 1684 4109 2040 4179; x_wconf 81' lang='lat' dir='ltr'><strong>laudantibus,</strong></span> 
     </span>
    </p>
   </div>
   <div class='ocr_carea' id='block_1_43' title="bbox 456 4200 2043 4271">
    <p class='ocr_par' dir='ltr' id='par_1_43' title="bbox 456 4200 2043 4271">
     <span class='ocr_line' id='line_1_43' title="bbox 456 4200 2043 4271; baseline 0.002 -16"><span class='ocrx_word' id='word_1_378' title='bbox 456 4212 550 4256; x_wconf 68' lang='lat' dir='ltr'><strong>aut</strong></span> <span class='ocrx_word' id='word_1_379' title='bbox 574 4201 1035 4270; x_wconf 84' lang='lat' dir='ltr'><strong>vituperantibus;</strong></span> <span class='ocrx_word' id='word_1_380' title='bbox 1065 4216 1168 4254; x_wconf 91' lang='lat' dir='ltr'><strong>non</strong></span> <span class='ocrx_word' id='word_1_381' title='bbox 1200 4200 1343 4255; x_wconf 89' lang='lat' dir='ltr'><strong>enim</strong></span> <span class='ocrx_word' id='word_1_382' title='bbox 1388 4200 1498 4253; x_wconf 88' lang='lat' dir='ltr'><strong>ullo</strong></span> <span class='ocrx_word' id='word_1_383' title='bbox 1539 4201 1699 4255; x_wconf 88' lang='lat' dir='ltr'><strong>modo</strong></span> <span class='ocrx_word' id='word_1_384' title='bbox 1728 4211 1954 4271; x_wconf 87' lang='lat' dir='ltr'><strong>possunt</strong></span> <span class='ocrx_word' id='word_1_385' title='bbox 1975 4201 2043 4258; x_wconf 83' lang='lat' dir='ltr'><strong>de</strong></span> 
     </span>
    </p>
   </div>
   <div class='ocr_carea' id='block_1_44' title="bbox 451 4289 2040 4363">
    <p class='ocr_par' dir='ltr' id='par_1_44' title="bbox 451 4289 2040 4363">
     <span class='ocr_line' id='line_1_44' title="bbox 451 4289 2040 4363; baseline 0.003 -19"><span class='ocrx_word' id='word_1_386' title='bbox 451 4289 631 4346; x_wconf 73' lang='lat' dir='ltr'><strong>aliena</strong></span> <span class='ocrx_word' id='word_1_387' title='bbox 651 4290 980 4346; x_wconf 79' lang='lat' dir='ltr'><strong>conscientia</strong></span> <span class='ocrx_word' id='word_1_388' title='bbox 1002 4289 1279 4359; x_wconf 82' lang='lat' dir='ltr'><strong>judicare,</strong></span> <span class='ocrx_word' id='word_1_389' title='bbox 1326 4289 1377 4344; x_wconf 91' lang='lat' dir='ltr'><strong>in</strong></span> <span class='ocrx_word' id='word_1_390' title='bbox 1422 4305 1526 4359; x_wconf 89' lang='lat' dir='ltr'><strong>qua</strong></span> <span class='ocrx_word' id='word_1_391' title='bbox 1555 4290 1658 4346; x_wconf 89' lang='lat' dir='ltr'><strong>iter</strong></span> <span class='ocrx_word' id='word_1_392' title='bbox 1684 4291 1931 4363; x_wconf 81' lang='lat' dir='ltr'><strong>dirigitur</strong></span> <span class='ocrx_word' id='word_1_393' title='bbox 1970 4292 2040 4348; x_wconf 84' lang='lat' dir='ltr'><strong>ad</strong></span> 
     </span>
    </p>
   </div>
   <div class='ocr_carea' id='block_1_45' title="bbox 456 4379 2041 4449">
    <p class='ocr_par' dir='ltr' id='par_1_45' title="bbox 456 4379 2041 4449">
     <span class='ocr_line' id='line_1_45' title="bbox 456 4379 2041 4449; baseline 0.001 -14"><span class='ocrx_word' id='word_1_394' title='bbox 456 4381 649 4435; x_wconf 81' lang='lat' dir='ltr'><strong>Deum.</strong></span> <span class='ocrx_word' id='word_1_395' title='bbox 700 4379 827 4438; x_wconf 80' lang='lat' dir='ltr'><strong>ideo</strong></span> <span class='ocrx_word' id='word_1_396' title='bbox 868 4379 1113 4449; x_wconf 85' lang='lat' dir='ltr'><strong>subjecit,</strong></span> <span class='ocrx_word' id='word_1_397' title='bbox 1150 4379 1402 4444; x_wconf 83' lang='lat' dir='ltr'><strong>Quoniam</strong></span> <span class='ocrx_word' id='word_1_398' title='bbox 1423 4396 1526 4434; x_wconf 83' lang='lat' dir='ltr'><strong>non</strong></span> <span class='ocrx_word' id='word_1_399' title='bbox 1571 4380 1725 4437; x_wconf 86' lang='lat' dir='ltr'><strong>estin</strong></span> <span class='ocrx_word' id='word_1_400' title='bbox 1759 4397 1846 4435; x_wconf 87' lang='lat' dir='ltr'><strong>ore</strong></span> <span class='ocrx_word' id='word_1_401' title='bbox 1867 4397 2041 4437; x_wconf 85' lang='lat' dir='ltr'><strong>eorum</strong></span> 
     </span>
    </p>
   </div>
   <div class='ocr_carea' id='block_1_46' title="bbox 452 4473 2044 4546">
    <p class='ocr_par' dir='ltr' id='par_1_46' title="bbox 452 4473 2044 4546">
     <span class='ocr_line' id='line_1_46' title="bbox 452 4473 2044 4546; baseline 0.003 -16"><span class='ocrx_word' id='word_1_402' title='bbox 452 4476 677 4539; x_wconf 77' lang='lat' dir='ltr'><strong>veritas,</strong></span> <span class='ocrx_word' id='word_1_403' title='bbox 720 4475 912 4545; x_wconf 85' lang='lat' dir='ltr'><strong>quibus</strong></span> <span class='ocrx_word' id='word_1_404' title='bbox 942 4473 1127 4546; x_wconf 90' lang='lat' dir='ltr'><strong>utique</strong></span> <span class='ocrx_word' id='word_1_405' title='bbox 1164 4474 1524 4546; x_wconf 85' lang='lat' dir='ltr'><strong>judicantibus</strong></span> <span class='ocrx_word' id='word_1_406' title='bbox 1563 4491 1671 4531; x_wconf 88' lang='lat' dir='ltr'><strong>non</strong></span> <span class='ocrx_word' id='word_1_407' title='bbox 1696 4485 1780 4533; x_wconf 86' lang='lat' dir='ltr'><strong>est</strong></span> <span class='ocrx_word' id='word_1_408' title='bbox 1823 4477 2044 4534; x_wconf 84' lang='lat' dir='ltr'><strong>creden—</strong></span> 
     </span>
    </p>
   </div>
   <div class='ocr_carea' id='block_1_47' title="bbox 452 4564 2064 4635">
    <p class='ocr_par' dir='ltr' id='par_1_47' title="bbox 452 4564 2064 4635">
     <span class='ocr_line' id='line_1_47' title="bbox 452 4564 2064 4635; baseline 0.002 -13"><span class='ocrx_word' id='word_1_409' title='bbox 452 4564 617 4631; x_wconf 86' lang='lat' dir='ltr'><strong>dum,</strong></span> <span class='ocrx_word' id='word_1_410' title='bbox 659 4576 715 4622; x_wconf 89' lang='lat' dir='ltr'><strong>et</strong></span> <span class='ocrx_word' id='word_1_411' title='bbox 743 4564 863 4621; x_wconf 90' lang='lat' dir='ltr'><strong>ideo</strong></span> <span class='ocrx_word' id='word_1_412' title='bbox 903 4566 1044 4621; x_wconf 90' lang='lat' dir='ltr'><strong>intro</strong></span> <span class='ocrx_word' id='word_1_413' title='bbox 1069 4567 1135 4620; x_wconf 88' lang='lat' dir='ltr'><strong>ad</strong></span> <span class='ocrx_word' id='word_1_414' title='bbox 1160 4567 1541 4635; x_wconf 71' lang='lat' dir='ltr'><strong>conscientiam</strong></span> <span class='ocrx_word' id='word_1_415' title='bbox 1580 4578 1635 4624; x_wconf 89' lang='lat' dir='ltr'><strong>et</strong></span> <span class='ocrx_word' id='word_1_416' title='bbox 1660 4568 1727 4625; x_wconf 88' lang='lat' dir='ltr'><strong>ad</strong></span> <span class='ocrx_word' id='word_1_417' title='bbox 1769 4568 1867 4626; x_wconf 87' lang='lat' dir='ltr'><strong>Dei</strong></span> <span class='ocrx_word' id='word_1_418' title='bbox 1908 4585 2064 4626; x_wconf 12' lang='lat' dir='ltr'><strong>con-t</strong></span> 
     </span>
    </p>
   </div>
   <div class='ocr_carea' id='block_1_48' title="bbox 452 4656 2042 4729">
    <p class='ocr_par' dir='ltr' id='par_1_48' title="bbox 452 4656 2042 4729">
     <span class='ocr_line' id='line_1_48' title="bbox 452 4656 2042 4729; baseline 0.003 -17"><span class='ocrx_word' id='word_1_419' title='bbox 452 4666 696 4726; x_wconf 76' lang='lat' dir='ltr'><strong>spectem</strong></span> <span class='ocrx_word' id='word_1_420' title='bbox 741 4656 1156 4729; x_wconf 76' lang='lat' dir='ltr'><strong>confugiendum</strong></span> <span class='ocrx_word' id='word_1_421' title='bbox 1198 4667 1300 4714; x_wconf 87' lang='lat' dir='ltr'><strong>est.</strong></span> <span class='ocrx_word' id='word_1_422' title='bbox 1348 4658 1450 4714; x_wconf 88' lang='lat' dir='ltr'><strong>Cor</strong></span> <span class='ocrx_word' id='word_1_423' title='bbox 1498 4676 1673 4715; x_wconf 82' lang='lat' dir='ltr'><strong>eorum</strong></span> <span class='ocrx_word' id='word_1_424' title='bbox 1708 4676 1894 4716; x_wconf 82' lang='lat' dir='ltr'><strong>vanum</strong></span> <span class='ocrx_word' id='word_1_425' title='bbox 1930 4671 2042 4718; x_wconf 87' lang='lat' dir='ltr'><strong>est:</strong></span> 
     </span>
    </p>
   </div>
   <div class='ocr_carea' id='block_1_49' title="bbox 452 4747 2046 4818">
    <p class='ocr_par' dir='ltr' id='par_1_49' title="bbox 452 4747 2046 4818">
     <span class='ocr_line' id='line_1_49' title="bbox 452 4747 2046 4818; baseline 0.003 -16"><span class='ocrx_word' id='word_1_426' title='bbox 452 4747 724 4818; x_wconf 88' lang='lat' dir='ltr'><strong>quomodo</strong></span> <span class='ocrx_word' id='word_1_427' title='bbox 768 4763 897 4818; x_wconf 81' lang='lat' dir='ltr'><strong>ergo</strong></span> <span class='ocrx_word' id='word_1_428' title='bbox 944 4756 1120 4818; x_wconf 89' lang='lat' dir='ltr'><strong>potest</strong></span> <span class='ocrx_word' id='word_1_429' title='bbox 1159 4763 1282 4804; x_wconf 88' lang='lat' dir='ltr'><strong>esse</strong></span> <span class='ocrx_word' id='word_1_430' title='bbox 1326 4749 1380 4804; x_wconf 91' lang='lat' dir='ltr'><strong>in</strong></span> <span class='ocrx_word' id='word_1_431' title='bbox 1431 4764 1528 4806; x_wconf 86' lang='lat' dir='ltr'><strong>ore</strong></span> <span class='ocrx_word' id='word_1_432' title='bbox 1573 4766 1759 4807; x_wconf 84' lang='lat' dir='ltr'><strong>eorum</strong></span> <span class='ocrx_word' id='word_1_433' title='bbox 1807 4752 2046 4818; x_wconf 82' lang='lat' dir='ltr'><strong>veritas,</strong></span> 
     </span>
    </p>
   </div>
   <div class='ocr_carea' id='block_1_50' title="bbox 452 4840 2059 4915">
    <p class='ocr_par' dir='ltr' id='par_1_50' title="bbox 452 4840 2059 4915">
     <span class='ocr_line' id='line_1_50' title="bbox 452 4840 2059 4915; baseline 0.004 -22"><span class='ocrx_word' id='word_1_434' title='bbox 452 4855 821 4911; x_wconf 71' lang='lat' dir='ltr'><strong>quat-uincor</strong></span> <span class='ocrx_word' id='word_1_435' title='bbox 867 4840 1069 4895; x_wconf 86' lang='lat' dir='ltr'><strong>fallitur</strong></span> <span class='ocrx_word' id='word_1_436' title='bbox 1106 4840 1176 4895; x_wconf 85' lang='lat' dir='ltr'><strong>de</strong></span> <span class='ocrx_word' id='word_1_437' title='bbox 1224 4850 1444 4911; x_wconf 71' lang='lat' dir='ltr'><strong>[taceatur</strong></span> <span class='ocrx_word' id='word_1_438' title='bbox 1488 4851 1546 4899; x_wconf 86' lang='lat' dir='ltr'><strong>et</strong></span> <span class='ocrx_word' id='word_1_439' title='bbox 1584 4859 1743 4915; x_wconf 68' lang='lat' dir='ltr'><strong>paena</strong></span> <span class='ocrx_word' id='word_1_440' title='bbox 1795 4841 2059 4915; x_wconf 69' lang='lat' dir='ltr'><strong>peccati?</strong></span> 
     </span>
    </p>
   </div>
   <div class='ocr_carea' id='block_1_51' title="bbox 452 4932 2048 5009">
    <p class='ocr_par' dir='ltr' id='par_1_51' title="bbox 452 4932 2048 5009">
     <span class='ocr_line' id='line_1_51' title="bbox 452 4932 2048 5009; baseline 0.003 -20"><span class='ocrx_word' id='word_1_441' title='bbox 452 4932 606 4989; x_wconf 86' lang='lat' dir='ltr'><strong>Unde</strong></span> <span class='ocrx_word' id='word_1_442' title='bbox 634 4942 953 4989; x_wconf 81' lang='lat' dir='ltr'><strong>revocantur</strong></span> <span class='ocrx_word' id='word_1_443' title='bbox 980 4932 1224 4987; x_wconf 85' lang='lat' dir='ltr'><strong>homines</strong></span> <span class='ocrx_word' id='word_1_444' title='bbox 1253 4934 1339 4988; x_wconf 86' lang='lat' dir='ltr'><strong>illa</strong></span> <span class='ocrx_word' id='word_1_445' title='bbox 1385 4948 1517 4991; x_wconf 85' lang='lat' dir='ltr'><strong>voce</strong></span> <span class='ocrx_word' id='word_1_446' title='bbox 1546 4954 1564 4991; x_wconf 91' lang='lat'><strong>:</strong></span> <span class='ocrx_word' id='word_1_447' title='bbox 1598 4933 1788 5007; x_wconf 84' lang='lat' dir='ltr'><strong>thuid</strong></span> <span class='ocrx_word' id='word_1_448' title='bbox 1836 4937 2048 5009; x_wconf 80' lang='lat' dir='ltr'><strong>diligitis</strong></span> 
     </span>
    </p>
   </div>
   <div class='ocr_carea' id='block_1_52' title="bbox 451 5025 1905 5101">
    <p class='ocr_par' dir='ltr' id='par_1_52' title="bbox 451 5025 1905 5101">
     <span class='ocr_line' id='line_1_52' title="bbox 451 5025 1905 5101; baseline 0.003 -21"><span class='ocrx_word' id='word_1_449' title='bbox 451 5027 754 5089; x_wconf 73' lang='lat' dir='ltr'><strong>vanitatem,</strong></span> <span class='ocrx_word' id='word_1_450' title='bbox 783 5036 830 5079; x_wconf 89' lang='lat' dir='ltr'><strong>et</strong></span> <span class='ocrx_word' id='word_1_451' title='bbox 854 5026 1080 5096; x_wconf 79' lang='lat' dir='ltr'><strong>qua&#39;ritis</strong></span> <span class='ocrx_word' id='word_1_452' title='bbox 1109 5026 1424 5081; x_wconf 77' lang='lat' dir='ltr'><strong>mendacium</strong></span> <span class='ocrx_word' id='word_1_453' title='bbox 1456 5025 1476 5099; x_wconf 91' lang='lat'>(</span> <span class='ocrx_word' id='word_1_454' title='bbox 1493 5026 1639 5083; x_wconf 83' lang='lat' dir='ltr'><strong>Psal.</strong></span> <span class='ocrx_word' id='word_1_455' title='bbox 1669 5044 1723 5085; x_wconf 80' lang='lat' dir='ltr'><strong>tv</strong></span> <span class='ocrx_word' id='word_1_456' title='bbox 1742 5071 1758 5095; x_wconf 93' lang='lat'><strong>,</strong></span> <span class='ocrx_word' id='word_1_457' title='bbox 1792 5029 1855 5101; x_wconf 77' lang='lat'><strong>3)</strong></span> <span class='ocrx_word' id='word_1_458' title='bbox 1879 5031 1905 5085; x_wconf 72' lang='grc' dir='ltr'>τ</span> 
     </span>
    </p>
   </div>
   <div class='ocr_carea' id='block_1_53' title="bbox 531 5112 2049 5191">
    <p class='ocr_par' dir='ltr' id='par_1_53' title="bbox 531 5112 2049 5191">
     <span class='ocr_line' id='line_1_53' title="bbox 531 5112 2049 5191; baseline 0.005 -21"><span class='ocrx_word' id='word_1_459' title='bbox 531 5116 614 5170; x_wconf 72' lang='lat' dir='ltr'><strong>l2.</strong></span> <span class='ocrx_word' id='word_1_460' title='bbox 656 5112 821 5187; x_wconf 82' lang='lat' dir='ltr'><strong>[oers.</strong></span> <span class='ocrx_word' id='word_1_461' title='bbox 873 5112 999 5189; x_wconf 84' lang='lat' dir='ltr'><strong>ll.]</strong></span> <span class='ocrx_word' id='word_1_462' title='bbox 1055 5115 1363 5187; x_wconf 86' lang='lat' dir='ltr'><strong>Sepulcrum</strong></span> <span class='ocrx_word' id='word_1_463' title='bbox 1402 5127 1579 5186; x_wconf 84' lang='lat' dir='ltr'><strong>patens</strong></span> <span class='ocrx_word' id='word_1_464' title='bbox 1628 5128 1703 5174; x_wconf 86' lang='lat' dir='ltr'><strong>est</strong></span> <span class='ocrx_word' id='word_1_465' title='bbox 1738 5130 1916 5191; x_wconf 80' lang='lat' dir='ltr'><strong>guttur</strong></span> <span class='ocrx_word' id='word_1_466' title='bbox 1958 5137 2049 5177; x_wconf 56' lang='lat' dir='ltr'><strong>eo.</strong></span> 
     </span>
    </p>
   </div>
   <div class='ocr_carea' id='block_1_54' title="bbox 456 5202 2043 5283">
    <p class='ocr_par' dir='ltr' id='par_1_54' title="bbox 456 5202 2043 5283">
     <span class='ocr_line' id='line_1_54' title="bbox 456 5202 2043 5283; baseline 0.008 -27"><span class='ocrx_word' id='word_1_467' title='bbox 456 5218 612 5259; x_wconf 87' lang='lat' dir='ltr'><strong>rum:</strong></span> <span class='ocrx_word' id='word_1_468' title='bbox 637 5202 707 5259; x_wconf 84' lang='lat' dir='ltr'><strong>ad</strong></span> <span class='ocrx_word' id='word_1_469' title='bbox 749 5207 1054 5262; x_wconf 86' lang='lat' dir='ltr'><strong>voracitatis</strong></span> <span class='ocrx_word' id='word_1_470' title='bbox 1106 5208 1547 5278; x_wconf 80' lang='lat' dir='ltr'><strong>significationem</strong></span> <span class='ocrx_word' id='word_1_471' title='bbox 1602 5210 1795 5267; x_wconf 85' lang='lat' dir='ltr'><strong>referri</strong></span> <span class='ocrx_word' id='word_1_472' title='bbox 1836 5220 2043 5283; x_wconf 86' lang='lat' dir='ltr'><strong>potest,</strong></span> 
     </span>
    </p>
   </div>
   <div class='ocr_carea' id='block_1_55' title="bbox 451 5299 2046 5369">
    <p class='ocr_par' dir='ltr' id='par_1_55' title="bbox 451 5299 2046 5369">
     <span class='ocr_line' id='line_1_55' title="bbox 451 5299 2046 5369; baseline 0.006 -16"><span class='ocrx_word' id='word_1_473' title='bbox 451 5307 673 5368; x_wconf 86' lang='lat' dir='ltr'><strong>propter</strong></span> <span class='ocrx_word' id='word_1_474' title='bbox 709 5314 867 5367; x_wconf 86' lang='lat' dir='ltr'><strong>quam</strong></span> <span class='ocrx_word' id='word_1_475' title='bbox 916 5300 1229 5369; x_wconf 86' lang='lat' dir='ltr'><strong>plerumque</strong></span> <span class='ocrx_word' id='word_1_476' title='bbox 1263 5299 1506 5358; x_wconf 87' lang='lat' dir='ltr'><strong>homines</strong></span> <span class='ocrx_word' id='word_1_477' title='bbox 1549 5303 1851 5361; x_wconf 78' lang='lat' dir='ltr'><strong>adulatione</strong></span> <span class='ocrx_word' id='word_1_478' title='bbox 1897 5323 2046 5362; x_wconf 80' lang='lat' dir='ltr'><strong>men-</strong></span> 
     </span>
    </p>
   </div>
   <div class='ocr_carea' id='block_1_56' title="bbox 454 5389 2044 5468">
    <p class='ocr_par' dir='ltr' id='par_1_56' title="bbox 454 5389 2044 5468">
     <span class='ocr_line' id='line_1_56' title="bbox 454 5389 2044 5468; baseline 0.006 -25"><span class='ocrx_word' id='word_1_479' title='bbox 454 5390 675 5445; x_wconf 86' lang='lat' dir='ltr'><strong>tiuntur.</strong></span> <span class='ocrx_word' id='word_1_480' title='bbox 706 5389 773 5442; x_wconf 86' lang='lat' dir='ltr'><strong>Et</strong></span> <span class='ocrx_word' id='word_1_481' title='bbox 796 5390 1109 5445; x_wconf 74' lang='lat' dir='ltr'><strong>mirabiliter</strong></span> <span class='ocrx_word' id='word_1_482' title='bbox 1132 5392 1263 5446; x_wconf 82' lang='lat' dir='ltr'><strong>dixit</strong></span> <span class='ocrx_word' id='word_1_483' title='bbox 1287 5434 1302 5456; x_wconf 90' lang='lat'><strong>,</strong></span> <span class='ocrx_word' id='word_1_484' title='bbox 1333 5402 1511 5461; x_wconf 83' lang='lat' dir='ltr'><strong>patens</strong></span> <span class='ocrx_word' id='word_1_485' title='bbox 1550 5394 1877 5465; x_wconf 74' lang='lat' dir='ltr'><strong>sepulcrum;</strong></span> <span class='ocrx_word' id='word_1_486' title='bbox 1906 5412 2044 5468; x_wconf 79' lang='lat' dir='ltr'><strong>quo—</strong></span> 
     </span>
    </p>
   </div>
   <div class='ocr_carea' id='block_1_57' title="bbox 456 5480 2041 5557">
    <p class='ocr_par' dir='ltr' id='par_1_57' title="bbox 456 5480 2041 5557">
     <span class='ocr_line' id='line_1_57' title="bbox 456 5480 2041 5557; baseline 0.008 -26"><span class='ocrx_word' id='word_1_487' title='bbox 456 5481 596 5532; x_wconf 88' lang='lat' dir='ltr'><strong>niam</strong></span> <span class='ocrx_word' id='word_1_488' title='bbox 625 5494 839 5548; x_wconf 87' lang='lat' dir='ltr'><strong>semper</strong></span> <span class='ocrx_word' id='word_1_489' title='bbox 876 5480 1045 5535; x_wconf 89' lang='lat' dir='ltr'><strong>inhiat</strong></span> <span class='ocrx_word' id='word_1_490' title='bbox 1080 5481 1167 5535; x_wconf 87' lang='lat' dir='ltr'><strong>illa</strong></span> <span class='ocrx_word' id='word_1_491' title='bbox 1214 5484 1513 5552; x_wconf 78' lang='lat' dir='ltr'><strong>voracitas,</strong></span> <span class='ocrx_word' id='word_1_492' title='bbox 1560 5501 1667 5540; x_wconf 86' lang='lat' dir='ltr'><strong>non</strong></span> <span class='ocrx_word' id='word_1_493' title='bbox 1698 5496 1755 5540; x_wconf 91' lang='lat' dir='ltr'><strong>ut</strong></span> <span class='ocrx_word' id='word_1_494' title='bbox 1798 5488 2041 5557; x_wconf 88' lang='lat' dir='ltr'><strong>sepulcra</strong></span> 
     </span>
    </p>
   </div>
   <div class='ocr_carea' id='block_1_58' title="bbox 454 5572 2041 5641">
    <p class='ocr_par' dir='ltr' id='par_1_58' title="bbox 454 5572 2041 5641">
     <span class='ocr_line' id='line_1_58' title="bbox 454 5572 2041 5641; baseline 0.009 -20"><span class='ocrx_word' id='word_1_495' title='bbox 454 5586 575 5639; x_wconf 74' lang='lat' dir='ltr'><strong>qna:</strong></span> <span class='ocrx_word' id='word_1_496' title='bbox 609 5572 839 5641; x_wconf 83' lang='lat' dir='ltr'><strong>receptis</strong></span> <span class='ocrx_word' id='word_1_497' title='bbox 867 5572 1215 5629; x_wconf 81' lang='lat' dir='ltr'><strong>cadaveribus</strong></span> <span class='ocrx_word' id='word_1_498' title='bbox 1242 5575 1574 5631; x_wconf 90' lang='lat' dir='ltr'><strong>muniuntur.</strong></span> <span class='ocrx_word' id='word_1_499' title='bbox 1617 5576 1799 5632; x_wconf 82' lang='lat' dir='ltr'><strong>Potest</strong></span> <span class='ocrx_word' id='word_1_500' title='bbox 1829 5588 1883 5634; x_wconf 90' lang='lat' dir='ltr'><strong>et</strong></span> <span class='ocrx_word' id='word_1_501' title='bbox 1912 5580 2041 5635; x_wconf 90' lang='lat' dir='ltr'><strong>illud</strong></span> 
     </span>
    </p>
   </div>
   <div class='ocr_carea' id='block_1_59' title="bbox 453 5663 2044 5734">
    <p class='ocr_par' dir='ltr' id='par_1_59' title="bbox 453 5663 2044 5734">
     <span class='ocr_line' id='line_1_59' title="bbox 453 5663 2044 5734; baseline 0.011 -20"><span class='ocrx_word' id='word_1_502' title='bbox 453 5663 710 5733; x_wconf 77' lang='lat' dir='ltr'><strong>intelligi,</strong></span> <span class='ocrx_word' id='word_1_503' title='bbox 754 5665 897 5734; x_wconf 87' lang='lat' dir='ltr'><strong>quod</strong></span> <span class='ocrx_word' id='word_1_504' title='bbox 935 5665 1214 5720; x_wconf 87' lang='lat' dir='ltr'><strong>mendacio</strong></span> <span class='ocrx_word' id='word_1_505' title='bbox 1260 5678 1315 5723; x_wconf 85' lang='lat' dir='ltr'><strong>et</strong></span> <span class='ocrx_word' id='word_1_506' title='bbox 1351 5669 1540 5728; x_wconf 84' lang='lat' dir='ltr'><strong>blanda</strong></span> <span class='ocrx_word' id='word_1_507' title='bbox 1585 5670 1891 5731; x_wconf 81' lang='lat' dir='ltr'><strong>adulatione</strong></span> <span class='ocrx_word' id='word_1_508' title='bbox 1936 5683 2044 5731; x_wconf 81' lang='lat' dir='ltr'><strong>tra-</strong></span> 
     </span>
    </p>
   </div>
   <div class='ocr_carea' id='block_1_60' title="bbox 515 5773 1234 5839">
    <p class='ocr_par' dir='ltr' id='par_1_60' title="bbox 515 5773 1234 5839">
     <span class='ocr_line' id='line_1_60' title="bbox 515 5773 1234 5839; baseline 0.003 -14"><span class='ocrx_word' id='word_1_509' title='bbox 515 5773 531 5801; x_wconf 85' lang='lat'><strong>&#39;</strong></span> <span class='ocrx_word' id='word_1_510' title='bbox 551 5774 854 5828; x_wconf 62' lang='lat' dir='ltr'><strong>Eatian&#39;eusis</strong></span> <span class='ocrx_word' id='word_1_511' title='bbox 873 5776 1048 5839; x_wconf 82' lang='lat' dir='ltr'><strong>codex,</strong></span> <span class='ocrx_word' id='word_1_512' title='bbox 1072 5776 1234 5830; x_wconf 74' lang='lat' dir='ltr'><strong>amici.</strong></span> 
     </span>
    </p>
   </div>
   <div class='ocr_carea' id='block_1_61' title="bbox 2133 463 3713 542">
    <p class='ocr_par' dir='ltr' id='par_1_61' title="bbox 2133 463 3713 542">
     <span class='ocr_line' id='line_1_61' title="bbox 2133 463 3713 542; baseline 0.006 -23"><span class='ocrx_word' id='word_1_513' title='bbox 2133 463 2266 519; x_wconf 86' lang='lat' dir='ltr'><strong>bunt</strong></span> <span class='ocrx_word' id='word_1_514' title='bbox 2301 464 2353 520; x_wconf 91' lang='lat' dir='ltr'><strong>in</strong></span> <span class='ocrx_word' id='word_1_515' title='bbox 2381 481 2439 520; x_wconf 84' lang='lat' dir='ltr'><strong>se</strong></span> <span class='ocrx_word' id='word_1_516' title='bbox 2467 479 2601 536; x_wconf 84' lang='lat' dir='ltr'><strong>quos</strong></span> <span class='ocrx_word' id='word_1_517' title='bbox 2622 464 2689 521; x_wconf 83' lang='lat' dir='ltr'><strong>sd</strong></span> <span class='ocrx_word' id='word_1_518' title='bbox 2721 475 2934 539; x_wconf 81' lang='lat' dir='ltr'><strong>peccata</strong></span> <span class='ocrx_word' id='word_1_519' title='bbox 2962 471 3228 535; x_wconf 85' lang='lat' dir='ltr'><strong>illectant,</strong></span> <span class='ocrx_word' id='word_1_520' title='bbox 3254 480 3311 527; x_wconf 89' lang='lat' dir='ltr'><strong>et</strong></span> <span class='ocrx_word' id='word_1_521' title='bbox 3335 485 3429 525; x_wconf 85' lang='lat' dir='ltr'><strong>eos</strong></span> <span class='ocrx_word' id='word_1_522' title='bbox 3460 481 3713 542; x_wconf 78' lang='lat' dir='ltr'><strong>tanquam</strong></span> 
     </span>
    </p>
   </div>
   <div class='ocr_carea' id='block_1_62' title="bbox 2130 558 3713 636">
    <p class='ocr_par' dir='ltr' id='par_1_62' title="bbox 2130 558 3713 636">
     <span class='ocr_line' id='line_1_62' title="bbox 2130 558 3713 636; baseline 0.004 -25"><span class='ocrx_word' id='word_1_523' title='bbox 2130 558 2385 612; x_wconf 82' lang='lat' dir='ltr'><strong>devorant</strong></span> <span class='ocrx_word' id='word_1_524' title='bbox 2408 574 2530 613; x_wconf 88' lang='lat' dir='ltr'><strong>eum</strong></span> <span class='ocrx_word' id='word_1_525' title='bbox 2568 560 2622 614; x_wconf 88' lang='lat' dir='ltr'><strong>in</strong></span> <span class='ocrx_word' id='word_1_526' title='bbox 2667 575 2818 617; x_wconf 85' lang='lat' dir='ltr'><strong>suam</strong></span> <span class='ocrx_word' id='word_1_527' title='bbox 2853 561 3015 617; x_wconf 83' lang='lat' dir='ltr'><strong>vitam</strong></span> <span class='ocrx_word' id='word_1_528' title='bbox 3040 571 3380 618; x_wconf 78' lang='lat' dir='ltr'><strong>convertunt.</strong></span> <span class='ocrx_word' id='word_1_529' title='bbox 3411 561 3565 631; x_wconf 87' lang='lat' dir='ltr'><strong>Quod</strong></span> <span class='ocrx_word' id='word_1_530' title='bbox 3588 566 3713 636; x_wconf 84' lang='lat' dir='ltr'><strong>qni-</strong></span> 
     </span>
    </p>
   </div>
   <div class='ocr_carea' id='block_1_63' title="bbox 2131 649 3713 724">
    <p class='ocr_par' dir='ltr' id='par_1_63' title="bbox 2131 649 3713 724">
     <span class='ocr_line' id='line_1_63' title="bbox 2131 649 3713 724; baseline 0.002 -18"><span class='ocrx_word' id='word_1_531' title='bbox 2131 649 2230 706; x_wconf 78' lang='lat' dir='ltr'><strong>l‘~us</strong></span> <span class='ocrx_word' id='word_1_532' title='bbox 2258 649 2515 720; x_wconf 85' lang='lat' dir='ltr'><strong>contingit</strong></span> <span class='ocrx_word' id='word_1_533' title='bbox 2538 651 2788 721; x_wconf 87' lang='lat' dir='ltr'><strong>quoniam</strong></span> <span class='ocrx_word' id='word_1_534' title='bbox 2814 660 3034 724; x_wconf 80' lang='lat' dir='ltr'><strong>peccato</strong></span> <span class='ocrx_word' id='word_1_535' title='bbox 3060 650 3361 709; x_wconf 81' lang='lat' dir='ltr'><strong>moriuntur</strong></span> <span class='ocrx_word' id='word_1_536' title='bbox 3387 656 3403 687; x_wconf 82' lang='lat'>&#39;</span> <span class='ocrx_word' id='word_1_537' title='bbox 3420 696 3435 718; x_wconf 91' lang='lat'><strong>,</strong></span> <span class='ocrx_word' id='word_1_538' title='bbox 3471 663 3616 711; x_wconf 88' lang='lat' dir='ltr'><strong>recte</strong></span> <span class='ocrx_word' id='word_1_539' title='bbox 3640 655 3713 710; x_wconf 90' lang='lat' dir='ltr'><strong>illi</strong></span> 
     </span>
    </p>
   </div>
   <div class='ocr_carea' id='block_1_64' title="bbox 2130 740 3713 816">
    <p class='ocr_par' dir='ltr' id='par_1_64' title="bbox 2130 740 3713 816">
     <span class='ocr_line' id='line_1_64' title="bbox 2130 740 3713 816; baseline 0.004 -23"><span class='ocrx_word' id='word_1_540' title='bbox 2130 754 2159 793; x_wconf 83' lang='lat' dir='ltr'><strong>s</strong></span> <span class='ocrx_word' id='word_1_541' title='bbox 2207 740 2398 810; x_wconf 84' lang='lat' dir='ltr'><strong>quibus</strong></span> <span class='ocrx_word' id='word_1_542' title='bbox 2435 740 2790 809; x_wconf 85' lang='lat' dir='ltr'><strong>inducuntur,</strong></span> <span class='ocrx_word' id='word_1_543' title='bbox 2829 742 3072 816; x_wconf 84' lang='lat' dir='ltr'><strong>sepulcra</strong></span> <span class='ocrx_word' id='word_1_544' title='bbox 3113 745 3343 816; x_wconf 81' lang='lat' dir='ltr'><strong>patentia</strong></span> <span class='ocrx_word' id='word_1_545' title='bbox 3381 744 3508 801; x_wconf 89' lang='lat' dir='ltr'><strong>dicti</strong></span> <span class='ocrx_word' id='word_1_546' title='bbox 3555 756 3713 811; x_wconf 85' lang='lat' dir='ltr'><strong>sunt;</strong></span> 
     </span>
    </p>
   </div>
   <div class='ocr_carea' id='block_1_65' title="bbox 2129 831 3715 903">
    <p class='ocr_par' dir='ltr' id='par_1_65' title="bbox 2129 831 3715 903">
     <span class='ocr_line' id='line_1_65' title="bbox 2129 831 3715 903; baseline 0.006 -20"><span class='ocrx_word' id='word_1_547' title='bbox 2129 831 2253 901; x_wconf 84' lang='lat' dir='ltr'><strong>quia</strong></span> <span class='ocrx_word' id='word_1_548' title='bbox 2283 841 2337 888; x_wconf 90' lang='lat' dir='ltr'><strong>et</strong></span> <span class='ocrx_word' id='word_1_549' title='bbox 2366 831 2464 901; x_wconf 84' lang='lat' dir='ltr'><strong>ipsi</strong></span> <span class='ocrx_word' id='word_1_550' title='bbox 2493 832 2885 903; x_wconf 85' lang='lat' dir='ltr'><strong>quodammodo</strong></span> <span class='ocrx_word' id='word_1_551' title='bbox 2923 836 3196 892; x_wconf 81' lang='lat' dir='ltr'><strong>exanimes</strong></span> <span class='ocrx_word' id='word_1_552' title='bbox 3223 847 3346 891; x_wconf 89' lang='lat' dir='ltr'><strong>sunt</strong></span> <span class='ocrx_word' id='word_1_553' title='bbox 3395 838 3558 892; x_wconf 85' lang='lat' dir='ltr'><strong>vitam</strong></span> <span class='ocrx_word' id='word_1_554' title='bbox 3603 852 3715 893; x_wconf 88' lang='lat' dir='ltr'><strong>non</strong></span> 
     </span>
    </p>
   </div>
   <div class='ocr_carea' id='block_1_66' title="bbox 2133 924 3717 1000">
    <p class='ocr_par' dir='ltr' id='par_1_66' title="bbox 2133 924 3717 1000">
     <span class='ocr_line' id='line_1_66' title="bbox 2133 924 3717 1000; baseline 0.003 -21"><span class='ocrx_word' id='word_1_555' title='bbox 2133 924 2379 979; x_wconf 84' lang='lat' dir='ltr'><strong>habendo</strong></span> <span class='ocrx_word' id='word_1_556' title='bbox 2417 925 2681 992; x_wconf 75' lang='lat' dir='ltr'><strong>veritatis,</strong></span> <span class='ocrx_word' id='word_1_557' title='bbox 2710 934 2765 981; x_wconf 89' lang='lat' dir='ltr'><strong>et</strong></span> <span class='ocrx_word' id='word_1_558' title='bbox 2808 936 3047 981; x_wconf 86' lang='lat' dir='ltr'><strong>mortuos</strong></span> <span class='ocrx_word' id='word_1_559' title='bbox 3089 926 3143 983; x_wconf 90' lang='lat' dir='ltr'><strong>in</strong></span> <span class='ocrx_word' id='word_1_560' title='bbox 3181 943 3241 984; x_wconf 90' lang='lat' dir='ltr'><strong>se</strong></span> <span class='ocrx_word' id='word_1_561' title='bbox 3280 929 3542 1000; x_wconf 86' lang='lat' dir='ltr'><strong>recipiunt</strong></span> <span class='ocrx_word' id='word_1_562' title='bbox 3578 943 3717 1000; x_wconf 78' lang='lat' dir='ltr'><strong>quos</strong></span> 
     </span>
    </p>
   </div>
   <div class='ocr_carea' id='block_1_67' title="bbox 2134 1014 3719 1092">
    <p class='ocr_par' dir='ltr' id='par_1_67' title="bbox 2134 1014 3719 1092">
     <span class='ocr_line' id='line_1_67' title="bbox 2134 1014 3719 1092; baseline 0.009 -26"><span class='ocrx_word' id='word_1_563' title='bbox 2134 1015 2312 1069; x_wconf 78' lang='lat' dir='ltr'><strong>verbis</strong></span> <span class='ocrx_word' id='word_1_564' title='bbox 2340 1014 2685 1072; x_wconf 83' lang='lat' dir='ltr'><strong>mendacibus</strong></span> <span class='ocrx_word' id='word_1_565' title='bbox 2719 1028 2774 1092; x_wconf 83' lang='lat' dir='ltr'><strong>et</strong></span> <span class='ocrx_word' id='word_1_566' title='bbox 2811 1034 2947 1074; x_wconf 74' lang='lat' dir='ltr'><strong>vana</strong></span> <span class='ocrx_word' id='word_1_567' title='bbox 2980 1020 3142 1076; x_wconf 88' lang='lat' dir='ltr'><strong>corde</strong></span> <span class='ocrx_word' id='word_1_568' title='bbox 3171 1021 3518 1091; x_wconf 84' lang='lat' dir='ltr'><strong>interemptos</strong></span> <span class='ocrx_word' id='word_1_569' title='bbox 3556 1023 3611 1079; x_wconf 92' lang='lat' dir='ltr'><strong>in</strong></span> <span class='ocrx_word' id='word_1_570' title='bbox 3656 1039 3719 1080; x_wconf 83' lang='lat' dir='ltr'><strong>se</strong></span> 
     </span>
    </p>
   </div>
   <div class='ocr_carea' id='block_1_68' title="bbox 2132 1106 3720 1185">
    <p class='ocr_par' dir='ltr' id='par_1_68' title="bbox 2132 1106 3720 1185">
     <span class='ocr_line' id='line_1_68' title="bbox 2132 1106 3720 1185; baseline 0.007 -27"><span class='ocrx_word' id='word_1_571' title='bbox 2132 1116 2471 1163; x_wconf 86' lang='lat' dir='ltr'><strong>convertunt.</strong></span> <span class='ocrx_word' id='word_1_572' title='bbox 2501 1106 2713 1180; x_wconf 84' lang='lat' dir='ltr'><strong>Linguis</strong></span> <span class='ocrx_word' id='word_1_573' title='bbox 2734 1111 2839 1164; x_wconf 84' lang='lat' dir='ltr'><strong>suis</strong></span> <span class='ocrx_word' id='word_1_574' title='bbox 2864 1109 3040 1166; x_wconf 80' lang='lat' dir='ltr'><strong>dolose</strong></span> <span class='ocrx_word' id='word_1_575' title='bbox 3064 1111 3310 1183; x_wconf 75' lang='lat' dir='ltr'><strong>agebant,</strong></span> <span class='ocrx_word' id='word_1_576' title='bbox 3337 1112 3390 1167; x_wconf 84' lang='lat' dir='ltr'><strong>id</strong></span> <span class='ocrx_word' id='word_1_577' title='bbox 3416 1124 3499 1169; x_wconf 87' lang='lat' dir='ltr'><strong>est</strong></span> <span class='ocrx_word' id='word_1_578' title='bbox 3523 1113 3720 1185; x_wconf 78' lang='lat' dir='ltr'><strong>linguis</strong></span> 
     </span>
    </p>
   </div>
   <div class='ocr_carea' id='block_1_69' title="bbox 2134 1200 3717 1274">
    <p class='ocr_par' dir='ltr' id='par_1_69' title="bbox 2134 1200 3717 1274">
     <span class='ocr_line' id='line_1_69' title="bbox 2134 1200 3717 1274; baseline 0.006 -21"><span class='ocrx_word' id='word_1_579' title='bbox 2134 1200 2327 1253; x_wconf 88' lang='lat' dir='ltr'><strong>malis:</strong></span> <span class='ocrx_word' id='word_1_580' title='bbox 2354 1214 2476 1254; x_wconf 88' lang='lat' dir='ltr'><strong>nam</strong></span> <span class='ocrx_word' id='word_1_581' title='bbox 2504 1200 2606 1255; x_wconf 89' lang='lat' dir='ltr'><strong>hoc</strong></span> <span class='ocrx_word' id='word_1_582' title='bbox 2634 1201 2841 1256; x_wconf 85' lang='lat' dir='ltr'><strong>videtur</strong></span> <span class='ocrx_word' id='word_1_583' title='bbox 2866 1202 3201 1274; x_wconf 75' lang='lat' dir='ltr'><strong>significare,</strong></span> <span class='ocrx_word' id='word_1_584' title='bbox 3244 1221 3365 1260; x_wconf 90' lang='lat' dir='ltr'><strong>cum</strong></span> <span class='ocrx_word' id='word_1_585' title='bbox 3408 1204 3536 1262; x_wconf 89' lang='lat' dir='ltr'><strong>dicit</strong></span> <span class='ocrx_word' id='word_1_586' title='bbox 3573 1209 3717 1272; x_wconf 83' lang='lat' dir='ltr'><strong>suis,</strong></span> 
     </span>
    </p>
   </div>
   <div class='ocr_carea' id='block_1_70' title="bbox 2134 1291 3721 1368">
    <p class='ocr_par' dir='ltr' id='par_1_70' title="bbox 2134 1291 3721 1368">
     <span class='ocr_line' id='line_1_70' title="bbox 2134 1291 3721 1368; baseline 0.004 -23"><span class='ocrx_word' id='word_1_587' title='bbox 2134 1291 2257 1345; x_wconf 87' lang='lat' dir='ltr'><strong>mali</strong></span> <span class='ocrx_word' id='word_1_588' title='bbox 2283 1291 2425 1346; x_wconf 86' lang='lat' dir='ltr'><strong>enim</strong></span> <span class='ocrx_word' id='word_1_589' title='bbox 2448 1292 2613 1346; x_wconf 85' lang='lat' dir='ltr'><strong>malas</strong></span> <span class='ocrx_word' id='word_1_590' title='bbox 2640 1292 2836 1348; x_wconf 83' lang='lat' dir='ltr'><strong>habent</strong></span> <span class='ocrx_word' id='word_1_591' title='bbox 2856 1293 3079 1364; x_wconf 75' lang='lat' dir='ltr'><strong>linguas;</strong></span> <span class='ocrx_word' id='word_1_592' title='bbox 3113 1293 3164 1349; x_wconf 87' lang='lat' dir='ltr'><strong>id</strong></span> <span class='ocrx_word' id='word_1_593' title='bbox 3194 1304 3297 1361; x_wconf 87' lang='lat' dir='ltr'><strong>est,</strong></span> <span class='ocrx_word' id='word_1_594' title='bbox 3329 1296 3466 1352; x_wconf 85' lang='lat' dir='ltr'><strong>mala</strong></span> <span class='ocrx_word' id='word_1_595' title='bbox 3492 1295 3721 1368; x_wconf 57' lang='lat' dir='ltr'><strong>loquuno</strong></span> 
     </span>
    </p>
   </div>
   <div class='ocr_carea' id='block_1_71' title="bbox 2135 1383 3720 1456">
    <p class='ocr_par' dir='ltr' id='par_1_71' title="bbox 2135 1383 3720 1456">
     <span class='ocr_line' id='line_1_71' title="bbox 2135 1383 3720 1456; baseline 0.004 -21"><span class='ocrx_word' id='word_1_596' title='bbox 2135 1391 2253 1448; x_wconf 86' lang='lat' dir='ltr'><strong>tur,</strong></span> <span class='ocrx_word' id='word_1_597' title='bbox 2286 1397 2406 1437; x_wconf 91' lang='lat' dir='ltr'><strong>cum</strong></span> <span class='ocrx_word' id='word_1_598' title='bbox 2442 1383 2730 1453; x_wconf 89' lang='lat' dir='ltr'><strong>loquuntur</strong></span> <span class='ocrx_word' id='word_1_599' title='bbox 2761 1384 2965 1440; x_wconf 83' lang='lat' dir='ltr'><strong>dolum.</strong></span> <span class='ocrx_word' id='word_1_600' title='bbox 3009 1386 3213 1456; x_wconf 84' lang='lat' dir='ltr'><strong>Quibus</strong></span> <span class='ocrx_word' id='word_1_601' title='bbox 3260 1387 3515 1444; x_wconf 83' lang='lat' dir='ltr'><strong>Dominus</strong></span> <span class='ocrx_word' id='word_1_602' title='bbox 3548 1388 3720 1444; x_wconf 88' lang='lat' dir='ltr'><strong>dicit:</strong></span> 
     </span>
    </p>
   </div>
   <div class='ocr_carea' id='block_1_72' title="bbox 2137 1472 3719 1554">
    <p class='ocr_par' dir='ltr' id='par_1_72' title="bbox 2137 1472 3719 1554">
     <span class='ocr_line' id='line_1_72' title="bbox 2137 1472 3719 1554; baseline 0.006 -29"><span class='ocrx_word' id='word_1_603' title='bbox 2137 1472 2401 1541; x_wconf 81' lang='lat' dir='ltr'><strong>Quomodo</strong></span> <span class='ocrx_word' id='word_1_604' title='bbox 2440 1476 2645 1545; x_wconf 80' lang='lat' dir='ltr'><strong>potestis</strong></span> <span class='ocrx_word' id='word_1_605' title='bbox 2669 1475 2800 1530; x_wconf 79' lang='lat' dir='ltr'><strong>bona</strong></span> <span class='ocrx_word' id='word_1_606' title='bbox 2841 1477 2981 1549; x_wconf 83' lang='lat' dir='ltr'><strong>loqui</strong></span> <span class='ocrx_word' id='word_1_607' title='bbox 2998 1518 3013 1545; x_wconf 92' lang='lat'><strong>,</strong></span> <span class='ocrx_word' id='word_1_608' title='bbox 3044 1494 3159 1533; x_wconf 84' lang='lat' dir='ltr'><strong>cum</strong></span> <span class='ocrx_word' id='word_1_609' title='bbox 3192 1480 3303 1536; x_wconf 80' lang='lat' dir='ltr'><strong>sitis</strong></span> <span class='ocrx_word' id='word_1_610' title='bbox 3345 1482 3467 1536; x_wconf 76' lang='lat' dir='ltr'><strong>ntali</strong></span> <span class='ocrx_word' id='word_1_611' title='bbox 3490 1481 3511 1554; x_wconf 94' lang='lat'><strong>(</strong></span> <span class='ocrx_word' id='word_1_612' title='bbox 3531 1482 3719 1535; x_wconf 73' lang='lat' dir='ltr'><strong>Matth.</strong></span> 
     </span>
    </p>
   </div>
   <div class='ocr_carea' id='block_1_73' title="bbox 2136 1562 3635 1635">
    <p class='ocr_par' dir='ltr' id='par_1_73' title="bbox 2136 1562 3635 1635">
     <span class='ocr_line' id='line_1_73' title="bbox 2136 1562 3635 1635; baseline 0.005 -19"><span class='ocrx_word' id='word_1_613' title='bbox 2136 1562 2369 1635; x_wconf 66' lang='lat' dir='ltr'><strong>xu,35)</strong></span> <span class='ocrx_word' id='word_1_614' title='bbox 2403 1572 2427 1621; x_wconf 78' lang='lat'><strong>1&#39;</strong></span> <span class='ocrx_word' id='word_1_615' title='bbox 3633 1633 3635 1635; x_wconf 20' lang='grc' dir='ltr'><strong><em>ι</em></strong></span> 
     </span>
    </p>
   </div>
   <div class='ocr_carea' id='block_1_74' title="bbox 2207 1653 3726 1734">
    <p class='ocr_par' dir='ltr' id='par_1_74' title="bbox 2207 1653 3726 1734">
     <span class='ocr_line' id='line_1_74' title="bbox 2207 1653 3726 1734; baseline 0.007 -26"><span class='ocrx_word' id='word_1_616' title='bbox 2207 1654 2295 1708; x_wconf 77' lang='grc'><strong>15.</strong></span> <span class='ocrx_word' id='word_1_617' title='bbox 2333 1653 2525 1709; x_wconf 82' lang='lat' dir='ltr'><strong>Judica</strong></span> <span class='ocrx_word' id='word_1_618' title='bbox 2564 1654 2680 1711; x_wconf 87' lang='lat' dir='ltr'><strong>illos</strong></span> <span class='ocrx_word' id='word_1_619' title='bbox 2699 1697 2717 1722; x_wconf 94' lang='lat'><strong>,</strong></span> <span class='ocrx_word' id='word_1_620' title='bbox 2757 1654 2895 1712; x_wconf 84' lang='lat' dir='ltr'><strong>Deus</strong></span> <span class='ocrx_word' id='word_1_621' title='bbox 2927 1672 2948 1714; x_wconf 92' lang='lat'><strong><em>:</em></strong></span> <span class='ocrx_word' id='word_1_622' title='bbox 2984 1656 3218 1713; x_wconf 87' lang='lat' dir='ltr'><strong>decidant</strong></span> <span class='ocrx_word' id='word_1_623' title='bbox 3259 1676 3294 1713; x_wconf 79' lang='grc' dir='ltr'><em>α</em></span> <span class='ocrx_word' id='word_1_624' title='bbox 3332 1661 3726 1734; x_wconf 77' lang='lat' dir='ltr'><strong>cogitationibus</strong></span> 
     </span>
    </p>
   </div>
   <div class='ocr_carea' id='block_1_75' title="bbox 2136 1742 3727 1822">
    <p class='ocr_par' dir='ltr' id='par_1_75' title="bbox 2136 1742 3727 1822">
     <span class='ocr_line' id='line_1_75' title="bbox 2136 1742 3727 1822; baseline 0.007 -26"><span class='ocrx_word' id='word_1_625' title='bbox 2136 1744 2261 1797; x_wconf 83' lang='lat' dir='ltr'><strong>suis.</strong></span> <span class='ocrx_word' id='word_1_626' title='bbox 2308 1742 2591 1812; x_wconf 83' lang='lat' dir='ltr'><strong>Propbelia</strong></span> <span class='ocrx_word' id='word_1_627' title='bbox 2622 1755 2734 1812; x_wconf 79' lang='lat' dir='ltr'><strong>est,</strong></span> <span class='ocrx_word' id='word_1_628' title='bbox 2766 1762 2869 1801; x_wconf 92' lang='lat' dir='ltr'><strong>non</strong></span> <span class='ocrx_word' id='word_1_629' title='bbox 2901 1747 3203 1803; x_wconf 88' lang='lat' dir='ltr'><strong>maledictio</strong></span> <span class='ocrx_word' id='word_1_630' title='bbox 3230 1766 3245 1803; x_wconf 90' lang='lat'><strong>:</strong></span> <span class='ocrx_word' id='word_1_631' title='bbox 3274 1767 3379 1805; x_wconf 91' lang='lat' dir='ltr'><strong>non</strong></span> <span class='ocrx_word' id='word_1_632' title='bbox 3405 1750 3546 1806; x_wconf 88' lang='lat' dir='ltr'><strong>enim</strong></span> <span class='ocrx_word' id='word_1_633' title='bbox 3572 1763 3727 1822; x_wconf 72' lang='lat' dir='ltr'><strong>ch-tt</strong></span> 
     </span>
    </p>
   </div>
   <div class='ocr_carea' id='block_1_76' title="bbox 2137 1833 3728 1909">
    <p class='ocr_par' dir='ltr' id='par_1_76' title="bbox 2137 1833 3728 1909">
     <span class='ocr_line' id='line_1_76' title="bbox 2137 1833 3728 1909; baseline 0.006 -21"><span class='ocrx_word' id='word_1_634' title='bbox 2137 1843 2198 1888; x_wconf 87' lang='lat' dir='ltr'><strong>ut</strong></span> <span class='ocrx_word' id='word_1_635' title='bbox 2233 1833 2473 1902; x_wconf 81' lang='lat' dir='ltr'><strong>eveniat,</strong></span> <span class='ocrx_word' id='word_1_636' title='bbox 2503 1836 2597 1891; x_wconf 88' lang='lat' dir='ltr'><strong>sed</strong></span> <span class='ocrx_word' id='word_1_637' title='bbox 2642 1836 2814 1892; x_wconf 86' lang='lat' dir='ltr'><strong>cernit</strong></span> <span class='ocrx_word' id='word_1_638' title='bbox 2840 1837 3303 1906; x_wconf 78' lang='lat' dir='ltr'><strong>quideventurum</strong></span> <span class='ocrx_word' id='word_1_639' title='bbox 3332 1840 3435 1897; x_wconf 88' lang='lat' dir='ltr'><strong>sit:</strong></span> <span class='ocrx_word' id='word_1_640' title='bbox 3463 1841 3728 1909; x_wconf 68' lang='lat' dir='ltr'><strong>contingit</strong></span> 
     </span>
    </p>
   </div>
   <div class='ocr_carea' id='block_1_77' title="bbox 2138 1925 3727 2001">
    <p class='ocr_par' dir='ltr' id='par_1_77' title="bbox 2138 1925 3727 2001">
     <span class='ocr_line' id='line_1_77' title="bbox 2138 1925 3727 2001; baseline 0.005 -22"><span class='ocrx_word' id='word_1_641' title='bbox 2138 1938 2366 1994; x_wconf 86' lang='lat' dir='ltr'><strong>namque</strong></span> <span class='ocrx_word' id='word_1_642' title='bbox 2390 1925 2514 1991; x_wconf 89' lang='lat' dir='ltr'><strong>illis,</strong></span> <span class='ocrx_word' id='word_1_643' title='bbox 2544 1942 2647 1979; x_wconf 89' lang='lat' dir='ltr'><strong>non</strong></span> <span class='ocrx_word' id='word_1_644' title='bbox 2674 1926 2795 1997; x_wconf 87' lang='lat' dir='ltr'><strong>quia</strong></span> <span class='ocrx_word' id='word_1_645' title='bbox 2819 1926 3025 1982; x_wconf 80' lang='lat' dir='ltr'><strong>videtur</strong></span> <span class='ocrx_word' id='word_1_646' title='bbox 3050 1938 3264 1998; x_wconf 77' lang='lat' dir='ltr'><strong>aptasse</strong></span> <span class='ocrx_word' id='word_1_647' title='bbox 3280 1967 3298 1994; x_wconf 89' lang='lat'><strong>,</strong></span> <span class='ocrx_word' id='word_1_648' title='bbox 3326 1929 3421 1984; x_wconf 73' lang='lat' dir='ltr'><strong>sed</strong></span> <span class='ocrx_word' id='word_1_649' title='bbox 3445 1929 3566 2001; x_wconf 86' lang='lat' dir='ltr'><strong>quia</strong></span> <span class='ocrx_word' id='word_1_650' title='bbox 3589 1932 3727 1987; x_wconf 79' lang='lat' dir='ltr'><strong>tales</strong></span> 
     </span>
    </p>
   </div>
   <div class='ocr_carea' id='block_1_78' title="bbox 2138 2014 3729 2090">
    <p class='ocr_par' dir='ltr' id='par_1_78' title="bbox 2138 2014 3729 2090">
     <span class='ocr_line' id='line_1_78' title="bbox 2138 2014 3729 2090; baseline 0.005 -23"><span class='ocrx_word' id='word_1_651' title='bbox 2138 2024 2261 2069; x_wconf 84' lang='lat' dir='ltr'><strong>sunt</strong></span> <span class='ocrx_word' id='word_1_652' title='bbox 2277 2024 2331 2068; x_wconf 89' lang='lat' dir='ltr'><strong>ut</strong></span> <span class='ocrx_word' id='word_1_653' title='bbox 2354 2016 2542 2069; x_wconf 88' lang='lat' dir='ltr'><strong>merito</strong></span> <span class='ocrx_word' id='word_1_654' title='bbox 2564 2018 2851 2087; x_wconf 85' lang='lat' dir='ltr'><strong>ccutingat.</strong></span> <span class='ocrx_word' id='word_1_655' title='bbox 2866 2014 2956 2072; x_wconf 87' lang='lat' dir='ltr'><strong>Sic</strong></span> <span class='ocrx_word' id='word_1_656' title='bbox 2970 2018 3112 2073; x_wconf 88' lang='lat' dir='ltr'><strong>enim</strong></span> <span class='ocrx_word' id='word_1_657' title='bbox 3133 2030 3187 2073; x_wconf 86' lang='lat' dir='ltr'><strong>et</strong></span> <span class='ocrx_word' id='word_1_658' title='bbox 3206 2018 3346 2089; x_wconf 87' lang='lat' dir='ltr'><strong>quod</strong></span> <span class='ocrx_word' id='word_1_659' title='bbox 3372 2033 3551 2090; x_wconf 78' lang='lat' dir='ltr'><strong>postea</strong></span> <span class='ocrx_word' id='word_1_660' title='bbox 3567 2021 3729 2088; x_wconf 83' lang='lat' dir='ltr'><strong>dicit,</strong></span> 
     </span>
    </p>
   </div>
   <div class='ocr_carea' id='block_1_79' title="bbox 2138 2103 3728 2182">
    <p class='ocr_par' dir='ltr' id='par_1_79' title="bbox 2138 2103 3728 2182">
     <span class='ocr_line' id='line_1_79' title="bbox 2138 2103 3728 2182; baseline 0.006 -25"><span class='ocrx_word' id='word_1_661' title='bbox 2138 2103 2397 2159; x_wconf 72' lang='lat' dir='ltr'><strong>Ltetentur</strong></span> <span class='ocrx_word' id='word_1_662' title='bbox 2446 2123 2617 2160; x_wconf 84' lang='lat' dir='ltr'><strong>omnes</strong></span> <span class='ocrx_word' id='word_1_663' title='bbox 2681 2106 2770 2178; x_wconf 84' lang='lat' dir='ltr'><strong>qui</strong></span> <span class='ocrx_word' id='word_1_664' title='bbox 2815 2117 3023 2177; x_wconf 79' lang='lat' dir='ltr'><strong>sperant</strong></span> <span class='ocrx_word' id='word_1_665' title='bbox 3050 2108 3105 2162; x_wconf 84' lang='lat' dir='ltr'><strong>in</strong></span> <span class='ocrx_word' id='word_1_666' title='bbox 3143 2118 3216 2174; x_wconf 90' lang='lat' dir='ltr'><strong>te,</strong></span> <span class='ocrx_word' id='word_1_667' title='bbox 3252 2125 3347 2177; x_wconf 86' lang='lat' dir='ltr'><strong>per</strong></span> <span class='ocrx_word' id='word_1_668' title='bbox 3386 2110 3728 2182; x_wconf 86' lang='lat' dir='ltr'><strong>prophetiam</strong></span> 
     </span>
    </p>
   </div>
   <div class='ocr_carea' id='block_1_80' title="bbox 2138 2197 3729 2273">
    <p class='ocr_par' dir='ltr' id='par_1_80' title="bbox 2138 2197 3729 2273">
     <span class='ocr_line' id='line_1_80' title="bbox 2138 2197 3729 2273; baseline 0.004 -23"><span class='ocrx_word' id='word_1_669' title='bbox 2138 2197 2299 2259; x_wconf 85' lang='lat' dir='ltr'><strong>dicit;</strong></span> <span class='ocrx_word' id='word_1_670' title='bbox 2322 2200 2572 2267; x_wconf 87' lang='lat' dir='ltr'><strong>quoniam</strong></span> <span class='ocrx_word' id='word_1_671' title='bbox 2595 2199 2770 2255; x_wconf 87' lang='lat' dir='ltr'><strong>cernit</strong></span> <span class='ocrx_word' id='word_1_672' title='bbox 2792 2215 2916 2255; x_wconf 86' lang='lat' dir='ltr'><strong>esse</strong></span> <span class='ocrx_word' id='word_1_673' title='bbox 2941 2200 3231 2256; x_wconf 59' lang='lat' dir='ltr'><strong>laetaturas.</strong></span> <span class='ocrx_word' id='word_1_674' title='bbox 3256 2200 3346 2258; x_wconf 89' lang='lat' dir='ltr'><strong>Sic</strong></span> <span class='ocrx_word' id='word_1_675' title='bbox 3368 2218 3463 2272; x_wconf 90' lang='lat' dir='ltr'><strong>per</strong></span> <span class='ocrx_word' id='word_1_676' title='bbox 3489 2202 3729 2273; x_wconf 85' lang='lat' dir='ltr'><strong>prophe-</strong></span> 
     </span>
    </p>
   </div>
   <div class='ocr_carea' id='block_1_81' title="bbox 2139 2289 3725 2364">
    <p class='ocr_par' dir='ltr' id='par_1_81' title="bbox 2139 2289 3725 2364">
     <span class='ocr_line' id='line_1_81' title="bbox 2139 2289 3725 2364; baseline 0.003 -21"><span class='ocrx_word' id='word_1_677' title='bbox 2139 2290 2265 2343; x_wconf 83' lang='lat' dir='ltr'><strong>tiam</strong></span> <span class='ocrx_word' id='word_1_678' title='bbox 2297 2289 2493 2344; x_wconf 89' lang='lat' dir='ltr'><strong>dictum</strong></span> <span class='ocrx_word' id='word_1_679' title='bbox 2524 2300 2637 2354; x_wconf 90' lang='lat' dir='ltr'><strong>est,</strong></span> <span class='ocrx_word' id='word_1_680' title='bbox 2664 2290 2844 2345; x_wconf 77' lang='lat' dir='ltr'><strong>Excita</strong></span> <span class='ocrx_word' id='word_1_681' title='bbox 2869 2293 3139 2361; x_wconf 81' lang='lat' dir='ltr'><strong>potentiam</strong></span> <span class='ocrx_word' id='word_1_682' title='bbox 3177 2300 3314 2347; x_wconf 80' lang='lat' dir='ltr'><strong>luant</strong></span> <span class='ocrx_word' id='word_1_683' title='bbox 3338 2304 3384 2347; x_wconf 91' lang='lat' dir='ltr'><strong>et</strong></span> <span class='ocrx_word' id='word_1_684' title='bbox 3410 2293 3519 2347; x_wconf 81' lang='lat' dir='ltr'><strong>veni</strong></span> <span class='ocrx_word' id='word_1_685' title='bbox 3545 2290 3725 2364; x_wconf 87' lang='lat' dir='ltr'><strong>(Psat.</strong></span> 
     </span>
    </p>
   </div>
   <div class='ocr_carea' id='block_1_82' title="bbox 2141 2381 3731 2453">
    <p class='ocr_par' dir='ltr' id='par_1_82' title="bbox 2141 2381 3731 2453">
     <span class='ocr_line' id='line_1_82' title="bbox 2141 2381 3731 2453; baseline 0.002 -18"><span class='ocrx_word' id='word_1_686' title='bbox 2141 2396 2328 2440; x_wconf 74' lang='lat' dir='ltr'><strong>Lxxu.</strong></span> <span class='ocrx_word' id='word_1_687' title='bbox 2356 2381 2449 2453; x_wconf 81' lang='lat'><strong>5);</strong></span> <span class='ocrx_word' id='word_1_688' title='bbox 2492 2383 2739 2451; x_wconf 88' lang='lat' dir='ltr'><strong>quoniam</strong></span> <span class='ocrx_word' id='word_1_689' title='bbox 2769 2381 2982 2438; x_wconf 82' lang='lat' dir='ltr'><strong>videbat</strong></span> <span class='ocrx_word' id='word_1_690' title='bbox 3026 2398 3147 2439; x_wconf 85' lang='lat' dir='ltr'><strong>esse</strong></span> <span class='ocrx_word' id='word_1_691' title='bbox 3192 2393 3493 2438; x_wconf 88' lang='lat' dir='ltr'><strong>venturum.</strong></span> <span class='ocrx_word' id='word_1_692' title='bbox 3543 2384 3731 2452; x_wconf 83' lang='lat' dir='ltr'><strong>Quan-</strong></span> 
     </span>
    </p>
   </div>
   <div class='ocr_carea' id='block_1_83' title="bbox 2139 2471 3728 2545">
    <p class='ocr_par' dir='ltr' id='par_1_83' title="bbox 2139 2471 3728 2545">
     <span class='ocr_line' id='line_1_83' title="bbox 2139 2471 3728 2545; baseline 0.001 -19"><span class='ocrx_word' id='word_1_693' title='bbox 2139 2487 2297 2542; x_wconf 84' lang='lat' dir='ltr'><strong>quam</strong></span> <span class='ocrx_word' id='word_1_694' title='bbox 2321 2471 2481 2541; x_wconf 87' lang='lat' dir='ltr'><strong>possit</strong></span> <span class='ocrx_word' id='word_1_695' title='bbox 2511 2472 2669 2527; x_wconf 86' lang='lat' dir='ltr'><strong>etiam</strong></span> <span class='ocrx_word' id='word_1_696' title='bbox 2700 2472 2805 2527; x_wconf 88' lang='lat' dir='ltr'><strong>hoc</strong></span> <span class='ocrx_word' id='word_1_697' title='bbox 2832 2471 2993 2528; x_wconf 88' lang='lat' dir='ltr'><strong>modo</strong></span> <span class='ocrx_word' id='word_1_698' title='bbox 3016 2472 3181 2543; x_wconf 89' lang='lat' dir='ltr'><strong>accipi</strong></span> <span class='ocrx_word' id='word_1_699' title='bbox 3209 2472 3349 2545; x_wconf 90' lang='lat' dir='ltr'><strong>quod</strong></span> <span class='ocrx_word' id='word_1_700' title='bbox 3380 2474 3577 2529; x_wconf 89' lang='lat' dir='ltr'><strong>dictum</strong></span> <span class='ocrx_word' id='word_1_701' title='bbox 3604 2487 3684 2531; x_wconf 74' lang='grc' dir='ltr'><strong>εει</strong></span> <span class='ocrx_word' id='word_1_702' title='bbox 3708 2514 3728 2540; x_wconf 89' lang='lat'><strong>,</strong></span> 
     </span>
    </p>
   </div>
   <div class='ocr_carea' id='block_1_84' title="bbox 2139 2560 3733 2633">
    <p class='ocr_par' dir='ltr' id='par_1_84' title="bbox 2139 2560 3733 2633">
     <span class='ocr_line' id='line_1_84' title="bbox 2139 2560 3733 2633; baseline 0.004 -20"><span class='ocrx_word' id='word_1_703' title='bbox 2139 2560 2373 2614; x_wconf 85' lang='lat' dir='ltr'><strong>decidant</strong></span> <span class='ocrx_word' id='word_1_704' title='bbox 2398 2578 2430 2613; x_wconf 87' lang='lat' dir='ltr'><strong>a</strong></span> <span class='ocrx_word' id='word_1_705' title='bbox 2457 2561 2839 2631; x_wconf 81' lang='lat' dir='ltr'><strong>cogitationibus</strong></span> <span class='ocrx_word' id='word_1_706' title='bbox 2883 2563 2990 2616; x_wconf 71' lang='lat' dir='ltr'><strong>suis</strong></span> <span class='ocrx_word' id='word_1_707' title='bbox 3011 2604 3027 2629; x_wconf 94' lang='lat'><strong>,</strong></span> <span class='ocrx_word' id='word_1_708' title='bbox 3061 2571 3118 2617; x_wconf 90' lang='lat' dir='ltr'><strong>ut</strong></span> <span class='ocrx_word' id='word_1_709' title='bbox 3167 2566 3333 2633; x_wconf 84' lang='lat' dir='ltr'><strong>magis</strong></span> <span class='ocrx_word' id='word_1_710' title='bbox 3370 2564 3505 2619; x_wconf 87' lang='lat' dir='ltr'><strong>bene</strong></span> <span class='ocrx_word' id='word_1_711' title='bbox 3540 2564 3611 2618; x_wconf 87' lang='lat' dir='ltr'><strong>ab</strong></span> <span class='ocrx_word' id='word_1_712' title='bbox 3658 2579 3733 2619; x_wconf 86' lang='lat' dir='ltr'><strong>eo</strong></span> 
     </span>
    </p>
   </div>
   <div class='ocr_carea' id='block_1_85' title="bbox 2138 2651 3732 2723">
    <p class='ocr_par' dir='ltr' id='par_1_85' title="bbox 2138 2651 3732 2723">
     <span class='ocr_line' id='line_1_85' title="bbox 2138 2651 3732 2723; baseline 0.002 -17"><span class='ocrx_word' id='word_1_713' title='bbox 2138 2660 2378 2721; x_wconf 81' lang='lat' dir='ltr'><strong>optatura</strong></span> <span class='ocrx_word' id='word_1_714' title='bbox 2416 2651 2700 2719; x_wconf 88' lang='lat' dir='ltr'><strong>credatur,</strong></span> <span class='ocrx_word' id='word_1_715' title='bbox 2728 2652 2854 2707; x_wconf 90' lang='lat' dir='ltr'><strong>dum</strong></span> <span class='ocrx_word' id='word_1_716' title='bbox 2882 2652 3081 2708; x_wconf 85' lang='lat' dir='ltr'><strong>eadunt</strong></span> <span class='ocrx_word' id='word_1_717' title='bbox 3106 2670 3136 2707; x_wconf 89' lang='lat' dir='ltr'><strong>a</strong></span> <span class='ocrx_word' id='word_1_718' title='bbox 3168 2655 3574 2723; x_wconf 81' lang='lat' dir='ltr'><strong>cogitationibus</strong></span> <span class='ocrx_word' id='word_1_719' title='bbox 3614 2656 3732 2709; x_wconf 85' lang='lat' dir='ltr'><strong>suis</strong></span> 
     </span>
    </p>
   </div>
   <div class='ocr_carea' id='block_1_86' title="bbox 2139 2742 3731 2814">
    <p class='ocr_par' dir='ltr' id='par_1_86' title="bbox 2139 2742 3731 2814">
     <span class='ocr_line' id='line_1_86' title="bbox 2139 2742 3731 2814; baseline 0.003 -17"><span class='ocrx_word' id='word_1_720' title='bbox 2139 2743 2313 2807; x_wconf 87' lang='lat' dir='ltr'><strong>malis,</strong></span> <span class='ocrx_word' id='word_1_721' title='bbox 2345 2742 2396 2797; x_wconf 92' lang='lat' dir='ltr'><strong>id</strong></span> <span class='ocrx_word' id='word_1_722' title='bbox 2424 2754 2526 2810; x_wconf 86' lang='lat' dir='ltr'><strong>est,</strong></span> <span class='ocrx_word' id='word_1_723' title='bbox 2550 2752 2608 2798; x_wconf 90' lang='lat' dir='ltr'><strong>ut</strong></span> <span class='ocrx_word' id='word_1_724' title='bbox 2629 2744 2738 2814; x_wconf 87' lang='lat' dir='ltr'><strong>jam</strong></span> <span class='ocrx_word' id='word_1_725' title='bbox 2770 2760 2875 2798; x_wconf 91' lang='lat' dir='ltr'><strong>non</strong></span> <span class='ocrx_word' id='word_1_726' title='bbox 2903 2745 3136 2814; x_wconf 78' lang='lat' dir='ltr'><strong>cogitent</strong></span> <span class='ocrx_word' id='word_1_727' title='bbox 3162 2746 3321 2799; x_wconf 89' lang='lat' dir='ltr'><strong>mala.</strong></span> <span class='ocrx_word' id='word_1_728' title='bbox 3353 2745 3457 2801; x_wconf 88' lang='lat' dir='ltr'><strong>Sed</strong></span> <span class='ocrx_word' id='word_1_729' title='bbox 3484 2754 3623 2800; x_wconf 88' lang='lat' dir='ltr'><strong>vetat</strong></span> <span class='ocrx_word' id='word_1_730' title='bbox 3645 2747 3731 2801; x_wconf 88' lang='lat' dir='ltr'><strong>sic</strong></span> 
     </span>
    </p>
   </div>
   <div class='ocr_carea' id='block_1_87' title="bbox 2140 2836 3734 2908">
    <p class='ocr_par' dir='ltr' id='par_1_87' title="bbox 2140 2836 3734 2908">
     <span class='ocr_line' id='line_1_87' title="bbox 2140 2836 3734 2908; baseline 0 -17"><span class='ocrx_word' id='word_1_731' title='bbox 2140 2836 2361 2908; x_wconf 80' lang='lat' dir='ltr'><strong>intelligi</strong></span> <span class='ocrx_word' id='word_1_732' title='bbox 2400 2836 2542 2905; x_wconf 88' lang='lat' dir='ltr'><strong>quod</strong></span> <span class='ocrx_word' id='word_1_733' title='bbox 2566 2839 2825 2908; x_wconf 89' lang='lat' dir='ltr'><strong>sequitur,</strong></span> <span class='ocrx_word' id='word_1_734' title='bbox 2847 2837 3045 2908; x_wconf 68' lang='lat' dir='ltr'><strong>expelle</strong></span> <span class='ocrx_word' id='word_1_735' title='bbox 3067 2854 3191 2901; x_wconf 86' lang='lat' dir='ltr'><strong>eos;</strong></span> <span class='ocrx_word' id='word_1_736' title='bbox 3222 2838 3365 2892; x_wconf 89' lang='lat' dir='ltr'><strong>nullo</strong></span> <span class='ocrx_word' id='word_1_737' title='bbox 3392 2838 3533 2892; x_wconf 90' lang='lat' dir='ltr'><strong>enim</strong></span> <span class='ocrx_word' id='word_1_738' title='bbox 3564 2839 3734 2893; x_wconf 88' lang='lat' dir='ltr'><strong>modo</strong></span> 
     </span>
    </p>
   </div>
   <div class='ocr_carea' id='block_1_88' title="bbox 2142 2927 3735 3004">
    <p class='ocr_par' dir='ltr' id='par_1_88' title="bbox 2142 2927 3735 3004">
     <span class='ocr_line' id='line_1_88' title="bbox 2142 2927 3735 3004; baseline -0.001 -19"><span class='ocrx_word' id='word_1_739' title='bbox 2142 2936 2314 3003; x_wconf 78' lang='lat' dir='ltr'><strong>potest</strong></span> <span class='ocrx_word' id='word_1_740' title='bbox 2340 2927 2393 2986; x_wconf 89' lang='lat' dir='ltr'><strong>in</strong></span> <span class='ocrx_word' id='word_1_741' title='bbox 2423 2928 2614 2984; x_wconf 84' lang='lat' dir='ltr'><strong>bonam</strong></span> <span class='ocrx_word' id='word_1_742' title='bbox 2642 2936 2844 3004; x_wconf 80' lang='lat' dir='ltr'><strong>partem</strong></span> <span class='ocrx_word' id='word_1_743' title='bbox 2872 2928 3038 3003; x_wconf 81' lang='lat' dir='ltr'><strong>accipi</strong></span> <span class='ocrx_word' id='word_1_744' title='bbox 3064 2969 3080 2994; x_wconf 90' lang='lat'><strong>,</strong></span> <span class='ocrx_word' id='word_1_745' title='bbox 3110 2944 3230 2982; x_wconf 88' lang='lat' dir='ltr'><strong>cum</strong></span> <span class='ocrx_word' id='word_1_746' title='bbox 3255 2929 3480 2999; x_wconf 79' lang='lat' dir='ltr'><strong>quisque</strong></span> <span class='ocrx_word' id='word_1_747' title='bbox 3504 2929 3735 2999; x_wconf 79' lang='lat' dir='ltr'><strong>expelli-</strong></span> 
     </span>
    </p>
   </div>
   <div class='ocr_carea' id='block_1_89' title="bbox 2142 3019 3731 3095">
    <p class='ocr_par' dir='ltr' id='par_1_89' title="bbox 2142 3019 3731 3095">
     <span class='ocr_line' id='line_1_89' title="bbox 2142 3019 3731 3095; baseline 0.001 -18"><span class='ocrx_word' id='word_1_748' title='bbox 2142 3032 2231 3080; x_wconf 89' lang='lat' dir='ltr'><strong>tur</strong></span> <span class='ocrx_word' id='word_1_749' title='bbox 2257 3039 2287 3077; x_wconf 87' lang='lat' dir='ltr'><strong>a</strong></span> <span class='ocrx_word' id='word_1_750' title='bbox 2319 3024 2448 3079; x_wconf 87' lang='lat' dir='ltr'><strong>Deo.</strong></span> <span class='ocrx_word' id='word_1_751' title='bbox 2481 3025 2816 3093; x_wconf 84' lang='lat' dir='ltr'><strong>Quapropter</strong></span> <span class='ocrx_word' id='word_1_752' title='bbox 2842 3040 2935 3093; x_wconf 87' lang='lat' dir='ltr'><strong>per</strong></span> <span class='ocrx_word' id='word_1_753' title='bbox 2965 3019 3293 3095; x_wconf 75' lang='lat' dir='ltr'><strong>prophetiam</strong></span> <span class='ocrx_word' id='word_1_754' title='bbox 3335 3019 3532 3074; x_wconf 83' lang='lat' dir='ltr'><strong>dictum</strong></span> <span class='ocrx_word' id='word_1_755' title='bbox 3556 3062 3575 3078; x_wconf 93' lang='lat'><strong>.</strong></span> <span class='ocrx_word' id='word_1_756' title='bbox 3616 3034 3731 3079; x_wconf 85' lang='lat' dir='ltr'><strong>non</strong></span> 
     </span>
    </p>
   </div>
   <div class='ocr_carea' id='block_1_90' title="bbox 2142 3114 3730 3187">
    <p class='ocr_par' dir='ltr' id='par_1_90' title="bbox 2142 3114 3730 3187">
     <span class='ocr_line' id='line_1_90' title="bbox 2142 3114 3730 3187; baseline 0.001 -19"><span class='ocrx_word' id='word_1_757' title='bbox 2142 3131 2238 3187; x_wconf 83' lang='lat' dir='ltr'><strong>per</strong></span> <span class='ocrx_word' id='word_1_758' title='bbox 2284 3114 2708 3171; x_wconf 85' lang='lat' dir='ltr'><strong>malevolentiam</strong></span> <span class='ocrx_word' id='word_1_759' title='bbox 2739 3114 3084 3185; x_wconf 85' lang='lat' dir='ltr'><strong>intelligitur;</strong></span> <span class='ocrx_word' id='word_1_760' title='bbox 3121 3131 3240 3170; x_wconf 90' lang='lat' dir='ltr'><strong>cum</strong></span> <span class='ocrx_word' id='word_1_761' title='bbox 3270 3114 3370 3170; x_wconf 86' lang='lat' dir='ltr'><strong>hoc</strong></span> <span class='ocrx_word' id='word_1_762' title='bbox 3396 3114 3596 3170; x_wconf 86' lang='lat' dir='ltr'><strong>dictum</strong></span> <span class='ocrx_word' id='word_1_763' title='bbox 3622 3116 3730 3177; x_wconf 86' lang='lat' dir='ltr'><strong>sit.</strong></span> 
     </span>
    </p>
   </div>
   <div class='ocr_carea' id='block_1_91' title="bbox 2140 3204 3735 3277">
    <p class='ocr_par' dir='ltr' id='par_1_91' title="bbox 2140 3204 3735 3277">
     <span class='ocr_line' id='line_1_91' title="bbox 2140 3204 3735 3277; baseline 0 -18"><span class='ocrx_word' id='word_1_764' title='bbox 2140 3205 2284 3277; x_wconf 91' lang='lat' dir='ltr'><strong>quod</strong></span> <span class='ocrx_word' id='word_1_765' title='bbox 2313 3205 2614 3260; x_wconf 85' lang='lat' dir='ltr'><strong>necessario</strong></span> <span class='ocrx_word' id='word_1_766' title='bbox 2640 3204 2832 3260; x_wconf 89' lang='lat' dir='ltr'><strong>talibus</strong></span> <span class='ocrx_word' id='word_1_767' title='bbox 2852 3214 3168 3261; x_wconf 87' lang='lat' dir='ltr'><strong>eventurum</strong></span> <span class='ocrx_word' id='word_1_768' title='bbox 3197 3214 3313 3271; x_wconf 89' lang='lat' dir='ltr'><strong>est,</strong></span> <span class='ocrx_word' id='word_1_769' title='bbox 3339 3206 3426 3275; x_wconf 89' lang='lat' dir='ltr'><strong>qui</strong></span> <span class='ocrx_word' id='word_1_770' title='bbox 3453 3205 3505 3259; x_wconf 94' lang='lat' dir='ltr'><strong>in</strong></span> <span class='ocrx_word' id='word_1_771' title='bbox 3535 3219 3735 3274; x_wconf 77' lang='lat' dir='ltr'><strong>pecca-</strong></span> 
     </span>
    </p>
   </div>
   <div class='ocr_carea' id='block_1_92' title="bbox 2142 3292 3735 3365">
    <p class='ocr_par' dir='ltr' id='par_1_92' title="bbox 2142 3292 3735 3365">
     <span class='ocr_line' id='line_1_92' title="bbox 2142 3292 3735 3365; baseline -0.001 -16"><span class='ocrx_word' id='word_1_772' title='bbox 2142 3297 2212 3350; x_wconf 87' lang='lat' dir='ltr'><strong>tis</strong></span> <span class='ocrx_word' id='word_1_773' title='bbox 2233 3310 2352 3365; x_wconf 75' lang='lat' dir='ltr'><strong>quze</strong></span> <span class='ocrx_word' id='word_1_774' title='bbox 2378 3305 2669 3350; x_wconf 83' lang='lat' dir='ltr'><strong>memorata</strong></span> <span class='ocrx_word' id='word_1_775' title='bbox 2695 3303 2823 3351; x_wconf 85' lang='lat' dir='ltr'><strong>sunt</strong></span> <span class='ocrx_word' id='word_1_776' title='bbox 2863 3310 3209 3364; x_wconf 85' lang='lat' dir='ltr'><strong>perseverare</strong></span> <span class='ocrx_word' id='word_1_777' title='bbox 3253 3295 3536 3350; x_wconf 79' lang='lat' dir='ltr'><strong>valuerint.</strong></span> <span class='ocrx_word' id='word_1_778' title='bbox 3576 3292 3735 3349; x_wconf 81' lang='lat' dir='ltr'><strong>Deci-</strong></span> 
     </span>
    </p>
   </div>
   <div class='ocr_carea' id='block_1_93' title="bbox 2142 3384 3735 3455">
    <p class='ocr_par' dir='ltr' id='par_1_93' title="bbox 2142 3384 3735 3455">
     <span class='ocr_line' id='line_1_93' title="bbox 2142 3384 3735 3455; baseline 0.004 -17"><span class='ocrx_word' id='word_1_779' title='bbox 2142 3386 2265 3438; x_wconf 86' lang='lat' dir='ltr'><strong>dant</strong></span> <span class='ocrx_word' id='word_1_780' title='bbox 2291 3399 2419 3455; x_wconf 80' lang='lat' dir='ltr'><strong>ergo</strong></span> <span class='ocrx_word' id='word_1_781' title='bbox 2458 3402 2491 3439; x_wconf 89' lang='lat' dir='ltr'><strong>a</strong></span> <span class='ocrx_word' id='word_1_782' title='bbox 2518 3384 2899 3455; x_wconf 79' lang='lat' dir='ltr'><strong>cogitationibus</strong></span> <span class='ocrx_word' id='word_1_783' title='bbox 2922 3387 3057 3450; x_wconf 88' lang='lat' dir='ltr'><strong>suis,</strong></span> <span class='ocrx_word' id='word_1_784' title='bbox 3087 3386 3289 3441; x_wconf 86' lang='lat' dir='ltr'><strong>dictum</strong></span> <span class='ocrx_word' id='word_1_785' title='bbox 3331 3397 3446 3451; x_wconf 85' lang='lat' dir='ltr'><strong>est;</strong></span> <span class='ocrx_word' id='word_1_786' title='bbox 3478 3387 3735 3444; x_wconf 80' lang='lat' dir='ltr'><strong>decidant</strong></span> 
     </span>
    </p>
   </div>
   <div class='ocr_carea' id='block_1_94' title="bbox 2142 3474 3734 3548">
    <p class='ocr_par' dir='ltr' id='par_1_94' title="bbox 2142 3474 3734 3548">
     <span class='ocr_line' id='line_1_94' title="bbox 2142 3474 3734 3548; baseline 0.002 -20"><span class='ocrx_word' id='word_1_787' title='bbox 2142 3474 2513 3529; x_wconf 81' lang='lat' dir='ltr'><strong>accusantibus</strong></span> <span class='ocrx_word' id='word_1_788' title='bbox 2536 3490 2596 3530; x_wconf 90' lang='lat' dir='ltr'><strong>se</strong></span> <span class='ocrx_word' id='word_1_789' title='bbox 2620 3474 3029 3545; x_wconf 80' lang='lat' dir='ltr'><strong>cogitationibus</strong></span> <span class='ocrx_word' id='word_1_790' title='bbox 3057 3475 3188 3542; x_wconf 85' lang='lat' dir='ltr'><strong>suis,</strong></span> <span class='ocrx_word' id='word_1_791' title='bbox 3217 3476 3576 3532; x_wconf 83' lang='lat' dir='ltr'><strong>testimonium</strong></span> <span class='ocrx_word' id='word_1_792' title='bbox 3605 3492 3734 3548; x_wconf 86' lang='lat' dir='ltr'><strong>per-</strong></span> 
     </span>
    </p>
   </div>
   <div class='ocr_carea' id='block_1_95' title="bbox 2144 3564 3737 3635">
    <p class='ocr_par' dir='ltr' id='par_1_95' title="bbox 2144 3564 3737 3635">
     <span class='ocr_line' id='line_1_95' title="bbox 2144 3564 3737 3635; baseline 0.001 -17"><span class='ocrx_word' id='word_1_793' title='bbox 2144 3564 2363 3621; x_wconf 85' lang='lat' dir='ltr'><strong>bibeute</strong></span> <span class='ocrx_word' id='word_1_794' title='bbox 2403 3564 2730 3622; x_wconf 79' lang='lat' dir='ltr'><strong>conscientia</strong></span> <span class='ocrx_word' id='word_1_795' title='bbox 2772 3579 2901 3635; x_wconf 85' lang='lat' dir='ltr'><strong>sua,</strong></span> <span class='ocrx_word' id='word_1_796' title='bbox 2944 3566 3082 3621; x_wconf 84' lang='lat' dir='ltr'><strong>sicut</strong></span> <span class='ocrx_word' id='word_1_797' title='bbox 3129 3566 3413 3635; x_wconf 71' lang='lat' dir='ltr'><strong>Apostolus</strong></span> <span class='ocrx_word' id='word_1_798' title='bbox 3447 3566 3614 3623; x_wconf 88' lang='lat' dir='ltr'><strong>dicit:</strong></span> <span class='ocrx_word' id='word_1_799' title='bbox 3660 3565 3737 3621; x_wconf 79' lang='lat' dir='ltr'><strong>Et</strong></span> 
     </span>
    </p>
   </div>
   <div class='ocr_carea' id='block_1_96' title="bbox 2142 3654 3736 3725">
    <p class='ocr_par' dir='ltr' id='par_1_96' title="bbox 2142 3654 3736 3725">
     <span class='ocr_line' id='line_1_96' title="bbox 2142 3654 3736 3725; baseline 0.001 -16"><span class='ocrx_word' id='word_1_800' title='bbox 2142 3654 2508 3725; x_wconf 76' lang='lat' dir='ltr'><strong>cogitationum</strong></span> <span class='ocrx_word' id='word_1_801' title='bbox 2552 3654 2901 3711; x_wconf 80' lang='lat' dir='ltr'><strong>accusantium</strong></span> <span class='ocrx_word' id='word_1_802' title='bbox 2950 3671 3039 3710; x_wconf 90' lang='lat' dir='ltr'><strong>seu</strong></span> <span class='ocrx_word' id='word_1_803' title='bbox 3065 3654 3439 3725; x_wconf 74' lang='lat' dir='ltr'><strong>defendentium</strong></span> <span class='ocrx_word' id='word_1_804' title='bbox 3460 3696 3476 3721; x_wconf 97' lang='lat'><strong>,</strong></span> <span class='ocrx_word' id='word_1_805' title='bbox 3513 3656 3568 3710; x_wconf 83' lang='lat' dir='ltr'><strong>in</strong></span> <span class='ocrx_word' id='word_1_806' title='bbox 3591 3673 3736 3712; x_wconf 77' lang='lat' dir='ltr'><strong>reve-</strong></span> 
     </span>
    </p>
   </div>
   <div class='ocr_carea' id='block_1_97' title="bbox 2144 3743 3401 3818">
    <p class='ocr_par' dir='ltr' id='par_1_97' title="bbox 2144 3743 3401 3818">
     <span class='ocr_line' id='line_1_97' title="bbox 2144 3743 3401 3818; baseline 0.002 -20"><span class='ocrx_word' id='word_1_807' title='bbox 2144 3743 2331 3799; x_wconf 80' lang='lat' dir='ltr'><strong>latione</strong></span> <span class='ocrx_word' id='word_1_808' title='bbox 2342 3744 2477 3815; x_wconf 81' lang='lat' dir='ltr'><strong>justi</strong></span> <span class='ocrx_word' id='word_1_809' title='bbox 2483 3744 2672 3817; x_wconf 81' lang='lat' dir='ltr'><strong>judicii</strong></span> <span class='ocrx_word' id='word_1_810' title='bbox 2693 3743 2789 3799; x_wconf 82' lang='lat' dir='ltr'><strong>Dei</strong></span> <span class='ocrx_word' id='word_1_811' title='bbox 2815 3744 2835 3818; x_wconf 97' lang='lat'><strong>(</strong></span> <span class='ocrx_word' id='word_1_812' title='bbox 2860 3745 3009 3803; x_wconf 78' lang='lat' dir='ltr'><strong>Rom.</strong></span> <span class='ocrx_word' id='word_1_813' title='bbox 3039 3760 3107 3811; x_wconf 84' lang='lat' dir='ltr'><strong>tt,</strong></span> <span class='ocrx_word' id='word_1_814' title='bbox 3141 3746 3238 3812; x_wconf 79' lang='lat' dir='ltr'><strong>l5,</strong></span> <span class='ocrx_word' id='word_1_815' title='bbox 3268 3746 3335 3803; x_wconf 79' lang='grc'><strong>16</strong></span> <span class='ocrx_word' id='word_1_816' title='bbox 3354 3744 3401 3818; x_wconf 91' lang='grc'><strong>).</strong></span> 
     </span>
    </p>
   </div>
   <div class='ocr_carea' id='block_1_98' title="bbox 2215 3830 3730 3907">
    <p class='ocr_par' dir='ltr' id='par_1_98' title="bbox 2215 3830 3730 3907">
     <span class='ocr_line' id='line_1_98' title="bbox 2215 3830 3730 3907; baseline 0.001 -16"><span class='ocrx_word' id='word_1_817' title='bbox 2215 3836 2304 3891; x_wconf 65' lang='lat' dir='ltr'><strong>ll.</strong></span> <span class='ocrx_word' id='word_1_818' title='bbox 2333 3830 2627 3891; x_wconf 79' lang='lat' dir='ltr'><strong>Secundum</strong></span> <span class='ocrx_word' id='word_1_819' title='bbox 2668 3837 3041 3892; x_wconf 79' lang='lat' dir='ltr'><strong>multitudinem</strong></span> <span class='ocrx_word' id='word_1_820' title='bbox 3077 3837 3391 3907; x_wconf 81' lang='lat' dir='ltr'><strong>impietatum</strong></span> <span class='ocrx_word' id='word_1_821' title='bbox 3415 3854 3589 3892; x_wconf 82' lang='lat' dir='ltr'><strong>eorum</strong></span> <span class='ocrx_word' id='word_1_822' title='bbox 3635 3855 3730 3893; x_wconf 79' lang='lat' dir='ltr'><strong>ea:-</strong></span> 
     </span>
    </p>
   </div>
   <div class='ocr_carea' id='block_1_99' title="bbox 2146 3927 3733 4001">
    <p class='ocr_par' dir='ltr' id='par_1_99' title="bbox 2146 3927 3733 4001">
     <span class='ocr_line' id='line_1_99' title="bbox 2146 3927 3733 4001; baseline 0.001 -17"><span class='ocrx_word' id='word_1_823' title='bbox 2146 3929 2278 4000; x_wconf 76' lang='lat' dir='ltr'><strong>pelle</strong></span> <span class='ocrx_word' id='word_1_824' title='bbox 2294 3945 2379 3985; x_wconf 82' lang='lat' dir='ltr'><strong>eos</strong></span> <span class='ocrx_word' id='word_1_825' title='bbox 2403 3944 2425 3985; x_wconf 90' lang='lat'><strong><em>:</em></strong></span> <span class='ocrx_word' id='word_1_826' title='bbox 2452 3928 2503 3983; x_wconf 91' lang='lat' dir='ltr'><strong>id</strong></span> <span class='ocrx_word' id='word_1_827' title='bbox 2528 3938 2630 3995; x_wconf 85' lang='lat' dir='ltr'><strong>est,</strong></span> <span class='ocrx_word' id='word_1_828' title='bbox 2651 3927 2805 4001; x_wconf 81' lang='lat' dir='ltr'><strong>longe</strong></span> <span class='ocrx_word' id='word_1_829' title='bbox 2830 3944 2926 3985; x_wconf 88' lang='lat' dir='ltr'><strong>eos</strong></span> <span class='ocrx_word' id='word_1_830' title='bbox 2952 3930 3198 4000; x_wconf 85' lang='lat' dir='ltr'><strong>expelle;</strong></span> <span class='ocrx_word' id='word_1_831' title='bbox 3226 3928 3329 3985; x_wconf 87' lang='lat' dir='ltr'><strong>hoc</strong></span> <span class='ocrx_word' id='word_1_832' title='bbox 3353 3937 3437 3985; x_wconf 88' lang='lat' dir='ltr'><strong>est</strong></span> <span class='ocrx_word' id='word_1_833' title='bbox 3472 3930 3614 3985; x_wconf 88' lang='lat' dir='ltr'><strong>enim</strong></span> <span class='ocrx_word' id='word_1_834' title='bbox 3642 3948 3733 3987; x_wconf 85' lang='lat' dir='ltr'><strong>se-</strong></span> 
     </span>
    </p>
   </div>
   <div class='ocr_carea' id='block_1_100' title="bbox 2143 4019 3733 4091">
    <p class='ocr_par' dir='ltr' id='par_1_100' title="bbox 2143 4019 3733 4091">
     <span class='ocr_line' id='line_1_100' title="bbox 2143 4019 3733 4091; baseline 0.002 -16"><span class='ocrx_word' id='word_1_835' title='bbox 2143 4021 2366 4075; x_wconf 86' lang='lat' dir='ltr'><strong>cundum</strong></span> <span class='ocrx_word' id='word_1_836' title='bbox 2402 4019 2775 4075; x_wconf 85' lang='lat' dir='ltr'><strong>multitudinem</strong></span> <span class='ocrx_word' id='word_1_837' title='bbox 2814 4021 3129 4091; x_wconf 83' lang='lat' dir='ltr'><strong>impietatum</strong></span> <span class='ocrx_word' id='word_1_838' title='bbox 3149 4036 3346 4087; x_wconf 87' lang='lat' dir='ltr'><strong>eorum,</strong></span> <span class='ocrx_word' id='word_1_839' title='bbox 3401 4031 3460 4075; x_wconf 91' lang='lat' dir='ltr'><strong>ut</strong></span> <span class='ocrx_word' id='word_1_840' title='bbox 3501 4022 3733 4078; x_wconf 84' lang='lat' dir='ltr'><strong>multum</strong></span> 
     </span>
    </p>
   </div>
   <div class='ocr_carea' id='block_1_101' title="bbox 2144 4111 3733 4184">
    <p class='ocr_par' dir='ltr' id='par_1_101' title="bbox 2144 4111 3733 4184">
     <span class='ocr_line' id='line_1_101' title="bbox 2144 4111 3733 4184; baseline -0.001 -16"><span class='ocrx_word' id='word_1_841' title='bbox 2144 4112 2497 4183; x_wconf 69' lang='lat' dir='ltr'><strong>expelluntur.</strong></span> <span class='ocrx_word' id='word_1_842' title='bbox 2528 4111 2889 4184; x_wconf 79' lang='lat' dir='ltr'><strong>Expellantur</strong></span> <span class='ocrx_word' id='word_1_843' title='bbox 2932 4126 3065 4182; x_wconf 86' lang='lat' dir='ltr'><strong>ergo</strong></span> <span class='ocrx_word' id='word_1_844' title='bbox 3093 4112 3241 4182; x_wconf 90' lang='lat' dir='ltr'><strong>impii</strong></span> <span class='ocrx_word' id='word_1_845' title='bbox 3285 4111 3355 4166; x_wconf 85' lang='lat' dir='ltr'><strong>ab</strong></span> <span class='ocrx_word' id='word_1_846' title='bbox 3379 4112 3467 4167; x_wconf 87' lang='lat' dir='ltr'><strong>illa</strong></span> <span class='ocrx_word' id='word_1_847' title='bbox 3501 4111 3733 4169; x_wconf 68' lang='lat' dir='ltr'><strong>incredi-</strong></span> 
     </span>
    </p>
   </div>
   <div class='ocr_carea' id='block_1_102' title="bbox 2147 4202 3729 4274">
    <p class='ocr_par' dir='ltr' id='par_1_102' title="bbox 2147 4202 3729 4274">
     <span class='ocr_line' id='line_1_102' title="bbox 2147 4202 3729 4274; baseline -0.001 -15"><span class='ocrx_word' id='word_1_848' title='bbox 2147 4211 2265 4259; x_wconf 86' lang='lat' dir='ltr'><strong>tate.</strong></span> <span class='ocrx_word' id='word_1_849' title='bbox 2281 4218 2402 4274; x_wconf 72' lang='lat' dir='ltr'><strong>quae</strong></span> <span class='ocrx_word' id='word_1_850' title='bbox 2439 4202 2784 4273; x_wconf 83' lang='lat' dir='ltr'><strong>intelligendo</strong></span> <span class='ocrx_word' id='word_1_851' title='bbox 2822 4211 2879 4257; x_wconf 90' lang='lat' dir='ltr'><strong>et</strong></span> <span class='ocrx_word' id='word_1_852' title='bbox 2913 4202 3146 4259; x_wconf 89' lang='lat' dir='ltr'><strong>videndo</strong></span> <span class='ocrx_word' id='word_1_853' title='bbox 3174 4202 3344 4258; x_wconf 84' lang='lat' dir='ltr'><strong>Deum</strong></span> <span class='ocrx_word' id='word_1_854' title='bbox 3387 4202 3729 4272; x_wconf 84' lang='lat' dir='ltr'><strong>possidetur;</strong></span> 
     </span>
    </p>
   </div>
   <div class='ocr_carea' id='block_1_103' title="bbox 2146 4294 3735 4367">
    <p class='ocr_par' dir='ltr' id='par_1_103' title="bbox 2146 4294 3735 4367">
     <span class='ocr_line' id='line_1_103' title="bbox 2146 4294 3735 4367; baseline 0.001 -14"><span class='ocrx_word' id='word_1_855' title='bbox 2146 4294 2650 4367; x_wconf 84' lang='lat' dir='ltr'><strong>sicutexpelluntur</strong></span> <span class='ocrx_word' id='word_1_856' title='bbox 2663 4294 2891 4353; x_wconf 87' lang='lat' dir='ltr'><strong>morbidi</strong></span> <span class='ocrx_word' id='word_1_857' title='bbox 2912 4294 3049 4351; x_wconf 90' lang='lat' dir='ltr'><strong>oculi</strong></span> <span class='ocrx_word' id='word_1_858' title='bbox 3068 4294 3273 4367; x_wconf 81' lang='lat' dir='ltr'><strong>fulgore</strong></span> <span class='ocrx_word' id='word_1_859' title='bbox 3294 4295 3450 4365; x_wconf 81' lang='lat' dir='ltr'><strong>lucis,</strong></span> <span class='ocrx_word' id='word_1_860' title='bbox 3475 4310 3597 4353; x_wconf 88' lang='lat' dir='ltr'><strong>cum</strong></span> <span class='ocrx_word' id='word_1_861' title='bbox 3624 4298 3735 4355; x_wconf 80' lang='lat' dir='ltr'><strong>illis</strong></span> 
     </span>
    </p>
   </div>
   <div class='ocr_carea' id='block_1_104' title="bbox 2145 4388 3734 4461">
    <p class='ocr_par' dir='ltr' id='par_1_104' title="bbox 2145 4388 3734 4461">
     <span class='ocr_line' id='line_1_104' title="bbox 2145 4388 3734 4461; baseline 0 -16"><span class='ocrx_word' id='word_1_862' title='bbox 2145 4403 2209 4445; x_wconf 88' lang='lat' dir='ltr'><strong>ea</strong></span> <span class='ocrx_word' id='word_1_863' title='bbox 2236 4403 2399 4460; x_wconf 64' lang='lat' dir='ltr'><strong>petua</strong></span> <span class='ocrx_word' id='word_1_864' title='bbox 2420 4397 2505 4444; x_wconf 88' lang='lat' dir='ltr'><strong>est</strong></span> <span class='ocrx_word' id='word_1_865' title='bbox 2538 4389 2665 4459; x_wconf 80' lang='lat' dir='ltr'><strong>qua:</strong></span> <span class='ocrx_word' id='word_1_866' title='bbox 2709 4389 2828 4444; x_wconf 89' lang='lat' dir='ltr'><strong>aliis</strong></span> <span class='ocrx_word' id='word_1_867' title='bbox 2852 4388 3055 4444; x_wconf 79' lang='lat' dir='ltr'><strong>lzetitia.</strong></span> <span class='ocrx_word' id='word_1_868' title='bbox 3082 4388 3200 4445; x_wconf 82' lang='lat' dir='ltr'><strong>Non</strong></span> <span class='ocrx_word' id='word_1_869' title='bbox 3249 4404 3377 4461; x_wconf 78' lang='lat' dir='ltr'><strong>ergo</strong></span> <span class='ocrx_word' id='word_1_870' title='bbox 3422 4390 3526 4460; x_wconf 86' lang='lat' dir='ltr'><strong>ipsi</strong></span> <span class='ocrx_word' id='word_1_871' title='bbox 3569 4405 3734 4447; x_wconf 87' lang='lat' dir='ltr'><strong>mane</strong></span> 
     </span>
    </p>
   </div>
   <div class='ocr_carea' id='block_1_105' title="bbox 2146 4478 3736 4553">
    <p class='ocr_par' dir='ltr' id='par_1_105' title="bbox 2146 4478 3736 4553">
     <span class='ocr_line' id='line_1_105' title="bbox 2146 4478 3736 4553; baseline 0.003 -16"><span class='ocrx_word' id='word_1_872' title='bbox 2146 4485 2415 4549; x_wconf 83' lang='lat' dir='ltr'><strong>astabunt,</strong></span> <span class='ocrx_word' id='word_1_873' title='bbox 2442 4494 2500 4540; x_wconf 90' lang='lat' dir='ltr'><strong>et</strong></span> <span class='ocrx_word' id='word_1_874' title='bbox 2524 4483 2803 4540; x_wconf 85' lang='lat' dir='ltr'><strong>videbunt.</strong></span> <span class='ocrx_word' id='word_1_875' title='bbox 2824 4483 2892 4540; x_wconf 89' lang='lat' dir='ltr'><strong>Et</strong></span> <span class='ocrx_word' id='word_1_876' title='bbox 2928 4492 3035 4539; x_wconf 85' lang='lat' dir='ltr'><strong>tam</strong></span> <span class='ocrx_word' id='word_1_877' title='bbox 3078 4478 3265 4553; x_wconf 84' lang='lat' dir='ltr'><strong>magna</strong></span> <span class='ocrx_word' id='word_1_878' title='bbox 3312 4499 3475 4553; x_wconf 61' lang='lat' dir='ltr'><strong>paena</strong></span> <span class='ocrx_word' id='word_1_879' title='bbox 3509 4493 3594 4540; x_wconf 85' lang='lat' dir='ltr'><strong>est</strong></span> <span class='ocrx_word' id='word_1_880' title='bbox 3630 4486 3736 4541; x_wconf 78' lang='lat' dir='ltr'><strong>ista</strong></span> 
     </span>
    </p>
   </div>
   <div class='ocr_carea' id='block_1_106' title="bbox 2145 4574 3744 4647">
    <p class='ocr_par' dir='ltr' id='par_1_106' title="bbox 2145 4574 3744 4647">
     <span class='ocr_line' id='line_1_106' title="bbox 2145 4574 3744 4647; baseline 0 -17"><span class='ocrx_word' id='word_1_881' title='bbox 2145 4574 2410 4647; x_wconf 81' lang='lat' dir='ltr'><strong>expulsio,</strong></span> <span class='ocrx_word' id='word_1_882' title='bbox 2435 4590 2595 4646; x_wconf 81' lang='lat' dir='ltr'><strong>quam</strong></span> <span class='ocrx_word' id='word_1_883' title='bbox 2626 4589 2875 4646; x_wconf 78' lang='lat' dir='ltr'><strong>magnum</strong></span> <span class='ocrx_word' id='word_1_884' title='bbox 2905 4575 3178 4643; x_wconf 55' lang='lat' dir='ltr'><strong>praemium</strong></span> <span class='ocrx_word' id='word_1_885' title='bbox 3207 4583 3291 4631; x_wconf 90' lang='lat' dir='ltr'><strong>est</strong></span> <span class='ocrx_word' id='word_1_886' title='bbox 3314 4574 3448 4633; x_wconf 75' lang='lat' dir='ltr'><strong>illud</strong></span> <span class='ocrx_word' id='word_1_887' title='bbox 3470 4575 3610 4647; x_wconf 86' lang='lat' dir='ltr'><strong>quod</strong></span> <span class='ocrx_word' id='word_1_888' title='bbox 3646 4576 3744 4630; x_wconf 62' lang='lat' dir='ltr'><strong>di-</strong></span> 
     </span>
    </p>
   </div>
   <div class='ocr_carea' id='block_1_107' title="bbox 2147 4664 3736 4739">
    <p class='ocr_par' dir='ltr' id='par_1_107' title="bbox 2147 4664 3736 4739">
     <span class='ocr_line' id='line_1_107' title="bbox 2147 4664 3736 4739; baseline -0.001 -17"><span class='ocrx_word' id='word_1_889' title='bbox 2147 4667 2327 4724; x_wconf 89' lang='lat' dir='ltr'><strong>citur:</strong></span> <span class='ocrx_word' id='word_1_890' title='bbox 2358 4665 2493 4739; x_wconf 70' lang='lat' dir='ltr'><strong>Mitti</strong></span> <span class='ocrx_word' id='word_1_891' title='bbox 2540 4676 2708 4723; x_wconf 78' lang='lat' dir='ltr'><strong>autem</strong></span> <span class='ocrx_word' id='word_1_892' title='bbox 2757 4666 3019 4721; x_wconf 74' lang='lat' dir='ltr'><strong>adimere</strong></span> <span class='ocrx_word' id='word_1_893' title='bbox 3064 4664 3175 4721; x_wconf 87' lang='lat' dir='ltr'><strong>Deo</strong></span> <span class='ocrx_word' id='word_1_894' title='bbox 3206 4664 3396 4721; x_wconf 66' lang='lat' dir='ltr'><strong>bonum</strong></span> <span class='ocrx_word' id='word_1_895' title='bbox 3434 4676 3508 4721; x_wconf 88' lang='lat' dir='ltr'><strong>est</strong></span> <span class='ocrx_word' id='word_1_896' title='bbox 3534 4667 3553 4737; x_wconf 86' lang='lat'>(</span> <span class='ocrx_word' id='word_1_897' title='bbox 3582 4665 3736 4723; x_wconf 82' lang='lat' dir='ltr'><strong>Psal.</strong></span> 
     </span>
    </p>
   </div>
   <div class='ocr_carea' id='block_1_108' title="bbox 2148 4754 3738 4831">
    <p class='ocr_par' dir='ltr' id='par_1_108' title="bbox 2148 4754 3738 4831">
     <span class='ocr_line' id='line_1_108' title="bbox 2148 4754 3738 4831; baseline -0.001 -17"><span class='ocrx_word' id='word_1_898' title='bbox 2148 4773 2313 4825; x_wconf 76' lang='lat' dir='ltr'><strong>Lxxu,</strong></span> <span class='ocrx_word' id='word_1_899' title='bbox 2341 4757 2460 4831; x_wconf 76' lang='lat'><strong>28).</strong></span> <span class='ocrx_word' id='word_1_900' title='bbox 2483 4758 2619 4813; x_wconf 82' lang='lat' dir='ltr'><strong>Huic</strong></span> <span class='ocrx_word' id='word_1_901' title='bbox 2642 4756 2815 4829; x_wconf 72' lang='lat' dir='ltr'><strong>postue</strong></span> <span class='ocrx_word' id='word_1_902' title='bbox 2841 4758 3168 4813; x_wconf 90' lang='lat' dir='ltr'><strong>contrarium</strong></span> <span class='ocrx_word' id='word_1_903' title='bbox 3195 4766 3278 4815; x_wconf 86' lang='lat' dir='ltr'><strong>est</strong></span> <span class='ocrx_word' id='word_1_904' title='bbox 3304 4776 3320 4810; x_wconf 91' lang='lat'><strong>:</strong></span> <span class='ocrx_word' id='word_1_905' title='bbox 3351 4754 3499 4813; x_wconf 78' lang='lat' dir='ltr'><strong>Intra</strong></span> <span class='ocrx_word' id='word_1_906' title='bbox 3534 4759 3589 4813; x_wconf 82' lang='lat' dir='ltr'><strong>in</strong></span> <span class='ocrx_word' id='word_1_907' title='bbox 3607 4775 3738 4829; x_wconf 67' lang='lat' dir='ltr'><strong>gon-</strong></span> 
     </span>
    </p>
   </div>
   <div class='ocr_carea' id='block_1_109' title="bbox 2149 4847 3739 4919">
    <p class='ocr_par' dir='ltr' id='par_1_109' title="bbox 2149 4847 3739 4919">
     <span class='ocr_line' id='line_1_109' title="bbox 2149 4847 3739 4919; baseline 0.002 -17"><span class='ocrx_word' id='word_1_908' title='bbox 2149 4848 2291 4904; x_wconf 84' lang='lat' dir='ltr'><strong>dium</strong></span> <span class='ocrx_word' id='word_1_909' title='bbox 2315 4847 2525 4903; x_wconf 82' lang='lat' dir='ltr'><strong>Domini</strong></span> <span class='ocrx_word' id='word_1_910' title='bbox 2553 4848 2646 4903; x_wconf 76' lang='lat' dir='ltr'><strong>tui.</strong></span> <span class='ocrx_word' id='word_1_911' title='bbox 2698 4847 2831 4916; x_wconf 85' lang='lat' dir='ltr'><strong>Quia</strong></span> <span class='ocrx_word' id='word_1_912' title='bbox 2874 4848 2999 4905; x_wconf 84' lang='lat' dir='ltr'><strong>huic</strong></span> <span class='ocrx_word' id='word_1_913' title='bbox 3044 4848 3352 4919; x_wconf 86' lang='lat' dir='ltr'><strong>expulsioni</strong></span> <span class='ocrx_word' id='word_1_914' title='bbox 3395 4849 3569 4905; x_wconf 86' lang='lat' dir='ltr'><strong>simile</strong></span> <span class='ocrx_word' id='word_1_915' title='bbox 3609 4858 3739 4905; x_wconf 88' lang='lat' dir='ltr'><strong>est:</strong></span> 
     </span>
    </p>
   </div>
   <div class='ocr_carea' id='block_1_110' title="bbox 2148 4938 3741 5013">
    <p class='ocr_par' dir='ltr' id='par_1_110' title="bbox 2148 4938 3741 5013">
     <span class='ocr_line' id='line_1_110' title="bbox 2148 4938 3741 5013; baseline 0 -18"><span class='ocrx_word' id='word_1_916' title='bbox 2148 4939 2396 5012; x_wconf 83' lang='lat' dir='ltr'><strong>Projicite</strong></span> <span class='ocrx_word' id='word_1_917' title='bbox 2430 4940 2578 4997; x_wconf 84' lang='lat' dir='ltr'><strong>illum</strong></span> <span class='ocrx_word' id='word_1_918' title='bbox 2625 4939 2680 4996; x_wconf 85' lang='lat' dir='ltr'><strong>in</strong></span> <span class='ocrx_word' id='word_1_919' title='bbox 2736 4941 2963 5012; x_wconf 71' lang='lat' dir='ltr'><strong>tenebras</strong></span> <span class='ocrx_word' id='word_1_920' title='bbox 3018 4942 3288 5005; x_wconf 65' lang='lat' dir='ltr'><strong>exteriores</strong></span> <span class='ocrx_word' id='word_1_921' title='bbox 3340 4938 3574 5013; x_wconf 67' lang='lat' dir='ltr'><strong>(Matth.</strong></span> <span class='ocrx_word' id='word_1_922' title='bbox 3608 4957 3741 5011; x_wconf 64' lang='lat' dir='ltr'><strong>xxv,</strong></span> 
     </span>
    </p>
   </div>
   <div class='ocr_carea' id='block_1_111' title="bbox 2147 5032 2382 5100">
    <p class='ocr_par' dir='ltr' id='par_1_111' title="bbox 2147 5032 2382 5100">
     <span class='ocr_line' id='line_1_111' title="bbox 2147 5032 2382 5100; baseline -0.009 -11"><span class='ocrx_word' id='word_1_923' title='bbox 2147 5032 2239 5100; x_wconf 62' lang='lat'><strong>25,</strong></span> <span class='ocrx_word' id='word_1_924' title='bbox 2269 5033 2382 5098; x_wconf 80' lang='lat'><strong>50).</strong></span> 
     </span>
    </p>
   </div>
   <div class='ocr_carea' id='block_1_112' title="bbox 2223 5123 3741 5197">
    <p class='ocr_par' dir='ltr' id='par_1_112' title="bbox 2223 5123 3741 5197">
     <span class='ocr_line' id='line_1_112' title="bbox 2223 5123 3741 5197; baseline -0.001 -16"><span class='ocrx_word' id='word_1_925' title='bbox 2223 5126 2312 5183; x_wconf 78' lang='grc'><strong>15.</strong></span> <span class='ocrx_word' id='word_1_926' title='bbox 2341 5124 2597 5192; x_wconf 77' lang='lat' dir='ltr'><strong>Quoniam</strong></span> <span class='ocrx_word' id='word_1_927' title='bbox 2613 5126 3070 5181; x_wconf 75' lang='lat' dir='ltr'><strong>inamaricatterunt</strong></span> <span class='ocrx_word' id='word_1_928' title='bbox 3097 5136 3162 5191; x_wconf 82' lang='lat' dir='ltr'><strong>te,</strong></span> <span class='ocrx_word' id='word_1_929' title='bbox 3190 5125 3421 5180; x_wconf 81' lang='lat' dir='ltr'><strong>Domine.</strong></span> <span class='ocrx_word' id='word_1_930' title='bbox 3459 5123 3573 5197; x_wconf 78' lang='lat' dir='ltr'><strong>Ego</strong></span> <span class='ocrx_word' id='word_1_931' title='bbox 3605 5141 3741 5193; x_wconf 62' lang='lat' dir='ltr'><strong>sum,</strong></span> 
     </span>
    </p>
   </div>
   <div class='ocr_carea' id='block_1_113' title="bbox 2147 5212 3744 5289">
    <p class='ocr_par' dir='ltr' id='par_1_113' title="bbox 2147 5212 3744 5289">
     <span class='ocr_line' id='line_1_113' title="bbox 2147 5212 3744 5289; baseline -0.002 -18"><span class='ocrx_word' id='word_1_932' title='bbox 2147 5212 2341 5289; x_wconf 72' lang='lat' dir='ltr'><strong>inquit,</strong></span> <span class='ocrx_word' id='word_1_933' title='bbox 2370 5217 2520 5288; x_wconf 81' lang='lat' dir='ltr'><strong>panis</strong></span> <span class='ocrx_word' id='word_1_934' title='bbox 2543 5217 2633 5281; x_wconf 84' lang='lat' dir='ltr'><strong>qui</strong></span> <span class='ocrx_word' id='word_1_935' title='bbox 2661 5216 2725 5271; x_wconf 80' lang='lat' dir='ltr'><strong>de</strong></span> <span class='ocrx_word' id='word_1_936' title='bbox 2744 5217 2870 5271; x_wconf 74' lang='lat' dir='ltr'><strong>casto</strong></span> <span class='ocrx_word' id='word_1_937' title='bbox 2895 5216 3131 5271; x_wconf 86' lang='lat' dir='ltr'><strong>descendi</strong></span> <span class='ocrx_word' id='word_1_938' title='bbox 3161 5215 3339 5283; x_wconf 82' lang='lat' dir='ltr'><strong>(Joan.</strong></span> <span class='ocrx_word' id='word_1_939' title='bbox 3363 5232 3437 5283; x_wconf 83' lang='lat' dir='ltr'><strong>vt,</strong></span> <span class='ocrx_word' id='word_1_940' title='bbox 3459 5216 3549 5287; x_wconf 73' lang='lat' dir='ltr'><strong>Si)</strong></span> <span class='ocrx_word' id='word_1_941' title='bbox 3603 5232 3617 5268; x_wconf 90' lang='lat'><strong>:</strong></span> <span class='ocrx_word' id='word_1_942' title='bbox 3647 5224 3706 5269; x_wconf 89' lang='lat' dir='ltr'><strong>et</strong></span> <span class='ocrx_word' id='word_1_943' title='bbox 3724 5256 3744 5283; x_wconf 87' lang='lat'><strong>,</strong></span> 
     </span>
    </p>
   </div>
   <div class='ocr_carea' id='block_1_114' title="bbox 2154 5305 3743 5381">
    <p class='ocr_par' dir='ltr' id='par_1_114' title="bbox 2154 5305 3743 5381">
     <span class='ocr_line' id='line_1_114' title="bbox 2154 5305 3743 5381; baseline -0.001 -18"><span class='ocrx_word' id='word_1_944' title='bbox 2154 5307 2452 5380; x_wconf 83' lang='lat' dir='ltr'><strong>Operamini</strong></span> <span class='ocrx_word' id='word_1_945' title='bbox 2476 5325 2645 5364; x_wconf 83' lang='lat' dir='ltr'><strong>escam</strong></span> <span class='ocrx_word' id='word_1_946' title='bbox 2671 5324 2786 5380; x_wconf 71' lang='lat' dir='ltr'><strong>quae</strong></span> <span class='ocrx_word' id='word_1_947' title='bbox 2807 5326 2910 5364; x_wconf 84' lang='lat' dir='ltr'><strong>non</strong></span> <span class='ocrx_word' id='word_1_948' title='bbox 2929 5309 3272 5380; x_wconf 85' lang='lat' dir='ltr'><strong>corrumpitur</strong></span> <span class='ocrx_word' id='word_1_949' title='bbox 3300 5305 3620 5381; x_wconf 78' lang='lat' dir='ltr'><strong>(Ibid.,27):</strong></span> <span class='ocrx_word' id='word_1_950' title='bbox 3654 5319 3743 5373; x_wconf 82' lang='lat' dir='ltr'><strong>et,</strong></span> 
     </span>
    </p>
   </div>
   <div class='ocr_carea' id='block_1_115' title="bbox 2151 5397 3740 5470">
    <p class='ocr_par' dir='ltr' id='par_1_115' title="bbox 2151 5397 3740 5470">
     <span class='ocr_line' id='line_1_115' title="bbox 2151 5397 3740 5470; baseline 0 -16"><span class='ocrx_word' id='word_1_951' title='bbox 2151 5397 2381 5461; x_wconf 78' lang='lat' dir='ltr'><strong>Gustate,</strong></span> <span class='ocrx_word' id='word_1_952' title='bbox 2407 5409 2462 5456; x_wconf 73' lang='lat' dir='ltr'><strong>st</strong></span> <span class='ocrx_word' id='word_1_953' title='bbox 2481 5400 2643 5454; x_wconf 73' lang='lat' dir='ltr'><strong>videte</strong></span> <span class='ocrx_word' id='word_1_954' title='bbox 2668 5400 2907 5470; x_wconf 82' lang='lat' dir='ltr'><strong>quoniam</strong></span> <span class='ocrx_word' id='word_1_955' title='bbox 2936 5401 3106 5456; x_wconf 77' lang='lat' dir='ltr'><strong>suavis</strong></span> <span class='ocrx_word' id='word_1_956' title='bbox 3142 5408 3217 5455; x_wconf 87' lang='lat' dir='ltr'><strong>est</strong></span> <span class='ocrx_word' id='word_1_957' title='bbox 3261 5398 3517 5454; x_wconf 83' lang='lat' dir='ltr'><strong>Dominus</strong></span> <span class='ocrx_word' id='word_1_958' title='bbox 3558 5397 3740 5469; x_wconf 76' lang='lat' dir='ltr'><strong>(Psal.</strong></span> 
     </span>
    </p>
   </div>
   <div class='ocr_carea' id='block_1_116' title="bbox 2149 5489 3738 5563">
    <p class='ocr_par' dir='ltr' id='par_1_116' title="bbox 2149 5489 3738 5563">
     <span class='ocr_line' id='line_1_116' title="bbox 2149 5489 3738 5563; baseline -0.004 -14"><span class='ocrx_word' id='word_1_959' title='bbox 2149 5509 2336 5558; x_wconf 88' lang='lat' dir='ltr'><strong>xxxtn,</strong></span> <span class='ocrx_word' id='word_1_960' title='bbox 2366 5492 2445 5563; x_wconf 89' lang='lat'><strong>9).</strong></span> <span class='ocrx_word' id='word_1_961' title='bbox 2470 5492 2846 5549; x_wconf 83' lang='lat' dir='ltr'><strong>Peccatorihus</strong></span> <span class='ocrx_word' id='word_1_962' title='bbox 2885 5502 3066 5548; x_wconf 87' lang='lat' dir='ltr'><strong>autem</strong></span> <span class='ocrx_word' id='word_1_963' title='bbox 3098 5492 3252 5563; x_wconf 88' lang='lat' dir='ltr'><strong>panis</strong></span> <span class='ocrx_word' id='word_1_964' title='bbox 3292 5489 3536 5546; x_wconf 84' lang='lat' dir='ltr'><strong>veritatis</strong></span> <span class='ocrx_word' id='word_1_965' title='bbox 3583 5503 3738 5544; x_wconf 83' lang='lat' dir='ltr'><strong>ama-</strong></span> 
     </span>
    </p>
   </div>
   <div class='ocr_carea' id='block_1_117' title="bbox 2149 5578 3743 5650">
    <p class='ocr_par' dir='ltr' id='par_1_117' title="bbox 2149 5578 3743 5650">
     <span class='ocr_line' id='line_1_117' title="bbox 2149 5578 3743 5650; baseline -0.004 -11"><span class='ocrx_word' id='word_1_966' title='bbox 2149 5599 2242 5639; x_wconf 88' lang='lat' dir='ltr'><strong>rus</strong></span> <span class='ocrx_word' id='word_1_967' title='bbox 2269 5584 2559 5650; x_wconf 89' lang='lat' dir='ltr'><strong>est;unde</strong></span> <span class='ocrx_word' id='word_1_968' title='bbox 2597 5598 2662 5641; x_wconf 86' lang='lat' dir='ltr'><strong>os</strong></span> <span class='ocrx_word' id='word_1_969' title='bbox 2708 5599 2832 5639; x_wconf 82' lang='lat' dir='ltr'><strong>vera</strong></span> <span class='ocrx_word' id='word_1_970' title='bbox 2881 5583 3109 5639; x_wconf 86' lang='lat' dir='ltr'><strong>dicentis</strong></span> <span class='ocrx_word' id='word_1_971' title='bbox 3158 5582 3404 5637; x_wconf 87' lang='lat' dir='ltr'><strong>oderunt.</strong></span> <span class='ocrx_word' id='word_1_972' title='bbox 3449 5578 3554 5649; x_wconf 87' lang='lat' dir='ltr'><strong>Ipsi</strong></span> <span class='ocrx_word' id='word_1_973' title='bbox 3610 5593 3743 5649; x_wconf 83' lang='lat' dir='ltr'><strong>ergo</strong></span> 
     </span>
    </p>
   </div>
   <div class='ocr_carea' id='block_1_118' title="bbox 2150 5672 3737 5747">
    <p class='ocr_par' dir='ltr' id='par_1_118' title="bbox 2150 5672 3737 5747">
     <span class='ocr_line' id='line_1_118' title="bbox 2150 5672 3737 5747; baseline -0.003 -17"><span class='ocrx_word' id='word_1_974' title='bbox 2150 5675 2633 5730; x_wconf 67' lang='lat' dir='ltr'><strong>3.......aricaverunt</strong></span> <span class='ocrx_word' id='word_1_975' title='bbox 2678 5676 2866 5743; x_wconf 88' lang='lat' dir='ltr'><strong>Deum,</strong></span> <span class='ocrx_word' id='word_1_976' title='bbox 2906 5675 2994 5747; x_wconf 91' lang='lat' dir='ltr'><strong>qui</strong></span> <span class='ocrx_word' id='word_1_977' title='bbox 3036 5672 3308 5745; x_wconf 83' lang='lat' dir='ltr'><strong>peccando</strong></span> <span class='ocrx_word' id='word_1_978' title='bbox 3335 5673 3387 5728; x_wconf 93' lang='lat' dir='ltr'><strong>in</strong></span> <span class='ocrx_word' id='word_1_979' title='bbox 3416 5687 3533 5728; x_wconf 86' lang='lat' dir='ltr'><strong>eam</strong></span> <span class='ocrx_word' id='word_1_980' title='bbox 3569 5672 3737 5741; x_wconf 64' lang='lat' dir='ltr'><strong>aegri-</strong></span> 
     </span>
    </p>
   </div>
   <div class='ocr_carea' id='block_1_119' title="bbox 2215 5783 3582 5852">
    <p class='ocr_par' dir='ltr' id='par_1_119' title="bbox 2215 5783 3582 5852">
     <span class='ocr_line' id='line_1_119' title="bbox 2215 5783 3582 5852; baseline -0.003 -17"><span class='ocrx_word' id='word_1_981' title='bbox 2215 5789 2235 5820; x_wconf 75' lang='grc' dir='ltr'>ι</span> <span class='ocrx_word' id='word_1_982' title='bbox 2259 5794 2463 5846; x_wconf 79' lang='lat' dir='ltr'><strong>Quatuor</strong></span> <span class='ocrx_word' id='word_1_983' title='bbox 2486 5793 2613 5849; x_wconf 64' lang='lat'><strong>“55.,</strong></span> <span class='ocrx_word' id='word_1_984' title='bbox 2636 5794 2831 5852; x_wconf 86' lang='lat' dir='ltr'><strong>peccato</strong></span> <span class='ocrx_word' id='word_1_985' title='bbox 2848 5799 2935 5837; x_wconf 83' lang='lat' dir='ltr'><strong>suo</strong></span> <span class='ocrx_word' id='word_1_986' title='bbox 2955 5790 3277 5837; x_wconf 81' lang='lat' dir='ltr'><strong>consummato</strong></span> <span class='ocrx_word' id='word_1_987' title='bbox 3296 5783 3582 5834; x_wconf 72' lang='lat' dir='ltr'><strong>munitur.</strong></span> 
     </span>
    </p>
   </div>
  </div>
