3956 6316
521 405 583 465 sn
1766 386 1824 445 s.
1868 381 2233 445 AUGUSTINI
2277 381 2579 441 EPISCOP!
3745 388 3826 444 η

523 536 623 574 non
658 520 1003 586 peccaverunt.
1028 505 1290 586 Regnavit
1318 514 1494 560 autem
1517 520 1579 559 rx
1601 504 1934 558 similitudine
1975 516 2105 571 prmo

522 625 568 665 vi
589 584 847 662 nationis
873 603 1017 664 Adw,
1048 584 1192 656 sicut
1208 600 1347 655 idem
1370 597 1526 661 dicit;
1556 598 1807 668 quoniam
1850 609 2008 664 usque
2047 595 2115 647 ad

531 699 743 771 Moysen
786 695 969 764 (Rom.
996 710 1051 762 ν,
1098 692 1187 762 M)
1229 689 1595 759 accipiendum
1642 698 1744 753 est,
1799 700 2115 773 quo'usque

524 792 686 860 tegis
713 803 898 858 opera,
929 786 980 841 id
1008 795 1090 841 est
1133 784 1418 840 carnaliter
1462 783 1744 837 observata
1797 780 1886 835 illa
1931 795 2115 834 sacra-

529 890 733 943 menta,
756 880 915 935 etiam
956 893 1050 932 eos
1073 876 1362 937 obstrictos
1401 883 1683 928 tenuerunt
1712 872 1842 927 certi
1877 869 2115 944 mysterii

530 972 717 1041 gratia,
743 970 832 1041 qui
859 968 946 1022 uni
977 968 1084 1023 Deo
1109 966 1304 1021 subditi
1336 974 1508 1021 emnt.
1553 965 1636 1020 Ab
1672 963 1901 1019 adventu
1938 970 2117 1017 autem

537 1060 767 1127 Domini,
794 1076 864 1117 ex
903 1075 1010 1129 quo
1047 1057 1115 1112 ad
1158 1054 1619 1112 circumeisionem
1654 1053 1831 1109 cordis
1883 1068 1912 1106 a
1942 1050 2122 1107 carnis

532 1152 941 1207 circumcisione
968 1148 1245 1215 transitum
1281 1156 1383 1212 est,
1416 1145 1550 1201 facta
1582 1145 1788 1199 vocatio
1816 1154 1919 1209 est,
1952 1152 2010 1197 ut
2032 1157 2122 1197 se-

532 1240 767 1297 cundum
797 1239 1028 1293 animam
1058 1237 1347 1300 viveretur,
1377 1234 1428 1289 id
1459 1247 1541 1290 est
1569 1233 1863 1289 secundum
1896 1232 2120 1288 interio-

539 1348 653 1388 rem
680 1330 975 1396 hominem,
1010 1328 1098 1400 qui
1121 1328 1281 1383 etiam
1305 1340 1474 1382 novus
1500 1324 1662 1381 homo
1684 1322 1902 1396 (Colon.
1932 1340 2007 1387 ιιι,
2029 1321 2119 1395 10)

537 1432 760 1496 propter
805 1422 1266 1494 regenerationem
1295 1420 1489 1475 dicitur
1525 1433 1839 1489 morumque
1870 1417 2127 1487 spiritua-

537 1514 668 1569 lium
700 1514 1118 1569 innovationem.
1151 1509 1488 1566 Manifestum
1525 1517 1608 1565 est
1634 1517 1812 1564 autem
1837 1508 1904 1564 ad
1932 1521 2128 1577 corpus

539 1604 936 1677 quaternarium
969 1618 1250 1658 numerum
1272 1601 1562 1672 pertinere,
1597 1609 1815 1670 propter
1850 1598 2129 1654 notissima

541 1697 807 1751 elementa
827 1703 1055 1766 quatuor
1081 1692 1274 1763 quibus
1301 1699 1531 1756 constat,
1567 1698 1623 1744 et
1651 1698 1881 1759 quatuor
1905 1688 2132 1758 qualita-

545 1769 648 1853 tes,
679 1788 900 1853 siccam,
929 1785 1224 1850 humidam,
1250 1784 1499 1849 calidam,
1528 1782 1791 1853 frigidam.
1820 1780 1974 1838 Unde
1997 1795 2133 1851 qua-

546 1891 669 1937 tuor
690 1882 850 1937 etiam
883 1879 1214 1949 temporibus
1233 1874 1656 1937 administratur,
1687 1888 1876 1939 verno,
1921 1880 2131 1937 testate,

544 1981 823 2037 autumno,
858 1970 1054 2025 hieme.
1086 1968 1208 2023 Haec
1231 1976 1355 2020 sunt
1383 1966 1682 2020 notissima.
1709 1962 1839 2019 Nam
1887 1964 1954 2017 de
2002 1976 2136 2032 qua-
2163 1968 2171 1975 ‘

549 2064 785 2118 ternario
811 2075 1036 2118 numero
1054 2058 1296 2130 corporis
1317 2065 1576 2112 tractatur
1606 2056 1766 2110 etiam
1796 2054 1921 2109 alibi
1961 2054 2133 2108 subti-

550 2153 675 2222 lius,
706 2153 799 2209 sed
828 2152 1107 2207 obscurius
1140 2169 1153 2204 :
1182 2149 1326 2221 quod
1353 2150 1403 2203 in
1444 2148 1547 2203 hoc
1581 2162 1828 2202 sermone
1860 2145 2135 2200 vitandum

548 2255 653 2312 est,
682 2260 840 2316 quem
866 2244 1025 2299 etiam
1062 2244 1238 2297 minus
1261 2241 1483 2296 eruditis
1528 2239 1986 2295 accommodatum
2017 2253 2138 2294 esse

548 2337 816 2392 volumus.
843 2334 925 2391 Ad
950 2336 1185 2389 animum
1225 2349 1356 2389 vero
1385 2333 1673 2388 ternarium
1705 2345 1984 2386 numerum
2014 2346 2139 2400 per-

554 2428 731 2483 tinere
756 2437 932 2499 potest
974 2426 1218 2497 intelligi,
1253 2442 1318 2482 ex
1367 2440 1432 2480 eo
1464 2424 1605 2495 quod
1647 2424 1929 2493 triplieiter
1974 2424 2139 2479 Deum

551 2520 773 2589 diligere
808 2517 1078 2589 jubemur,
1117 2533 1181 2571 ex
1223 2524 1335 2570 toto
1373 2514 1558 2581 corde,
1598 2529 1665 2569 ex
1710 2523 1818 2568 tota
1852 2514 2050 2579 anima,
2074 2530 2141 2569 ex

551 2621 662 2667 tota
694 2619 870 2668 mente
895 2610 1071 2683 (Deut.
1103 2627 1178 2673 Vl,
1209 2610 1281 2674 5;
1318 2609 1501 2662 Matth.
1538 2624 1671 2673 χχιι,
1700 2609 1789 2679 57)
1821 2609 1925 2663 :de
1951 2608 2143 2679 quibus

553 2704 779 2775 singulis
805 2719 909 2758 non
940 2703 990 2757 in
1021 2702 1302 2767 Psalterio,
1335 2701 1427 2755 sed
1454 2701 1507 2754 in
1546 2699 1836 2769 Evangelio
1866 2699 2142 2768 di5putun-

553 2796 680 2851 dum
706 2805 808 2850 est.
853 2794 1003 2849 Nunc
1046 2791 1112 2847 ad
1159 2792 1521 2847 testimonium
1567 2792 1785 2845 ternarii
1822 2789 2030 2845 numeri
2077 2788 2142 2845 ad

558 2887 797 2943 animum
828 2886 1164 2956 pertinentis,
1189 2884 1320 2938 satis
1343 2891 1470 2953 puto
1498 2898 1620 2939 esse
1644 2883 1787 2954 quod
1815 2882 2014 2938 dictum
2040 2891 2142 2938 est.

556 2977 795 3034 Peractis
817 2976 974 3047 igitur
994 2975 1235 3030 numeris
1258 2974 1501 3044 corporis
1522 2974 1588 3028 ad
1613 2984 1850 3028 veterem
1874 2972 2144 3027 hominem

556 3078 614 3124 et
665 3068 730 3123 ad
780 3066 942 3123 Vetus
985 3066 1386 3122 TeStamentum
1445 3064 1854 3135 pertinentibus,
1915 3064 2146 3134 peractis

556 3162 718 3217 etiam
748 3159 987 3215 numeris
1006 3159 1169 3214 animi
1199 3157 1267 3213 ad
1297 3173 1491 3213 novum
1516 3157 1790 3213 hominem
1837 3166 1892 3213 et
1932 3156 1998 3212 ad
2036 3156 2145 3211 No-

556 3267 681 3307 vum
712 3251 1110 3307 Testamentum
1140 3249 1343 3316 relatis,
1388 3250 1527 3304 sicut
1569 3250 1872 3318 septenario
1923 3262 2148 3304 numero

558 3352 858 3415 transacto,
903 3341 1025 3412 quia
1076 3340 1494 3410 unumquodque
1548 3340 2145 3411 tetnporaliter-agitur,

559 3433 902 3506 quaternario
927 3432 978 3486 in
996 3447 1213 3502 corpus,
1239 3432 1474 3487 ternario
1501 3431 1553 3485 in
1583 3431 1819 3486 animum
1837 3431 2146 3497 distributo,

476 3526 479 3527 ⁷
560 3526 739 3581 veniet
757 3534 976 3581 octavus
1001 3523 1187 3594 judicii
1215 3524 1347 3589 dies,
1378 3525 1469 3595 qui
1502 3524 1707 3579 meritis
1738 3524 1976 3580 tribuens
2005 3525 2149 3596 quod

557 3616 805 3683 debetur,
826 3616 935 3687 jam
967 3631 1074 3671 non
1098 3614 1163 3669 ad
1189 3630 1353 3686 opera
1385 3616 1721 3686 temporalia,
1748 3614 1841 3671 sed
1888 3616 1957 3672 ad
1987 3618 2147 3671 vitam

558 3715 815 3763 :eternam
846 3714 1062 3764 sanctos
1090 3706 1392 3771 transferet,
1420 3706 1612 3777 impios
1637 3722 1765 3762 vero
1794 3707 2068 3763 damnabit
2093 3709 2146 3764 in

555 3810 816 3857 aeternum
824 3838 839 3855 ο

631 3894 684 3949 ὅ.
729 3891 879 3966 [vcrs.
907 3889 990 3964 2.]
1037 3890 1207 3959 Quam
1255 3890 1654 3947 damnationem
1708 3900 1975 3959 metuens,
2028 3900 2151 3948 orat

563 3985 800 4044 Ecclesia
841 3985 896 4039 in
945 3984 1048 4040 hoc
1093 3983 1319 4053 psalmo,
1348 3983 1531 4040 dicens
1562 4002 1575 4032 .°
1607 3983 1841 4053 Domine,
1888 4002 1950 4038 ne
1979 3986 2030 4039 in
2072 3987 2152 4040 ira

561 4088 652 4133 tua
680 4094 866 4149 arguas
892 4094 989 4132 me.
1031 4075 1170 4132 DlCIl
1205 4077 1365 4131 etiam
1410 4077 1701 4146 Apostolus
1750 4076 1881 4131 irant
1925 4078 2149 4147 jutlicii:

559 4169 900 4226 Thesauriaaa
941 4166 1050 4235 tibi,
1093 4167 1285 4238 inquit,
1327 4168 1457 4221 iram
1485 4168 1538 4222 in
1568 4168 1650 4223 die
1678 4168 1769 4222 ira:
1800 4169 1932 4238 justi
1965 4169 2155 4239 judicii

565 4261 664 4318 Dei
689 4261 864 4335 (Rom.
893 4277 953 4328 ιι,
984 4262 1070 4331 5);
1099 4261 1151 4316 in
1194 4276 1297 4332 qua
1325 4276 1386 4318 se
1411 4276 1519 4317 non
1549 4262 1665 4316 vult
1706 4262 1881 4331 argui,
1913 4261 2155 4330 quisquis

562 4355 617 4411 in
651 4357 750 4411 hac
774 4356 880 4410 vita
906 4355 1082 4409 sanari
1111 4353 1399 4409 desiderat.
1426 4353 1536 4410 Nec
1561 4354 1615 4409 in
1650 4355 1822 4425 furore
1867 4364 1954 4406 tuo
1996 4354 2157 4408 corri-

562 4448 678 4517 pias
699 4462 779 4501 me
804 4464 823 4501 :
854 4445 1121 4518 corripias,
1148 4446 1328 4501 mitius
1352 4445 1596 4511 videtur;
1628 4445 1694 4501 ad
1724 4446 2154 4501 emendationem

563 4538 708 4594 enim
729 4538 888 4592 valet.
926 4536 1057 4592 Nam
1084 4542 1175 4606 qui
1215 4536 1473 4607 arguitur,
1499 4535 1550 4591 id
1579 4544 1661 4593 est
1694 4545 1994 4601 accusatur,
2037 4553 2152 4592 me-

563 4628 817 4685 tuendum
874 4637 956 4683 est
994 4629 1103 4685 ne‘
1136 4627 1295 4682 linem
1340 4628 1533 4683 habeat
1578 4626 1999 4682 damnationem.
2052 4626 2155 4682 Sed

564 4724 815 4794 quoniam
870 4720 1019 4777 furor
1048 4721 1166 4791 plus
1210 4721 1422 4775 videtur
1460 4734 1581 4776 esse
1623 4736 1783 4791 quam
1835 4720 1931 4785 ira,
1984 4730 2157 4790 potest

567 4827 789 4869 movere
836 4826 932 4867 cur
956 4810 1083 4866 illud
1124 4811 1393 4881 quud‘est
1418 4810 1619 4877 mitius,
1662 4809 1712 4865 id
1759 4819 1842 4866 est
1870 4811 2153 4879 correptio,

566 4920 691 4960 cum
724 4919 790 4958 eo
814 4905 1041 4973 positum
1072 4915 1155 4959 est
1176 4902 1316 4973 quod
1342 4911 1425 4957 est
1465 4901 1651 4957 durius
1671 4944 1686 4969 ,
1717 4901 1768 4957 id
1805 4910 1889 4958 est
1915 4918 2035 4957 eum
2080 4904 2158 4957 fu-

570 5010 717 5051 rore.
760 4993 866 5050 Sed
894 5009 993 5064 ego
1024 5004 1151 5064 puto
1178 5009 1337 5049 unam
1370 5009 1483 5049 rem
1509 4994 1717 5048 duobus
1747 4993 1925 5049 verbis
1953 4993 2159 5065 signiti-

567 5097 740 5143 catam
770 5103 784 5141 :
817 5103 938 5141 nam
963 5085 1015 5141 in
1042 5103 1215 5157 grmco
1244 5096 1408 5155 Θυμὸς,
1436 5086 1574 5157 quod
1600 5096 1683 5142 est
1704 5086 1754 5141 in
1782 5086 1952 5157 primo
1978 5103 2157 5155 versu,

574 5179 677 5233 hoc
698 5177 958 5250 significat
988 5177 1127 5249 quod
1157 5183 1293 5249 ὀργή,
1319 5178 1460 5249 quod
1500 5188 1579 5232 est
1617 5179 1669 5233 in
1698 5178 1935 5233 secundo
1968 5194 2157 5245 versu;

574 5272 669 5327 sed
698 5288 817 5327 cum
848 5270 1021 5326 Latini
1046 5272 1244 5327 vellent
1267 5272 1426 5325 etiam
1456 5272 1555 5342 ipsi
1581 5273 1601 5303 ³
1630 5270 1737 5326 duo
1759 5270 1917 5327 verba
1941 5268 2159 5341 ponere,

552 5362 862 5432 'qua'sitnm
883 5371 967 5417 est
988 5361 1114 5433 quid
1141 5371 1283 5416 esset
1312 5363 1543 5416 vicinum
1574 5361 1666 5416 irae
1688 5404 1702 5427 ,
1736 5370 1789 5415 et
1820 5359 2048 5430 positum
2081 5369 2162 5415 est

495 5524 499 5528 ι
576 5457 748 5512 furor.
782 5451 913 5509 Ideo
935 5452 1078 5506 varie
1106 5453 1319 5507 codices
1352 5451 1586 5506 habent:
1613 5467 1732 5505 nam
1776 5451 1828 5506 in
1870 5451 1988 5505 aliis
2018 5451 2163 5521 prius

576 5544 845 5599 invenitur
865 5543 963 5611 ira,
981 5543 1175 5599 deinde
1198 5543 1363 5608 furor;
1394 5543 1596 5610 inaliis,
1622 5542 1764 5613 prius
1780 5542 1947 5610 furor,
1970 5542 2166 5600 deinde

688 5718 823 5779 t-de.,
857 5729 918 5769 ne
954 5715 1005 5768 in
1042 5715 1207 5781 ﬁnem.
1242 5717 1519 5779 Prmpositio
1558 5716 1609 5767 in
1645 5718 1786 5767 abest
1815 5728 1845 5766 a
1884 5713 2171 5767 melioribus

689 5848 819 5899 uss,
844 5838 1011 5892 vellatt
1032 5846 1178 5893 etiam
1201 5838 1322 5903 ipsa.

2222 498 2333 562 ira;
2359 500 2408 554 in
2430 500 2551 554 aliis
2580 514 2675 570 pro
2694 498 2875 555 furore
2905 498 3195 571 indignatio
3240 502 3474 574 ponitur,
3524 511 3618 561 aut
3663 504 3821 561 bilis-

2220 588 2327 645 Sed
2355 590 2610 660 quidquid
2642 590 2771 646 illud
2796 599 2899 654 est,
2932 601 3107 647 motus
3128 604 3209 649 est
3229 594 3391 649 animi
3424 608 3726 665 provocans
3748 594 3817 651 ad

2223 696 2437 750 ptenam
2471 680 2798 737 inferendam
2830 700 2843 735 :
2874 682 2962 753 qui
2991 693 3167 740 tamen
3198 694 3392 747 motus.
3422 700 3528 740 non
3563 695 3819 757 tanquam

2222 773 2417 827 animae.
2444 772 2554 827 Deo
2600 773 2911 829 tribuendus
2939 786 3041 841 est,
3093 774 3161 830 de
3200 792 3307 847 quo
3348 775 3551 832 dictum
3586 787 3710 833 est:
3740 775 3823 832 Tu

2222 876 2409 931 autent,
2470 865 2688 921 Domine
2737 868 2995 933 virtutum,
3055 884 3169 922 cum
3218 871 3583 935 tranquillitate
3612 863 3828 942 iudicas

2225 954 2381 1027 (Sap.
2418 971 2513 1023 xu,
2546 956 2666 1027 l8);
2697 956 2838 1027 quod
2878 966 3054 1012 autem
3098 959 3438 1029 tranquillum
3468 971 3571 1028 est,
3601 975 3711 1016 non
3739 971 3824 1017 est

2225 1045 2614 1118 perturbatum.
2644 1045 2760 1102 Non
2793 1062 2921 1118 ergo
2941 1048 3082 1102 cadit
3124 1049 3177 1103 in
3223 1048 3394 1105 Deum
3436 1050 3671 1119 judicem
3706 1066 3832 1120 per-

2229 1136 2500 1204 turbatio;
2534 1136 2629 1193 sed
2656 1136 2795 1208 quod
2821 1138 2871 1192 in
2900 1137 3019 1208 ejus
3041 1138 3168 1193 mini
3202 1141 3300 1195 tris
3321 1140 3396 1206 fit,
3419 1141 3538 1212 quia
3559 1142 3834 1212 perleges

2226 1229 2343 1301 ejus
2365 1228 2443 1296 lit,
2475 1230 2552 1284 ira
2581 1228 2696 1301 ejus
2717 1229 2931 1286 dicitur.
2967 1230 3025 1285 In
3052 1247 3154 1302 qua
3182 1240 3259 1287 ira
3278 1274 3294 1302 ,
3325 1249 3431 1290 non
3461 1234 3635 1289 solum
3674 1236 3832 1305 argui

2228 1335 2289 1377 se
2313 1336 2421 1377 non
2447 1322 2751 1377 vultanima
2776 1338 2897 1394 quae
2927 1339 3069 1379 nunc
3094 1331 3233 1394 orat,
3258 1324 3355 1381 sed
3382 1340 3480 1381 nec
3525 1326 3749 1395 corripi,
3775 1325 3834 1382 id

2230 1422 2315 1471 est
2344 1410 2619 1469 emendari
2669 1413 2751 1470 vel
2791 1414 2992 1470 erudiri
3030 1432 3044 1469 :
3097 1400 3218 1471 nam
3264 1416 3319 1471 in
3365 1432 3540 1487 graeco
3569 1421 3835 1490 natantem

2230 1503 2463 1575 positum
2495 1514 2596 1572 est,
2625 1503 2677 1560 id
2702 1516 2784 1560 est
2808 1547 2821 1570 ,
2851 1505 3086 1563 erudias.
3118 1508 3429 1578 Arguuntur
3452 1520 3628 1562 autem
3660 1507 3716 1563 in
3741 1507 3837 1563 die

2226 1596 2411 1669 judicii
2435 1613 2627 1654 omnes
2658 1599 2746 1669 qui
2782 1613 2886 1653 non
2915 1598 3111 1654 habent
3138 1599 3543 1655 fundamentum
3574 1599 3719 1670 quod
3747 1609 3837 1654 eat

2233 1688 2477 1745 Christus
2508 1688 2901 1745 :emendantnr
2923 1698 3123 1753 autem,
3173 1690 3226 1744 id
3270 1701 3353 1744 est
3385 1698 3702 1765 purgantur,
3734 1688 3833 1759 qui

2236 1781 2362 1837 huic
2399 1780 2745 1836 fundamento
2776 1781 3203 1853 Stipermdilicartt
3225 1782 3448 1851 lignum.
3480 1780 3707 1849 ianum,
3732 1781 3838 1858 sti-

2237 1873 2449 1945 pulam;
2480 1872 2859 1927 detrimentum
2887 1874 3032 1927 enim
3060 1874 3346 1943 patientur,
3382 1872 3475 1928 sed
3500 1873 3630 1927 salvi
3673 1882 3839 1928 erunt

2237 1972 2487 2033 tanquam
2513 1978 2607 2031 per
2627 1963 2858 2033 ignem(l
2888 1963 3005 2017 Cor.
3036 1979 3111 2026 ιιι,
3140 1962 3251 2034 ll).
3273 1963 3409 2030 Quid
3423 1979 3551 2034 ergo
3570 1963 3671 2019 iste
3689 1972 3839 2030 orat,

2238 2056 2327 2124 qui
2372 2069 2479 2107 non
2518 2054 2630 2109 vult
2670 2054 2721 2108 in
2756 2054 2831 2109 ira
2862 2054 3068 2110 Domini
3118 2055 3200 2109 vel
3240 2056 3387 2126 argui
3420 2056 3498 2109 vel
3525 2054 3841 2110 emendari?

2240 2144 2398 2213 Quid,
2425 2145 2524 2199 nisi
2553 2154 2612 2200 ut
2639 2146 2897 2199 sanetur?
2922 2145 3011 2200 ubi
3037 2145 3179 2200 enim
3210 2146 3410 2201 sanitas
3444 2155 3662 2211 est,uec
3690 2160 3843 2201 mors

2243 2238 2523 2294 metuenda
2551 2247 2652 2300 est,
2676 2253 2774 2293 nec
2792 2237 2993 2293 urentis
3020 2245 3110 2292 aut
3136 2238 3366 2293 secantis
3389 2236 3579 2294 medici
3622 2252 3842 2293 manus.

2312 2331 2366 2385 4.
2409 2328 2575 2403 [verm
2606 2331 2661 2397 5,
2693 2330 2747 2385 ι.
2768 2328 2788 2401 ]
2812 2330 3066 2400 Sequitur
3092 2329 3293 2401 itaque,
3314 2339 3371 2387 et
3385 2330 3514 2386 dicit
3544 2348 3559 2385 :
3593 2329 3845 2385 Miserere

2244 2419 2361 2487 mei,
2412 2419 2662 2487 Domine,
2696 2421 2934 2491 quoniam
2972 2420 3204 2489 inﬁrmus
3237 2437 3351 2475 sunt
3380 2437 3544 2475 :aana
3586 2438 3684 2484 me,
3741 2420 3847 2475 Do-

2244 2510 2397 2576 ntine,
2415 2511 2653 2580 quoniam
2686 2511 2983 2565 conturbata
3018 2520 3134 2565 sunt
3165 2528 3279 2565 ossa
3303 2527 3435 2579 mea,
3467 2510 3520 2566 id
3550 2521 3632 2566 est
3657 2511 3847 2566 llrnta-

2245 2610 2482 2657 mentum
2523 2602 2714 2656 animze
2744 2617 2909 2670 meae,
2940 2603 3024 2659 vel
3054 2601 3343 2668 fortitudo;
3391 2602 3495 2658 hoe
3546 2603 3689 2658 enim
3719 2618 3849 2657 ossa

2246 2695 2572 2763 significant.
2600 2693 2735 2749 Dicit
2760 2708 2887 2764 ergo
2913 2693 3089 2747 anima
3142 2692 3510 2748 fortitudinem
3536 2708 3691 2747 suam
3722 2708 3851 2748 esse

2248 2786 2511 2841 turbatam
2535 2828 2550 2854 ,
2587 2801 2706 2841 eum
2746 2800 2867 2841 ossa
2908 2785 3149 2840 nominat
3181 2803 3194 2839 :
3223 2800 3397 2856 neque
3423 2784 3567 2839 enim
3613 2784 3852 2839 creden-

2248 2874 2374 2930 dum
2404 2884 2506 2940 est,
2538 2875 2679 2945 quod
2709 2874 2901 2931 habeat
2928 2890 3049 2930 ossa
3093 2891 3212 2945 quae
3242 2875 3481 2930 videmus
3511 2874 3564 2929 in
3589 2890 3850 2943 corpore.

2248 2966 2586 3037 Quapropter
2610 2965 2677 3021 ad
2703 2966 3091 3037 expositionem
3113 2951 3341 3037 pertinet
3367 2966 3509 3037 quod
3538 2966 3851 3036 subjicitur,

2250 3057 2319 3112 Et
2344 3059 2515 3113 anima
2545 3075 2656 3114 mea
2684 3058 2885 3113 turbata
2911 3068 2986 3114 est
3006 3058 3193 3125 valde;
3219 3075 3285 3114 ιιε
3327 3057 3469 3131 quod
3497 3074 3618 3115 ossa
3655 3060 3852 3129 appel-

2250 3149 2399 3216 lavit,
2430 3152 2672 3225 eorporis
2701 3150 3143 3220 intelligerentur.
3190 3149 3256 3205 Et
3302 3142 3387 3217 tu,
3404 3149 3641 3214 Domine,
3664 3167 3856 3221 usque-

2249 3243 2391 3313 quo?
2420 3242 2541 3312 quis
2572 3258 2675 3296 non
2700 3243 2955 3313 intelligat
2977 3242 3268 3314 significari
3295 3242 3528 3297 animam
3553 3242 3855 3299 luctantem

2250 3349 2373 3391 cum
2395 3334 2597 3391 morbis
2620 3335 2751 3402 suis,
2782 3334 2871 3389 diu
2895 3344 3071 3390 autem
3093 3335 3309 3389 dilatam
3336 3350 3365 3388 a
3394 3333 3603 3390 medico
3632 3336 3675 3401 ¹,
3702 3343 3767 3390 ιιι
3795 3334 3864 3391 ei-

2252 3426 2669 3498 persuaderetur
2708 3427 2760 3482 in
2788 3443 2907 3498 qure
2956 3428 3095 3481 mala
3134 3442 3195 3482 se
3231 3425 3506 3497 peccando
3549 3426 3859 3500 pramipita-

2252 3518 2433 3574 verit?
2458 3517 2609 3588 Quod
2642 3518 2783 3573 enim
2831 3517 2989 3573 facile
3018 3529 3256 3580 sanatur,
3295 3532 3401 3571 non
3430 3517 3655 3571 multum
3684 3532 3856 3573 cave-

2254 3617 2369 3675 tur;
2398 3624 2465 3664 ex
2491 3607 2807 3664 difﬁcultate
2831 3618 3006 3662 autem
3032 3608 3326 3663 sanationis
3347 3606 3373 3675 ,“
3391 3609 3494 3662 erit
3543 3608 3861 3679 diligentior

2254 3699 2493 3754 custodia
2521 3708 2752 3769 receptae
2772 3700 3035 3754 sanitatis.
3057 3698 3173 3753 Non
3192 3714 3325 3770 ergo
3345 3708 3595 3770 tanquam
3618 3699 3861 3756 crudelis

2256 3792 2398 3844 Deus
2428 3790 2774 3845 :estimandus
2821 3798 2927 3856 est,
2969 3791 3053 3844 cui
3097 3789 3291 3845 dicitur
3325 3807 3338 3842 :
3376 3789 3442 3843 Et
3485 3800 3560 3855 tu,
3611 3789 3860 3854 Domine,

2256 3897 2508 3951 usquequo
2526 3882 2552 3935 .’
2580 3879 2672 3935 sed
2700 3889 2949 3951 tanquam
2976 3881 3146 3936 bonus
3169 3896 3453 3950 persuasor
3482 3881 3698 3945 animae,
3728 3883 3862 3952 quid

2256 3970 2379 4025 mali
2397 3971 2497 4025 sibi
2512 3972 2622 4042 ipsa
2639 3971 2920 4040 pepererit;
2940 3970 3172 4025 nondum
3191 3972 3329 4024 enim
3349 3979 3455 4024 tam
3475 3970 3866 4040 perfecte'orat

2256 4060 2371 4115 hrec
2394 4062 2593 4128 anima,
2620 4070 2674 4116 ut
2698 4062 2744 4117 ei
2768 4062 2869 4116 diei
2899 4061 3066 4131 possit
3095 4078 3108 4114 :
3136 4061 3322 4116 Adhuc
3343 4062 3574 4128 loquente
3599 4070 3647 4116 te
3662 4063 3862 4131 dicam,

2258 4151 2393 4206 Ecce
2410 4153 2587 4206 adsum
2609 4150 2765 4224 (Iani.
2783 4168 2910 4219 va,
2931 4151 3047 4223 24).
3069 4153 3236 4209 Simul
3266 4163 3322 4207 ut
3348 4155 3508 4209 etiam
3536 4153 3664 4209 illud
3688 4168 3867 4225 agno-

2258 4252 2392 4309 seat,
2416 4251 2613 4313 quanta
2642 4258 2801 4311 poena
2840 4243 3016 4312 impiis
3044 4252 3396 4314 praeparatur,
3441 4244 3530 4314 qui
3573 4259 3634 4299 se
3664 4244 3864 4299 nolunt

2258 4344 2574 4390 convertere
2617 4335 2681 4388 ad
2729 4335 2919 4398 Deum,
2978 4335 3021 4389 si
3068 4344 3267 4390 tantam
3308 4334 3677 4390 difficultatem
3726 4352 3867 4392 oon-

2258 4439 2529 4483 vertentes
2568 4427 2873 4498 patiuntur;
2933 4429 3073 4482 sicut
3115 4428 3224 4482 alio
3269 4428 3391 4484 loco
3433 4428 3695 4499 scriptum
3734 4440 3865 4485 est:

2262 4517 2325 4574 Si
2357 4520 2529 4589 justus
2572 4520 2659 4573 uia:
2704 4518 2874 4573 salvus
2900 4519 3012 4583 erit,
3044 4528 3275 4588 peccator
3302 4528 3350 4573 et
3371 4518 3559 4590 impius
3595 4520 3682 4574 ubi
3711 4536 3866 4592 pare-

2261 4607 2381 4663 bunt
2403 4608 2443 4679 (l
2479 4608 2619 4663 Petr.
2654 4623 2730 4675 tv,
2765 4607 2881 4679 l8)?

2333 4701 2385 4755 5.
2432 4698 2582 4774 [υετε.
2610 4698 2691 4773 5.]
2734 4698 3051 4766 Convertere,
3104 4699 3341 4767 Domine,
3387 4709 3435 4757 et
3471 4717 3591 4755 erue
3637 4705 3874 4760 animam

2261 4808 2445 4845 nteant.
2478 4791 2809 4846 Convertens
2835 4806 2914 4854 se,
2942 4802 3060 4844 orat
3100 4800 3158 4845 ut
3184 4790 3249 4844 ad
3280 4807 3396 4846 eam
3431 4803 3786 4850 convertatur
3813 4804 3867 4851 et

2266 4885 2426 4960 Deus,
2468 4884 2606 4939 sicut
2644 4883 2843 4937 dictum
2874 4890 2956 4936 est
2985 4900 2999 4936 :
3037 4882 3397 4937 Convertimini
3421 4884 3490 4937 ad
3513 4899 3611 4951 me,
3658 4894 3707 4941 et
3736 4904 3867 4943 conc

2264 4990 2430 5033 vertor
2455 4978 2522 5029 ad
2550 4992 2655 5041 vos,
2693 4976 2815 5029 dicit
2843 4974 3094 5028 Dominus
3123 4976 3141 5043 (
3176 4973 3337 5028 Zach.
3368 4991 3407 5041 t,
3434 4975 3469 5030 3
3496 4975 3541 5046 ).
3573 4978 3653 5031 An
3682 4994 3747 5033 ex
3783 4980 3869 5038 illa

2267 5070 2534 5124 locutione
2556 5067 2950 5136 intelligendum
2971 5076 3072 5132 est,
3088 5065 3403 5132 Convertere,
3432 5066 3667 5135 Domine,
3684 5069 3736 5124 id
3764 5081 3871 5137 est,

2268 5161 2352 5216 fac
2377 5176 2462 5215 me
2482 5160 2745 5225 converti,
2771 5175 2889 5213 eum
2922 5157 2972 5212 in
3001 5159 3114 5226 ipsa
3142 5173 3236 5212 sua
3261 5159 3614 5214 conversione
3644 5159 3873 5217 difﬁcul-

2271 5263 2431 5310 tatem
2456 5254 2801 5322 laboremque
2822 5251 3083 5306 sentiret?
3113 5250 3243 5305 Nam
3272 5250 3508 5323 perfecta
3536 5261 3721 5307 nostra
3736 5268 3873 5308 con-

2269 5346 2449 5401 versio
2476 5353 2716 5413 paratum
2758 5342 2961 5397 invenit
3000 5342 3190 5408 Deum,
3219 5342 3358 5396 sicut
3388 5342 3654 5412 Propheta
3695 5343 3871 5400 dicit:

2274 5437 2539 5507 Tanquam
2584 5435 2866 5489 diluculum
2910 5442 3145 5505 paratum
3186 5434 3490 5487 inveniemus
3519 5450 3631 5487 eum
3675 5434 3870 5507 (Osee.

2273 5545 2347 5594 γι,
2377 5529 2432 5593 5,
2460 5543 2559 5580 sec.
2591 5523 2778 5596 LXX).
2808 5524 3070 5591 Quoniam
3101 5532 3159 5577 ut
3187 5539 3307 5577 eunt
3338 5527 3735 5592 amitteremus,
3767 5544 3871 5583 non

2273 5620 2390 5692 ejus
2414 5618 2655 5674 absentia
2678 5618 2767 5689 qui
2792 5618 2988 5687 ubique
3017 5617 3200 5681 adest,
3231 5616 3324 5672 sed
3353 5626 3533 5671 nostra
3560 5617 3687 5673 fecit
3720 5636 3872 5673 aver.

2342 5776 2355 5807 ι
2386 5774 2605 5835 Quinque
2628 5779 2757 5830 Mss,
2791 5770 2878 5835 diu
2900 5777 3061 5823 autem
3084 5771 3286 5825 dilatam
3308 5770 3600 5827 medicinam
3616 5788 3647 5823 a
3669 5787 3759 5825 me.
3782 5763 3881 5833 ica,

2344 5839 2364 5868 ³
2390 5834 2555 5888 ιιιωυε
2571 5841 2700 5895 Mss,
2725 5834 2955 5898 perfecta.
