3956 6336
154 394 209 454 93
1330 408 1559 464 ENARR
1580 407 1724 462 \TlO
1763 407 1828 463 IN
1870 406 2193 469 PSALMUM
2235 416 2321 469 Vl.

156 519 255 567 sio:
292 511 351 565 In
400 515 502 568 hoc
549 523 760 575 mundo
802 533 943 585 erat,
975 523 1171 593 inquit,
1201 542 1246 579 ei
1295 525 1509 577 mundus
1539 541 1626 592 per
1667 537 1781 574 eum

160 608 307 673 {actu
331 619 432 673 est,
467 621 518 663 et
548 615 790 666 mundus
812 631 926 667 eum
972 633 1071 667 non
1093 617 1321 685 cognovit
1353 619 1372 685 (
1402 613 1560 668 Joan.
1587 633 1621 679 ι,
1651 615 1715 670 10
1737 617 1776 685 ).

161 697 209 754 Si
230 713 354 770 ergo
386 700 443 754 in
476 699 594 757 hoc
625 705 839 758 mundo
870 716 1002 769 erat,
1030 714 1083 759 et
1113 706 1344 759 mundus
1381 721 1504 760 eum
1551 723 1655 760 non
1686 722 1776 760 c0-

164 791 358 860 gnovit,
411 803 613 847 nostra
665 795 1005 850 immunditia
1036 797 1288 869 ηοηλΐετι
1316 796 1433 867 ejus
1482 809 1775 866 aspectum.

168 883 291 937 Dum
323 893 513 938 autem
548 901 656 941 nos
683 889 1068 951 convertimus,
1093 889 1144 943 id
1172 899 1274 954 est,
1308 890 1602 943 mutatione
1632 901 1780 944 vete-

167 974 233 1043 ris
258 976 384 1030 vita:
432 979 809 1049 resculpimus
850 983 1095 1050 Spiritum
1128 991 1402 1048 nostrum,
1433 983 1624 1036 durum
1655 999 1776 1036 sen-

165 1070 320 1122 timus
348 1079 405 1124 et
436 1071 775 1129 laboriosum
806 1074 871 1127 ad
894 1075 1235 1128 serenitatem
1257 1085 1310 1129 et
1336 1076 1773 1144 tranquillitatem

164 1161 361 1215 divina:
419 1163 562 1218 lucis
608 1179 637 1216 a
673 1177 1008 1219 terrenarum
1037 1165 1386 1234 cupiditatum
1424 1168 1647 1237 caligine
1690 1183 1776 1220 re-

162 1256 428 1324 torqueri.
455 1255 526 1309 Et
568 1257 621 1308 in
674 1259 762 1310 tali
810 1257 1119 1312 difﬁcultate
1159 1257 1406 1324 dicimus,
1457 1258 1770 1320 Convertere,

163 1344 412 1411 Domine,
465 1348 518 1401 id
549 1357 654 1410 est,
705 1349 896 1416 adjuva
942 1364 1060 1414 nos,
1093 1357 1154 1404 ιιι
1188 1350 1494 1419 perﬁciatur
1538 1351 1589 1403 in
1621 1351 1773 1405 nobis

157 1441 478 1506 Conversio,
509 1457 629 1510 qua'
655 1452 707 1496 te
755 1453 998 1510 paratum
1041 1443 1263 1507 invenit,
1296 1455 1349 1498 et
1392 1444 1673 1498 fruendum
1722 1454 1772 1499 te

159 1530 506 1597 prebentem
538 1522 890 1588 dilectoribus
911 1534 1033 1588 tuis.
1067 1536 1133 1590 Et
1161 1535 1281 1590 ideo
1304 1545 1582 1606 postquam
1614 1537 1767 1603 dixit,

155 1620 492 1691 Convertere,
523 1625 758 1690 Domine,
806 1627 1028 1695 addidit,
1065 1643 1111 1682 et
1143 1645 1267 1684 eme
1314 1629 1537 1681 animum
1582 1646 1766 1695 meam,

157 1725 429 1786 tanquam
484 1717 837 1774 inha-reutem
872 1720 1311 1788 perplexitatibus
1355 1720 1513 1792 hujus
1561 1723 1766 1789 steculi,

151 1817 211 1862 et
272 1810 466 1877 spinas
518 1810 774 1878 quasdam
826 1812 1232 1867 dilacerantium
1282 1813 1670 1870 desideriorum
1714 1818 1768 1871 in

151 1897 278 1966 ipsa
311 1902 672 1956 conversione
715 1903 1021 1971 patientem.
1053 1904 1265 1959 Salvum
1297 1923 1375 1959 me
1419 1909 1522 1978 fac,
1574 1907 1764 1978 inquit,

150 2001 376 2059 propter
401 1993 798 2048 misericordiam
828 2005 986 2049 tuam.
1015 1996 1262 2068 Intelligit
1284 2012 1386 2052 non
1414 2014 1632 2053 suorum
1658 2017 1768 2056 me.

149 2083 393 2137 ritorum
449 2099 570 2138 esse
614 2087 755 2155 quod
783 2097 1021 2153 Satiatur,
1050 2091 1479 2159 quandoquidem
1519 2094 1762 2161 peecanti

148 2185 204 2228 et
237 2173 429 2228 datum
461 2188 784 2246 pneceptum
811 2182 1176 2247 pra:tereuuti,
1200 2183 1341 2250 justa
1370 2183 1638 2237 damnatio
1666 2185 1760 2237 de-

146 2267 428 2335 bebatur;
462 2286 592 2322 sana
623 2287 707 2325 me
736 2287 885 2340 ergo,
913 2273 1102 2347 inquit,
1135 2291 1239 2327 non
1265 2286 1485 2345 propter
1511 2282 1760 2332 meritum

157 2375 378 2424 meum,
402 2363 497 2415 sed
527 2373 741 2431 propter
771 2365 1190 2420 misericordiam
1221 2378 1384 2423 tuam.

226 2452 284 2507 6.
316 2453 475 2525 (vers.
507 2453 588 2528 6.]
619 2455 872 2521 Quoniam
893 2475 992 2510 non
1018 2469 1090 2512 est
1111 2459 1163 2510 in
1194 2469 1350 2513 morte
1371 2460 1459 2529 qui
1485 2477 1673 2515 memor
1697 2463 1761 2516 sit

147 2532 246 2597 tui.
284 2544 407 2599 lnte
438 2546 544 2615 'igit
576 2562 791 2616 quoque
814 2565 954 2603 nunc
981 2566 1099 2604 esse
1128 2561 1333 2618 tempus
1360 2554 1754 2621 conversionis,

143 2636 274 2704 quia
307 2652 433 2691 cum
464 2638 563 2691 ista
595 2639 697 2693 vita
723 2642 1015 2706 transierit,
1040 2633 1144 2694 ιιοή
1170 2651 1331 2696 restat
1353 2641 1453 2696 nisi
1481 2644 1758 2698 retributio

145 2728 502 2784 meritorum.
554 2729 619 2783 In
658 2731 858 2801 inferno
907 2743 1075 2785 autem
1120 2734 1232 2803 quis
1276 2735 1595 2804 conﬁtebitur
1623 2738 1710 2790 tibi
1735 2737 1760 2788 ?

143 2818 452 2874 Confessus
496 2831 580 2875 est
631 2823 681 2875 in
718 2823 927 2877 inferno
958 2824 1043 2878 ille
1070 2825 1240 2892 dives,
1269 2826 1337 2880 de
1367 2843 1473 2897 quo
1499 2827 1757 2884 Dominus

144 2909 303 2975 dicit,
338 2912 432 2981 qui
480 2913 737 2967 Lazarum
772 2915 901 2968 vidit
931 2916 983 2968 in
1017 2917 1225 2985 requie,
1260 2934 1319 2972 se
1355 2929 1534 2973 autem
1569 2921 1620 2974 in
1647 2929 1756 2974 tor-

146 3003 353 3055 mentis
372 3003 591 3058 dolebat
619 3025 633 3057 :
659 3021 830 3077 usque
869 3007 1006 3062 adeo
1031 3009 1330 3076 confessus,
1359 3020 1416 3064 ut
1445 3012 1603 3089 etiam
1637 3029 1752 3066 mo—

144 3094 265 3146 neri
295 3109 430 3148 suos
461 3095 620 3150 vellet
662 3107 714 3151 ut
765 3113 823 3152 se
849 3113 876 3151 a
905 3099 1136 3168 peccatis
1165 3099 1754 3173 cobiberent,"propter

143 3198 338 3250 [muas
362 3201 496 3253 quas
517 3187 656 3264 apud
687 3188 886 3244 inferos
916 3205 1035 3245 esse
1063 3206 1167 3245 non
1199 3192 1433 3246 creditur
1462 3191 1611 3266 (Luc.
1640 3211 1749 3262 xvt,

139 3274 363 3341 25-31).
393 3261 653 3344 Quamvis
682 3295 812 3350 ergo
853 3279 1073 3348 frustra,
1128 3281 1407 3337 confessus
1461 3294 1543 3339 est
1576 3296 1751 3340 tamen

139 3366 245 3421 sibi
296 3369 498 3422 merito
543 3369 629 3424 illa
678 3371 940 3427 accidisse
984 3381 1288 3439 tormenta;
1329 3375 1542 3444 quando
1589 3378 1748 3432 etiam

138 3472 292 3518 suos.
327 3474 398 3514 ne
444 3459 497 3513 in
529 3461 664 3536 hac
695 3461 1028 3529 inciderent,
1071 3464 1250 3519 doceri
1303 3465 1570 3536 cupiebat.
1610 3468 1747 3530 Quid

139 3567 269 3620 ergo
297 3559 406 3616 est,
457 3549 523 3605 In
562 3529 765 3624 inferno
815 3565 980 3609 autem
1022 3557 1134 3626 quis
1178 3559 1498 3626 conﬁtebitur
1527 3560 1653 3612 tibi?
1679 3575 1745 3612 an

139 3643 418 3699 infernum
448 3646 560 3701 vult
592 3647 835 3717 intelligi,
861 3631 964 3718 quo
988 3661 1109 3718 post
1142 3650 1402 3719 judicium
1449 3653 1749 3720 pra‘cipita-

137 3732 346 3789 buntur
373 3736 545 3804 impii,
577 3738 664 3792 ubi
693 3739 803 3807 jam
839 3749 1053 3809 propter
1089 3741 1461 3808 profundiores
1501 3743 1747 3797 tenebras

139 3828 351 3883 nullam
385 3829 480 3884 Dei
513 3829 688 3885 lucem
716 3831 1096 3898 videbunt,cui
1127 3833 1329 3904 aliquid
1359 3835 1747 3889 conﬁteantur?

133 3917 272 3974 Nam
308 3921 410 3975 iste
434 3921 857 3978 adhuc'elevatis
884 3925 1074 3990 oculis,
1092 3926 1335 3995 quamvis
1358 3926 1574 3980 immani
1617 3942 1744 3995 pro-

137 4010 307 4065 [ιιιιιιο
353 4011 693 4081 interposito,
756 4014 923 4083 patuit
954 4023 1144 4072 tamen
1177 4016 1358 4070 videre
1401 4015 1657 4070 Lazarum
1691 4017 1744 4070 in

136 4101 330 4171 requie
361 4105 737 4169 coostitutum,
789 4120 856 4160 ex
885 4102 1040 4174 cujus
1069 4107 1472 4176 comparatione
1513 4107 1577 4161 ad
1611 4123 1748 4162 rou-

137 4191 440 4248 fessionem
491 4204 709 4250 coactus
759 4205 848 4251 est
899 4199 1211 4252 meritorum
1260 4215 1500 4253 suorum.
1561 4200 1746 4254 Potest

143 4283 306 4338 etiam
359 4285 491 4340 illud
548 4286 792 4357 intelligi,
849 4298 907 4342 ut
959 4301 1187 4343 mortem
1246 4302 1399 4345 vocet
1444 4303 1741 4360 peccatum,

147 4375 280 4443 quod
312 4385 625 4446 contempta
654 4379 830 4432 divina
863 4381 982 4451 lege
1002 4382 1355 4437 committitur
1383 4401 1396 4437 :
1426 4394 1481 4438 ut
1502 4385 1743 4441 aculeum

145 4468 336 4522 mortis
364 4479 594 4524 mortem
615 4472 944 4541 appellemus
966 4513 982 4539 ,
1014 4475 1155 4543 quod
1185 4486 1410 4530 mortem
1438 4487 1742 4547 comparet;

139 4560 365 4614 aculeus
392 4562 537 4615 enim
569 4564 778 4629 mortis,
813 4572 1086 4634 peccatum
1132 4567 1151 4636 (
1188 4567 1206 4621 l
1234 4566 1350 4621 Cor.
1379 4584 1470 4634 xv,
1500 4569 1571 4624 56
1605 4571 1645 4640 ).
1688 4569 1744 4624 In

138 4669 242 4722 qua
275 4663 460 4710 morte
486 4655 586 4711 hoc
611 4667 694 4712 est
721 4673 838 4715 esse
869 4661 1235 4718 immemorem
1272 4664 1384 4728 Dei,
1423 4664 1592 4736 legem
1628 4666 1744 4737 ejus

142 4754 195 4797 ct
225 4754 503 4815 praecepta
530 4758 914 4804 contemnere:
942 4761 1000 4806 ut
1044 4751 1310 4808 infernum
1337 4756 1548 4815 dixerit.
1584 4774 1690 4810 εει-(ο
1713 4789 1741 4801 .-

145 4845 310 4892 tatem
344 4838 532 4904 animi,
565 4856 683 4908 qtne
733 4853 1066 4910 peccantem,
1107 4845 1158 4899 id
1184 4856 1284 4910 est,
1312 4848 1626 4904 morientem
1651 4865 1745 4903 ex-

145 4929 274 4998 cipit
297 4937 354 4984 et
382 4929 635 4994 involvit;
670 4931 816 4986 Sicut
839 4950 940 4988 non
962 4935 1313 5005 probaverunt,
1345 4939 1532 5009 inquit,
1564 4938 1745 4996 habiare

151 5020 314 5076 Deum
344 5024 399 5076 in
431 5025 627 5089 notitia,
657 5026 797 5086 dedit
834 5029 950 5082 illos
977 5027 1116 5083 Deus
1156 5031 1209 5084 in
1249 5035 1515 5100 reprobum
1545 5051 1744 5088 sensum

151 5112 328 5183 (Rom.
360 5131 399 5176 ι,
433 5113 552 5182 28).
584 5116 668 5170 Ab
695 5117 792 5170 ista
824 5127 996 5173 morte
1022 5129 1076 5174 et
1115 5119 1183 5175 ab
1207 5120 1549 5191 istoinferuo
1577 5134 1742 5182 tutam

150 5220 206 5260 ne
237 5205 467 5275 prazberi
516 5208 692 5260 anima
725 5207 1041 5277 deprecatur
1061 5251 1078 5277 ,
1105 5210 1229 5271 dum
1274 5207 1742 5271 molitur'couver-

159 5297 352 5352 sionem
387 5297 453 5351 ad
489 5297 678 5363 Deum,
711 5309 763 5353 et
792 5301 955 5354 sentit
980 5301 1346 5358 difﬁcultates.
1484 5373 1487 5375 ἓ
1742 5382 1746 5386 _

221 5390 273 5445 7.
305 5391 457 5453 lms.
480 5388 561 5464 7.]
597 5391 938 5460 Quapropter
965 5395 1201 5448 contexit
1239 5395 1426 5451 dicens
1455 5414 1467 5451 :
1497 5396 1745 5454 Laboravi

162 5483 404 5557 ingenita
435 5503 569 5540 meo.
615 5485 682 5541 Et
725 5493 976 5556 tanquam
1004 5502 1190 5558 parum
1219 5489 1498 5558 profuerit,
1527 5492 1670 5547 addit
1691 5502 1747 5548 et

163 5575 305 5632 dicit:
331 5576 544 5633 lavabo
570 5592 669 5645 per
689 5577 915 5653 singulas
941 5589 1109 5631 noctes
1135 5581 1318 5633 tectum
1347 5599 1532 5635 meum.
1553 5585 1744 5638 Lectus

158 5669 347 5729 esthoc
375 5669 503 5727 loco
524 5667 833 5737 appellatus
854 5668 942 5723 ubi
966 5667 1255 5738 requiescit
1285 5672 1498 5727 animus
1525 5689 1668 5742 aeger
1691 5683 1745 5727 et

157 5767 396 5828 inﬁrmus.
423 5765 483 5822 id
512 5770 602 5819 est
633 5761 686 5815 in
708 5760 981 5828 voluptate
1002 5762 1246 5831 corporis
1268 5774 1320 5817 et
1343 5763 1393 5816 in
1416 5765 1558 5818 omni
1588 5765 1744 5821 dele-

152 5863 360 5924 ctatione
387 5851 699 5919 saeculari;
731 5865 888 5924 quam
901 5851 1304 5912 delectationem
1335 5854 1580 5928 lacrymis
1601 5857 1743 5915 lavat

3406 434 3486 496 94

1891 528 1977 591 qui
2003 544 2122 583 sese
2147 531 2214 584 ab
2239 533 2322 584 illa
2350 545 2572 588 conatur
2599 539 2898 594 extrahere.
2929 541 3085 599 Videt
3114 546 3257 603 enim
3281 550 3390 621 jam
3419 568 3483 611 se

1889 615 2145 674 damnare
2173 624 2415 677 carnales
2452 631 2910 697 concupiscentias
2930 645 3026 698 ,et
3048 647 3222 694 tamen
3243 643 3477 700 delecta-

1892 708 2034 764 tione
2090 720 2298 767 tenetur
2346 717 2625 772 inﬁrmitas
2655 722 2693 784 ¹,
2745 733 2797 776 et
2849 723 2900 778 in
2953 743 3013 780 ea
3055 729 3280 787 libenter
3309 736 3475 804 jacet,

1889 803 2026 858 unde
2076 820 2292 875 surgere
2323 810 2422 862 nisi
2453 826 2675 869 sanatus
2705 820 2915 870 animus
2948 835 3050 873 non
3087 834 3274 890 potest.
3323 828 3478 895 Quod

1885 905 2059 948 autem
2086 899 2180 962 ait,
2212 917 2298 966 per
2327 903 2552 971 singulas
2582 916 2768 967 noctes,
2795 908 2896 962 hoc
2925 911 3147 966 fortasse
3174 917 3340 984 accipi
3372 934 3474 970 vo-

1886 984 1999 1050 luit,
2053 987 2191 1056 qaud
2245 989 2328 1044 ille
2358 993 2446 1059 qui
2493 995 2680 1061 Spiritu
2732 1009 3008 1067 promptus
3054 1004 3214 1057 sentit
3242 1007 3476 1075 aliquam

1857 1075 2053 1131 'lucem
2085 1081 2346 1148 veritatis,
2374 1095 2428 1138 et
2456 1093 2630 1140 tamen
2660 1089 2710 1141 in
2738 1090 3095 1150 delectatione
3119 1094 3276 1165 hujus
3290 1102 3478 1155 surculi

1882 1183 1977 1238 per
2001 1174 2175 1226 carnis
2202 1174 2562 1233 inﬁrmitatem
2591 1181 2876 1251 aliquando
2893 1188 3201 1256 requiescit,
3223 1201 3469 1262 tanquam

1879 1259 1993 1315 dies
2018 1271 2070 1316 et
2110 1275 2292 1319 noctes
2338 1270 2546 1325 alterno
2588 1273 2780 1327 all'ectu
2829 1277 3039 1345 Cogitur
3086 1281 3189 1348 pati
3224 1301 3237 1336 :
3267 1259 3467 1338 ut'cum

1878 1351 2026 1415 dicit,
2076 1353 2247 1409 Mente
2288 1361 2448 1412 servio
2495 1363 2593 1432 legi
2625 1363 2737 1430 Dei,
2771 1377 3018 1436 tanquam
3046 1371 3186 1426 diem
3233 1377 3464 1441 sentiat;

1876 1460 2061 1501 rursus
2088 1465 2206 1502 cum
2234 1449 2381 1517 dicit,
2411 1452 2576 1508 Carne
2602 1467 2768 1510 autem
2805 1460 2902 1530 legi
2935 1465 3127 1530 peccati
3149 1463 3336 1528 (Rom.
3367 1484 3462 1532 vn,

1875 1536 1966 1606 25)
1990 1581 2004 1603 ,
2040 1539 2321 1596 inclinetur
2347 1545 2399 1598 in
2437 1557 2668 1614 noctem,
2700 1549 2869 1606 donec
2894 1555 3462 1624 omnisnoxtranseat,

1875 1639 1928 1683 et
1958 1632 2135 1686 veniat
2167 1651 2303 1688 unus
2332 1637 2446 1691 dies
2475 1638 2542 1694 de
2569 1655 2674 1708 quo
2705 1641 2898 1697 dicitur
2927 1662 2940 1697 :
2977 1645 3131 1701 Mane
3155 1649 3326 1702 astabo
3349 1649 3461 1713 tibi,

1873 1729 1919 1773 et
1943 1722 2116 1775 videbo
2151 1722 2318 1792 (Psal.
2341 1742 2396 1789 v,
2426 1726 2502 1799 ὅ).
2532 1729 2682 1783 Tunc
2704 1733 2842 1786 enim
2862 1735 3092 1801 astabit;
3130 1753 3269 1792 nunc
3287 1751 3462 1793 autem

1869 1812 2030 1880 jacet,
2059 1816 2270 1884 quando
2304 1818 2352 1871 in
2385 1819 2521 1873 lecto
2551 1830 2634 1877 est
2665 1839 2819 1892 quem
2865 1825 3064 1881 lavabit
3105 1845 3198 1898 per
3230 1831 3465 1899 singulas

1874 1913 2076 1968 noctes,
2108 1916 2162 1958 ut
2188 1909 2347 1962 tantis
2376 1910 2628 1981 lacrymis
2665 1915 2911 1983 impetret
2941 1916 3366 1973 efﬁcacissimam
3395 1923 3462 1975 de

1873 1997 1964 2051 Dei
2025 2001 2390 2057 misericordia
2465 2006 2799 2059 medicinam.
2845 2008 2909 2061 In
2968 2009 3204 2080 lacrymis
3251 2023 3461 2066 stratum

1870 2106 2035 2142 meum
2059 2092 2253 2161 rigabo,
2277 2097 2521 2164 repetitio
2539 2107 2621 2150 est
2650 2113 2662 2148 :
2688 2101 2960 2152 cumeuim
2983 2101 3109 2155 dicit
3126 2102 3176 2154 in
3201 2104 3456 2173 laerynm,

1867 2180 2102 2234 ostendit.
2133 2186 2582 2252 quemadmodum
2625 2192 2874 2254 superius
2899 2192 3074 2245 Iavobo
3101 2193 3324 2256 dixerit;
3359 2195 3460 2250 hoc

1867 2283 2042 2326 autem
2089 2275 2380 2345 accipimus
2432 2289 2680 2340 stratum,
2737 2282 2880 2350 quod
2930 2283 3175 2351 superiu~
3231 2283 3456 2338 lectum:

1865 2379 2164 2434 qmnqnam
2197 2369 2371 2437 rigabo
2416 2370 2642 2435 amplius
2686 2373 2754 2424 sit
2794 2373 2990 2442 aliquid
3039 2390 3196 2444 quam
3247 2376 3455 2440 lavabo;

1864 2457 2112 2522 quoniam
2162 2468 2334 2525 potest
2376 2460 2570 2528 aliquid
2608 2461 2656 2514 in
2691 2463 2974 2528 superﬁcie
3023 2463 3223 2529 lavari;
3268 2468 3454 2536 rigatio

1865 2562 1991 2601 vero
2032 2548 2096 2601 ad
2143 2550 2391 2603 interiora
2443 2563 2681 2623 permeat
2705 2555 2746 2617 ¹,
2795 2554 2936 2624 quod
2965 2557 3227 2625 signiﬁcat
3270 2557 3451 2614 [letum

1863 2653 2032 2708 usque
2076 2640 2140 2694 ad
2191 2643 2368 2696 cordis
2416 2644 2620 2697 intima.
2673 2645 2994 2715 Temporum
3047 2666 3175 2704 vero
3203 2654 3450 2716 varietas,

1862 2730 2002 2798 quod
2033 2733 2360 2799 pra-teritum
2389 2736 2585 2804 pesuit,
2609 2751 2730 2790 cum
2755 2736 2977 2805 diceret,
3003 2740 3250 2797 Luboraui
3280 2744 3332 2796 in
3361 2761 3451 2814 ge-

1861 2824 1984 2876 mitu
2010 2840 2160 2887 meo;
2185 2835 2236 2878 et
2265 2824 2518 2888 futurum,
2567 2845 2687 2882 cum
2719 2830 2943 2891 diceret,
2990 2831 3192 2887 Lavabo
3237 2852 3326 2902 per
3346 2837 3454 2888 sin-

1858 2914 2009 2984 gulos
2040 2927 2208 2968 noctes
2241 2920 2422 2970 lectmn
2443 2936 2639 2984 meum;
2673 2937 2858 2975 rursus
2897 2922 3151 2986 futurum,
3185 2923 3250 2978 In
3279 2926 3450 2996 Iacryc

1859 3005 1954 3058 mis
2000 3015 2214 3060 stratum
2267 3025 2434 3062 nteant
2475 3012 2673 3080 rigabo,
2726 3012 2853 3067 illud
2913 3016 3147 3068 ostendit
3193 3017 3318 3084 quid
3348 3019 3448 3072 sibi

1856 3093 2036 3151 dicere
2060 3097 2271 3164 debeat,
2301 3117 2420 3152 cum
2448 3103 2672 3170 quisque
2705 3104 2754 3156 in
2783 3107 2980 3172 gemitu
3013 3105 3206 3161 frustra
3236 3109 3446 3161 labora-

1856 3187 2022 3251 verit;
2069 3197 2315 3257 tanquam
2350 3189 2553 3246 diceret
2585 3209 2599 3246 :
2628 3192 2744 3246 Non
2795 3195 2990 3262 profuit
3026 3212 3150 3250 cum
3196 3197 3296 3253 hoc
3323 3198 3442 3266 feci,

1855 3291 1983 3344 ergo
2014 3277 2139 3330 illud
2173 3278 2385 3332 faciam.

1926 3367 1978 3421 8.
2009 3365 2157 3440 [vers
2207 3369 2240 3424 8
2261 3413 2275 3435 ,
2305 3369 2384 3442 9.]
2415 3370 2668 3428 Turbatus
2695 3384 2766 3428 est
2793 3376 2856 3429 ab
2882 3375 2959 3429 ira
2974 3377 3305 3433 oculusmeus
3323 3382 3402 3451 (a)
3426 3397 3440 3438 :

1855 3469 2030 3511 utrum
2073 3474 2166 3513 sua
2189 3502 2203 3525 ,
2246 3476 2313 3514 an
2347 3462 2479 3527 Dei,
2512 3464 2561 3516 in
2594 3480 2696 3534 qua
2728 3466 2856 3533 petit
2884 3483 2948 3522 ne
2979 3479 3288 3540 argueretur
3311 3513 3324 3532 ,
3356 3482 3447 3527 aut

1851 3549 2254 3617 corriperetur?
2285 3552 2388 3607 Sed
2417 3553 2461 3606 si
2494 3554 2578 3608 illa
2610 3556 2753 3611 diem
2774 3556 2959 3626 judicii
2985 3559 3244 3628 signiﬁcat
3264 3602 3279 3628 ,
3305 3577 3442 3633 quo-

1853 3643 2012 3696 modo
2059 3659 2196 3698 nunc
2248 3655 2422 3712 potest
2465 3647 2732 3719 intelligi?
2772 3654 2851 3704 An
2889 3650 3157 3708 inchoatio
3183 3654 3297 3724 ejus
3323 3666 3442 3722 est,

1850 3734 1989 3802 quod
2033 3734 2117 3788 hie
2155 3735 2400 3792 homines
2437 3739 2650 3795 dolores
2676 3752 2729 3796 et
2763 3751 3023 3802 tormenta
3065 3746 3366 3815 patiuntur,
3392 3759 3447 3805 et

1850 3825 2087 3880 maxime
2132 3826 2383 3881 damnum
2436 3830 2796 3900 intelligentia:
2836 3835 3112 3902 veritatis,
3159 3836 3299 3893 sicut
3331 3838 3443 3908 jam

1849 3920 2263 3973 commemoravi
2313 3924 2451 3990 quod
2493 3923 2695 3980 dictum
2736 3936 2818 3981 est
2855 3946 2869 3982 :
2912 3928 3062 3983 Dedit
3085 3931 3199 3986 illos
3228 3931 3366 3988 Deus
3392 3935 3446 3990 in

1848 4011 2118 4080 reprobum
2163 4029 2361 4066 sensum
2405 4014 2581 4085 (Rom.
2623 4034 2639 4074 t
2665 4059 2680 4084 ,
2719 4017 2812 4092 28)
2835 4020 2858 4074 ?
2882 4020 3014 4076 Nam
3041 4039 3100 4079 ea
3126 4033 3210 4080 est
3234 4029 3446 4084 caecitas

1851 4105 2078 4167 mentis;
2123 4105 2174 4157 in
2220 4121 2336 4158 eam
2382 4108 2621 4178 quisquis
2664 4110 2818 4166 datus
2864 4112 3050 4178 fuerit,
3096 4116 3164 4172 at;
3193 4115 3447 4174 interiore

1851 4193 1946 4247 Dei
1978 4195 2095 4249 luce
2121 4195 2414 4250 secluditur
2439 4240 2451 4259 ,
2487 4198 2579 4253 Sed
2614 4202 2844 4256 nondum
2875 4206 3087 4273 penitus
3110 4222 3230 4262 cum
3263 4209 3315 4264 in
3347 4209 3446 4266 hac

1849 4285 1952 4337 vita
1989 4294 2090 4340 est.
2131 4286 2265 4342 Sunt
2297 4291 2438 4343 enim
2478 4293 2710 4346 tenebras
2736 4297 3029 4352 exteriores
3057 4297 3269 4370 (Matth.
3295 4317 3405 4356 xxv
3425 4344 3440 4369 ,

1849 4380 1939 4448 50)
1965 4420 1978 4442 ,
2021 4396 2140 4448 qua:
2167 4385 2334 4452 magis
2365 4386 2429 4437 ad
2460 4390 2599 4439 diem
2625 4387 2810 4455 judicii
2841 4391 3110 4459 pertinuere
3135 4392 3443 4465 intelligun-

1851 4482 1936 4526 tur
1955 4515 1968 4538 ,
1994 4483 2050 4527 ut
2071 4475 2281 4544 penitus
2304 4486 2450 4531 extra
2478 4480 2642 4534 Deum
2669 4482 2766 4545 sit,
2789 4484 3029 4551 quisquis
3045 4526 3059 4551 ,
3082 4485 3208 4539 dum
3233 4496 3444 4557 tempus

1848 4574 1960 4626 est,
1993 4566 2183 4635 corrigi
2211 4567 2439 4622 noluerit
2462 4585 2476 4633 ;
2510 4572 2726 4638 penitus
2747 4572 2888 4625 enim
2917 4573 2937 4603 ³
2957 4590 3076 4629 eSse
3100 4587 3247 4630 extra
3276 4579 3440 4634 Deum

1848 4656 1976 4724 quid
1996 4666 2105 4720 est,
2136 4658 2234 4711 nisi
2261 4673 2381 4714 esse
2410 4661 2460 4714 in
2485 4675 2691 4714 summa
2719 4665 2957 4719 eaacitate
2976 4667 2999 4718 ?
3020 4666 3280 4736 siquidem
3302 4669 3443 4725 Dens

1850 4746 2052 4801 habitat
2076 4749 2246 4802 lucem
2274 4749 2694 4807 inaecessibilem
2724 4754 2766 4823 (ι
2803 4753 2932 4809 Tim.
2959 4773 3010 4810 vi
3035 4800 3048 4817 ,
3081 4758 3168 4830 i6)
3193 4801 3207 4821 ,
3237 4774 3342 4821 duo
3363 4763 3438 4816 in-

1847 4841 2158 4911 grediuntur
2183 4844 2374 4911 quibus
2415 4845 2608 4899 dicitur
2639 4864 2652 4899 :
2688 4847 2834 4900 Intra
2866 4850 2916 4901 in
2952 4851 3191 4920 gaudium
3233 4851 3442 4909 Domim

1848 4934 1922 4986 tui
1957 4931 2164 5002 (Matth.
2210 4950 2351 4996 xxv.
2394 4935 2491 5003 2i,
2531 4935 2644 5009 25).
2677 4939 2843 5008 Hujus
2875 4942 3030 5010 igitur
3055 4932 3148 4996 irie
3176 4944 3442 4999 inchoatio

1848 5035 1932 5080 est
1973 5041 2129 5094 quam
2175 5027 2224 5080 in
2272 5026 2370 5082 hac
2413 5031 2516 5081 vita
2559 5031 2752 5098 patitur
2787 5033 3010 5102 quisque
3048 5046 3339 5103 peccator:
3371 5039 3462 5110 ti-.

1851 5106 2003 5195 mens
2046 5119 2221 5186 itaque
2259 5118 2443 5186 judicii
2489 5119 2628 5175 diem
2654 5161 2668 5185 ,
2707 5121 2911 5176 laborat
2937 5132 2990 5177 et
3018 5124 3249 5195 plangit,
3281 5144 3347 5184 ne
3373 5130 3440 5184 ad

1850 5192 1977 5262 illud
2007 5209 2355 5279 perducatur,
2390 5211 2539 5279 cujus
2562 5213 2769 5267 initium
2797 5224 2900 5269 tam
2925 5218 3276 5285 perniciosum
3300 5236 3442 5276 nunc

1849 5301 2252 5369 experitur;'et
2292 5303 2409 5357 ideo
2450 5320 2553 5385 non
2594 5305 2758 5373 dixit,
2801 5307 3106 5363 Exstinctus
3143 5318 3262 5378 est,
3303 5312 3396 5367 sed
3423 5353 3437 5378 ,

1915 5498 1935 5569 ξ
1957 5503 2086 5569 ξεῖν
2113 5494 2426 5569 inﬁrmitatis.
2454 5506 2509 5548 At
2524 5506 2596 5549 Fr.
2625 5508 2676 5551 et
2699 5499 2924 5569 plerique
2946 5510 3075 5565 Mss,
3099 5484 3373 5569 iit/irvy'itas.

1875 5559 2112 5636 .u’JEditi:
2461 5569 2516 5612 At
2547 5569 2652 5612 MSS.
2694 5559 2870 5627 aliqui;
3195 5565 3442 5636 “inp”.

1913 5679 2168 5745 3Nounulli
2193 5684 2358 5745 probte
2391 5695 2517 5734 notae
2565 5693 2690 5736 uss;
2730 5685 2924 5740 renitas
2957 5696 3117 5740 mrtem
3156 5702 3258 5741 esse
3295 5699 3441 5742 extra

1851 5742 2132 5816 DelumLAlili
2159 5742 2276 5794 vero
2299 5759 2408 5816 cum
2432 5747 2594 5816 editis,
2623 5748 2813 5816 Penit_us
2833 5751 2977 5801 enim.
3006 5753 3206 5816 [autem]

1912 5806 1985 5866 (a)
2020 5812 2086 5872 De
2113 5806 2201 5855 hac
2224 5815 2362 5868 parte
2383 5821 2516 5872 vers.
2543 5809 2574 5857 8
2597 5808 2797 5872 consule
2820 5817 2836 5860 1
2860 5806 3151 5863 Εηετ.“ινεθι.
3180 5806 3346 5872 inn,
3381 5830 3432 5864 η.

1852 5869 1898 5917 9.
1927 5872 1996 5920 De
2018 5866 2173 5918 altera
2190 5866 2328 5931 parte
2348 5869 2568 5932 ejusdem
2587 5883 2716 5922 vers.
2733 5870 2767 5921 8
2781 5872 2892 5924 vide
2917 5879 3055 5926 ω.
3081 5876 3295 5936 Psal.cu,
3316 5866 3367 5926 ti.
3381 5876 3434 5927 θ.
