3956 6324
518 376 592 437 95
1760 366 1817 422 s.
1859 358 2223 422 aucusrtxt
2265 362 2564 423 emscom
3745 372 3828 430 as

520 494 776 548 Turbatus
800 496 870 545 est
895 489 958 544 ab
986 486 1064 542 ira
1092 488 1269 543 oculus
1295 502 1452 540 meus.
1483 482 1538 541 Si
1563 493 1739 538 autem
1767 496 1862 536 sua
1889 480 1966 536 ira
1991 478 2120 535 dicit

517 584 734 638 oculum
776 597 930 636 suum
958 596 1078 635 esse
1106 579 1406 640 turbatura,
1443 592 1612 647 neque
1642 574 1743 631 hoc
1772 575 1963 629 mirum
1991 583 2072 627 est
2102 590 2114 623 :

517 690 641 729 nam
679 672 804 727 hinc
837 670 1058 728 forsitan
1122 669 1323 724 dictum
1349 677 1461 732 est,
1491 664 1614 721 Non
1642 664 1841 719 occidat
1866 664 1945 717 sol
1968 678 2119 732 super

514 764 839 821 iracundiam
874 774 1088 832 vestram
1119 760 1333 831 (Ep/tes.
1367 775 1416 814 iv
1436 801 1451 824 ,
1482 760 1573 823 26)
1592 800 1607 820 ,
1634 758 1776 829 quod
1805 754 2113 810 interiorem

516 842 688 913 sulem
709 898 723 922 ,
749 856 799 911 id
825 864 909 911 est
934 855 1246 925 sapientiam
1272 852 1401 920 Dei,
1430 860 1679 921 tanquam
1709 862 1957 903 occasum
1980 846 2034 899 in
2056 861 2117 901 se

515 951 625 1018 pati
669 950 957 1005 arbitratur
993 963 1179 1014 mens,
1226 960 1345 1016 qua:
1388 960 1483 1000 sua
1529 942 1929 1015 perturbatione
1962 939 2113 995 illum

516 1040 698 1096 videre
728 1055 834 1097 non
864 1038 1075 1095 sinitur.

584 1131 639 1187 9.
681 1130 967 1187 Inveteravi
1001 1132 1056 1184 in
1094 1130 1325 1183 omnibus
1363 1126 1581 1183 inimicis
1616 1126 1756 1181 meis.
1794 1124 1868 1180 De
1893 1125 1971 1180 ira
1997 1132 2116 1179 tan-

516 1229 629 1276 tum
660 1221 902 1287 dixerat,
934 1221 980 1277 si
1004 1230 1181 1277 tamen
1204 1220 1271 1275 de
1294 1235 1393 1274 sua
1420 1220 1497 1274 ira
1527 1218 1736 1273 dixerat
1767 1216 2114 1273 :considera-

512 1314 589 1369 tis
609 1324 788 1371 autem
818 1314 1041 1385 reliquis
1069 1315 1209 1369 vitiis
1231 1354 1248 1380 ,
1279 1312 1482 1368 invenit
1500 1328 1559 1367 se
1584 1310 1832 1366 omnibus
1856 1325 1974 1366 esse
1995 1310 2110 1364 val-

514 1408 704 1471 latum.
735 1406 865 1472 Qua:
894 1406 1018 1461 vitia
1047 1406 1297 1474 quoniam
1328 1404 1525 1461 veteris
1545 1404 1667 1457 vita:
1692 1412 1890 1458 suntet
1915 1404 2114 1459 veteris

516 1496 753 1551 hominis
772 1512 877 1568 quo
899 1496 1129 1552 exuendi
1154 1511 1339 1551 sumus
1360 1504 1418 1550 ut
1438 1494 1718 1550 induantur
1733 1510 1871 1569 novo
1890 1493 2108 1567 (Coloss.

518 1603 577 1642 ιιι
602 1628 618 1654 ,
649 1587 683 1643 9
701 1628 718 1655 ,
747 1588 875 1656 10),
907 1597 1053 1643 recte
1078 1588 1276 1643 dictum
1302 1597 1386 1643 est
1407 1627 1424 1652 ,
1455 1585 1755 1642 lnveteravi.
1785 1587 1852 1641 In
1881 1589 2111 1643 omnibus

517 1686 696 1732 autem
736 1678 955 1741 inimicis
999 1679 1154 1745 meis,
1207 1678 1289 1734 vel
1330 1678 1469 1733 inter
1510 1679 1622 1747 ipsa
1666 1678 1790 1733 vitia
1832 1678 1998 1744 dicit,
2026 1682 2109 1733 vel

517 1767 658 1822 inter
695 1766 938 1822 homines
969 1769 1059 1841 qui
1088 1772 1274 1824 nolunt
1297 1769 1363 1823 ad
1402 1769 1568 1824 Deum
1594 1768 1833 1823 converti
1864 1784 1878 1822 :
1910 1784 2031 1823 nam
2056 1778 2112 1824 et

516 1856 603 1922 bi,
646 1859 809 1914 etiam
844 1858 889 1915 si
928 1860 1173 1936 nesciunt
1216 1862 1265 1923 ‘,
1306 1860 1465 1913 etiam
1509 1859 1553 1913 si
1596 1869 1851 1930 parcunt,
1882 1862 2039 1933 etiam
2064 1865 2108 1915 si

519 1945 712 2003 iisdem
753 1946 1014 2004 conviviis
1049 1959 1105 2005 et
1141 1950 1391 2005 domibus
1428 1960 1481 2004 et
1522 1950 1825 2005 civitatibus
1851 1951 1992 2006 nulla
2019 1952 2110 2005 lite

515 2037 868 2110 interposita,
912 2050 966 2097 et
1008 2040 1214 2096 crebris
1258 2041 1538 2111 colloquiis
1577 2042 1731 2112 quasi
1773 2043 2111 2097 concorditer

513 2140 769 2197 utuntur,
797 2130 1144 2187 nihilominus
1167 2141 1341 2186 tamen
1373 2132 1663 2187 intentione
1682 2134 1945 2188 contraria
1966 2175 1981 2198 ,
2006 2135 2107 2189 iui-

512 2220 639 2277 ιιιίοί
682 2232 808 2277 sunt
830 2221 911 2278 eis
940 2223 1028 2293 qui
1058 2237 1118 2279 se
1151 2223 1217 2278 ad
1256 2223 1420 2280 Deum
1461 2234 1793 2280 convertunt.
1824 2224 1955 2279 Nam
1985 2242 2106 2281 cum

509 2314 600 2369 alii
638 2324 822 2371 amant
844 2322 900 2370 et
922 2325 1182 2387 appetunt
1209 2316 1368 2372 istum
1402 2318 1655 2372 mundum
1676 2359 1692 2383 ,
1720 2318 1809 2372 alii
1836 2334 1894 2372 se
1921 2328 2110 2387 optant

508 2406 580 2462 ab
622 2406 728 2461 isto
772 2407 974 2462 mundo
1016 2408 1270 2473 liberari,
1302 2422 1422 2479 quis
1450 2424 1554 2463 non
1584 2409 1757 2463 videat
1786 2409 1903 2463 illos
1934 2410 2107 2463 inimio

508 2510 604 2551 cos
630 2512 751 2553 esse
787 2496 946 2555 istis?
982 2514 1106 2554 nam
1145 2500 1189 2555 si
1226 2500 1463 2569 possint,
1496 2514 1591 2555 eos
1618 2516 1798 2580 secum
1828 2500 1894 2554 ad
1923 2516 2108 2570 pcnnas

510 2588 748 2645 trahunt.
791 2590 859 2647 Et
898 2606 1151 2663 magnum
1185 2591 1383 2647 donum
1411 2603 1493 2648 est
1515 2634 1530 2657 ,
1563 2592 1702 2648 inter
1730 2609 1913 2647 eorum
1945 2593 2121 2668 verba~

506 2686 711 2742 versari
748 2685 1021 2757 quotidie,
1059 2693 1115 2741 et
1155 2702 1261 2741 non
1295 2688 1555 2743 excedere
1581 2687 1648 2742 de
1693 2688 1881 2743 itinere
1909 2704 2108 2757 praece-

506 2789 721 2851 ptorum
753 2779 847 2834 Dei
879 2796 894 2834 :
921 2794 1064 2849 smpe
1084 2778 1227 2833 enim
1251 2794 1400 2835 mens
1416 2780 1591 2834 nitens
1610 2795 1826 2851 pergere
1847 2780 1899 2834 in
1915 2780 2104 2845 Deum,

504 2886 765 2926 concussa
806 2870 857 2924 in
888 2870 1004 2940 ipso
1035 2869 1222 2925 itinere
1254 2869 1482 2939 trepidat
1513 2888 1525 2922 :
1560 2864 1613 2924 et
1640 2871 1949 2939 plerumque
1981 2884 2106 2937 pro-

504 2971 688 3034 pterca
711 2978 818 3019 non
842 2962 1028 3034 implet
1052 2963 1250 3021 bonum
1274 2964 1599 3035 propositum
1623 3007 1638 3033 ,
1667 2979 1733 3022 ne
1753 2963 1989 3021 oll‘eudat
2012 2978 2106 3017 eos

501 3074 626 3112 cum
668 3060 865 3129 quibus
911 3060 1075 3125 vivit,
1106 3058 1206 3112 alia
1250 3058 1390 3114 bona
1431 3059 1660 3128 peritura
1701 3069 1753 3113 et
1781 3059 2106 3113 transenntia

501 3150 789 3221 diligentes
814 3160 972 3221 atque
999 3160 1287 3206 sectantes.
1319 3150 1401 3217 Ab
1423 3150 1505 3205 his
1530 3163 1806 3219 separatus
1828 3162 1909 3206 est
1931 3152 2105 3207 omnis

500 3256 665 3295 sanis
684 3282 700 3306 ,
732 3256 838 3295 non
864 3241 1029 3306 locis,
1060 3241 1155 3296 sed
1186 3241 1402 3307 animo;
1430 3258 1553 3296 nam
1575 3242 1706 3297 locis
1728 3257 1952 3312 corpora
1975 3258 2103 3298 con-

501 3343 770 3396 tinentur,
800 3333 981 3388 animo
1010 3343 1187 3388 autem
1214 3334 1364 3389 locus
1394 3344 1476 3388 est
1504 3333 1715 3389 affectio
1735 3351 1852 3389 sua.

573 3425 661 3480 i0.
693 3423 1028 3495 Quapropter
1056 3433 1177 3493 post
1207 3423 1443 3480 laborem
1473 3434 1524 3479 et
1549 3425 1802 3495 gemitum
1824 3432 1879 3479 et
1905 3424 2105 3481 imbres

500 3515 853 3572 creberrimos
890 3516 1247 3588 lacryniarum
1266 3557 1283 3584 ,
1311 3516 1435 3587 quia
1464 3515 1620 3571 inane
1644 3532 1749 3572 non
1782 3525 1957 3586 potest
1980 3531 2101 3572 esse

499 3607 642 3678 quod
678 3616 786 3662 tam
815 3608 1164 3664 vehementer
1186 3615 1404 3679 rogatur
1425 3607 1493 3663 ab
1516 3622 1584 3663 eo
1612 3607 1703 3679 qui
1728 3606 1850 3662 fons
1873 3614 1959 3663 est
1982 3620 2105 3677 om-

495 3701 647 3756 nium
696 3698 1179 3755 misericordianim
1209 3743 1226 3765 ,
1282 3700 1667 3772 verissimeque
1719 3700 1921 3756 dictum
1969 3710 2102 3775 est,

494 3790 673 3862 Prope
705 3802 781 3849 est
819 3791 1071 3848 Donsinus
1111 3792 1300 3849 attritis
1341 3792 1493 3849 corde
1528 3792 1703 3867 (Psal.
1732 3809 1940 3864 xxxm,
1969 3792 2103 3877 19)⁹

474 3896 617 3955 post
641 3892 815 3939 tantas
842 3883 1182 3941 difilcultates
1208 3885 1509 3941 exauditam
1539 3900 1598 3940 se
1622 3886 1797 3940 anima
1825 3887 1910 3957 pia
1936 3886 2105 3957 signi-

498 3974 703 4041 ﬁcans,
741 3989 902 4046 quam
941 3974 1066 4031 licet
1104 3976 1264 4031 etiam
1293 3976 1585 4032 Ecclesiam
1617 3976 1948 4047 intelligere,
1980 3977 2104 4032 vide

493 4067 621 4138 quid
663 4065 906 4137 adiungit
950 4082 965 4123 :
1009 4066 1266 4122 Discedite
1305 4084 1336 4120 a
1370 4085 1483 4131 me,
1511 4085 1682 4122 omnes
1706 4070 1793 4139 qui
1820 4068 2105 4137 operamini

491 4159 851 4231 iniquitatem;
890 4159 1130 4229 quoidam
1170 4161 1425 4215 exaudivit
1477 4160 1725 4215 Dominus
1752 4178 1921 4217 vocem
1950 4163 2103 4232 fletus

492 4250 613 4305 mei.
650 4249 744 4306 Vel
773 4251 826 4304 in
856 4250 1134 4320 prophetia
1162 4250 1364 4306 dictum
1390 4261 1503 4315 est,
1529 4251 1781 4321 quoniam
1810 4249 2101 4307 discessuri

491 4348 656 4407 sunt,
680 4339 732 4396 id
755 4348 840 4397 est
860 4381 875 4408 ,
904 4342 1343 4412 separabontura
1365 4341 1525 4413 justis
1549 4341 1740 4413 impii,
1766 4358 1889 4399 cum
1910 4341 2101 4415 iudicii

394 4480 400 4485 .
490 4434 609 4489 dies
651 4432 895 4499 venerit;
942 4433 1028 4509 vel
1074 4449 1250 4499 nunc,
1295 4436 1416 4505 quia
1461 4434 1670 4489 etiamsi
1700 4434 1900 4504 pariter
1937 4443 2101 4505 atque

492 4523 683 4580 iisdem
707 4526 1096 4581 conventiculis
1115 4524 1461 4581 continentur
1482 4566 1497 4587 ,
1529 4534 1705 4579 tamen
1734 4524 1787 4579 in
1808 4539 1933 4581 area
1956 4525 2096 4582 nuda

486 4615 596 4689 jam
638 4630 800 4686 grana
842 4626 1085 4687 separata
1124 4628 1245 4672 sunt
1275 4634 1305 4671 a
1335 4616 1532 4687 paleis,
1562 4614 1805 4687 quamvis
1831 4618 1973 4673 inter
1993 4632 2093 4688 pa-

2224 476 2275 531 in
2316 478 2509 548 gaudio
2548 489 2710 536 metet
2734 480 2919 552 ,(Psal.
2960 498 3107 539 cxxv
3127 526 3141 548 ,
3173 484 3261 555 5),
3287 494 3337 541 et
3366 484 3510 547 beati
3539 486 3827 560 lugentes-

2221 574 2473 644 quoniam
2506 575 2602 644 ipsi
2629 574 3044 632 consolabuntur
3066 576 3282 649 (Matth.
3310 594 3343 633 v
3364 621 3382 645 ,
3409 581 3491 652 5).

2294 664 2380 718 l2.
2432 664 2586 740 [vers.
2611 667 2634 721 i
2650 666 2725 738 1.]
2746 667 3060 724 Erubescant
3079 681 3126 725 et
3151 671 3510 726 conturbentur
3528 688 3705 727 omnes
3724 673 3829 726 ini-

2218 756 2333 809 mici
2354 756 2469 810 mei.
2495 757 2759 814 Discedite
2782 775 2811 812 a
2838 777 2945 825 me,
2967 776 3178 822 omnes.
3208 762 3342 818 dixit
3367 763 3652 831 superius;
3683 765 3827 834 quod

2216 848 2377 901 etiam
2418 850 2469 903 in
2510 849 2609 905 hac
2640 850 2775 915 vita,
2807 851 2945 907 sicut
2972 854 3270 924 expositum
3299 865 3416 916 est.
3447 855 3561 911 lteri
3596 865 3780 927 potest
3810 876 3849 919 ε,

2214 938 2354 1009 quod
2379 947 2557 995 autem
2585 941 2717 996 dicit
2737 983 2752 1005 ,
2784 940 3102 998 Erubescant
3122 952 3167 999 ei
3187 946 3583 1011 conturbentur,
3609 964 3723 1002 non
3747 948 3831 1002 vi-

2218 1032 2321 1087 deo
2365 1034 2811 1103 quemadmodum
2851 1038 3067 1092 evenire
3092 1038 3301 1108 possit,
3333 1037 3432 1092 nisi
3462 1038 3556 1093 illo
3582 1038 3672 1094 die
3698 1054 3828 1095 cum

2214 1124 2497 1185 manifesta
2519 1125 2718 1182 fuerint
2739 1127 3006 1197 justorum
3029 1130 3246 1201 prtemia
3266 1139 3321 1186 et
3340 1132 3596 1203 supplicia
3625 1146 3797 1203 paces
3816 1163 3831 1172 -

2213 1226 2415 1274 torum.
2456 1218 2588 1274 Nam
2620 1235 2762 1276 nunc
2790 1236 2960 1291 usque
2982 1222 3120 1278 adeo
3148 1238 3256 1278 non
3278 1224 3604 1281 erubescunt
3627 1226 3783 1294 impii
3805 1266 3822 1289 ,

2213 1318 2272 1363 ut
2296 1310 2450 1364 nobis
2471 1310 2724 1366 insultare
2747 1328 2852 1366 non
2879 1311 3128 1369 desinant
3155 1329 3171 1369 :
3196 1324 3250 1369 et
3270 1314 3584 1386 plerumque
3608 1325 3825 1372 tantum

2211 1402 2393 1457 valent
2414 1403 2750 1459 irrisionibus
2768 1405 2913 1472 suis,
2944 1414 3000 1460 ut
3028 1406 3269 1463 inﬁrmos
3299 1408 3543 1463 homines
3564 1407 3634 1464 de
3655 1409 3822 1464 Chri-

2210 1494 2278 1547 sti
2328 1496 2544 1549 nomine
2590 1496 2910 1553 erubescere
2958 1496 3189 1567 faciant,
3236 1498 3379 1555 unde
3422 1499 3621 1556 dictum
3664 1513 3755 1558 est
3804 1520 3819 1557 :

2215 1583 2455 1653 Quisquis
2480 1602 2560 1640 me
2576 1586 2829 1642 erubuerit
2848 1604 3022 1643 coram
3043 1589 3329 1646 hominibus
3349 1634 3365 1658 ,
3392 1591 3679 1648 erubescam
3697 1610 3821 1647 eum

2210 1693 2383 1731 coram
2412 1676 2573 1733 Patre
2612 1696 2722 1735 meo
2762 1678 2914 1752 (Luc.
2964 1697 3017 1736 Ix
3040 1722 3055 1746 ,
3099 1681 3213 1751 26).
3256 1682 3372 1759 iam
3417 1698 3543 1740 vero
3568 1685 3821 1755 quisquis

2211 1771 2458 1827 sublimia
2486 1772 2576 1827 illa
2603 1783 2865 1843 praecepta
2898 1774 3121 1843 implere
3146 1774 3401 1840 voluerit,
3432 1785 3489 1830 nt
3511 1776 3823 1849 dispergat,

2210 1864 2298 1918 det
2346 1865 2663 1934 [uituperibus
2685 1907 2701 1933 ,
2733 1882 2839 1935 quo
2862 1866 3065 1935 justitia
3085 1868 3202 1935 ejus
3227 1877 3439 1923 maneat
3465 1869 3516 1923 in
3544 1879 3821 1924 teternmn

2212 1955 2382 2027 (Psnl.
2422 1970 2508 2011 cxi
2527 1995 2544 2023 ,
2588 1954 2644 2028 9)
2662 1997 2675 2018 ,
2714 1957 3067 2027 omnibusque
3096 1958 3206 2011 suis
3233 1958 3392 2012 rebus
3419 1959 3646 2015 terrenis
3673 1975 3813 2015 ven-

2209 2047 2334 2102 ditis
2372 2058 2426 2101 et
2468 2048 2823 2117 indigentibus
2849 2048 3079 2115 emgatis
3099 2090 3112 2111 ,
3141 2048 3413 2104 Christum
3438 2052 3589 2120 sequi
3620 2050 3815 2105 volue-

2208 2142 2310 2203 rit,
2351 2138 2538 2194 dicens
2569 2157 2583 2193 :
2617 2137 2763 2193 Nihil
2798 2140 3060 2194 intulimus
3084 2140 3138 2193 in
3164 2141 3297 2194 hunc
3324 2141 3605 2210 mundum,
3635 2159 3817 2197 verum

2208 2247 2299 2285 nec
2327 2234 2530 2303 auferre
2560 2231 2684 2302 quid
2723 2247 2988 2301 possumus
3010 2246 3031 2295 ,°
3059 2234 3241 2285 victum
3270 2241 3318 2287 et
3349 2242 3691 2303 trquntentum
3714 2238 3815 2288 Ira-

2207 2321 2411 2388 bcntes,
2453 2322 2534 2377 liis
2574 2323 2795 2377 contenti
2835 2323 2991 2375 simus
3024 2321 3068 2392 (l
3100 2321 3231 2377 Tim.
3265 2339 3353 2384 vt,
3391 2325 3420 2377 7
3443 2364 3458 2386 ,
3490 2323 3586 2395 8);
3619 2324 3815 2380 incidit

2208 2412 2261 2469 in
2302 2413 2524 2467 istorum
2568 2413 2879 2483 sacrilegam
2919 2412 3283 2480 dicacitatem,
3325 2424 3377 2468 et
3403 2412 3472 2468 ab
3495 2414 3575 2469 eis
3602 2416 3694 2485 qui
3722 2430 3812 2468 sa-

2218 2504 2334 2558 nari
2372 2504 2559 2559 nolunt
2586 2515 2805 2559 vocatur
2829 2504 3081 2567 insanus;
3109 2514 3159 2558 et
3190 2519 3332 2574 smpe
3362 2520 3429 2559 ne
3460 2503 3560 2560 hoc
3587 2516 3815 2563 vocetur

2212 2611 2242 2650 a
2290 2595 2586 2663 desperatis
2636 2594 2980 2660 hominibus,
3032 2596 3260 2666 trepidat
3308 2594 3484 2653 facere
3527 2608 3580 2651 et
3626 2598 3813 2654 dill'ert

2207 2686 2348 2754 qul
2389 2685 2625 2739 omnium
2667 2684 3008 2740 ﬁdelissimus
3042 2694 3096 2741 et
3133 2688 3533 2756 potentiSsimus
3565 2688 3814 2744 medicus

2208 2778 2506 2847 imperavit.
2552 2776 2668 2831 Non
2712 2792 2838 2847 ergo
2883 2793 3023 2832 nunc
3065 2777 3149 2831 isti
3197 2788 3419 2848 possunt
3445 2778 3808 2847 erubescam,

2206 2862 2399 2940 quibus
2424 2886 2490 2924 ne
2517 2884 2614 2923 nos
2644 2870 3021 2924 erubescamus
3042 2870 3328 2939 optandum
3351 2879 3433 2924 est
3451 2913 3467 2934 ,
3489 2880 3543 2926 et
3560 2885 3590 2925 a
3610 2886 3811 2941 protro-

2206 2961 2310 3013 sito
2356 2960 2544 3014 itinere
2580 2961 2661 3014 vel
2692 2976 3003 3015 revocemur
3025 3001 3042 3027 ,
3073 2959 3153 3013 vel
3186 2959 3539 3030 impediamnr
3559 3001 3575 3027 ,
3607 2961 3691 3017 vel
3722 2977 3812 3017 re-

2208 3056 2498 3112 tardemur.
2543 3051 2649 3108 Sed
2694 3052 2867 3105 veniet
2909 3060 3117 3121 tempus
3151 3060 3207 3105 ut
3233 3050 3306 3105 illi
3335 3052 3687 3117 erubescant,
3719 3051 3809 3107 di-

2206 3162 2388 3206 centes
2414 3158 2471 3204 ut
2499 3150 2754 3218 scriptum
2784 3152 2867 3203 est
2898 3162 2914 3203 τ
2949 3143 3019 3201 lli
3041 3152 3157 3203 sunt
3179 3160 3305 3218 quos
3332 3144 3606 3218 aliquando
3627 3144 3812 3202 habui—

2207 3259 2319 3295 mus
2346 3242 2397 3295 in
2426 3241 2584 3294 risum
2614 3250 2658 3293 et
2684 3241 2738 3293 in
2766 3239 3145 3294 similitudinem
3166 3240 3462 3309 improperii
3486 3254 3506 3293 :
3524 3256 3615 3293 nos
3635 3239 3811 3293 insen-

2205 3333 2303 3388 sati
2320 3373 2336 3398 ,
2363 3332 2516 3385 vitam
2543 3330 2750 3385 illorum
2774 3331 3148 3385 wstimabamus
3176 3330 3423 3384 insaniam
3444 3368 3461 3395 ,
3490 3340 3536 3384 et
3565 3330 3722 3398 ﬁnem
3746 3332 3810 3383 il-

2207 3422 2370 3479 lorum
2407 3425 2515 3479 sine
2545 3423 2735 3478 honore
2764 3439 2786 3479 :
2809 3424 3058 3494 quomodo
3085 3424 3361 3492 computati
3383 3432 3497 3477 sunt
3518 3424 3647 3477 inter
3671 3424 3809 3493 ﬁlios

2206 3517 2302 3572 Dei
2328 3561 2339 3583 ,
2363 3527 2411 3571 et
2434 3517 2564 3571 inter
2582 3526 2781 3571 sanctos
2803 3533 2912 3570 sors
2938 3516 3138 3569 illorum
3167 3524 3236 3569 est
3256 3516 3283 3569 .’
3310 3514 3449 3587 Ergo
3474 3516 3753 3570 erravimus
3776 3534 3809 3569 a

2205 3611 2286 3663 via
2324 3610 2580 3674 veritatis,
2621 3619 2667 3663 et
2698 3607 2918 3678 justitia:
2958 3608 3128 3661 lumen
3163 3623 3263 3660 non
3289 3606 3421 3661 luxit
3446 3607 3623 3669 nobis,
3654 3617 3702 3660 et
3729 3608 3809 3661 sol

2206 3717 2308 3755 non
2329 3710 2401 3755 est
2431 3710 2572 3755 ortus
2597 3700 2739 3755 nobis
2770 3715 2791 3755 :
2817 3699 2992 3766 repleti
3019 3715 3190 3753 sumus
3215 3698 3496 3768 iniquitatis
3522 3698 3602 3751 via
3620 3708 3668 3751 et
3691 3715 3810 3768 per-

2205 3792 2441 3857 ditionis,
2471 3800 2518 3845 et
2545 3790 2914 3844 antbulavimus
2936 3788 3233 3845 solitudines
3271 3788 3524 3859 diﬁiciles,
3556 3790 3688 3842 viam
3711 3807 3811 3843 au-

2207 3893 2303 3937 tem
2340 3882 2547 3937 Domini
2583 3883 2941 3954 ignoravimus.
2985 3880 3126 3950 Quid
3150 3883 3291 3937 nobis
3314 3883 3506 3954 profuit
3529 3883 3802 3952 superbia,

2204 3974 2291 4029 aut
2322 3975 2445 4045 quid
2475 3974 2762 4028 divitiarum
2782 3975 2999 4045 jactatio
3025 3974 3237 4029 contulit
3262 3958 3446 4029 nobis?
3473 3974 3809 4031 Transierunt

2204 4071 2374 4123 omnia
2393 4068 2484 4123 illa
2503 4079 2745 4137 tanquam
2773 4067 2952 4121 umbra
2978 4067 3133 4139 (Sap.
3163 4084 3194 4120 v
3212 4109 3228 4133 ,
3261 4067 3407 4138 3-9).

2276 4161 2362 4216 15.
2409 4160 2561 4228 Quod
2586 4170 2762 4215 autem
2787 4160 2882 4224 ait,
2911 4159 3295 4223 Convertuntur,
3326 4168 3375 4213 et
3397 4158 3803 4229 confundantur,

2201 4251 2320 4320 quis
2349 4266 2456 4304 non
2478 4249 2683 4319 judicet
2705 4265 2825 4305 esse
2849 4249 3202 4319 iustissimam
3227 4263 3440 4319 pinnam
3460 4289 3475 4313 ,
3499 4259 3559 4303 ut
3576 4263 3807 4306 conver-

2200 4342 2407 4397 si0nem
2443 4340 2510 4397 ad
2538 4340 2907 4403 confusionem
2940 4340 3208 4405 habeant,
3236 4340 3325 4412 qui
3353 4339 3418 4396 ad
3448 4341 3677 4397 salutem
3707 4340 3805 4396 ha-

2198 4434 2329 4491 bere
2356 4433 2682 4489 noluerunt?
2711 4432 2914 4489 Deinde
2942 4431 3179 4501 addidit,
3209 4433 3356 4487 valde
3379 4431 3617 4488 velociter
3636 4449 3657 4500 ,'
3676 4448 3801 4488 cum

2196 4528 2340 4584 enim
2360 4527 2469 4597 jam
2496 4525 2770 4596 desperari
2791 4525 3015 4594 cmperit
3033 4523 3219 4595 jndicii
3239 4523 3375 4587 dies,
3397 4539 3518 4579 cum
3540 4522 3799 4590 dixerint,

2197 4620 2305 4675 Pax
2324 4660 2342 4686 ,
2382 4630 2508 4674 tunc
2534 4618 2613 4674 eis
2643 4621 2951 4687 repentinus
2976 4615 3154 4671 veniet
3178 4614 3422 4671 interitus
3444 4613 3484 4687 (1
3515 4611 3694 4670 Thess.
3725 4629 3799 4681 v,

491 4709 605 4764 leas
627 4709 831 4765 lateant
861 4726 874 4762 :
907 4709 1061 4763 simul
1089 4710 1268 4779 itaque
1298 4710 1499 4766 versari
1524 4717 1750 4781 possunt
1770 4750 1789 4780 ,
1813 4709 2093 4768 sedsimul
2157 4699 2274 4784 '3).
2322 4709 2775 4779 Quandocumque
2826 4717 3007 4791 autem
3051 4704 3299 4773 venerit,
3325 4704 3609 4762 celerrime
3647 4706 3802 4761 venit

490 4808 652 4853 vento
681 4797 877 4853 auferri
909 4814 1013 4853 nun
1042 4808 1286 4871 possunt.

565 4889 656 4945 il.
710 4887 868 4963 [νει-ε.
903 4888 1018 4963 10.]
1060 4890 1313 4957 Quoniam
1350 4892 1605 4946 eaaudivit
1641 4888 1895 4947 Dominus
1922 4908 2092 4948 vocem

491 4981 641 5053 fletus
680 4980 817 5047 mei;
859 4983 1118 5038 exaudivit
1160 4981 1408 5037 Dominus
1444 4984 1851 5055 deprecationem
1887 5000 2091 5051 meam;

489 5070 744 5128 Dominus
781 5073 1059 5129 orationem
1092 5091 1254 5128 meam
1290 5077 1582 5144 assumpsit.
1621 5075 1823 5132 Crebra
1846 5076 2088 5147 ejusdem

490 5166 774 5222 sententias
819 5167 1068 5237 repetitio
1093 5210 1108 5232 ,
1153 5185 1257 5222 non
1287 5170 1439 5239 quasi
1479 5171 1745 5224 narrantis
1794 5169 2086 5224 necessita-

490 5266 623 5324 tem,
652 5257 748 5315 sed
776 5258 1021 5315 affectum
1044 5261 1362 5317 exsultantis
1385 5262 1646 5325 ostendit;
1668 5261 1916 5317 siecnim
1944 5262 2086 5333 loqui

490 5352 783 5422 gaudentes
810 5352 1021 5420 solent,
1052 5364 1109 5408 ιιι
1135 5370 1240 5409 non
1267 5354 1346 5409 eis
1368 5354 1595 5409 sufficiat
1624 5354 1789 5409 semel
1810 5353 2089 5410 enuntiare

490 5443 634 5514 quod
658 5445 907 5516 gaudent.
934 5445 1035 5502 iste
1057 5447 1257 5502 fructus
1283 5456 1364 5502 est
1392 5447 1533 5503 illius
1555 5447 1785 5519 gemitus
1808 5448 1863 5503 in
1882 5462 1990 5518 quo
2007 5447 2087 5503 la-

493 5533 731 5599 boratur,
753 5545 808 5591 et
828 5536 1037 5592 illarum
1064 5538 1422 5609 lacrymarum
1446 5539 1638 5609 quibus
1663 5539 1871 5593 lavatur
1892 5538 2083 5603 lectus,

493 5638 549 5684 et
574 5637 775 5684 stratus
799 5630 990 5701 rigatus
1018 5646 1034 5695 ;
1061 5632 1313 5701 quoniam
1342 5632 1433 5704 qui
1462 5633 1689 5689 seminat
1712 5631 1766 5690 in
1792 5632 2042 5706 lacrymis
2066 5673 2083 5701 ,

557 5828 575 5864 ⁸
596 5836 672 5881 διε
691 5836 781 5882 ιυιι
822 5830 942 5882 ειιιιι
965 5844 1099 5893 vero,
1119 5829 1410 5883 ιιιεάισιιισ.

2193 4805 2335 4875 quod
2356 4803 2671 4873 desperatur
2693 4815 2817 4857 esse
2844 4798 3127 4855 venturum
3152 4816 3167 4852 :
3194 4807 3247 4853 et
3268 4796 3652 4868 longitudinem
3673 4798 3798 4854 vitae

2193 4896 2352 4965 hujus
2392 4910 2496 4949 non
2538 4892 2663 4947 facit
2695 4889 2916 4957 sentiri,
2946 4888 3046 4945 nisi
3077 4903 3202 4959 spes
3229 4887 3438 4944 vivendi
3463 4903 3479 4952 ;
3511 4904 3637 4945 nam
3664 4888 3796 4943 nihil

2192 4990 2403 5044 videtur
2437 5001 2557 5042 esse
2589 4984 2819 5041 celerius
2838 5026 2854 5048 ,
2883 4998 3043 5052 quam
3074 4981 3326 5055 quidquid
3352 4982 3404 5037 in
3430 4996 3492 5037 ea
3514 4980 3625 5051 jam
3652 4997 3797 5054 pne-

2193 5083 2406 5139 teritum
2444 5090 2546 5136 est.
2576 5078 2709 5137 Cum
2738 5092 2868 5149 ergo
2887 5076 3072 5148 iudicii
3100 5075 3217 5131 dies
3241 5076 3486 5141 venerit,
3512 5084 3640 5131 tunc
3667 5091 3797 5133 seu-

2192 5176 2325 5231 tient
2360 5181 2671 5245 peccatores
2707 5185 2866 5241 quam
2907 5183 3013 5223 non
3048 5167 3117 5223 sit
3143 5167 3298 5240 longa
3326 5167 3503 5223 omnis
3527 5168 3634 5223 vita
3669 5184 3791 5239 qum

2190 5264 2421 5331 transit;
2451 5277 2553 5318 nec
2576 5260 2800 5316 omnino
2825 5258 2906 5315 eis
2931 5258 3101 5315 videri
3133 5259 3331 5329 poterit
3359 5257 3510 5313 tarde
3536 5260 3757 5315 venisse
3779 5301 3795 5324 ,

2189 5356 2333 5429 quod
2366 5372 2470 5411 non
2498 5351 2926 5409 desiderantibus
2948 5392 2965 5417 ,
2995 5350 3090 5407 sed
3122 5349 3297 5421 potius
3324 5364 3433 5405 non
3451 5348 3798 5405 credentibus

2190 5448 2417 5503 venerit.
2458 5445 2772 5515 Quanquam
2798 5450 2851 5499 et
2877 5441 3007 5496 illud
3037 5441 3123 5496 hic
3151 5440 3318 5511 accipi
3345 5449 3560 5513 potest,
3588 5449 3649 5495 ιιι
3675 5443 3799 5513 quia

2192 5552 2442 5613 tanquam
2476 5546 2775 5611 gementem
2805 5546 2861 5591 et
2887 5545 2994 5590 tam
3022 5550 3165 5605 sa-pe
3190 5534 3385 5606 diuque
3409 5532 3626 5588 ﬂentem
3656 5534 3801 5589 Deus
3874 5576 3879 5581 .

2191 5636 2496 5699 exaudivit,
2536 5631 2868 5701 intelligatur
2909 5628 3128 5684 liberata
3159 5643 3190 5681 a
3220 5626 3453 5696 peccatis
3475 5668 3491 5690 ,
3523 5634 3575 5681 et
3605 5640 3803 5685 omnes

2194 5739 2475 5797 perversos
2514 5732 2692 5778 motus
2736 5719 2968 5776 carnalis
2996 5714 3295 5772 aﬂ‘eCtionis
3317 5715 3592 5771 domuisse
3611 5758 3626 5777 ,
3656 5719 3802 5773 sicut

2194 5818 2325 5875 dicit
2363 5834 2378 5871 :
2422 5812 2680 5872 Discedite
2719 5828 2751 5865 a
2785 5827 2863 5866 me
2887 5850 2904 5879 ,
2941 5825 3110 5864 omnes
3132 5809 3219 5880 qui
3244 5807 3523 5878 operamini
3550 5805 3799 5879 iniquius.
