3956 6318
133 378 185 433 97
1265 371 1654 430 ENARRATIU

1809 375 1926 433 PSA
1938 380 2028 436 LM
2040 384 2128 438 CM
2173 385 2278 442 γη.
3323 409 3392 466 98

134 507 208 546 tem
225 534 238 557 ,
260 490 485 559 quoniam
507 491 765 544 exaudivit
791 489 1033 543 Dominus
1053 506 1220 543 vocem
1238 491 1390 559 ﬂetus
1408 490 1524 551 mei,
1543 485 1685 558 quod

130 601 222 640 cum
250 585 292 637 ei
320 583 652 650 provenerit,
682 597 790 635 non
822 585 1013 635 mirum
1041 592 1124 636 est
1148 582 1192 634 si
1213 581 1324 650 jam
1351 581 1421 635 ita
1454 579 1686 649 pet-iecur

125 684 190 727 est
210 683 256 726 ut
278 681 388 728 oret
414 689 506 740 pro
529 672 763 727 inimicis
788 673 917 726 suis.
944 672 1124 726 Potest
1145 687 1272 740 ergo
1298 673 1362 724 ad
1398 673 1497 724 hoc
1525 669 1687 739 perti-

124 780 227 820 nere
259 762 388 833 quod
422 761 588 827 dixit,
634 761 985 825 Erubescant,
1027 772 1075 816 et
1114 761 1474 815 conturbeutur
1513 773 1685 813 omnes

125 855 283 909 inimici
323 855 415 907 mei
436 895 452 918 ,
494 864 556 908 ut
588 853 659 909 de
686 854 920 924 peccatis
949 855 1060 909 suis
1086 863 1246 925 agant
1271 852 1698 923 potnitentiam,

123 948 236 1018 quod
258 948 364 1002 sine
403 947 722 1003 confusione
752 948 770 980 ⁸
800 957 853 1002 et
876 946 1281 1001 conturbatione
1305 946 1416 1000 ﬁeri
1445 961 1551 1000 non
1584 961 1680 1013 po-

122 1048 220 1093 test.
257 1038 389 1093 Nihil
430 1039 612 1109 itaque
655 1039 877 1108 impedit
913 1043 991 1093 sic
1022 1038 1264 1108 accipere
1301 1049 1354 1092 et
1385 1037 1680 1108 illudquod

119 1131 318 1200 sequitur
339 1171 354 1194 ,
389 1128 762 1184 Convertuntur
789 1139 835 1184 et
863 1129 1188 1193 erubescant,
1222 1128 1273 1183 id
1301 1137 1412 1194 est,
1447 1144 1676 1184 convcr-

119 1235 265 1278 tantur
295 1224 355 1276 ad
397 1225 565 1277 Deum
593 1265 607 1288 ,
634 1234 691 1279 et
712 1225 1031 1280 erubescant
1062 1239 1121 1278 se
1155 1225 1205 1276 in
1235 1223 1501 1293 prioribus
1530 1232 1680 1277 tene-

118 1315 204 1370 bris
233 1330 560 1386 peccatorum
588 1317 875 1386 aliquando
900 1317 1153 1386 gloriatos
1179 1334 1192 1379 ;
1223 1316 1358 1371 sicut
1389 1319 1676 1386 Apostolus

122 1405 224 1459 dicit
261 1423 274 1460 :
315 1405 640 1473 Quantenim
665 1407 878 1477 gloriam
906 1407 1147 1460 habuistis
1172 1407 1447 1476 aliquando
1475 1413 1528 1460 in
1559 1407 1657 1468 his,

115 1496 156 1548 in
173 1497 326 1566 quibus
346 1513 478 1550 nunc
506 1497 799 1552 erubescitis
829 1496 1002 1569 (Rom.
1034 1514 1085 1552 vr
1107 1541 1121 1564 ,
1151 1497 1287 1571 2|)?
1316 1499 1468 1566 Quod
1492 1509 1671 1554 autem

116 1587 283 1642 addidit
299 1631 312 1651 ,
341 1589 485 1644 valde
510 1591 753 1645 velociter
770 1634 784 1658 ,
812 1601 907 1645 aut
930 1592 994 1645 ad
1016 1592 1248 1662 optantis
1275 1593 1522 1647 allectum
1543 1635 1558 1658 ,
1581 1602 1671 1647 aut

112 1679 166 1733 ad
189 1678 362 1734 Christi
391 1683 687 1750 potentiam
719 1681 1053 1736 referendum
1083 1692 1197 1749 est,
1226 1683 1315 1751 qui
1343 1692 1528 1754 gentes
1550 1699 1669 1755 quze

115 1784 190 1838 pro
223 1769 362 1824 idolis
398 1772 510 1826 suis
554 1773 1014 1842 persequebantur
1038 1774 1328 1830 Ecclesiam
1353 1816 1368 1842 ,
1395 1774 1461 1830 ad
1490 1775 1668 1830 Evan-

111 1861 211 1932 gelii
229 1861 373 1917 ﬁdem
394 1872 538 1918 tanta
563 1873 863 1936 temporum
889 1866 1160 1922 celeritate
1186 1868 1463 1923 convertit.

124 1997 1646 2024 -———______________________

513 2073 602 2136 IN
648 2074 1029 2137 PSALMUM
1070 2076 1185 2138 VII

646 2194 1065 2252 ENARRATIO.

117 2303 312 2362 Psalmns
339 2308 433 2378 ipsi
463 2307 667 2374 David,
696 2327 841 2379 quem
865 2312 1082 2365 cantavit
1112 2311 1328 2368 Domino
1350 2356 1366 2383 ,
1393 2332 1486 2387 pro
1505 2316 1665 2372 verbis

610 2400 765 2455 Clausi
794 2402 890 2470 lilii
915 2402 1124 2458 Jemini.

172 2508 214 2560 l.
253 2507 390 2580 [νει-ι.
421 2507 500 2586 1.]
530 2511 764 2565 llistoria
795 2512 1007 2582 quidem
1035 2513 1177 2568 unde
1198 2515 1531 2572 occasionem
1561 2519 1660 2572 ista

113 2597 340 2664 prophetia
362 2600 613 2667 sumpsit,
645 2601 696 2654 in
723 2601 1021 2669 ltegnornm
1037 2604 1270 2658 sentin-lo
1288 2606 1423 2661 libro
1439 2607 1506 2677 (ll
1531 2607 1655 2679 Reg.

114 2686 197 2757 tu)
222 2703 526 2756 cognoscere
555 2691 714 2745 facile
739 2704 810 2746 εει
872 2693 944 2747 lbi
967 2696 1107 2748 enim
1129 2694 1290 2750 Chusi
1310 2737 1325 2761 ,
1351 2697 1554 2753 amicus
1574 2714 1660 2752 rc-

109 2779 170 2846 gis
207 2779 385 2846 David,
434 2783 721 2836 transitum
765 2783 888 2838 feeit
926 2785 979 2838 in
1020 2795 1198 2856 partes
1241 2786 1535 2842 Abessalon
1563 2787 1659 2844 lilii

109 2869 199 2938 ejus
227 2873 302 2941 qui
337 2873 592 2930 adversus
628 2883 831 2944 patrem
861 2875 1062 2932 bellum
1090 2877 1344 2948 gerebat,
1371 2878 1437 2934 ad
1468 2880 1657 2950 explo-

111 2961 238 3014 rauda
272 2964 483 3020 consilia
522 2974 579 3020 et
621 2965 968 3022 renuntianda
1006 2982 1125 3037 qua:
1162 2968 1417 3024 adversus
1452 2980 1655 3038 patrem

111 3053 176 3106 ille
209 3055 507 3112 moliebatur
543 3068 768 3112 auctore
795 3059 1110 3130 AchitOpbcl
1130 3102 1146 3128 ,
1174 3063 1264 3131 qui
1291 3061 1560 3119 defecerat
1586 3062 1654 3118 ab

109 3144 296 3199 amicitia
323 3147 482 3202 David
503 3189 520 3213 ,
547 3158 605 3202 et
630 3147 796 3203 lilium
822 3151 938 3220 ejus
964 3151 1218 3208 adversus
1245 3164 1448 3223 patrem
1478 3156 1655 3209 consi-

110 3235 172 3289 liis
202 3238 372 3306 quibus
414 3249 599 3310 posset
642 3241 955 3298 instruebat.
995 3243 1101 3299 Sed
1128 3247 1379 3315 quoniam
1406 3263 1509 3302 non
1539 3247 1652 3319 ipsa

109 3326 285 3384 historia
320 3331 369 3386 in
406 3334 510 3389 hoc
545 3335 757 3402 psalmo
781 3335 1165 3392 consideranda
1193 3349 1272 3392 est
1297 3339 1363 3394 de
1389 3356 1489 3410 qua
1517 3341 1647 3397 Pro-

107 3417 230 3484 pheta
263 3424 630 3494 mysteriorum
676 3425 914 3482 velamen
945 3429 1270 3498 assumpsit,
1298 3431 1343 3485 si
1371 3433 1648 3488 transitum

104 3509 153 3561 ad
168 3511 406 3569 Christum
427 3515 676 3584 fecimus,
694 3517 965 3574 auferatur
976 3520 1213 3575 velamen
1235 3520 1429 3595 (llCor.
1448 3524 1646 3595 111,16).

105 3597 157 3652 Et
188 3604 338 3670 primo
378 3607 617 3675 ipsorum
646 3607 918 3663 nominum
949 3611 1384 3682 signiﬁcationem
1415 3614 1646 3670 interro-

102 3704 254 3758 gemus
275 3697 392 3765 quid
417 3699 518 3753 sibi
547 3700 698 3754 velit.
722 3699 835 3754 Non
857 3701 998 3755 enim
1023 3702 1304 3758 defuerunt
1331 3705 1649 3774 interpretes

103 3782 169 3848 qui
193 3785 291 3840 lucc
315 3788 419 3857 ipsa
445 3805 554 3844 non
586 3792 872 3848 carnaliter
889 3791 956 3847 ad
985 3794 1212 3850 litteram
1230 3837 1247 3861 ,
1280 3795 1374 3850 sed
1400 3797 1648 3865 spiritua-

102 3873 196 3930 liter
215 3877 580 3952 investigantes
599 3925 614 3947 ,
643 3882 913 3938 edicerent
938 3885 1094 3939 nobis
1119 3886 1258 3956 quod
1287 3887 1446 3942 Chnsi
1475 3888 1643 3942 inter-

101 3974 294 4030 pretetur
331 3970 651 4040 Silentium;
694 3973 889 4030 Jemini
917 3984 1093 4031 autem
1114 4019 1129 4042 ,
1163 3978 1392 4043 Dexter;
1421 3979 1644 4034 Achito-

101 4055 211 4126 phel,
235 4059 421 4119 Fratris
451 4065 631 4120 ruina.
654 4063 856 4133 Quibus
882 4067 1408 4136 interpretationibus
1431 4086 1642 4125 rursum

101 4148 220 4206 nobis
253 4154 464 4211 traditor
501 4157 597 4212 ille
637 4157 802 4218 Judas
830 4160 1094 4226 occurrit,
1125 4171 1183 4215 ut
1209 4163 1499 4218 Abessalon
1527 4163 1643 4233 ejus

101 4239 333 4313 imaginem
355 4257 560 4318 gestet,
594 4249 885 4305 secundum
911 4253 1052 4322 quod
1073 4252 1242 4308 Patris
1260 4270 1359 4324 pax
1382 4255 1643 4326 interpre-

102 4339 240 4399 tatur;
275 4339 387 4407 quia
420 4349 643 4409 pacatus
670 4357 794 4412 erga
823 4343 972 4398 illum
1000 4346 1203 4399 exstitit
1228 4355 1378 4415 pater
1398 4389 1414 4415 ,
1445 4364 1638 4418 quam-

100 4421 159 4473 vis
188 4423 287 4490 ipse
319 4427 453 4484 dolis
488 4430 604 4487 suis
633 4430 828 4486 bellum
860 4433 1079 4489 haberet
1104 4435 1156 4489 in
1187 4436 1351 4491 corde
1373 4479 1388 4505 ,
1419 4438 1554 4493 sicut
1585 4440 1638 4494 in

100 4512 264 4577 psalmo
281 4521 426 4574 tertio
448 4530 734 4578 tractatum
758 4532 838 4578 est
863 4521 957 4598 (a).
983 4524 1439 4592 Quemadmodum
1461 4541 1637 4584 autem

100 4600 317 4663 invenitur
339 4609 387 4665 in
417 4611 712 4683 Evangelio
744 4613 879 4669 filios
911 4615 1116 4670 Domini
1140 4617 1308 4672 nostri
1331 4618 1458 4674 Jesu
1479 4619 1637 4676 Chri-

99 4693 149 4781 sti
182 4694 329 4752 dictos
357 4703 490 4756 esse
528 4703 818 4773 discipulos
849 4705 1059 4779 (Matth.
1089 4722 1173 4770 Ix.
1211 4706 1298 4781 14)
1319 4751 1333 4776 ,
1362 4709 1440 4765 sic
1466 4710 1519 4764 in
1546 4726 1640 4766 eo-

102 4780 190 4836 dem
223 4786 491 4861 Evangelio
530 4793 801 4848 invenitur
841 4796 999 4850 etiam
1038 4795 1230 4853 fratres
1253 4780 1371 4854 esse
1398 4803 1636 4870 appella-

104 4881 191 4940 tos;
225 4894 491 4952 resurgens
533 4885 681 4939 enim
724 4885 976 4940 Dominus
1006 4888 1113 4942 ait:
1149 4887 1286 4944 Vade
1308 4931 1324 4953 ,
1347 4899 1393 4944 et
1419 4891 1500 4946 dic
1529 4895 1638 4964 fra-

103 4967 221 5022 tribus
258 4973 370 5029 meis
414 4974 594 5046 (Joan.
641 4993 746 5043 xx,
794 4979 913 5052 l7).
956 4990 1009 5034 et
1045 4982 1332 5055 Apostolus
1360 5001 1481 5040 eum
1509 4986 1637 5042 dicit

104 5061 450 5150 primogenitum
492 5070 547 5124 in
593 5071 772 5124 multis
814 5073 1064 5127 fratribus
1096 5073 1267 5144 (Rom.
1325 5093 1457 5146 vut,
1505 5078 1632 5150 29):

102 5146 293 5220 discipuli
317 5173 436 5228 ergo
462 5159 582 5229 ejus
604 5159 751 5213 ruina
775 5163 860 5232 qui
883 5176 1002 5218 eum
1027 5165 1241 5220 tradidit
1265 5209 1278 5232 ,
1309 5165 1452 5223 recle
1483 5146 1639 5223 intel-

104 5238 244 5307 ligitur
273 5245 464 5304 Fratris
517 5250 671 5305 ruina
695 5293 709 5316 ,
758 5252 899 5322 quod
946 5254 1261 5327 Acbitophel
1297 5258 1637 5328 interpretari

103 5332 302 5394 diximus.
326 5338 483 5398 Cbusi
514 5352 692 5399 autem
712 5383 727 5409 ,
756 5344 896 5414 quod
923 5345 1301 5415 interpretatur
1329 5349 1635 5417 Silentium,

105 5439 214 5482 recte
236 5434 472 5504 accipitur
495 5436 755 5490 adversus
782 5436 899 5490 illos
914 5437 1067 5493 dolos
1089 5438 1372 5496 Dominum
1396 5453 1636 5498 nostrum

105 5516 270 5577 silentio
290 5526 562 5584 dimicasse
581 5569 596 5591 ,
625 5527 676 5582 id
703 5536 786 5582 est
812 5528 1070 5587 altissimo
1109 5547 1314 5591 secreto
1355 5553 1461 5609 quo
1483 5535 1643 5593 caeci-

152 5709 617 5783 ‘_to_v.,confessione.
647 5719 791 5763 star.
835 5720 889 5765 et
933 5715 1082 5765 uestri
1122 5727 1272 5778 [πορθ
1315 5728 1489 5767 omnes
1511 5724 1640 5782 uss,

111 5773 428 5898 “Elaﬁum
445 5837 566 5890 ml.
592 5849 659 5898 tu,
681 5849 733 5884 ιι.
756 5833 802 5885 ι.

1803 501 1884 546 tas
1916 513 1982 551 ex
2033 511 2180 567 parte
2221 503 2379 560 ιςι-ιιυι
2411 510 2426 537 ⁸
2458 506 2590 562 facta
2615 519 2718 575 est,
2741 528 2860 567 cum
2886 515 3167 575 Dominum
3199 538 3390 592 perse-

1799 587 2101 654 quebantur
2121 633 2136 657 ,
2171 605 2225 646 ut
2252 595 2521 662 plenitudo
2547 599 2795 657 Gentium
2849 587 3279 680 snbintraret,-et
3307 618 3387 674 sic

1797 676 1973 732 onmis
2020 679 2176 737 Israel
2220 685 2399 740 salvus
2426 687 2593 744 ﬁeret.
2644 692 2724 746 Ad
2777 695 2877 750 hoc
2931 676 3247 767 profundum
3295 722 3385 762 se-

1795 777 2000 821 cretum
2011 769 2282 843 altumque
2298 776 2566 832 silentium
2580 796 2700 835 cum
2721 786 2950 841 venisset
2966 789 3270 861 Apostolus,
3289 812 3387 850 ex-

1794 854 2047 913 clamavit
2073 863 2221 929 quasi
2251 866 2481 935 quodam
2509 870 2677 939 ipsius
2699 875 2992 932 altitudinis
3014 854 3390 953 borrore'pero

1793 947 1975 1004 culsus
2002 968 2017 1003 :
2048 951 2093 1006 Ο
2113 954 2328 1010 altitudo
2349 960 2638 1015 divitiarum
2659 967 2923 1032 sapientia:
2944 981 2992 1024 et
3015 972 3240 1028 scientiae
3264 947 3385 1042 Dei,

1790 1057 1943 1110 quam
1966 1044 2309 1102 inscrutabilia
2337 1064 2452 1105 sunt
2469 1055 2667 1123 judicia
2694 1059 2822 1128 ejus,
2845 1071 2891 1114 et
2911 1065 3274 1135 irtvestigabilcs
3296 1069 3390 1123 tria:

1789 1134 1950 1205 ipsius
1966 1137 1988 1190 !
2012 1138 2135 1203 Quis
2155 1143 2286 1194 enim
2309 1148 2537 1213 cognovit
2559 1160 2771 1202 mentem
2794 1150 3017 1221 Domini,
3035 1159 3248 1228 autquis
3258 1176 3384 1213 con-

1786 1225 2010 1279 siliarius
2045 1227 2185 1282 illius
2217 1230 2316 1300 fuit
2347 1232 2520 1302 (Rom.
2555 1253 2639 1303 x1,
2681 1240 2771 1306 55,
2818 1239 2931 1314 54))
2958 1245 2983 1297 ‘i
3019 1245 3088 1298 ita
3132 1225 3380 1318 magnum

1787 1314 1913 1369 illud
1962 1318 2230 1374 silentium
2278 1339 2381 1376 nou
2428 1327 2758 1394 expositione
2785 1333 2952 1402 magis
2979 1338 3184 1404 aperit,
3217 1314 3377 1409 quam

1783 1406 2134 1463 admiratione
2161 1415 2517 1469 commendat.
2547 1417 2657 1473 Hoc
2679 1421 2890 1476 silentio
2915 1425 3172 1484 Dominus
3198 1406 3380 1485 sacra-

1783 1507 2020 1552 mentum
2079 1503 2400 1560 venerabilis
2451 1509 2710 1574 passionis
2763 1513 3075 1582 occultans,
3124 1518 3376 1575 volunta-

1780 1587 1915 1640 riam
1939 1591 2145 1644 ruinam
2173 1593 2379 1656 fratris,
2412 1595 2461 1650 id
2487 1608 2568 1652 est
2585 1641 2600 1665 ,
2626 1601 2882 1657 nefarium
2906 1606 3081 1660 scelus
3103 1609 3375 1665 traditoris

1779 1681 1894 1746 sui,
1943 1681 1996 1736 in
2026 1698 2136 1738 suae
2165 1687 2544 1743 misericordia:
2568 1701 2726 1762 atque
2755 1697 3102 1763 providentia:
3127 1701 3374 1757 ordinem

1778 1777 1974 1841 vertit;
2018 1785 2076 1830 ut
2113 1778 2253 1847 quod
2280 1779 2367 1834 ille
2394 1781 2460 1834 ad
2491 1785 2776 1850 perniciem
2810 1787 2965 1842 unius
2994 1788 3223 1845 hominis
3249 1808 3376 1862 νειο-

1775 1879 1930 1920 versa
1963 1877 2142 1923 mente
2170 1868 2392 1925 faciebat
2415 1914 2431 1939 ,
2461 1873 2561 1927 iste
2588 1876 2653 1929 ad
2682 1876 2904 1932 salutem
2934 1882 3171 1936 omniurn
3199 1883 3375 1939 homi-

1775 1971 1903 2010 mtm
1956 1957 2173 2026 provida
2225 1960 2606 2029 gubernatione
2658 1966 2944 2023 conferret.
2999 1970 3189 2026 Cantat
3242 1989 3373 2043 ergo

1776 2047 2044 2102 Psalmnm
2078 2051 2300 2105 Domino
2339 2053 2511 2106 anima
2536 2055 2791 2126 perfecta,
2821 2074 2940 2129 qua:
2968 2061 3077 2128 jam
3107 2063 3262 2133 digna
3289 2074 3374 2121 est

1776 2156 1936 2196 nosse
1975 2152 2241 2197 secretum
2291 2145 2423 2210 Dei;
2471 2157 2647 2200 cantat
2694 2167 2786 2218 pro
2827 2151 2984 2206 verbis
3022 2151 3177 2208 Cltnsi
3198 2197 3213 2222 ,
3245 2158 3370 2225 quia

1773 2236 1970 2290 meruit
1997 2251 2156 2291 nosse
2179 2237 2336 2291 verba
2364 2239 2503 2292 illius
2523 2241 2740 2296 silentii.
2771 2245 2925 2313 Apud
2956 2247 3194 2303 inﬁdeles
3222 2251 3368 2305 enim

1772 2335 1825 2379 et
1859 2335 2231 2394 persecutores
2252 2370 2266 2394 ,
2313 2329 2581 2384 silentium
2608 2342 2689 2384 est
2719 2334 2846 2388 illud
2873 2345 3030 2404 atque
3056 2348 3317 2393 secretum
3349 2356 3364 2395 :

1772 2417 1911 2486 apud
1953 2434 2079 2473 suos
2117 2429 2330 2482 autem,
2371 2424 2561 2492 quibus
2597 2427 2794 2480 dictum
2833 2439 2911 2481 est
2937 2470 2952 2495 ,
2980 2428 3099 2482 Jam
3127 2448 3227 2485 non
3251 2433 3368 2486 diro

1770 2523 1856 2562 vos
1897 2527 2095 2577 servos,
2145 2513 2264 2581 quia
2310 2531 2482 2568 servus
2533 2518 2688 2570 nescit
2741 2519 2866 2586 quid
2917 2520 3072 2590 faciat
3114 2521 3367 2579 Dominus

1769 2602 1878 2669 ejus
1900 2619 1919 2666 ;
1957 2617 2042 2656 vos
2070 2613 2237 2657 autem
2265 2605 2371 2658 dixi
2399 2607 2588 2660 amicos
2611 2648 2626 2673 ,
2654 2609 2772 2676 quia
2801 2612 2971 2663 omnia
2994 2628 3106 2682 qua:
3133 2614 3306 2668 audivi
3333 2633 3366 2670 a

1769 2691 1929 2747 Patre
1969 2710 2080 2747 meo
2098 2736 2113 2757 ,
2152 2705 2272 2750 nota
2296 2697 2394 2765 feci
2419 2698 2555 2751 vobis
2584 2697 2760 2770 (Joan.
2787 2717 2856 2756 xv
2875 2743 2890 2767 ,
2921 2703 3008 2774 l5)
3036 2705 3211 2774 :apnd
3231 2708 3366 2762 alni.

1767 2797 1862 2838 eos
1903 2798 2033 2853 ergo
2073 2784 2188 2855 ejus
2229 2800 2334 2840 non
2374 2797 2456 2842 est
2482 2788 2749 2844 silentium
2771 2831 2787 2857 ,
2817 2792 2912 2845 sed
2941 2794 3102 2848 verba
3129 2796 3360 2862 silentii,

1766 2875 1818 2931 id
1858 2885 1961 2942 est,
1982 2876 2117 2931 ratio
2142 2879 2379 2948 exposita
2405 2888 2460 2933 et
2486 2882 2764 2935 manifesta
2795 2883 2939 2938 illius
2965 2885 3180 2941 silentii.
3209 2888 3362 2953 Quod

1764 2969 2032 3024 silentium
2057 3012 2073 3034 ,
2120 2970 2171 3024 id
2198 2977 2284 3026 est
2309 2969 2502 3037 Chuei,
2533 2973 2726 3027 dicitur
2777 2973 2917 3030 ﬁlius
2940 2975 3166 3045 Jemini,
3199 2980 3248 3033 id
3279 2988 3362 3034 est

1764 3058 1943 3115 dextri
1997 3079 2011 3115 :
2062 3077 2168 3117 non
2208 3065 2351 3118 enim
2393 3065 2822 3120 abscondendum
2851 3077 2967 3122 erat
2992 3072 3189 3125 sanctis
3218 3073 3360 3142 quod

1762 3164 1862 3222 pro
1901 3152 2005 3207 illis
2042 3163 2251 3223 gestum
2277 3163 2378 3209 est.
2410 3153 2481 3210 Et
2509 3163 2684 3211 tamen
2716 3155 2960 3224 Nesciet,
2993 3159 3198 3230 inquit,
3229 3161 3360 3216 sini-

1761 3253 1868 3297 stra
1895 3242 2016 3315 quid
2039 3245 2194 3314 faciat
2217 3245 2394 3300 dextra
2425 3243 2634 3318 (Matth.
2663 3263 2734 3313 vr,
2758 3247 2840 3318 3).
2860 3249 3016 3304 Canit
3034 3267 3161 3321 ergo
3179 3253 3356 3310 anima

1761 3338 1995 3408 perlecta
2043 3337 2097 3393 in
2141 3339 2454 3409 prophetia,
2499 3339 2586 3394 cui
2621 3349 2884 3394 secretum
2914 3342 3043 3397 illud
3090 3345 3353 3413 innotuit,

1761 3447 1858 3502 pro
1902 3431 2062 3486 verbis
2108 3429 2266 3486 Cltusi
2283 3472 2299 3496 ,
2343 3430 2394 3485 id
2421 3439 2504 3486 est
2531 3445 2628 3500 pro
2652 3432 2956 3501 cognitione
2997 3433 3233 3504 ejusdem
3263 3454 3355 3493 se.

1758 3522 1930 3588 creti;
1982 3521 2126 3591 quod
2178 3532 2442 3578 secretum
2495 3521 2685 3578 dexter
2735 3525 2915 3593 Deus,
2961 3525 3015 3580 id
3061 3537 3145 3583 est
3172 3528 3356 3587 favens

1759 3621 1916 3684 atque
1959 3614 2218 3684 prepitius
2259 3613 2347 3681 ei,
2395 3623 2646 3684 operatus
2689 3625 2771 3671 est
2799 3634 2812 3670 :
2841 3632 3008 3687 quare
3041 3618 3144 3675 hoc
3181 3619 3350 3675 sileno

1758 3707 1889 3760 tium
1934 3705 2100 3761 Filius
2143 3704 2316 3762 dextri
2352 3707 2692 3778 appellatur,
2721 3708 2863 3778 quod
2909 3719 2992 3763 est
3031 3709 3222 3776 Cltusi,
3255 3712 3352 3782 ﬁlii

1755 3795 1949 3851 Jemini
1959 3799 1986 3851 .’

1824 3890 1878 3944 9...
1909 3889 2060 3963 [vers.
2089 3889 2146 3953 2.
2179 3888 2258 3963 3.]
2297 3888 2515 3944 Domine
2545 3889 2684 3945 Deus
2724 3907 2882 3956 meus,
2918 3893 2970 3945 in
3012 3904 3060 3947 te
3104 3896 3304 3964 speravi
3324 3912 3346 3960 ς

1754 3983 1946 4037 salvum
1986 4000 2064 4036 me
2104 3987 2186 4054 [ac
2210 3999 2272 4037 ex
2295 3984 2526 4036 omnibus
2549 3984 2953 4053 persequentibus
2996 4001 3096 4050 me,
3136 3996 3182 4040 et
3210 3989 3349 4058 eripe

1753 4092 1851 4129 me.
1894 4075 2168 4145 Tanquam
2208 4075 2294 4128 cui
2334 4089 2442 4129 non
2492 4083 2659 4130 restat
2679 4074 2790 4145 jam
2824 4075 3058 4145 perfecto
3085 4079 3107 4110 ⁸
3135 4079 3235 4133 nisi
3263 4079 3348 4136 in-

1751 4166 1906 4219 vidus
1931 4165 2192 4229 diabolus,
2215 4173 2468 4233 superato
2493 4165 2637 4219 omni
2656 4164 2801 4220 bello
2828 4174 2990 4236 atque
3015 4167 3340 4227 adversitate

1750 4259 2020 4323 vitiorum,
2045 4258 2173 4313 dicit
2205 4276 2218 4311 :
2251 4257 2462 4312 Salvum
2491 4273 2572 4311 me
2597 4257 2681 4328 fac
2705 4275 2767 4312 ea:
2790 4258 3021 4313 omnibus
3045 4275 3342 4332 persequeno

1751 4353 1883 4406 tibus
1903 4369 2001 4416 me,
2026 4360 2076 4407 et
2103 4352 2239 4421 eripe
2267 4366 2346 4404 me
2377 4363 2398 4404 :
2433 4350 2700 4420 nequando
2729 4352 2897 4420 rapiat
2923 4361 2978 4405 ut
3009 4352 3087 4405 leo
3110 4357 3335 4410 animam

1749 4458 1932 4497 meam.
1979 4440 2117 4498 Dicit
2159 4440 2447 4511 Apostolus
2489 4441 2865 4496 :Adversarius
2901 4455 3060 4498 vester
3101 4445 3336 4502 diabolus

1749 4545 1990 4606 tanquam
2033 4533 2109 4587 leo
2135 4535 2338 4604 rugiens
2363 4533 2561 4599 circuit,
2602 4549 2830 4604 quaerens
2871 4551 3019 4601 quem
3044 4535 3242 4590 devoret
3272 4539 3293 4609 ί
3315 4538 3335 4592 ι

1748 4626 1892 4680 Petr.
1924 4642 1980 4692 v,
2011 4624 2088 4694 8).
2119 4623 2299 4693 Itaque
2321 4639 2442 4678 cum
2472 4623 2673 4678 diceret
2716 4639 2810 4694 per
2852 4624 3109 4694 pluralem
3141 4642 3334 4684 nume-

1747 4734 1894 4774 rum:
1937 4716 2150 4772 Salvum
2179 4731 2257 4768 me
2296 4716 2378 4786 fac
2418 4731 2480 4768 ex
2512 4714 2742 4767 omnibus
2772 4717 3175 4787 persequentibus
3217 4736 3331 4786 me,

1743 4810 2066 4882 singularem
2093 4818 2277 4878 postea
2308 4806 2483 4862 intulit
2524 4806 2728 4870 dicens,
2775 4808 3040 4877 nequando
3080 4811 3249 4880 rapiat
3276 4819 3333 4866 ut

1744 4903 1822 4960 leo
1850 4905 2072 4957 animam
2109 4915 2269 4955 meam
2295 4913 2316 4954 :
2341 4914 2447 4953 non
2478 4897 2622 4952 enim
2649 4899 2741 4966 ait,
2770 4897 3054 4969 nequando
3083 4900 3334 4970 rapiant,

1744 4997 1920 5052 sciens
1963 4993 2083 5064 quis
2125 4991 2381 5046 restiterit
2422 4989 2687 5052 inimicus,
2737 4998 2792 5042 et
2840 4988 3090 5058 perfectae
3133 4992 3327 5047 animae

1745 5086 2090 5142 vehementer
2115 5081 2391 5136 adversus.
2424 5077 2559 5133 Dum
2581 5095 2680 5132 non
2707 5086 2778 5132 est
2804 5078 2890 5149 qui
2909 5080 3142 5147 redimat,
3172 5097 3331 5152 neque

1744 5180 1830 5250 qui
1866 5179 2058 5232 salvum
2089 5173 2242 5246 faciat
2268 5187 2288 5228 :
2314 5170 2365 5226 id
2409 5179 2512 5236 est,
2542 5185 2608 5224 ne
2636 5169 2724 5224 ille
2753 5171 2943 5240 rapiat,
2975 5172 3101 5226 dum
3129 5181 3183 5226 tu
3221 5189 3328 5230 non

1744 5268 1966 5328 redimis
1994 5281 2166 5337 neque
2195 5264 2399 5318 salvum
2443 5263 2610 5328 facis;
2642 5261 2687 5317 si
2717 5262 2859 5317 enim
2889 5264 3027 5320 Deus
3048 5279 3156 5321 non
3199 5266 3298 5322 red
3317 5297 3334 5310 -

1747 5364 1878 5418 imat
1904 5377 2077 5432 neque
2102 5360 2306 5415 salvum
2338 5357 2512 5421 faciat,
2541 5357 2630 5411 ille
2658 5358 2815 5426 rapit.

1817 5457 1868 5512 5.
1900 5451 2050 5528 (vers.
2079 5453 2135 5517 4.
2166 5449 2245 5523 5.]
2275 5451 2338 5504 Et
2359 5457 2416 5503 ut
2444 5447 2782 5508 manifestum
2811 5450 2879 5503 sit
2901 5450 3011 5520 jam
3039 5451 3328 5521 perfectam

1747 5549 1978 5602 animam
2009 5546 2111 5600 hoc
2139 5543 2338 5608 dicere,
2371 5543 2454 5595 cui
2481 5542 2648 5594 solius
2678 5541 2872 5594 diaboli
2905 5541 3331 5601 fraudulentissi-

1749 5655 1850 5695 man
1878 5635 2081 5690 insidia:
2118 5633 2368 5688 cavendm
2405 5641 2548 5696 sunt,
2581 5631 2700 5685 vide
2728 5631 2852 5702 quid
2882 5643 3136 5704 sequatur
3171 5653 3186 5690 :
3218 5635 3330 5692 Do-

1813 5776 1831 5809 ¹
1853 5781 1902 5823 tn
1919 5773 2080 5828 editis,
2103 5767 2296 5821 siccitas
2313 5768 2366 5816 in
2386 5766 2552 5821 Israel.
2573 5766 2718 5818 Abest
2739 5765 2790 5820 in
2849 5766 2958 5821 Mss.

1813 5840 1837 5872 ι
1855 5844 1975 5887 Tres
1995 5844 2122 5897 uss,
2138 5836 2431 5898 persecutor.
