3956 6318
555 370 630 429 99
1807 352 1868 408 s.
1905 339 2270 413 AUGUSTINI
2311 338 2610 406 EPISCOPI
3768 338 3862 394 ιω

549 481 861 546 minaberis
902 493 1064 547 meus,
1110 477 1157 529 si
1195 473 1292 543 feci
1338 471 1497 527 istud.
1527 467 1666 538 Quid
1712 475 1795 522 est
1823 463 1962 537 quod
2003 469 2159 517 vocat

559 571 740 629 istud!
778 585 847 623 an
893 567 1018 638 quia
1049 579 1156 620 non
1183 563 1314 617 dicit
1345 575 1540 616 nomen
1585 554 1808 627 peccati,
1859 548 2160 607 universale

563 671 840 734 peccatum
864 654 1267 725 intelligendum
1293 651 1417 706 est?
1449 649 1548 716 Qui
1577 647 1874 701 intellectus
1902 643 1946 696 si
1973 639 2161 708 displi-

560 729 669 814 cet.
702 751 832 808 illud
860 737 1184 817 aecipiamus
1208 743 1310 798 dici
1353 739 1495 810 quod
1523 739 1764 807 sequitur
1791 751 1804 787 :
1836 743 2085 798 tanquam
2115 729 2165 783 si

565 846 1068 911 interrogassemus,
1111 833 1247 902 Quid
1276 840 1358 885 est
1386 833 1486 884 hoc
1511 827 1654 899 quod
1681 825 1836 890 dicis,
1866 819 2045 876 istud?
2073 834 2164 873 re-

563 935 793 1005 Spondet
823 951 839 986 :
871 931 933 986 Si
952 941 1024 984 est
1056 927 1294 995 iniquitas
1336 924 1390 977 in
1432 921 1662 975 manibus
1704 917 1848 970 meis.
1891 914 2009 970 Jam
2035 925 2164 982 ergo

568 1002 914 1080 manifestum
953 1028 1038 1074 est
1077 1018 1144 1072 de
1173 1015 1316 1070 omni
1349 1020 1567 1083 peccato
1605 1008 1731 1074 dici,
1765 1005 1825 1062 Si
1855 1002 2052 1058 reddidi
2083 1014 2165 1055 rc-

563 1114 894 1170 tribuentibus
919 1109 1043 1162 mihi
1084 1106 1256 1168 mala;
1283 1102 1425 1172 quod
1453 1117 1556 1156 non
1604 1105 1779 1169 potest
1809 1109 1936 1149 vere
1960 1091 2163 1156 dicere,

567 1208 670 1264 nisi
705 1204 993 1274 perfectus.
1027 1199 1116 1255 Ait
1141 1196 1338 1267 quippe
1368 1191 1625 1247 Dominus
1658 1206 1670 1241 :
1703 1186 1881 1241 Estote
1926 1179 2165 1252 perfecti,

565 1300 696 1352 sicut
725 1293 882 1348 Pater
898 1299 1058 1344 vester
1082 1289 1168 1357 qui
1195 1295 1266 1339 est
1293 1284 1346 1336 in
1374 1281 1532 1343 caelis,
1563 1277 1650 1346 qui
1684 1277 1840 1330 solem
1871 1287 2020 1325 suum
2045 1267 2170 1322 oriri

573 1386 702 1450 facit
729 1397 880 1451 super
905 1379 1064 1433 bonos
1091 1384 1136 1429 et
1163 1373 1345 1438 malos,
1374 1379 1423 1424 et
1447 1368 1576 1439 pluit
1601 1381 1754 1434 super
1777 1364 1936 1427 iustos
1954 1367 2000 1413 et
2029 1358 2172 1427 inju-

566 1448 672 1531 stas
700 1448 912 1542 (Matth.
943 1484 1001 1536 v,
1037 1466 1128 1531 48,
1165 1462 1301 1534 45);
1348 1460 1437 1532 qui
1481 1471 1611 1526 ergo
1656 1469 1761 1508 non
1806 1450 1983 1507 reddit
2009 1448 2170 1503 retri-

565 1539 855 1623 huen‘tibus
881 1559 1041 1621 mala,
1065 1553 1338 1626 perfectus
1359 1558 1464 1604 est.
1490 1550 1621 1602 Cum
1645 1546 1827 1615 itaque
1853 1548 1972 1595 oret
1993 1539 2173 1619 anima

565 1612 1126 1729 periect-a—pr—oveibis
1153 1643 1331 1708 Chusi,
1373 1641 1472 1710 ﬁlii
1498 1635 1712 1702 Jemini,
1744 1612 1799 1688 id
1834 1640 1916 1686 est
1945 1645 2040 1699 pro
2082 1612 2176 1683 co-

567 1719 810 1818 ‘gnitione
830 1719 1001 1796 Villius
1028 1735 1221 1792 secreti
1250 1743 1412 1802 atque
1436 1727 1654 1792 silentii,
1684 1722 1828 1797 quod
1876 1737 1972 1793 pro
2000 1719 2177 1774 salute

559 1810 757 1893 inostra
787 1841 1040 1902 operatus
1066 1835 1150 1882 est
1179 1824 1440 1894 propitius
1472 1819 1626 1874 nobis
1651 1826 1706 1872 et
1739 1813 2045 1870 misericors
2070 1810 2175 1868 Do-

571 1930 773 1992 minus,
805 1933 862 1978 ut
904 1922 1160 1977 toleraret
1196 1926 1251 1973 et
1279 1913 1666 1988 patientissime
1696 1907 1988 1964 sustineret
2024 1903 2175 1958 dolos

573 2015 850 2075 traditoris
875 2012 957 2068 sui
987 2031 1000 2064 :
1032 2017 1287 2081 tanquam
1331 2005 1457 2059 huic
1486 2001 1736 2073 perfecta:
1773 1997 1967 2052 anima;
1991 1994 2174 2063 dicat,

572 2119 857 2177 exponens
883 2102 1146 2157 rationem
1176 2096 1342 2168 ipsius
1370 2093 1564 2149 secreti
1594 2109 1607 2145 :
1635 2091 1748 2162 Ego
1794 2103 1890 2160 pro
1920 2098 1972 2141 te
2016 2085 2179 2154 impio

575 2208 632 2252 et
655 2173 963 2266 peccatore,
993 2197 1051 2244 ut
1077 2198 1179 2243 tute
1206 2185 1513 2255 iniquitates
1539 2179 1644 2234 mei
1667 2177 1940 2248 sanguinis
1961 2173 2179 2231 eﬂusio-

576 2305 647 2345 ne
694 2288 1040 2348 lavarentur,
1088 2292 1285 2350 magno
1329 2274 1543 2331 silentio
1586 2281 1643 2328 et
1685 2283 1875 2339 magna
1925 2266 2180 2339 patientia

579 2378 893 2435 traditorem
938 2387 1118 2429 meum
1165 2367 1380 2440 pertuli,
1427 2380 1607 2420 nonne
1648 2361 1942 2418 imitaberis
1971 2373 2078 2428 me,
2123 2364 2182 2413 ut

577 2481 634 2527 et
661 2480 716 2524 tu
760 2483 864 2523 non
894 2464 1089 2531 reddas
1118 2462 1255 2517 mala
1282 2474 1380 2532 pro
1406 2456 1603 2514 malis?
1634 2453 2063 2510 animadvertetis
2092 2449 2185 2522 igi-

580 2571 666 2616 tur
705 2569 759 2615 et
803 2557 1106 2626 intelligens
1147 2553 1275 2623 quid
1313 2565 1407 2620 pro
1453 2548 1549 2604 illo
1593 2544 1779 2601 fecerit
1822 2541 2095 2608 Dominus,
2128 2546 2185 2594 et

579 2653 697 2724 ejus
745 2650 993 2719 exemplo
1033 2647 1099 2699 ad
1146 2642 1527 2714 perfectionem
1571 2637 1876 2708 proficiens,
1923 2631 2084 2689 dicit:
2121 2629 2185 2686 Si

580 2722 783 2801 reddidi
823 2736 1207 2797 retribuentibus
1247 2735 1373 2788 mihi
1409 2732 1567 2796 mala,
1611 2730 1664 2785 id
1705 2736 1807 2792 est,
1849 2727 2033 2782 sinon
2083 2722 2184 2780 feci

580 2835 728 2908 quod
772 2841 826 2892 tu
857 2829 1100 2887 faciendo
1141 2824 1387 2890 docuisti,
1440 2821 1668 2878 decidant
1712 2835 1829 2889 ergo
1862 2816 1924 2871 ab
1968 2814 2185 2869 inimicis

583 2905 713 2983 meis
749 2925 939 2980 inanis.
963 2923 1030 2977 Et
1053 2920 1192 2975 bene
1220 2931 1327 2976 non
1352 2914 1428 2971 ait
1451 2956 1465 2980 ,
1492 2913 1548 2969 Si
1595 2909 1801 2966 reddidi
1831 2905 2185 2963 tribuentibus

582 3017 718 3074 mihi
763 3015 925 3080 mala,
970 3009 1086 3076 sed,
1119 3003 1509 3065 retribuentibus
1539 3020 1560 3058 :
1586 3002 1675 3073 qui
1705 3001 1845 3056 enim
1891 2997 2137 3054 retribuit
2166 3035 2183 3063 ,

582 3112 693 3183 jam
721 3105 924 3180 aliquid
965 3110 1286 3172 acceperat;
1317 3097 1537 3168 majoris
1565 3102 1742 3149 autem
1770 3089 2036 3162 patientia:
2063 3098 2143 3143 est
2167 3128 2184 3158 ,

585 3178 688 3260 nec
715 3201 766 3256 ei
811 3178 946 3253 mala
977 3191 1277 3266 rependere
1305 3188 1397 3261 qui
1443 3184 1680 3256 acceptis
1708 3180 1984 3237 beneﬂciis
2014 3178 2189 3235 reddit

587 3295 726 3352 mala
753 3307 852 3364 pro
895 3288 1074 3356 bonis,
1104 3299 1263 3359 quam
1289 3282 1332 3336 si
1362 3280 1509 3336 nullo
1533 3288 1655 3343 ante
1682 3283 1900 3345 accepto
1931 3270 2188 3327 beneficio

588 3361 784 3441 nocere
812 3381 1091 3441 voluisset,
1140 3374 1203 3429 Si
1231 3371 1432 3428 reddidi
1469 3384 1618 3439 ergo,
1649 3365 1838 3436 inquit,
1868 3361 2188 3419 retribuenti-

586 3477 682 3533 bus
720 3474 844 3529 mihi
870 3469 1028 3536 mala,
1069 3466 1122 3522 id
1165 3474 1267 3532 est,
1296 3464 1341 3518 si
1383 3472 1434 3517 te
1463 3476 1568 3516 non
1595 3458 1829 3514 imitatus
1856 3470 1972 3512 sum
2004 3455 2054 3510 in
2101 3453 2189 3508 illo

553 3608 555 3611 -
587 3568 822 3631 silentio,
853 3563 955 3618 hoc
979 3571 1063 3617 est
1103 3557 1358 3629 patientia
1388 3562 1474 3608 tua
1507 3567 1664 3622 quam
1697 3565 1793 3620 pro
1821 3563 1906 3604 me
1935 3555 2188 3617 operatus

588 3674 673 3724 es,
704 3655 936 3710 decidant
969 3652 1030 3704 ab
1071 3648 1288 3703 inimicis
1317 3644 1439 3699 meis
1466 3641 1657 3697 inanis.
1698 3638 1930 3692 lnauitcr
1963 3635 2103 3690 enim
2131 3648 2190 3689 se

588 3751 774 3822 jactat,
803 3745 891 3817 qui
918 3758 1039 3799 cum
1070 3750 1124 3794 et
1151 3741 1266 3811 ipse
1303 3735 1464 3791 homo
1492 3734 1581 3800 sil,
1613 3730 1760 3799 cupit
1783 3743 1841 3784 se
1881 3725 1947 3782 de
1975 3724 2192 3780 homine

592 3840 864 3896 vindicare
894 3854 909 3890 :
939 3842 995 3890 et
1023 3847 1144 3887 cum
1175 3841 1431 3898 superare
1459 3823 1732 3878 hominem
1764 3818 1934 3888 palam
1965 3813 2152 3887 quierit
2173 3856 2189 3882 ,

593 3930 803 3987 occulte
828 3943 860 3982 a
889 3923 1104 3980 diabolo
1145 3927 1453 3991 superatur,
1503 3909 1677 3968 inanis
1718 3909 1937 3966 etl'cctus
1978 3920 2110 3960 vana
2140 3914 2195 3961 et

592 4025 823 4096 superba
882 4020 1087 4083 laetitia,
1116 4014 1258 4089 quod
1288 4009 1439 4082 quasi
1471 4006 1609 4062 vinci
1642 4021 1746 4059 non
1776 4002 1962 4072 potuit.
1992 3999 2194 4055 intelli-

595 4089 676 4189 gii
699 4130 828 4184 ergo
855 4115 954 4166 iste
982 4108 1076 4165 ubi
1101 4103 1271 4175 major
1312 4102 1402 4155 liat
1427 4096 1665 4160 victoria,
1695 4103 1749 4150 et
1775 4093 1859 4148 ubi
1890 4091 2046 4156 Pater
2075 4089 2196 4144 red-

595 4181 687 4262 dat
713 4181 803 4276 qui
828 4201 974 4257 videt
1017 4199 1071 4254 in
1101 4194 1334 4252 occulto.
1380 4189 1458 4245 Ne
1484 4186 1671 4244 reddat
1699 4185 1875 4254 itaque
1899 4181 2196 4237 retribuen-

596 4272 746 4354 tibus
782 4293 939 4357 mala,
971 4291 1107 4345 iram
1152 4285 1330 4358 potius
1375 4294 1536 4351 quam
1580 4276 1851 4332 hominem
1880 4273 2061 4332 vincit,
2095 4272 2196 4327 illis

593 4392 757 4450 etiam
781 4383 972 4444 litteris
991 4378 1254 4443 eruditus,
1285 4374 1336 4431 in
1363 4371 1556 4444 quibus
1579 4369 1835 4438 scriptum
1862 4375 1944 4421 est
1970 4384 1982 4419 :
2009 4363 2197 4418 Melior

594 4493 668 4540 est
694 4482 781 4551 qui
805 4478 957 4534 uincit
976 4474 1130 4535 iram,
1155 4482 1310 4542 quam
1325 4463 1409 4534 qui
1433 4461 1569 4532 capit
1590 4459 1840 4514 civitatem
1869 4455 2051 4529 (Prov.
2085 4470 2194 4522 xw,

594 4546 818 4634 Μίδας.
852 4564 1044 4640 LXX).
1091 4561 1152 4618 Si
1180 4555 1380 4615 reddidi
1426 4550 1812 4609 retribuentibus
1857 4547 1980 4603 mihi
2023 4546 2195 4610 mala,

595 4665 828 4723 decidant
858 4676 976 4732 ergo
1010 4655 1074 4711 ab
1119 4650 1340 4709 inimicis
1379 4647 1500 4703 meis
1527 4643 1720 4700 inanis.
1758 4641 1948 4698 Jurare
1991 4640 2200 4696 videtur

595 4773 694 4831 per
714 4730 1162 4813 exsecrationem,
1184 4740 1324 4812 quod
1344 4748 1427 4796 est
1454 4734 1824 4809 graviSsimum
1851 4730 2198 4803 jurisjurandi

595 4823 786 4922 genus,
833 4858 954 4900 cum
1008 4839 1170 4894 homo
1211 4833 1382 4889 dicit:
1416 4829 1470 4885 Si
1505 4826 1631 4884 illud
1679 4824 1803 4890 feci,
1839 4823 1964 4878 illud
2009 4823 2196 4891 patiar.

595 4913 701 5000 ἐξά
731 4935 874 4996 aliud
913 4941 997 4990 est
1016 4928 1213 5003 juratio
1257 4925 1310 4980 in
1341 4938 1434 4978 ore
1458 4918 1704 4992 jurantis,
1742 4913 1885 4971 aliud
1915 4916 1966 4970 in
1995 4914 2200 4984 signili-

595 5035 809 5092 cationc
837 5021 1206 5101 prophetautis
1241 5036 1255 5074 :
1288 5017 1376 5072 hic
1417 5015 1560 5071 enim
1592 5011 1720 5068 dicit
1745 5008 1870 5084 quid
1900 5024 2023 5063 vere
2070 5021 2199 5062 con—

598 5128 767 5196 tingat
808 5097 1118 5176 hominibus
1154 5111 1243 5183 qui
1290 5105 1525 5164 reddunt
1564 5100 1982 5158 retribuentibus
2025 5097 2198 5164 mala;

599 5188 707 5273 non
735 5211 881 5284 quod
920 5208 1045 5275 sibi,
1090 5213 1185 5259 aut
1224 5199 1405 5267 alicui,
1453 5194 1604 5268 quasi
1628 5189 1978 5266 jurejurando
2006 5188 2202 5260 impre-

597 5318 769 5365 cetur.

669 5400 726 5455 ι.
754 5395 906 5470 [verm
928 5388 1009 5464 6.]
1033 5389 1369 5452 Persequatur
1389 5396 1507 5452 ergo
1524 5377 1757 5433 inimicus
1776 5374 1999 5428 animam
2017 5387 2198 5436 meam,

598 5501 648 5546 et
676 5463 1091 5555 comprehendat.
1127 5475 1320 5531 lterum
1367 5471 1638 5526 inimicum
1679 5463 1933 5535 singulari
1979 5477 2202 5516 numero

604 5583 906 5643 nominans,
932 5576 1080 5632 illum
1107 5571 1278 5645 magis
1303 5567 1574 5637 magisque
1602 5559 1907 5617 manifestat
1928 5569 2086 5625 quem
2112 5570 2203 5606 su-

605 5673 788 5746 perius
828 5667 976 5723 velut
1019 5644 1230 5717 leonem
1281 5653 1584 5727 appellavit.
1632 5647 1926 5720 Ipseeuim
1968 5644 2202 5698 animam

607 5737 947 5838 persequitur
971 5773 987 5826 ;
1015 5766 1069 5811 et
1093 5753 1137 5809 si
1165 5749 1456 5823 deceperit,
1479 5741 1920 5818 comprehendet.
1949 5737 2083 5793 Nam
2106 5737 2202 5792 bo-

2269 453 2441 508 mines
2460 466 2626 522 usque
2653 449 2718 504 ad
2738 444 3165 506 interfectionem
3197 448 3443 520 corporis
3471 449 3725 516 sicviunt,
3753 455 3863 506 sni-

2267 560 2406 598 mam
2437 558 2562 596 vero
2595 552 2712 612 post
2756 536 2912 597 istam
2952 533 3216 596 visibilem
3257 551 3489 596 mortem
3521 545 3573 596 in
3607 553 3868 608 potestate

2267 634 2465 689 habere
2509 649 2613 686 non
2658 640 2918 702 possunt;
2962 631 3206 687 diabolus
3249 641 3428 686 autem
3480 646 3620 704 quas
3669 634 3868 691 animas

2269 733 2578 793 persecutus
2601 722 3083 791 comprehenderit,
3131 723 3449 794 possidebit.
3496 723 3569 778 Et
3609 727 3868 781 conculcet

2269 817 2322 869 in
2360 815 2578 868 terram‘
2603 813 2755 866 vitam
2794 830 2955 866 meam
2989 814 3080 868 :id
3111 822 3196 868 est
3237 813 3636 878 conculcando,
3671 823 3862 870 terram

2271 905 2426 960 faciat
2455 905 2612 958 vitam
2641 920 2834 970 meam,
2876 905 3054 958 cibum
3097 903 3305 959 scilicet
3345 919 3546 969 suum;
3579 908 3692 960 n‘on
3734 907 3869 962 enim

2270 1005 2474 1052 tantum
2505 997 2610 1061 leo,
2634 996 2726 1051 sed
2750 998 2908 1050 etiam
2950 1011 3172 1064 serpens
3201 996 3506 1066 appellatus
3527 1007 3637 1061 est,
3681 999 3767 1062 cui
3787 995 3868 1051 tli-

2270 1098 2413 1144 ctum
2442 1099 2561 1144 est:
2589 1087 2800 1142 Terram
2842 1088 3211 1154 manducabis,‘
3239 1097 3296 1144 et
3341 1090 3618 1157 peccaturi
3672 1087 3870 1145 homini

2272 1183 2469 1237 dictum
2496 1190 2597 1244 est,
2630 1179 2784 1234 Terra
2821 1197 2889 1243 es,
2923 1189 2968 1235 et
2993 1181 3047 1234 in
3083 1191 3273 1233 terram
3311 1179 3407 1235 ibis
3443 1178 3603 1247 (Gen.
3646 1196 3726 1246 Ill,
3771 1182 3832 1246 14
3856 1223 3872 1250 ,

2275 1275 2386 1344 19).
2417 1273 2480 1327 Et
2506 1273 2721 1346 gloriam
2740 1289 2900 1326 meam
2920 1274 2971 1326 in
2993 1272 3247 1343 pulverem
3277 1272 3521 1326 deducat.
3553 1271 3658 1327 Hic
3681 1285 3760 1328 est
3793 1274 3874 1331 ille

2275 1364 2466 1437 pulvis,
2497 1380 2654 1436 quem
2687 1364 2893 1434 projicit
2933 1373 3122 1418 ventus
3157 1378 3186 1415 a
3213 1361 3350 1418 facie
3384 1374 3568 1430 terrae,
3603 1367 3865 1434 superbo-

2274 1470 2391 1510 rum
2421 1456 2626 1510 scilicet
2667 1470 2801 1508 vana
2826 1463 2881 1509 et
2908 1452 3086 1523 inepta
3128 1453 3406 1522 iactantia,
3451 1464 3507 1508 et
3548 1453 3739 1510 inﬂata
3776 1469 3875 1512 non

2275 1545 2499 1603 solidata
2529 1546 2588 1614 ',
2637 1555 2886 1615 tanquam
2933 1554 3094 1600 vento
3145 1544 3319 1600 elatus
3369 1546 3614 1616 pulveris
3665 1549 3872 1616 globus.

2278 1635 2441 1692 [lecte
2481 1635 2659 1706 itaque
2701 1634 2792 1690 hic
2831 1635 3004 1704 posuit
3045 1635 3295 1705 gloriam,
3337 1650 3496 1702 quam
3539 1651 3655 1692 non
3687 1638 3798 1693 vult
3825 1641 3874 1696 in

2277 1728 2549 1798 pulverem
2576 1725 2785 1782 deduci.
2829 1725 2954 1781 Vult
2997 1727 3139 1781 enim
3169 1741 3288 1782 eam
3327 1726 3560 1783 solidam
3593 1730 3798 1787 habere
3825 1734 3874 1788 in

2277 1818 2600 1874 conscientia
2635 1832 2812 1872 coram
2843 1815 2974 1883 Deo,
3003 1815 3093 1871 ubi
3133 1817 3278 1871 nulla
3317 1816 3579 1888 jabtantia
3621 1828 3749 1886 est;
3785 1821 3879 1890 Qui

2279 1907 2543 1980 gloriatur,
2569 1907 2757 1977 inquit,
2776 1906 2828 1960 in
2845 1904 3064 1961 Domino
3088 1906 3330 1975 glorietur
3347 1907 3390 1979 (Ι
3417 1907 3539 1963 Cor.
3570 1925 3608 1975 ι,
3632 1909 3754 1983 3|).
3782 1909 3878 1968 ista

2280 1998 2518 2055 soliditas
2567 1999 2619 2053 in
2667 1997 2938 2068 pulverem
2987 1997 3288 2063 deducitur,
3336 1998 3382 2053 si
3424 2013 3522 2069 per
3568 2003 3877 2072 superbiam

2280 2088 2502 2159 quisque
2547 2097 2893 2144 contemnens
2940 2097 3144 2143 secreta
3192 2089 3565 2158 Conscientiaz,
3615 2093 3712 2148 ubi
3741 2085 3880 2150 solus

2282 2179 2424 2235 Deus
2451 2178 2716 2233 hominem
2763 2177 2968 2247 probat,
3009 2177 3135 2231 velit
3166 2177 3307 2248 apud
3339 2179 3592 2238 homines
3621 2184 3879 2252 gloriari:

2285 2269 2407 2323 hinc
2430 2278 2512 2323 est
2554 2267 2694 2337 quod
2724 2267 2848 2322 alibi
2875 2267 3002 2322 dicit
3033 2286 3047 2322 :
3079 2266 3218 2322 Deus
3257 2279 3481 2324 conteret
3519 2288 3644 2326 ossa
3682 2274 3882 2343 placen-

2284 2360 2410 2414 tium
2428 2358 2709 2412 Itominibus
2749 2355 2919 2432 (Psal.
2951 2374 3040 2423 LII,
3068 2358 3145 2429 6).
3185 2359 3290 2428 Qui
3319 2371 3499 2416 autem
3529 2361 3677 2420 bene
3704 2364 3884 2422 didicit

2285 2450 2364 2504 vel
2392 2458 2642 2519 expertus
2681 2459 2765 2504 est
2808 2449 3052 2505 vitiorum
3080 2451 3508 2520 superandorum
3537 2455 3768 2526 gradus,
3801 2460 3878 2512 in-

2285 2538 2471 2610 telligit
2511 2537 2610 2594 hoc
2639 2539 2822 2592 vitium
2863 2539 3033 2594 inanis
3061 2539 3267 2615 glorize,
3299 2543 3382 2598 vel
3411 2546 3616 2612 solum,
3654 2549 3742 2603 vel
3779 2563 3887 2605 ma-

2287 2631 2428 2687 xime
2453 2630 2743 2686 cavendum
2773 2645 2892 2686 esse
2917 2630 3167 2701 perlectis
3197 2651 3209 2686 :
3242 2650 3348 2705 quo
3376 2636 3551 2705 primo
3579 2642 3732 2695 enim
3765 2644 3885 2698 vitio

2287 2720 2433 2790 lapsa
2471 2730 2552 2777 est
2591 2723 2788 2785 anima,
2827 2721 2928 2777 hoc
2969 2723 3210 2778 ultimum
3242 2725 3424 2781 vincit.
3459 2725 3686 2786 Initium
3725 2745 3887 2788 autem

2288 2812 2448 2866 omnis
2469 2813 2656 2881 peccati
2675 2812 2948 2881 superbia;
2979 2822 3053 2879 et,
3080 2813 3294 2870 Initium
3329 2821 3584 2890 superbia
3627 2823 3850 2880 hominis
3870 2867 3885 2893 ,

2288 2905 2573 2973 apostatare
2600 2919 2632 2958 α
2657 2902 2766 2958 Deo
2791 2903 2976 2976 (Eccli.
3007 2921 3061 2973 x,
3091 2906 3178 2973 15,
3214 2907 3324 2978 Hi).

2359 3001 2411 3057 5.
2440 2999 2589 3074 [vers.
2632 2997 2714 3074 7.]
2741 2999 2989 3072 Exsurge,
3026 2999 3263 3068 Domine,
3292 3004 3346 3058 in
3373 3004 3456 3059 ira
3485 3014 3598 3063 tua.
3629 3007 3776 3077 Quid
3801 3008 3890 3065 ad-

2290 3091 2394 3147 huc
2422 3092 2521 3146 iste
2550 3106 2707 3162 quem
2741 3091 3028 3161 perlectum
3055 3091 3304 3160 dicimus,
3349 3095 3417 3149 ad
3449 3094 3585 3150 iram
3636 3110 3890 3168 provocat

2296 3183 2495 3238 Deum?
2521 3182 2707 3238 Nonne
2736 3182 3020 3238 videndum
3046 3193 3126 3240 est
3157 3199 3226 3239 ne
3264 3187 3444 3255 potius
3473 3187 3566 3242 ille
3617 3191 3890 3258 perlectus

2292 3276 2378 3339 sit,
2407 3275 2493 3345 qui
2523 3291 2642 3330 cum
2673 3273 3018 3345 lapidarotur,
3063 3275 3204 3332 dixit
3245 3295 3260 3333 :
3302 3277 3545 3346 Domine,
3597 3300 3668 3338 ne
3701 3293 3892 3341 status

2292 3367 2393 3420 illis
2433 3367 2524 3420 hoc
2559 3378 2818 3436 peccatum
2847 3369 2980 3439 (Act.
3013 3383 3105 3437 vlt,
3138 3368 3275 3438 59)?
3306 3373 3387 3426 An
3418 3380 3475 3426 et
3502 3373 3630 3441 iste,
3662 3391 3773 3433 non
3799 3376 3891 3432 ld-

2292 3471 2477 3512 versus
2504 3455 2745 3512 homines
2763 3457 2876 3512 haec
2907 3469 3172 3529 precatur,
3205 3461 3299 3515 sed
3327 3461 3590 3519 adversus
3617 3465 3891 3524 diabolum

2293 3555 2347 3600 et
2372 3546 2588 3616 angelos
2626 3546 2762 3616 ejus,
2803 3562 3030 3617 quorum
3060 3551 3329 3630 possessio
3371 3564 3696 3623 peccatores
3739 3571 3894 3630 atque

2295 3635 2441 3709 impii
2463 3636 2704 3691 homines
2719 3636 2884 3714 sunt
2905 3635 3021 3693 Non
3045 3653 3174 3710 ergo
3195 3626 3444 3708 saeviens,
3467 3645 3562 3700 sed
3585 3626 3895 3706 misericors

2294 3729 2548 3785 adversus
2585 3745 2705 3784 eum
2735 3739 2872 3797 orat,
2913 3729 3152 3801 quisquis
3176 3742 3296 3788 orat
3324 3743 3382 3789 ut
3403 3735 3456 3790 ei
3483 3737 3772 3795 auferatur
3803 3743 3894 3796 ista

2298 3822 2562 3892 possessio
2589 3822 2656 3876 ab
2683 3821 2772 3876 illo
2804 3823 3028 3878 Domino
3049 3826 3138 3894 qui
3159 3825 3422 3894 justitlcat
3452 3830 3684 3900 impium
3719 3835 3894 3906 (Rom.

2296 3915 2465 4017 iv,j5)
2491 3933 2507 3970 :
2534 3929 2653 4017 cum
2697 3915 2838 3971 enim
2872 3914 3194 4017 justillcatur
3241 3918 3470 3989 impius,
3522 3937 3592 3978 ex
3635 3924 3810 3996 impio
3847 3928 3900 3982 lit

2292 4007 2488 4075 justus,
2519 4015 2574 4061 et
2611 4020 2673 4061 ex
2701 4007 3039 4077 possessione
3081 4008 3279 4066 diaboli
3323 4012 3518 4082 migrat
3547 4014 3600 4068 in
3634 4018 3896 4087 templum

2301 4099 2392 4153 Dei
2416 4114 2432 4164 ;
2463 4107 2515 4152 et
2542 4100 2789 4169 quoniam
2817 4114 2973 4168 poena
3001 4108 3106 4170 est,
3152 4113 3212 4157 ut
3238 4103 3432 4176 cuique
3457 4107 3761 4165 auferatur
3780 4128 3899 4183 pos-

2300 4191 2468 4246 sessio
2495 4190 2548 4246 in
2586 4207 2688 4263 qua
2717 4190 2982 4270 dominari
3024 4193 3315 4261 desiderat,
3347 4198 3487 4255 hanc
3521 4214 3748 4270 pinnam
3780 4203 3903 4259 dicit

2301 4283 2432 4337 iram
2482 4283 2571 4338 Dei
2618 4269 2875 4338 adversus
2915 4283 3203 4361 diabolum,
3256 4298 3316 4343 ut
3359 4269 3578 4347 desinat
3621 4297 3903 4363 possidere

2302 4389 2435 4445 quos
2460 4375 2712 4446 possidet.
2741 4374 2989 4448 Exsurge,
3027 4373 3267 4447 Domine,
3291 4381 3345 4435 in
3370 4382 3451 4435 ira
3489 4394 3579 4437 tua
3598 4401 3618 4440 :
3643 4385 3900 4462 Exsurge,

2305 4467 2388 4521 hic
2413 4481 2608 4537 appaie
2633 4467 2783 4532 dixit,
2817 4466 3063 4524 humanis
3092 4469 3343 4544 videlicet
3365 4485 3420 4528 et
3449 4473 3755 4534 latentibus
3784 4479 3903 4538 ver-

2305 4558 2405 4620 bis,
2437 4559 2583 4630 quasi
2617 4559 2756 4613 Deus
2799 4561 3048 4624 dormiat,
3093 4578 3216 4616 cum
3265 4564 3317 4618 in
3346 4568 3575 4623 secretis
3599 4571 3722 4626 suis
3754 4573 3902 4628 inco-

2304 4650 2476 4719 guitus
2507 4649 2652 4704 latet.
2700 4649 2944 4705 Exaltare
2987 4652 3041 4707 in
3078 4653 3262 4721 ﬁnibus
3289 4657 3618 4726 inimicorum
3649 4679 3896 4719 meorum.

2308 4740 2465 4795 Fines
2491 4739 2623 4794 dixit
2644 4741 2810 4810 ipsam
2845 4745 3261 4812 possessionem,
3293 4747 3384 4801 ubi
3417 4751 3530 4804 vult
3556 4751 3735 4808 Deum
3765 4756 3907 4810 exal-

2308 4835 2404 4888 tari
2436 4833 2628 4903 potius,
2676 4834 2726 4887 id
2766 4844 2848 4889 est
2877 4835 3123 4891 honorari
3151 4846 3207 4894 et
3232 4839 3546 4910 glorilicari,
3580 4861 3751 4913 quam
3797 4847 3908 4902 diae

2307 4927 2508 4990 bolum,
2549 4929 2673 4981 dum
2699 4927 2840 4997 impii
2865 4928 3220 4996 justilicantur
3249 4940 3302 4987 et
3342 4933 3562 4988 laudant
3595 4935 3792 4992 Deum.
3850 4938 3908 4991 Et

2308 5035 2537 5090 exsurge,
2584 5019 2799 5073 Domine
2825 5019 2961 5075 Deus
2999 5037 3158 5088 meus,
3188 5022 3242 5077 in
3273 5035 3526 5096 praecepto
3577 5029 3722 5095 quod
3766 5045 3908 5084 istam

2308 5114 2441 5168 dasti
2471 5129 2488 5168 :
2516 5113 2564 5168 id
2607 5124 2708 5177 est,
2755 5115 2876 5183 quia
2928 5115 3282 5171 humilitatem
3313 5119 3640 5190 praecepisti,
3688 5121 3906 5178 humilis

2307 5223 2540 5278 appare;
2570 5218 2622 5262 et
2653 5214 2704 5260 tu
2734 5209 2875 5276 prior
2901 5208 3060 5278 imple
3098 5207 3240 5279 quod
3270 5213 3598 5282 praecepisti,
3631 5222 3695 5268 ut
3720 5231 3907 5271 exem-

2309 5301 2515 5372 plo_tuo
2536 5302 2810 5354 vincentes
2833 5301 3156 5368 superbiam,
3187 5317 3293 5357 non
3324 5305 3712 5373 possideantur
3739 5323 3770 5362 a
3803 5307 3910 5361 dia-

2310 5395 2452 5460 bolo,
2481 5395 2570 5464 qui
2597 5394 2850 5447 adversus
2872 5403 2955 5448 tua
2987 5406 3248 5465 praecepta
3275 5397 3584 5467 superbiam
3616 5401 3904 5470 persuasit,

2373 5621 2390 5654 ί
2417 5616 2875 5689 νειίαιηιιεῌροὰεξχ,
2970 5624 3116 5668 terra.
3139 5621 3311 5670 caeteri
3335 5630 3441 5672 Mss.
3470 5631 3524 5674 et
3553 5622 3670 5674 editi
3692 5659 3707 5687 ,
3750 5624 3801 5676 in
3817 5631 3904 5674 ter-

2309 5659 3116 5743 .m':'iif;bi:xi:'es'giif"“
3141 5659 3315 5743 “"5”
3337 5659 3441 5672 "'“"
3471 5659 3524 5674 ν’

2374 5748 2395 5779 ¹
2421 5740 2554 5800 Editi,
2580 5739 2750 5795 solida.
2775 5739 2951 5792 Novem
2969 5749 3095 5802 Mss...
3113 5742 3340 5797 solidata.
