3956 6322
183 361 257 416 101
1276 364 1676 421 ENARRATIO

1824 368 2146 431 PSALMUM
2190 377 2300 434 VII.

178 472 371 525 dit-ens:
405 467 728 536 Manduwte,
771 481 817 526 et
850 473 1137 544 aperientur
1165 477 1298 530 vobis
1326 478 1480 546 oculi,
1508 490 1553 532 et
1591 481 1728 533 eritis

178 575 377 632 tanquam
408 563 476 616 dii
507 561 658 630 (Gen.
689 579 765 628 III,
798 564 876 633 5).

231 653 276 706 6.
311 650 449 722 [τετε.
478 649 560 724 8.]
601 650 670 704 Et
698 655 1017 724 congregatio
1055 657 1361 726 populorum
1399 659 1728 714 circumdabit

174 756 226 798 te.
261 743 439 812 Duplex
481 744 783 798 intellectus
811 755 911 799 est.
942 746 1298 818 Cougregatio
1325 752 1466 804 enim
1499 753 1725 821 populo-

173 852 288 898 rum,
316 837 417 890 sive
443 838 776 890 credentium
801 879 815 902 ,
843 839 954 892 sive
980 843 1411 910 persequentium
1438 852 1613 911 potest
1636 861 1729 898 ae-

172 927 272 996 cipi,
299 942 510 996 quorum
540 937 828 999 utrumque
855 930 1039 985 eadem
1070 932 1277 988 Domini
1308 937 1473 989 nostri
1506 935 1722 991 humili-

173 1030 258 1072 tate
294 1020 474 1073 factum
524 1031 608 1074 est
651 1038 665 1073 :
713 1038 868 1090 quam
899 1035 1249 1080 contemnens
1292 1032 1721 1098 persequentium

170 1109 432 1174 multitudo,
455 1109 810 1166 circumdedit
837 1127 979 1173 eum,
1008 1113 1074 1167 de
1098 1131 1198 1184 qua
1222 1115 1420 1170 dictum
1443 1127 1542 1181 est,
1577 1119 1719 1186 Qua-

167 1215 209 1252 re
244 1203 527 1268 fremuerunt
580 1212 784 1271 gentes,
835 1211 881 1256 et
917 1205 1092 1273 papuli
1131 1206 1357 1260 meditati
1391 1218 1505 1261 sunt
1544 1209 1720 1262 inania

171 1287 311 1358 (Psal,
336 1305 388 1355 II,
415 1289 509 1359 l)?
543 1291 881 1346 credentium
904 1305 1080 1347 autem
1107 1309 1200 1362 per
1224 1296 1340 1363 ejus
1367 1298 1716 1353 humilitatem

165 1380 409 1435 multitudo
438 1383 506 1434 ita
539 1396 666 1437 eum
697 1384 1083 1451 circumdedit,
1126 1394 1184 1439 ut
1206 1388 1484 1442 verissime
1513 1389 1719 1444 dicere-

164 1482 248 1538 tur,
269 1470 460 1525 Ctzcitas
488 1488 552 1526 ex
572 1483 716 1542 parte
747 1471 912 1526 Israel
938 1475 1074 1544 facta
1100 1487 1186 1539 est,
1215 1486 1270 1529 ut
1297 1477 1557 1546 plenitudo
1579 1478 1715 1533 Gen-

161 1565 264 1618 tium
287 1565 480 1619 intraret
503 1563 682 1638 (Rom.
711 1581 787 1630 si,
814 1564 946 1636 25);
974 1575 1029 1622 et
1060 1567 1210 1631 illud,
1248 1567 1462 1623 Postula
1486 1589 1520 1625 a
1542 1588 1640 1635 me,
1666 1581 1716 1626 et

159 1655 265 1708 dabo
282 1655 360 1708 tibi
378 1665 540 1726 gentes
560 1655 908 1712 hereditatem
935 1667 1092 1724 tuam,
1117 1669 1164 1712 et
1186 1661 1549 1730 possessionem
1569 1673 1711 1717 tuam

159 1746 358 1803 terminos
382 1756 525 1802 terra!
573 1745 748 1820 (Psal.
789 1764 847 1818 II,
879 1748 956 1820 8).
989 1748 1054 1804 Et
1084 1760 1288 1824 propter
1313 1753 1444 1805 hanc
1470 1753 1524 1807 in
1553 1757 1711 1809 altum

155 1837 379 1907 regredere
405 1852 423 1890 :
450 1837 501 1893 id
532 1848 618 1894 est
641 1879 654 1902 .
696 1848 914 1912 propter
940 1838 1077 1896 banc
1104 1843 1571 1912 congregationem
1615 1861 1706 1900 re-

155 1931 340 1998 gretleIe
374 1929 424 1984 in
448 1931 647 1996 altum;
680 1932 820 2004 quod
852 1932 1178 2004 resurgendo
1216 1945 1270 1988 et
1302 1935 1353 1988 in
1393 1935 1591 1990 coelum
1617 1952 1706 1991 as-

155 2024 391 2079 cendendo
415 2025 605 2082 iecisse
634 2025 966 2095 intelligitur.
989 2025 1064 2080 Ita
1093 2027 1236 2082 enim
1262 2028 1587 2098 glorificatns
1609 2029 1706 2084 deo

153 2116 214 2169 dit
246 2116 480 2186 Spiritum
524 2127 771 2172 sanctum
799 2158 813 2182 ,
842 2118 930 2188 qui
959 2127 1082 2172 ante
1124 2118 1562 2188 glorificzitionem
1589 2122 1706 2188 ejus

152 2207 244 2262 duri
268 2225 360 2263 non
382 2218 581 2280 posset,
608 2209 744 2265 sicut
770 2210 822 2263 in
849 2210 1135 2280 Evangelio
1163 2212 1390 2280 positum
1419 2222 1501 2266 est
1533 2230 1546 2265 :
1580 2212 1704 2282 Spi-

151 2299 252 2353 ritus
269 2309 420 2354 autent
446 2302 673 2354 nondum
693 2309 799 2353 erat
834 2299 985 2354 datus
1003 2342 1016 2362 ,
1040 2302 1159 2372 quia
1177 2299 1330 2356 Iesus
1351 2303 1573 2355 nondum
1597 2312 1703 2356 erat

151 2390 414 2460 clari/iratus
440 2391 459 2462 (
482 2390 643 2446 Joan.
685 2407 778 2458 vu,
809 2391 877 2447 39
903 2390 942 2460 ).
972 2391 1268 2461 Regressus
1294 2408 1422 2462 ergo
1449 2393 1500 2446 in
1531 2394 1698 2446 altum

152 2491 332 2551 propter
372 2483 836 2554 congregationem
884 2483 1196 2551 populorum
1224 2524 1239 2548 ,
1272 2483 1416 2536 misit
1440 2483 1696 2552 Spiritum

150 2582 350 2627 sanctum
375 2589 389 2638 ;
418 2589 526 2644 quo
558 2573 760 2644 impleti
796 2573 1173 2642 praedicatores
1203 2572 1483 2643 Evangelii
1512 2574 1694 2629 urbem

150 2673 366 2719 terrarum
394 2665 648 2720 Ecclesiis
676 2665 1048 2734 impleverunt.

202 2755 228 2808 Ἰ
273 2754 440 2810 Potest
466 2765 521 2810 et
558 2757 639 2811 sic
667 2756 766 2810 iste
793 2771 984 2810 sensus
1013 2756 1231 2826 intelligi
1257 2773 1271 2809 :
1304 2755 1555 2827 Exsurge.
1583 2757 1692 2812 Do-

146 2847 268 2912 mine,
282 2850 330 2904 in
344 2849 416 2901 ira
437 2859 523 2901 tua
537 2848 575 2911 ¹,
593 2848 820 2903 exaltare
833 2849 884 2900 in
897 2849 1081 2918 ﬁnibus
1096 2849 1412 2903 inimicorum
1431 2867 1656 2904 meorum
1672 2868 1693 2904 :

145 2938 184 2992 id
205 2951 290 3001 est,
307 2945 524 3009 exsurge
552 2941 608 2994 in
635 2941 708 2994 ira
743 2951 851 3007 tua,
871 2949 924 2993 et
954 2956 1058 2994 non
1092 2949 1141 2994 te
1169 2941 1463 3011 intelligant
1488 2942 1687 2997 inimici

145 3029 251 3092 mei;
273 3039 324 3082 ut
349 3028 445 3083 hoc
470 3030 538 3083 sit
561 3031 808 3094 exaltare,
840 3030 889 3084 id
915 3041 1014 3094 est,
1044 3031 1181 3082 altus
1201 3030 1417 3086 efﬁcere
1442 3047 1508 3084 ne
1535 3031 1689 3085 intel-

143 3119 304 3191 ligaris,
332 3121 464 3192 quod
494 3121 725 3176 refertur
752 3120 817 3174 ad
848 3121 976 3175 illud
1010 3121 1302 3175 silentium.
1332 3121 1421 3176 Sic
1447 3121 1589 3176 enim
1620 3122 1688 3176 de

142 3210 220 3266 hac
253 3214 562 3269 exultatione
603 3215 655 3269 in
695 3214 802 3267 alio
846 3214 1052 3284 psalmo
1093 3214 1323 3268 dicitur:
1360 3214 1424 3268 Et
1463 3216 1684 3268 ascendit

141 3318 262 3372 super
279 3303 554 3369 Cherubim,
577 3316 624 3359 et
650 3305 852 3359 volavit.
887 3303 953 3358 Et
985 3305 1150 3373 posuit
1175 3306 1402 3358 tenebras
1421 3305 1686 3358 latibulum

139 3409 257 3446 suum
280 3392 440 3465 (Psal.
467 3382 594 3461 xvii,
622 3397 709 3462 11,
744 3395 832 3466 12)
863 3410 877 3449 :
904 3409 1007 3465 qua
1035 3395 1385 3462 exaltatione,
1411 3395 1460 3450 id
1492 3408 1572 3450 est
1593 3411 1686 3449 oc-

138 3485 399 3552 cultatione,
427 3502 548 3541 cum
573 3497 626 3541 te
648 3487 838 3540 merito
859 3495 1199 3555 peccatorum
1225 3501 1443 3540 suorum
1475 3504 1579 3540 non
1603 3486 1684 3540 in-

138 3575 390 3631 tellexerint
413 3577 502 3648 qui
537 3587 588 3630 te
616 3577 948 3648 cruciligent,
978 3578 1318 3646 congregatio
1347 3577 1679 3632 credentium

135 3665 436 3720 circumdabit
461 3678 532 3721 te.
564 3667 680 3738 Ipsa
709 3667 852 3721 enim
880 3666 1179 3721 humilitate
1217 3667 1478 3720 exaltatus
1499 3679 1599 3729 est,
1627 3667 1680 3720 id

135 3766 225 3825 est,
251 3774 342 3812 non
377 3769 457 3815 est
485 3760 824 3826 intellectus;
855 3768 910 3813 ut
946 3758 1012 3812 ad
1046 3761 1145 3813 hoc
1171 3757 1463 3823 referatur,
1495 3758 1560 3812 Et
1587 3775 1679 3812 ex-

135 3867 268 3922 surge,
297 3850 502 3908 Domine
525 3851 662 3906 Deus
682 3869 840 3915 meus,
864 3852 915 3905 in
944 3861 1196 3922 pra’cepto
1215 3851 1352 3922 quod
1388 3852 1641 3904 mandasti
1656 3867 1677 3916 ,-

135 3939 173 3992 ld
191 3950 273 4008 est,
290 3957 642 4016 cum-appares
658 3943 891 4010 humilis,
916 3942 1054 3996 altus
1079 3952 1217 4008 esto,
1240 3951 1297 3996 ut
1313 3958 1418 3995 non
1439 3953 1488 3996 te
1516 3942 1674 3996 intel-

135 4032 263 4104 ligant
300 4036 487 4092 inimici
513 4037 621 4092 mei
652 4054 664 4089 :
692 4037 836 4106 justo
865 4046 1041 4092 autem
1087 4044 1214 4090 sunt
1244 4045 1550 4104 peccatores
1574 4035 1676 4089 ini-

133 4126 247 4190 mici,
271 4139 315 4182 et
344 4130 426 4199 pio
456 4130 629 4200 impii.
658 4129 726 4183 Et
753 4129 1076 4200 congregatio
1109 4129 1416 4200 populorum
1452 4129 1674 4184 circum-

134 4215 241 4270 dabit
258 4228 334 4273 te:
361 4220 406 4273 id
428 4230 527 4285 est,
555 4236 649 4292 per
676 4220 778 4276 hoc
803 4221 974 4290 ipsum
1002 4221 1142 4290 quod
1167 4237 1270 4276 non
1302 4232 1351 4275 te
1377 4222 1675 4292 intelligunt

134 4309 200 4375 qui
227 4319 268 4363 te
298 4313 603 4383 crneiligunt
628 4355 642 4378 ,
687 4314 906 4367 credent
938 4313 988 4366 in
1033 4299 1083 4366 te
1111 4311 1307 4368 Gentes
1332 4354 1346 4378 ,
1393 4323 1550 4383 atque
1600 4315 1672 4368 ita

134 4404 422 4471 congregatio
451 4406 765 4472 pupillorum
804 4403 1154 4459 circumdabit
1181 4412 1254 4458 te.
1284 4402 1388 4460 Sed
1413 4404 1554 4475 quod
1580 4419 1671 4460 se-

134 4492 273 4556 quitur
293 4494 330 4547 si
358 4511 477 4550 vere
506 4495 608 4549 hoc
643 4496 920 4565 signiﬁcat,
972 4496 1088 4564 plus
1118 4495 1320 4549 doloris
1361 4496 1518 4549 habet
1543 4495 1668 4564 quia

132 4579 212 4645 iam
239 4581 625 4656 incipitsentiri,
650 4601 807 4655 quam
832 4585 1028 4639 laetitize
1055 4585 1178 4655 quia
1206 4585 1533 4655 intelligitur.
1568 4586 1670 4640 Se-

135 4673 274 4738 quitur
306 4677 460 4740 euim,
495 4677 562 4729 Et
601 4687 806 4747 propter
841 4677 972 4730 hanc
1012 4677 1067 4729 in
1105 4675 1268 4742 altum
1303 4676 1668 4748 regredere:id

135 4774 208 4830 est,
234 4776 280 4821 et
303 4779 507 4839 promer
534 4769 672 4823 hanc
697 4767 1160 4838 congregationem
1188 4768 1398 4838 generis
1425 4767 1666 4834 humani,

135 4869 207 4920 qua
230 4857 455 4915 Ecclesia:
482 4858 692 4914 refertae
712 4867 852 4922 sunt,
880 4861 930 4912 in
957 4859 1120 4913 altum
1149 4858 1456 4926 regredere,
1489 4857 1539 4911 id
1563 4867 1665 4922 est,

135 4960 275 5002 rursus
298 4951 472 5006 desine
497 4952 737 5021 intelligi.
764 4950 902 5016 Quid
930 4960 1012 5005 est
1029 4964 1175 5018 ergo,
1201 4946 1266 5002 Et
1289 4959 1496 5018 propter
1511 4951 1664 5016 Itane,

137 5039 208 5091 nisi
234 5043 335 5110 quia
361 5054 412 5097 et
435 5043 532 5096 ista
564 5053 615 5096 te
635 5042 899 5097 oﬂ'eusura
922 5053 1023 5106 e51;
1050 5043 1118 5095 ita
1143 5050 1200 5094 ut
1220 5041 1495 5096 verissime
1524 5056 1664 5110 pra:-

137 5132 320 5197 uunties,
337 5134 515 5189 dicens
542 5152 555 5189 :
592 5133 752 5189 Putas
777 5151 890 5188 cum
911 5134 1098 5187 venerit
1125 5132 1293 5187 Filius
1314 5135 1552 5194 hominis,
1580 5135 1662 5188 in-

136 5224 254 5278 reniet
279 5227 415 5294 ﬁdem
443 5245 595 5299 super
616 5239 801 5282 terram
825 5227 977 5298 (Luc.
1003 5243 1150 5293 xvut,
1175 5228 1229 5298 ὅ)
1250 5228 1274 5279 'I
1295 5229 1420 5281 item
1448 5227 1577 5281 dicit
1597 5227 1664 5282 de

136 5318 576 5392 Woprophetis,
609 5322 696 5392 qui
729 5321 1094 5392 intelliguntur
1127 5320 1358 5374 lzazretici
1391 5335 1406 5372 :
1441 5319 1664 5389 PrOpter

136 5421 267 5462 eorum
283 5412 583 5495 iniquitatem
606 5413 890 5484 refrigescet
911 5413 1134 5466 charitas
1155 5412 1425 5465 multorum
1446 5411 1658 5481 (Matth.

136 5508 254 5564 xm,
277 5500 391 5574 η).
423 5503 562 5560 Cum
591 5519 720 5576 ergo
746 5513 802 5559 et
831 5505 882 5557 in
915 5500 1168 5557 Ecelesiis
1189 5544 1202 5562 .
1257 5501 1358 5556 hoc
1383 5513 1464 5556 est
1493 5503 1546 5557 in
1576 5504 1659 5557 illa

138 5596 489 5664 congregatione
527 5596 844 5666 pOpulorum
873 5604 1032 5664 atque
1057 5591 1316 5663 gentium,
1347 5593 1434 5647 ubi
1465 5607 1659 5648 nomen

181 5743 457 5815 {Sic-aliquot
481 5764 543 5801 ex
573 5763 826 5815 praeopms
848 5756 960 5815 Mss.
972 5745 1149 5798 omissa
1183 5757 1290 5811 post
1313 5750 1539 5815 verbum,
1555 5758 1659 5810 tua,

136 5809 328 5875 Manta,
348 5809 406 5873 et,
424 5826 535 5877 quae
560 5809 588 5862 ai
612 5809 894 5864 Lxx'abest.
921 5810 1017 5876 [ira
1038 5817 1141 5874 tua,
1157 5809 1203 5863 et
1221 5811 1460 5877 esattare]

3323 402 3426 459 102

1838 487 2183 548 christianum
2209 496 2463 556 latissime
2490 517 2826 578 pervagatum
2846 523 2949 581 est,
2971 525 3112 573 tanta
3129 520 3230 576 erit
3255 523 3427 581 abun-

1837 576 2013 632 dantia
2049 595 2383 650 peccatorum
2411 606 2530 659 qua:
2550 576 2670 662 jam:
2690 614 2752 651 ex
2788 618 2972 673 magna
3002 619 3150 675 parte
3171 618 3421 678 sentitur.

1835 684 2013 775 npnne
2035 674 2118 727 illa
2150 675 2237 730 hic
2266 682 2588 752 praedicitur,
2613 704 2732 757 qu;e
2758 707 2856 761 per
2879 674 3038 752 alium
3059 717 3271 773 quoque
3293 674 3422 775 pro;

1834 759 2044 827 phetaIn
2072 764 2379 823 denuntiata
2409 783 2510 839 est,
2546 775 2712 833 fames
2739 759 2884 836 verbi
2916 759 3103 856 (Amo's
3125 759 3233 857 vui,
3254 759 3422 866 Viri)?

1831 853 2019 910 Nonne
2049 869 2103 911 et
2145 871 2360 929 prepter
2399 865 2534 920 hanc
2559 853 3022 941 congregationem
3055 853 3286 948 peccatis
3312 853 3421 942 suis

1829 955 1858 994 a
1887 959 1947 997 se
1973 946 2152 1002 lumen
2184 952 2421 1007 veritatis
2450 955 2863 1029 abalienantem,
2895 966 3033 1020 Deus
3055 946 3104 1022 in
3133 972 3296 1028 altum
3328 992 3419 1032 re~

1827 1036 2086 1103 greditur.
2118 1041 2166 1093 id
2197 1051 2298 1107 est,
2331 1055 2386 1099 ut
2411 1057 2501 1101 aut
2535 1066 2660 1114 non,
2690 1063 2778 1107 aut
2805 1071 2834 1108 a
2874 1064 3172 1129 perpaucis,
3206 1065 3274 1121 de
3299 1068 3420 1136 qni-

1826 1125 1925 1179 bus
1942 1126 2140 1184 dietum
2159 1143 2258 1194 est,
2275 1133 2464 1190 Beatus
2483 1142 2571 1209 qui
2587 1125 3140 1221 perseveraverit-usque
3161 1155 3213 1209 in
3237 1125 3412 1226 ﬁnem.

1824 1215 1907 1269 hic
1926 1219 2093 1274 salvus
2121 1223 2212 1276 erit
2240 1226 2257 1290 (
2279 1226 2466 1281 Matth.
2491 1247 2545 1296 x,
2574 1233 2707 1303 9.2),
2740 1243 2983 1293 teneatur
3009 1215 3069 1296 et
3093 1215 3416 1317 percipiatur

1823 1311 2027 1365 sincera
2077 1313 2267 1382 tides’,
2295 1328 2348 1372 et
2377 1320 2444 1374 ab
2491 1324 2728 1378 omnium
2775 1343 3055 1396 pravarum
3101 1337 3412 1403 Opinionum

1821 1397 1941 1453 labe
1967 1407 2221 1474 purgata?
2244 1407 2361 1464 Non
2401 1427 2531 1482 ergo
2561 1415 2829 1472 immerito
2851 1420 3066 1488 dicitur,
3102 1397 3166 1478 Et
3189 1439 3401 1498 prapter

1821 1491 1951 1547 hanc
1966 1501 2432 1568 congregationem
2455 1505 2507 1558 in
2524 1506 2683 1559 altum
2705 1511 2999 1579 regredere;
3021 1514 3071 1569 id
3095 1491 3199 1582 est,
3215 1491 3409 1575 secede

1818 1598 2002 1639 rursus
2033 1586 2085 1640 in
2112 1589 2443 1647 altitudinem
2474 1607 2802 1652 secretorum
2828 1609 3062 1671 tuorum,
3091 1606 3250 1660 etiam
3277 1621 3408 1677 pro-

1817 1685 1937 1745 pter
1963 1677 2100 1733 hanc
2121 1686 2583 1754 congregationem
2616 1692 2934 1759 populorum
2962 1709 3081 1764 qua:
3110 1697 3270 1754 habet
3300 1715 3402 1757 no-

1815 1781 1938 1821 men
1963 1777 2108 1823 tuum
2153 1780 2207 1826 et
2233 1773 2366 1826 facta
2401 1785 2486 1829 tua
2518 1793 2622 1831 non
2657 1779 2799 1835 facit.

1884 1859 1938 1914 8.
1971 1859 2076 1914 Sed
2105 1865 2217 1917 sive
2244 1867 2508 1934 superior,
2540 1868 2653 1925 sive
2678 1872 2774 1926 ista
2799 1875 2869 1928 sit
2897 1878 3276 1947 congruentior
3301 1889 3402 1936 tm-

1806 1947 1897 2017 jus
1929 1951 2028 2006 loci
2057 1956 2352 2024 expositio,
2399 1960 2515 2016 sine
2560 1965 2869 2032 prtejudicio
2911 1968 3132 2025 alterius
3175 1973 3403 2044 alicujus

1811 2043 2050 2098 melioris
2085 2057 2176 2099 aut
2207 2048 2369 2116 paris,
2401 2055 2903 2112 convenientissime
2931 2061 3188 2130 sequitur,
3225 2043 3403 2120 Domi-

1812 2141 1911 2181 nus
1990 2134 2196 2203 judicat
2222 2141 2457 2211 populos.
2489 2141 2614 2200 Sive
2653 2147 2795 2200 enim
2837 2149 2890 2202 in
2930 2151 3094 2206 altum
3124 2169 3400 2223 regressus

1807 2232 1906 2286 est,
1939 2238 2059 2277 eum
2090 2237 2209 2294 post
2233 2234 2680 2291 resurrectionem
2709 2240 2948 2295 ascendit
2977 2242 3030 2295 in
3060 2245 3275 2311 caelum,
3305 2247 3399 2302 be~

1805 2328 1873 2367 ne
1896 2316 2155 2383 sequitur,
2193 2317 2437 2376 Dominus
2455 2325 2658 2393 judicat
2679 2331 2932 2398 populos;
2962 2335 3083 2402 quia
3114 2335 3236 2391 inde
3262 2353 3394 2392 ven-

1805 2411 1956 2458 turus
1976 2413 2058 2460 est
2077 2408 2317 2476 judicare
2347 2413 2497 2468 vivos
2517 2424 2572 2469 et
2595 2428 2834 2473 mortuos
2861 2439 2875 2472 :
2899 2422 3011 2477 sive
3038 2423 3088 2478 in
3117 2425 3279 2480 altum
3304 2443 3394 2482 re-

1802 2495 2074 2563 grediatur
2127 2514 2247 2552 cum
2281 2513 2588 2571 peccatores
2612 2508 2931 2565 christianos
2958 2512 3156 2569 deserit
3185 2517 3389 2573 intelli-

1798 2587 1975 2655 gentia
2007 2589 2280 2654 veritatis;
2313 2593 2433 2662 quia
2473 2594 2539 2650 de
2585 2594 2701 2665 ipso
2747 2599 2976 2655 adventu
3018 2603 3216 2660 dictum
3260 2616 3386 2663 est:

1799 2675 1966 2732 Putas
2001 2681 2200 2734 veniens
2235 2680 2284 2734 F
2285 2684 2401 2738 ilius
2426 2686 2642 2741 hominis
2676 2690 2889 2746 inveniet
2925 2695 3078 2763 [idem
3111 2714 3264 2768 super
3292 2709 3392 2755 ter-

1796 2788 1906 2825 ram
1947 2774 2108 2843 (Luc.
2147 2793 2298 2847 xvm,
2343 2782 2452 2851 8)?
2495 2783 2741 2842 Dominus
2760 2804 2887 2858 ergo
2902 2788 3105 2858 judieat
3143 2797 3380 2865 populos.

1795 2861 1925 2929 Quis
1955 2865 2241 2936 Dominus,
2275 2871 2374 2925 nisi
2414 2873 2570 2929 Jesus
2608 2876 2890 2934 Christus?
2931 2880 3087 2936 Pater
3109 2861 3244 2939 enim
3282 2905 3385 2944 non

1785 2956 1986 3025 judicat
2004 2975 2324 3030 quemquam,
2344 2966 2432 3018 sed
2453 2983 2598 3021 omne
2603 2970 2861 3039 judicimn
2884 2973 3020 3028 dedit
3040 2975 3176 3032 Filio
3197 2978 3382 3050 (Joan.

1794 3060 1845 3110 v,
1875 3047 1989 3119 22).
2017 3052 2351 3122 Quapropter
2379 3055 2494 3112 haec
2519 3060 2694 3113 anima
2726 3078 2844 3131 qua!
2875 3065 3108 3134 perfecte
3135 3047 3270 3136 orat,
3297 3071 3382 3125 vi-

1791 3137 1859 3192 de
1885 3144 2330 3210 quemadmodum
2364 3163 2468 3202 non
2519 3151 2699 3206 timeat
2725 3154 2904 3222 judicii
2932 3157 3072 3213 diem
3094 3202 3109 3226 ,
3153 3173 3209 3216 et
3253 3179 3381 3221 vere

1790 3246 1981 3286 securo
2029 3235 2298 3292 desiderio
2337 3239 2480 3294 dicat
2525 3242 2577 3296 in
2619 3247 2890 3313 oratione,
2947 3247 3125 3304 Veniat
3170 3269 3383 3325 regnum

1789 3330 1930 3375 tuum
1961 3324 2171 3395 (Matth.
2204 3343 2274 3391 VI,
2312 3329 2398 3402 10)
2428 3349 2441 3384 :
2474 3331 2679 3396 Judiea,
2721 3334 2927 3407 inquit,
2955 3355 3034 3393 me
3054 3381 3069 3407 ,
3118 3324 3336 3397 Domine
3360 3387 3376 3414 ,

1787 3416 2061 3470 secundum
2102 3421 2348 3486 iustitiam
2380 3441 2563 3480 meam.
2605 3426 2660 3481 lu
2703 3432 2961 3500 superiori
2996 3419 3200 3502 psalmo
3227 3436 3376 3490 infir-

1787 3522 1905 3561 mus
1943 3507 2348 3579 deprecabatur,
2395 3517 2817 3574 misericordiam
2860 3524 3035 3592 potius
3081 3525 3376 3596 implorans

1788 3599 1906 3665 Dei,
1932 3617 2089 3670 quam
2112 3618 2541 3664 commemorans
2565 3610 2727 3665 ullum
2751 3614 2997 3668 meritum
3021 3630 3211 3684 suum;
3240 3635 3375 3688 quo-

1783 3693 1925 3746 niam
1954 3692 2119 3748 Filius
2147 3696 2238 3751 Dei
2282 3709 2592 3767 peccatores
2615 3702 2759 3756 venit
2785 3720 2977 3760 vocare
3019 3707 3072 3762 in
3105 3712 3374 3779 paeniten-

1785 3784 1912 3838 tiam
1940 3784 2091 3853 (Luc.
2110 3803 2163 3854 ν,
2193 3789 2307 3862 52).
2337 3791 2520 3862 itaque
2551 3793 2620 3848 ibi
2649 3793 2886 3859 dixerat,
2920 3799 3130 3854 Satvum
3157 3819 3238 3855 me
3266 3806 3371 3874 fac,

1781 3872 2030 3943 Domine,
2063 3888 2270 3948 propter
2306 3882 2704 3938 misericordiam
2733 3895 2892 3954 tuam,
2917 3887 2968 3945 id
3000 3900 3079 3945 est
3111 3907 3215 3947 non
3243 3872 3371 3964 pro-

1784 3973 1902 4032 pter
1939 3968 2186 4022 meritum
2218 3986 2431 4038 meum;
2465 3989 2607 4028 nunc
2637 3987 2822 4032 autem
2856 3982 3106 4050 quoniam
3151 3996 3371 4043 vocatus

1780 4056 1952 4111 tenuit
1979 4066 2033 4112 et
2056 4062 2288 4114 servavit
2316 4074 2574 4134 praecepta
2598 4081 2714 4137 qua:
2735 4072 2961 4140 accepit,
2988 4073 3147 4129 audet
3164 4076 3366 4134 dicere:

1777 4150 1966 4206 Judica
1990 4170 2097 4220 me,
2139 4154 2380 4222 Domine,
2418 4160 2690 4214 secundant
2716 4164 2973 4232 justitiam
3001 4181 3194 4235 meam,
3223 4179 3270 4224 et
3290 4187 3372 4224 se-

1776 4245 1998 4299 cundum
2025 4247 2364 4302 innocentiam
2399 4267 2561 4304 meam
2590 4269 2743 4324 super
2769 4271 2866 4310 me.
2890 4255 2990 4311 ista
3017 4268 3100 4314 est
3128 4262 3366 4318 veruin-

1777 4339 2020 4393 nocentia
2038 4380 2054 4406 ,
2082 4355 2199 4409 quae
2226 4356 2325 4395 nec
2354 4341 2569 4396 inimico
2601 4353 2789 4411 nocet;
2822 4347 2998 4417 itaque
3027 4350 3164 4406 bene
3190 4367 3248 4407 se
3274 4353 3364 4424 jo-

1776 4427 1938 4483 dicari
1966 4431 2200 4500 postulat
2222 4432 2512 4487 secundum
2541 4434 2900 4491 innocentiam
2923 4453 3093 4504 suam,
3121 4443 3208 4512 qui
3236 4460 3366 4501 vene

1773 4521 1952 4577 dicere
1998 4523 2166 4592 potuit
2216 4541 2230 4578 :

1776 4611 1949 4681 (Psal.
1993 4629 2082 4677 vn,
2111 4613 2187 4683 5).
2219 4613 2369 4681 Quod
2399 4625 2577 4669 autem
2606 4617 2829 4685 addidit,
2855 4637 3008 4690 super
3032 4639 3127 4688 me,
3157 4639 3263 4679 non
3289 4626 3358 4682 ad

1774 4704 2129 4761 innocentiam
2159 4717 2382 4774 tantum,
2419 4707 2511 4764 sed
2535 4709 2600 4764 ad
2624 4710 2884 4780 justitiam
2914 4728 3132 4791 quoque
3158 4715 3363 4772 subau-

1773 4797 1874 4852 diri
1914 4809 2116 4868 potest;
2151 4810 2207 4854 ut
2236 4801 2336 4856 iste
2371 4802 2437 4855 sit
2477 4815 2667 4856 sensus
2701 4819 2714 4855 :
2744 4803 2929 4857 Judica
2960 4821 3065 4871 me,
3099 4806 3359 4874 Domine,

1773 4893 2061 4948 secundum
2079 4893 2338 4964 justitiam
2370 4909 2566 4962 meam,
2599 4902 2655 4949 et
2679 4896 2970 4950 secundum
3000 4898 3360 4955 innocentiam

1773 5002 1968 5052 meam,
1997 5003 2116 5058 quae
2143 4986 2344 5057 jnslitia
2385 4997 2436 5041 et
2474 4988 2773 5042 innocentia
2813 5003 2974 5059 super
2999 5005 3086 5045 me
3109 4997 3211 5046 est.
3243 4990 3364 5060 Quo

1771 5080 2132 5134 additamento
2169 5080 2498 5134 demonstrat
2541 5080 2592 5133 id
2633 5082 2804 5148 ipsum
2845 5081 2985 5150 quod
3015 5083 3189 5136 anima
3214 5083 3362 5154 justa

1771 5183 1849 5228 est
1881 5182 1933 5226 et
1955 5174 2230 5236 innocens,
2260 5189 2362 5226 non
2387 5189 2481 5241 per
2507 5188 2563 5226 se
2587 5173 2802 5238 habere,
2836 5173 2930 5228 sed
2963 5188 3060 5243 per
3089 5175 3359 5230 illustran-

1772 5272 1952 5317 temet
1979 5263 2365 5318 illuminantem
2400 5264 2606 5329 Deum;
2637 5262 2706 5318 de
2736 5263 2834 5317 hac
2856 5264 2996 5318 enim
3019 5266 3144 5320 dicit
3174 5269 3225 5320 in
3253 5268 3361 5321 alio

1770 5354 2000 5415 Psalmo,
2034 5354 2112 5407 Tu
2130 5353 2436 5407 illuminabis
2459 5354 2714 5406 lucernam
2741 5370 2923 5420 meam,
2951 5353 3162 5409 Domine
3182 5355 3359 5428 (Psat.

1769 5461 1906 5509 xvn,
1933 5443 2058 5514 29);
2087 5452 2140 5497 ct
2168 5443 2236 5498 de
2260 5442 2465 5498 Joanne
2490 5441 2683 5496 dicitur
2703 5485 2716 5507 ,
2749 5445 2870 5514 quia
2903 5461 3003 5498 non
3035 5457 3141 5500 erat
3167 5447 3252 5499 ille
3277 5450 3361 5500 lu-

1767 5553 1902 5600 men,
1930 5536 2019 5588 sed
2039 5535 2375 5588 testimonium
2397 5533 2683 5602 perhibebat
2702 5533 2763 5586 de
2790 5535 2978 5589 lumine
3003 5533 3182 5603 (Joan.
3208 5552 3246 5601 t,
3275 5538 3355 5603 8).

1768 5627 1868 5684 Ille
1892 5639 1997 5684 erat
2024 5630 2227 5681 lucerna
2253 5627 2434 5680 ardens
2454 5636 2501 5679 et
2526 5627 2694 5682 lucens
2720 5627 2896 5698 (Joan.
2921 5645 2972 5695 ς’,
3005 5629 3115 5700 35).
3144 5627 3354 5688 Lumen

2284 4523 2345 4580 Si
2388 4524 2588 4579 reddidi
2627 4527 3012 4585 retribuentibus
3053 4532 3178 4586 mihi
3222 4535 3365 4590 mala

1834 5818 1848 5848 ί
1878 5815 2061 5877 Aliquot
2086 5817 2212 5870 Mss,
2229 5806 2417 5858 sincera
2438 5801 2557 5868 ﬁde.
