3956 6320
549 510 676 564 ergo
697 489 825 548 illud
847 486 987 545 unde
1002 487 1193 543 animm
1216 495 1463 553 tanquam
1481 483 1710 538 lucernae
1745 480 2128 541 accenduntur,

549 603 655 641 non
673 568 867 645 alieno,
892 579 987 635 sed
1014 577 1227 647 proprio
1247 575 1530 645 splendore
1557 571 1854 641 pncfulget,
1881 569 2024 640 quod
2051 578 2134 624 est

548 677 662 746 ipsa
683 675 895 728 veritas.
912 671 983 725 ita
1000 684 1128 738 ergo
1143 668 1358 728 dicitur,
1377 664 1654 719 secundum
1665 661 1923 730 justitiam
1945 674 2130 719 meam.

550 778 594 819 et
630 764 907 819 secundant
931 759 1267 814 innocentiam
1300 772 1467 809 meam
1510 769 1663 820 super
1686 768 1785 812 me,
1811 761 2063 819 tanquam
2087 747 2133 802 si

545 858 766 923 lpcema
795 854 986 908 ardens
1011 861 1065 905 et
1092 850 1276 904 lucens
1302 846 1504 901 diceret
1535 862 1548 897 :
1583 843 1767 897 Judiea
1814 856 1900 895 me
1935 854 2132 894 secun-

547 950 675 1005 dum
707 948 971 1002 ﬂammam
1001 958 1119 1010 qua:
1146 956 1308 1010 super
1333 954 1418 993 me
1442 948 1544 1002 est,
1571 936 1620 989 id
1639 946 1740 1000 est,
1760 948 1863 988 non
1885 946 1987 1003 qua
2014 946 2133 985 sum

546 1053 648 1109 ego
667 1038 708 1101 ¹,
739 1035 833 1090 sed
859 1049 962 1105 qua
993 1032 1169 1100 fulgeo
1193 1043 1415 1084 accensa
1443 1026 1510 1081 de
1541 1035 1611 1079 te.

619 1128 673 1184 9.
701 1124 852 1201 [ειη.
896 1122 1008 1195 10.]
1050 1121 1433 1177 Consummetur
1460 1126 1627 1169 autem
1652 1113 1873 1182 nequitia
1902 1118 2132 1181 peccato-

549 1237 683 1275 rum.
702 1219 1107 1279 Consummatur,
1134 1211 1321 1280 inquit,
1348 1207 1670 1277 perﬁciatur,
1688 1202 1979 1259 secundum
2004 1200 2133 1256 illud

552 1310 701 1381 quod
720 1319 804 1365 est
832 1308 886 1362 in
914 1302 1233 1375 Apocalypsi
1261 1320 1273 1354 :
1301 1300 1483 1355 Justus
1504 1298 1697 1368 justior
1732 1297 1822 1365 ﬂat
1842 1338 1856 1361 ,
1886 1305 1933 1348 et
1968 1294 2135 1348 sordi-

551 1405 649 1458 dus
676 1401 931 1456 sordescat
968 1397 1134 1451 adhuc
1171 1396 1366 1468 (Apoc.
1409 1408 1539 1455 nn,
1582 1392 1640 1445 ll
1669 1388 1710 1459 ).
1746 1387 1966 1442 Videtur
1989 1386 2133 1440 enim

554 1497 923 1546 consummata
950 1486 1182 1555 nequitia
1217 1485 1488 1538 hominum
1517 1482 1605 1551 qui
1634 1478 2017 1534 crucihxerunt
2048 1476 2130 1531 Fi-

556 1583 682 1639 lium
713 1581 841 1645 Dei;
872 1579 968 1636 sed
998 1593 1185 1634 eorum
1226 1576 1396 1644 m’ajor
1432 1583 1516 1629 est
1541 1573 1631 1643 qui
1664 1571 1850 1626 nolunt
1873 1578 2018 1624 recte
2044 1570 2128 1622 vi-

554 1688 701 1737 vere,
730 1681 784 1727 et
808 1671 1039 1725 oderunt
1063 1676 1329 1738 praecepta
1351 1665 1594 1719 veritatis
1621 1678 1717 1731 pro
1742 1662 1936 1732 quibus
1962 1659 2138 1714 cruci-

558 1762 693 1818 ﬁxus
721 1772 804 1817 est
828 1760 992 1815 Filius
1018 1760 1130 1813 Dei.
1158 1758 1538 1812 Consummatur
1570 1768 1711 1825 ergo,
1740 1751 1929 1821 inquit,
1960 1750 2111 1820 nequi
2121 1780 2136 1789 -

550 1858 628 1913 tia
661 1862 982 1926 peccatorum
1006 1864 1027 1913 ;
1069 1848 1121 1902 id
1146 1856 1261 1911 est,
1291 1844 1627 1915 perveniatur
1651 1842 1719 1897 ad
1748 1856 2009 1897 summam
2042 1855 2137 1895 ne-

553 1943 805 2013 quitiam,
844 1951 901 1996 ut
930 1939 1098 2009 possit
1137 1938 1338 2007 justum
1364 1934 1476 2005 jam
1507 1934 1690 1988 venire
1714 1932 1995 2000 judicium.
2025 1928 2135 1987 Sed

554 2034 807 2105 quoniam
844 2048 949 2087 non
990 2032 1161 2085 solum
1202 2028 1401 2085 dictum
1444 2034 1555 2089 est.
1590 2024 1845 2082 Sordidus
1880 2024 2135 2080 sordescat

554 2124 743 2187 adhuc,
770 2122 862 2177 sed
884 2122 1043 2177 etiam
1066 2121 1262 2175 dictum
1290 2126 1393 2184 est,
1416 2116 1595 2172 Justus
1619 2117 1810 2189 justior
1837 2116 1946 2185 ﬁat,
1970 2129 2139 2169 anue-

556 2217 654 2272 ctit
676 2227 730 2271 et
744 2214 874 2270 dicit
899 2232 913 2270 :
947 2212 1012 2267 Et
1030 2213 1219 2282 diriges
1233 2212 1431 2283 justum
1447 2252 1462 2272 ,
1492 2219 1721 2263 scrutaus
1739 2207 1896 2261 corda
1917 2216 1963 2261 et
1993 2222 2135 2259 rencs

556 2304 711 2360 Deus.
750 2302 1028 2370 Quomodo
1052 2316 1179 2371 ergo
1203 2300 1377 2370 justus
1415 2297 1570 2367 dirigi
1598 2305 1806 2367 potest,
1834 2296 1932 2349 nisi
1962 2295 2015 2349 in
2041 2308 2135 2347 oc-

555 2396 737 2458 culto;
766 2393 980 2467 quando
1021 2393 1179 2447 etiam
1223 2406 1318 2461 per
1348 2391 1469 2444 illa!
1510 2404 1628 2458 quae
1659 2387 1809 2443 initio
1837 2397 2135 2456 temporum

556 2486 997 2549 christianorum,
1035 2498 1157 2537 cum
1186 2481 1359 2536 adhuc
1388 2479 1760 2549 persecutione
1796 2478 2132 2532 saecularium

558 2577 831 2633 hominum
873 2575 1040 2629 sancti
1084 2580 1472 2643 premerentur,
1527 2570 1767 2625 miranda
1820 2568 2137 2623 videbantur

561 2667 899 2729 hominibus,
930 2680 1071 2720 nunc
1108 2674 1382 2734 postquam
1421 2663 1472 2716 in
1514 2670 1661 2717 tanto
1684 2662 1913 2717 culmine
1940 2675 2135 2715 illiille“

558 2760 723 2829 cmpit
748 2773 869 2814 esse
894 2756 1240 2811 christianum
1260 2797 1278 2821 ,
1307 2755 1475 2810 crevit
1512 2753 1825 2825 hypocrisis.
1856 2752 1909 2808 id
1936 2759 2018 2806 est
2059 2753 2136 2806 si-

560 2850 796 2914 mulatio,
824 2863 1007 2903 eorum
1028 2847 1232 2905 scilicet
1254 2846 1341 2915 qui
1371 2846 1586 2900 nomine
1622 2845 1911 2899 christiano
1933 2843 2139 2900 malunt

559 2942 858 2998 hominibus
886 2941 1098 3012 placere
1116 2953 1275 3008 quam
1306 2936 1460 2991 Deo?
1485 2936 1764 3003 Quomodo
1791 2951 1920 3006 ergo
1947 2935 2135 3006 dirigi-

560 3043 644 3090 tur
662 3032 835 3104 justus
858 3031 910 3085 in
938 3039 1081 3085 tanta
1108 3028 1418 3083 confusione
1457 3026 1829 3090 simulationis,
1869 3026 1970 3080 nisi
2008 3027 2135 3081 dum

559 3132 827 3180 scrutatur
848 3122 1006 3178 corda
1026 3130 1082 3176 et
1100 3135 1253 3177 renes
1278 3121 1433 3185 Deus,
1466 3118 1651 3174 videns
1676 3119 1911 3173 omnium
1936 3119 2137 3189 cogita-

559 3216 753 3281 tiones,
770 3229 889 3285 qua:
909 3213 1123 3267 nomine
1138 3210 1315 3266 cordis
1335 3209 1643 3280 signiﬁcata!
1668 3218 1813 3275 sunt,
1836 3219 1890 3265 et
1909 3210 2139 3264 delecta-

560 3308 751 3371 tiones,
781 3320 899 3375 qure
926 3304 1139 3358 nomine
1164 3317 1346 3356 renum
1376 3300 1736 3371 intelliguntur
1755 3301 1777 3355 ‘l
1799 3300 1961 3355 Recte
1985 3297 2139 3371 quip-

559 3409 626 3465 pe
653 3395 1019 3464 temporalium
1041 3403 1095 3448 et
1123 3403 1456 3449 terrenarum
1479 3407 1656 3446 rerum
1681 3391 1966 3447 delectatio
1990 3392 2138 3447 reui-

558 3488 656 3543 bus
680 3485 958 3550 tribuitur;
989 3484 1108 3554 quia
1136 3493 1191 3539 et
1219 3483 1328 3551 ipsa
1369 3498 1489 3552 pars
1518 3492 1599 3536 est
1629 3480 1844 3536 inferior
1866 3481 2097 3536 hominis
2115 3521 2131 3547 ,

555 3587 612 3636 et
636 3594 698 3634 ea
737 3579 882 3648 regio
908 3584 993 3631 est
1026 3575 1115 3632 ubi
1137 3575 1363 3632 carnalis
1389 3575 1747 3645 generationis
1772 3574 2011 3643 voluptas
2038 3574 2136 3627 ha-

558 3668 708 3733 bitat,
735 3684 830 3739 per
852 3683 1011 3739 quam
1030 3667 1083 3720 in
1104 3666 1242 3721 hanc
1264 3680 1617 3721 aerumnosam
1639 3672 1694 3719 et
1717 3663 1919 3720 fallacis
1939 3664 2137 3721 laetitia:

558 3760 737 3823 vitam,
768 3773 863 3827 per
885 3756 1275 3813 successionem
1296 3756 1457 3824 prolis
1483 3766 1668 3810 natura
1698 3757 1927 3811 humana
1958 3767 2135 3812 trans-

557 3849 816 3903 funditur.
854 3847 1110 3917 Scrutaris
1137 3862 1265 3917 ergo
1321 3862 1416 3902 cor
1458 3855 1699 3901 nostrum
1742 3847 1901 3908 Deus.
1930 3857 1987 3902 et
2010 3863 2136 3916 per-

558 3942 788 4012 spiciens
812 3940 883 3995 ibi
922 3954 1042 3996 esse
1064 3940 1153 3995 ubi
1177 3950 1260 3995 est
1287 3939 1564 3995 thesaurus
1594 3949 1777 3994 noster
1805 3938 2031 4009 (Matth.
2059 3955 2131 4003 vt,

554 4037 650 4107 2|)
670 4077 686 4100 ,
717 4035 767 4090 id
793 4046 875 4090 est
902 4034 952 4088 in
980 4035 1159 4097 cmlis;
1182 4045 1424 4088 serutans
1451 4034 1611 4087 etiam
1641 4047 1819 4098 renes,
1853 4040 1908 4086 et
1932 4032 2136 4100 perspi-

554 4129 704 4184 ciens
733 4142 837 4181 non
865 4143 959 4181 nos
986 4127 1321 4195 acquiescere
1351 4126 1496 4180 carni
1523 4134 1578 4180 et
1614 4124 1858 4194 sanguini
1888 4122 2045 4195 (Gal.
2078 4141 2130 4190 ι,

558 4218 626 4275 16
648 4217 698 4291 ),
725 4217 818 4272 Sed
853 4216 1103 4272 delectari
1132 4216 1183 4270 in
1215 4216 1438 4271 Domino
1458 4256 1472 4281 ,
1509 4215 1689 4285 dirigit
1712 4216 1909 4285 justum
1938 4216 1988 4270 in
2021 4216 2135 4285 ipsa

556 4310 877 4372 conscientia
897 4318 1078 4369 eorum
1104 4324 1192 4378 se,
1222 4309 1308 4363 ubi
1350 4308 1523 4362 nullus
1547 4309 1817 4362 hominum
1844 4307 2007 4373 videt,
2040 4308 2134 4363 sed

554 4406 702 4461 solus
728 4405 814 4461 ille
852 4406 941 4474 qui
987 4404 1235 4473 perSpicit
1260 4406 1384 4474 quid
1416 4404 1638 4472 quisque
1661 4397 1851 4473 uegitel
1877 4438 1895 4469 ,
1922 4407 1973 4448 et
2004 4396 2131 4475 quid

552 4510 818 4567 quemque
858 4496 1104 4550 delectet.
1148 4494 1293 4549 Finis
1337 4495 1478 4548 enim
1519 4509 1660 4549 cura:
1697 4494 1979 4556 delectatio
2016 4506 2131 4561 est;

553 4588 674 4659 quia
701 4604 766 4644 eo
794 4588 1016 4658 quisque
1042 4587 1183 4641 curis
1210 4595 1265 4641 et
1291 4586 1697 4655 cogitationibus
1724 4587 1939 4654 nititur,
1972 4596 2026 4642 ut
2064 4589 2133 4644 ad

551 4692 704 4734 suam
730 4678 1139 4732 delectationem
1165 4680 1459 4745 perveniat.
1497 4676 1649 4731 Videt
1674 4677 1833 4746 igitur
1850 4694 2003 4732 curas
2033 4695 2131 4732 no-

554 4780 715 4835 stras,
741 4769 829 4840 qui
859 4778 1124 4824 scrutatur
1150 4774 1244 4823 cor
1271 4786 1286 4823 :
1320 4769 1460 4823 videt
1481 4778 1658 4823 autem
1687 4771 1822 4824 lines
1849 4785 2093 4825 curarum
2111 4812 2127 4837 ,

554 4860 610 4918 id
646 4869 729 4915 est
765 4858 1165 4925 delectationes,
1192 4859 1281 4927 qui
1322 4868 1682 4927 perscrutatur
1711 4874 1895 4923 renes;
1926 4871 1980 4914 ut
2008 4877 2131 4916 cum

552 4950 847 5017 invenerit,
878 4965 984 5005 non
1008 4950 1075 5003 ad
1104 4950 1586 5019 concupiscentiam
1623 4952 1799 5003 carnis
1820 4990 1837 5015 ,
1868 4967 2039 5019 neque
2064 4952 2130 5007 ad

551 5042 1031 5111 concupiscentiam
1054 5041 1350 5101 oculorum,
1380 5055 1549 5108 neque
1568 5040 1633 5094 ad
1655 5040 1998 5095 ambitionem
2029 5059 2129 5097 ste-

551 5135 678 5197 culi,
710 5152 827 5205 qua:
857 5135 1031 5189 omnia
1080 5144 1358 5189 transeunt
1402 5146 1648 5205 tanquam
1690 5140 1871 5191 umbra
1903 5140 1945 5211 (Ι
1970 5138 2126 5194 Joan.

556 5241 615 5292 ll,
649 5225 735 5287 16.
769 5226 883 5295 17),
914 5226 1153 5281 inclinari
1183 5242 1336 5281 curas
1364 5236 1591 5290 nostras,
1621 5228 1715 5282 sed
1740 5229 1804 5283 ad
1830 5230 2017 5300 gaudia
2042 5246 2129 5285 re-

552 5332 672 5374 rum
721 5326 1037 5372 internarum
1081 5318 1329 5383 sustolli,
1374 5335 1493 5391 qua:
1533 5320 1674 5373 nulla
1717 5324 2130 5378 connnutatione

617 5481 633 5513 ι
659 5478 879 5538 Quinque
899 5484 1024 5533 tam,
1049 5487 1141 5539 non
1159 5487 1268 5539 qua;
1294 5488 1402 5527 sum
1423 5489 1526 5539 ego.

615 5542 639 5574 ³
660 5533 791 5601 ιζογ..
807 5533 1006 5601 quando
1026 5533 1182 5601 etiam"
1208 5533 1312 5586 illa.
1341 5546 1395 5585 Al.
1416 5533 1515 5586 Αἶα.
1556 5547 1609 5587 et
1632 5545 1726 5597 Fr.,
1757 5540 1948 5601 quando
1984 5538 2129 5591 etiam

558 5598 767 5652 Ecclesia
789 5598 892 5654 illa,
918 5606 1012 5661 etc.
1032 5598 1277 5661 ιιίιιιιοίιιιεΔ
1292 5607 1415 5659 post,
1450 5601 1685 5661 miranda
1706 5598 1952 5651 videbatur
1978 5602 2128 5652 homi-

553 5662 712 5713 nibus.
759 5667 897 5709 Forte
930 5657 1052 5720 leg.,
1084 5657 1229 5709 etiam
1260 5657 1311 5708 iu
1352 5658 1560 5711 Ecclesia
1589 5660 1676 5711 illa
1704 5674 1722 5710 :
1747 5662 1833 5710 sed
1874 5662 2129 5713 maluimus

552 5729 691 5786 sequi
708 5720 1032 5831 colbertii‘i‘mm
1047 5720 1279 5779 codicem,
1292 5721 1374 5784 qui
1390 5724 1639 5771 asecunda
1655 5736 1813 5783 manu,
1828 5725 1916 5774 sed
1933 5727 2127 5788 antiqua

552 5793 767 5831 πείθει-ι.
784 5795 869 5831 ver
939 5795 986 5831 ιι.

546 5793 767 5848 praetert,
784 5795 869 5845 per
886 5793 986 5832 uta.

1786 367 1844 422 S.
1884 361 2250 421 AUGUSTINI
2292 359 2593 419 EPISCOI‘I

3731 363 3847 419 ιοι

2244 476 2526 539 violantur,
2576 474 2769 546 dirigat
2810 475 3032 546 justum,
3063 486 3306 532 scrutans
3355 474 3517 532 corda
3567 485 3624 533 et
3671 492 3843 534 renes

2243 566 2403 619 Dens.
2432 564 2605 637 Opera
2632 566 2773 620 enim
2803 578 2981 620 nostra
2999 607 3015 632 ,
3041 582 3160 637 quae
3185 565 3340 621 factis
3366 578 3423 622 et
3455 567 3614 623 dictis
3640 584 3845 637 opera-

2244 671 2381 721 nmr,
2422 663 2643 723 possunt
2669 669 2789 709 esse
2831 664 2955 709 nota
3001 655 3336 720 hominibus;
3366 656 3461 711 sed
3504 672 3615 729 quo
3651 658 3847 713 animo

2242 744 2393 810 llant,
2422 754 2478 801 et
2505 760 2611 813 quo
2642 759 2737 814 per
2766 745 2851 799 illa
2881 745 3159 814 pervenire
3200 747 3477 816 cupiamus
3496 788 3512 812 ,
3554 748 3707 803 solus
3744 747 3847 803 ille

2242 837 2414 901 novit,
2445 838 2534 908 qui
2560 847 2827 892 scrutatur
2853 838 3016 893 corda
3038 849 3093 895 et
3119 854 3279 896 renes
3306 840 3468 895 Deus.

2314 929 2400 984 i0.
2430 928 2594 1001 lucra.
2621 926 2746 1001 1L]
2775 928 2981 984 Iustum
3022 931 3269 984 auxilium
3309 948 3475 987 meum
3500 950 3534 984 α
3558 929 3792 985 Domino
3824 972 3843 997 ,

2241 1019 2328 1086 qui
2354 1020 2520 1072 salvos
2547 1019 2667 1088 facit
2692 1030 2853 1072 rectos
2880 1021 3048 1073 corde.
3091 1020 3205 1075 Duo
3231 1030 3355 1076 sunt
3398 1020 3573 1077 ofﬁcia
3602 1021 3843 1076 medici-

2244 1124 2362 1176 nae;
2388 1124 2549 1164 unum
2574 1124 2681 1179 quo
2705 1119 2922 1164 sanatur
2950 1110 3228 1165 infirmitas
3250 1152 3266 1176 ,
3300 1112 3524 1165 alterum
3549 1127 3662 1183 quo
3692 1112 3847 1166 sani-

2244 1208 2323 1254 tas
2368 1199 2685 1255 custoditur.
2728 1199 2883 1255 Juxta
2935 1199 3062 1254 illud
3088 1201 3357 1269 primum.
3401 1200 3597 1256 dictum
3645 1210 3734 1256 est
3784 1200 3846 1256 in

2241 1290 2518 1359 superiore
2560 1289 2766 1358 psalmo
2789 1330 2804 1353 ,
2836 1289 3073 1343 Miserere
3126 1290 3258 1355 mei,
3296 1290 3510 1345 Domine
3531 1330 3548 1356 ,
3592 1291 3847 1360 quonimu

2238 1380 2474 1446 inﬁrmus
2496 1396 2609 1435 sum
2637 1380 2816 1448 :juxta
2848 1380 2949 1433 lioe
2973 1381 3222 1447 alterum,
3244 1380 3299 1435 in
3330 1380 3430 1435 hoc
3460 1381 3668 1451 psalmo
3698 1380 3845 1435 dici-

2243 1478 2359 1532 tur,
2393 1469 2455 1523 Si
2477 1480 2549 1523 est
2572 1470 2814 1534 iniquitas
2837 1470 2891 1523 in
2920 1469 3152 1524 inanibus
3176 1471 3299 1525 meis
3320 1512 3337 1537 ,
3364 1471 3410 1525 si
3441 1472 3645 1524 reddidi
3687 1472 3845 1525 retri—

2168 1576 2171 1577 '
2240 1560 2501 1615 buentibus
2541 1560 2667 1614 mihi
2704 1560 2874 1625 mala,
2904 1544 3134 1614 decidant
3174 1577 3296 1632 ergo
3336 1561 3401 1615 ab
3433 1562 3666 1616 inimicis
3710 1562 3847 1614 meis

2240 1654 2443 1717 inanis;
2468 1653 2538 1707 ibi
2562 1654 2705 1708 enim
2736 1652 2978 1707 infirmus
3002 1661 3057 1706 ut
3085 1652 3375 1719 liberetur,
3398 1652 3485 1708 hic
3517 1652 3629 1724 jam
3664 1668 3845 1707 sanus

2242 1760 2309 1799 ne
2330 1753 2736 1813 corrumpatur,
2768 1754 2903 1797 orat.
2929 1742 3088 1798 Juxta
3118 1743 3245 1797 illud
3274 1743 3346 1798 ibi
3372 1742 3586 1807 dicitur.
3612 1742 3845 1797 Salsum

2241 1849 2321 1888 me
2356 1836 2441 1900 [ac
2484 1843 2690 1903 propter
2730 1831 3133 1887 misericordiam
3173 1843 3316 1888 tuam
3341 1847 3365 1887 :
3379 1833 3530 1903 juxta
3559 1832 3703 1889 istud
3746 1833 3845 1887 hie

2239 1924 2453 1989 dicitur,
2473 1924 2663 1977 Judica
2687 1940 2783 1985 me.
2812 1923 3049 1989 Domine,
3077 1923 3351 1980 secundum
3366 1924 3621 1995 justitiam
3637 1939 3844 1990 meatu;

2243 2014 2314 2068 ibi
2333 2014 2475 2068 enim
2505 2024 2563 2069 ut
2590 2030 2618 2067 a
2646 2014 2833 2069 morbo
2855 2014 3083 2080 evadat,
3113 2014 3430 2080 remedium,
3449 2014 3535 2070 hic
3559 2023 3743 2068 autem
3768 2029 3845 2069 ne

2240 2105 2295 2159 in
2324 2103 2566 2159 morbum
2598 2104 2834 2170 recidat,
2865 2106 3138 2160 tuitionem
3170 2105 3321 2175 petit.
3353 2105 3509 2160 Juxta
3534 2106 3664 2160 illud
3693 2105 3843 2161 dici-

2240 2202 2329 2248 tur
2347 2235 2365 2261 ,
2395 2195 2604 2249 Salvum
2632 2210 2711 2248 me
2739 2200 2845 2267 fac,
2875 2195 3109 2258 Domine,
3135 2198 3410 2251 secundum
3429 2198 3843 2253 misericordiam

2241 2298 2381 2341 tuam
2402 2304 2420 2353 ;
2441 2286 2590 2356 juxta
2615 2286 2715 2342 hoc
2739 2288 2950 2355 dicitur,
2969 2286 3008 2342 J
3012 2300 3178 2342 ustum
3205 2290 3452 2344 auxilium
3476 2306 3641 2347 meum
3664 2306 3700 2343 α
3720 2288 3847 2343 Do-

2240 2378 2398 2441 mino,
2427 2377 2511 2447 qui
2534 2378 2700 2431 salvos
2729 2380 2850 2448 facit
2875 2391 3037 2434 rectos
3063 2379 3234 2434 corde.
3268 2380 3332 2434 Et
3359 2382 3447 2436 illa
3472 2382 3615 2436 enim
3641 2389 3702 2436 et
3731 2382 3840 2436 ista

2240 2468 2418 2521 salvos
2442 2467 2567 2522 facit
2588 2484 2603 2533 ;
2631 2468 2723 2523 sed
2750 2469 2838 2522 illa
2868 2484 2936 2523 ex
2959 2471 3272 2540 :rgritudine
3293 2471 3359 2527 ad
3394 2472 3619 2527 salutem
3643 2482 3840 2528 trans-

2242 2555 2365 2620 fert,
2393 2557 2509 2612 haec
2538 2558 2588 2612 in
2619 2559 2731 2628 ipsa
2785 2560 2956 2613 salute
2982 2569 3283 2615 conservat.
3320 2559 3499 2631 Itaque
3526 2560 3596 2616 ibi
3617 2561 3844 2618 miseri-

2239 2638 2362 2704 cors
2385 2650 2638 2704 auxilium
2666 2661 2770 2718 est,
2793 2656 2913 2721 quia
2942 2653 3145 2708 nullum
3173 2652 3332 2709 habet
3355 2656 3604 2711 meritum
3632 2671 3840 2727 pecca-

2243 2750 2326 2797 tor
2347 2783 2365 2809 ,
2395 2741 2485 2812 qui
2523 2743 2697 2797 adhuc
2715 2744 2991 2813 justillcari
3019 2744 3326 2813 desiderat,
3356 2745 3583 2802 credens
3611 2747 3664 2801 in
3703 2763 3839 2803 eum

2240 2834 2329 2904 qui
2345 2832 2602 2903 justilicat
2626 2835 2846 2903 impium
2876 2835 3051 2905 (Rom.
3082 2851 3157 2901 tv.
3188 2836 3245 2908 5)
3268 2854 3283 2903 ;
3306 2836 3394 2892 hic
3421 2848 3597 2893 autem
3619 2839 3838 2909 justum

2239 2925 2496 2979 auxilium
2521 2933 2645 2989 est,
2674 2925 2796 2994 quia
2818 2923 2929 2995 jam
2949 2926 3093 2995 justo
3118 2927 3383 2981 tribuitur.
3418 2928 3563 2983 Dicat
3589 2944 3724 3000 ergo
3756 2926 3840 2985 ibi

2241 3026 2487 3086 peccator
2511 3016 2601 3087 qui
2627 3016 2789 3082 dixit,
2818 3014 3066 3086 Inﬁrmus
3088 3034 3221 3082 sum,
3248 3017 3461 3074 Saluum
3484 3035 3564 3074 me
3588 3024 3694 3092 fac,
3720 3019 3841 3075 Do-

2242 3109 2393 3172 mine,
2417 3118 2622 3179 propter
2646 3107 3040 3161 misericordiam
3066 3116 3203 3162 tuam
3224 3124 3243 3169 :
3263 3117 3317 3164 et
3337 3109 3479 3164 dicat
3499 3109 3583 3165 hic
3598 3112 3783 3180 jusms
3814 3153 3836 3178 ,

2240 3200 2328 3268 qui
2353 3199 2485 3253 dixit
2510 3240 2527 3266 ,
2556 3198 2618 3253 Si
2642 3198 2841 3252 reddidi
2866 3199 3246 3254 retribueutiltus
3266 3198 3388 3254 mihi
3425 3199 3561 3254 mala
3581 3242 3597 3268 ,
3618 3198 3839 3255 Iustum

2240 3290 2486 3344 auxilium
2514 3305 2677 3343 meum
2702 3305 2736 3342 a
2756 3287 2999 3351 Domino,
3027 3290 3114 3357 qui
3130 3290 3293 3343 salvos
3319 3290 3441 3363 facit
3463 3300 3626 3345 rectos
3648 3293 3834 3349 corde.

2238 3381 2294 3436 Si
2338 3381 2481 3435 enim
2525 3379 2842 3435 medicinam
2877 3379 3092 3435 exhibet
3116 3421 3130 3443 ,
3156 3396 3262 3451 qua
3297 3394 3552 3436 sanemur
3578 3382 3780 3439 intimi
3810 3426 3831 3449 ,

2238 3480 2439 3540 quanto
2467 3469 2634 3539 magis
2660 3484 2779 3523 eam
2802 3484 2903 3539 qua
2926 3469 3289 3524 enstodiamur
3310 3469 3426 3525 sani
3445 3470 3469 3526 2
3486 3471 3754 3539 Quoniam
3782 3475 3834 3529 si

2240 3576 2360 3616 cum
2404 3559 2579 3615 adhuc
2622 3567 2930 3630 peccatores
2955 3574 3197 3615 essemus
3218 3600 3236 3628 ,
3261 3560 3504 3617 Christus
3528 3578 3626 3633 pro
3667 3564 3834 3621 nobis

2243 3661 2483 3706 mortuus
2510 3657 2612 3714 est,
2640 3660 2839 3721 quanto
2866 3648 3035 3719 magis
3057 3664 3197 3705 nunc
3219 3650 3493 3720 justilicati
3512 3694 3530 3719 ,
3554 3654 3691 3709 salvi
3717 3656 3836 3710 eri-

2240 3758 2359 3798 mus
2385 3736 2453 3797 ab
2476 3742 2554 3796 ira
2586 3758 2681 3811 per
2698 3742 2868 3810 ipsum
2902 3741 3077 3813 (Rom.
3107 3741 3233 3809 v,8.
3260 3741 3357 3812 9)?

2311 3835 2398 3888 11.
2430 3832 2633 3889 Justum
2676 3833 2923 3885 auxilium
2961 3846 3131 3886 ineunt
3166 3848 3197 3883 a
3235 3830 3456 3886 Domino
3477 3871 3494 3896 ,
3534 3833 3625 3897 qui
3655 3835 3832 3891 salt-os

2239 3916 2362 3988 facit
2395 3926 2557 3970 rectos
2587 3915 2755 3968 corde.
2786 3912 2979 3984 Dirigit
3011 3914 3243 3983 justum,
3274 3924 3517 3970 scrutatis
3561 3915 3728 3972 corda
3771 3931 3831 3973 et

2240 4021 2398 4064 renes
2428 4007 2567 4061 Deus
2598 4023 2612 4062 :
2638 4006 2785 4075 justo
2826 4015 3003 4059 autem
3039 4005 3238 4059 auxilio
3274 4006 3450 4061 salvos
3492 4004 3616 4061 facit
3642 4015 3829 4063 rectos

2237 4099 2421 4154 corde.
2451 4096 2567 4153 Non
2592 4099 2731 4152 sicut
2756 4105 3024 4151 scrutatur
3048 4095 3209 4151 corda
3234 4107 3288 4151 et
3314 4112 3471 4154 renes
3493 4138 3509 4163 ,
3540 4099 3610 4153 ita
3639 4098 3829 4155 salvos

2241 4192 2366 4247 facit
2385 4202 2559 4247 rectos
2579 4188 2738 4243 corde
2755 4198 2811 4243 et
2830 4188 3046 4243 renibus
3061 4207 3074 4243 ;
3089 4189 3208 4257 quia
3225 4173 3571 4259 ct'igitationes
3590 4199 3645 4245 et
3666 4192 3827 4247 mala.-

2239 4292 2364 4338 sunt
2392 4284 2443 4336 in
2472 4296 2633 4352 pravo
2656 4281 2837 4347 corde,
2864 4292 2919 4336 et
2943 4280 3173 4337 bonan-in
3202 4292 3346 4335 recto
3371 4282 3563 4347 corde;
3590 4282 3829 4339 delecta-

2243 4375 2414 4429 tiones
2452 4383 2630 4429 autem
2661 4390 2766 4428 non
2807 4374 2961 4429 bona:
2983 4372 3047 4427 ad
3080 4388 3235 4429 rencs
3259 4374 3707 4453 pertinent,quia
3736 4380 3825 4441 in.

2240 4464 2463 4529 {rariores
2498 4476 2658 4544 atque
2689 4476 2915 4529 terrens;
2940 4476 3086 4539 Sillll,
3106 4464 3259 4527 bona:
3280 4489 3406 4530 vero
3426 4492 3531 4529 non
3546 4476 3614 4530 ad
3638 4493 3823 4546 renes,

2238 4564 2333 4623 sed
2356 4565 2421 4619 ad
2452 4566 2623 4636 ipsum
2648 4579 2763 4620 eor.
2786 4564 3073 4633 Propterea
3101 4579 3204 4619 non
3230 4564 3301 4619 ita
3321 4565 3423 4620 dici
3450 4576 3672 4635 possunt
3687 4571 3824 4626 recti

2238 4659 2473 4722 renibus,
2502 4658 2640 4714 sicut
2660 4656 2907 4712 dicuntur
2931 4658 3063 4711 recti
3093 4657 3255 4711 corde
3275 4698 3289 4718 .
3320 4672 3439 4711 eum
3465 4658 3576 4727 jam
3602 4659 3694 4714 ubi
3720 4676 3823 4717 co-

2196 4781 2199 4783 »
2236 4748 2423 4818 gitatio
2442 4788 2460 4811 ,
2488 4747 2558 4801 ibi
2586 4755 2641 4801 et
2665 4746 2949 4801 delectatio
2976 4754 3059 4800 est
3088 4762 3104 4798 :
3134 4745 3274 4815 quod
3302 4746 3418 4801 lieri
3456 4763 3562 4802 non
3593 4758 3777 4817 potest
3803 4790 3822 4817 ,

2239 4838 2340 4895 nisi
2368 4852 2487 4893 cum
2521 4836 2701 4891 divina
2725 4848 2888 4906 atque
2914 4845 3114 4890 aeterna
3134 4837 3448 4904 cogitantur.
3476 4836 3712 4906 Dedisti,
3734 4841 3822 4895 in-

2227 4928 2353 5003 quit
2374 4968 2390 4996 ,
2419 4926 2644 4981 lanitium
2670 4927 2723 4980 in
2750 4928 2901 4980 corde
2923 4942 3061 4991 meo,
3089 4941 3209 4983 cum
3255 4926 3510 4994 dixisset,
3544 4925 3825 4999 Signatuut

2237 5029 2311 5074 est
2337 5036 2490 5091 super
2529 5035 2619 5074 uos
2661 5018 2827 5072 lumen
2870 5018 3035 5072 vultus
3061 5020 3168 5081 tui,
3193 5016 3412 5072 Domine
3437 5017 3609 5089 (Psal.
3631 5036 3710 5089 tv,
3736 5021 3820 5093 η.

2237 5112 2366 5166 Nam
2394 5111 2756 5181 phantasmata
2784 5126 2960 5166 rerum
2988 5111 3389 5180 temporalium,
3416 5127 3536 5182 qua:
3564 5112 3666 5169 sibi
3697 5116 3825 5172 ani-

2238 5218 2355 5257 mus
2379 5202 2547 5273 lingit,
2572 5216 2691 5257 cum
2713 5216 2807 5270 spe
2826 5217 2959 5256 vana
2976 5202 3291 5273 mortalique
3304 5202 3553 5271 jactatur,
3573 5209 3826 5274 quamvis

2237 5297 2483 5351 inanibus
2512 5295 2977 5366 imaginationibus
3001 5295 3225 5351 aderant
3251 5310 3395 5365 scepe
3419 5296 3642 5351 deliram
3673 5300 3828 5357 insa-

2237 5402 2464 5458 namque
2502 5386 2736 5440 laztitiam
2756 5426 2773 5450 ,
2803 5401 2909 5440 non
2953 5396 3127 5441 tamen
3157 5385 3303 5440 cordi
3351 5384 3465 5442 haec
3492 5385 3778 5444 deleCtatio
3803 5430 3822 5454 ,

2235 5479 2330 5534 sed
2366 5478 2581 5534 renibus
2611 5478 2887 5533 tribuenda
2917 5486 3031 5542 est;
3064 5476 3184 5546 quia
3215 5476 3322 5531 illa:
3345 5491 3533 5533 omnes
3561 5478 3822 5550 imagina-

2239 5571 2409 5625 tiones
2437 5569 2505 5623 de
2530 5568 2890 5633 inferioribus,
2922 5568 3021 5622 hoe
3043 5576 3126 5622 est
3153 5567 3383 5623 terrenis
3406 5568 3823 5640 carnalibusque

2236 5663 2412 5727 rebus,
2440 5668 2680 5716 attracta;
2698 5670 2839 5715 sunt.
2870 5658 2939 5713 Ita
2961 5660 3039 5726 lit,
3064 5669 3119 5714 ut
3144 5668 3386 5713 scrutans
3405 5658 3565 5714 corda
3587 5670 3642 5713 et
3657 5676 3822 5719 tenes

2238 5754 2397 5818 Deus,
2427 5762 2480 5808 et
2509 5752 2832 5823 perspiciens
2862 5751 2914 5806 in
2945 5750 3105 5806 corde
3134 5757 3306 5808 rectas
3336 5748 3688 5820 cogitationes
3712 5790 3731 5819 ,
3762 5751 3817 5808 in
