3956 6350
540 285 641 342 107

513 966 581 1015 tte
612 960 684 1016 ad
707 961 1082 1020 inﬂammanda
1107 968 1267 1023 corda
1299 971 1652 1030 credentium.

586 1054 674 1117 i6.
715 1051 880 1128 [vere
924 1056 1048 1133 i5.]
1087 1058 1216 1117 Post
1257 1062 1394 1118 hanc
1432 1074 1608 1120 autem
1649 1068 2104 1138 dispensationem

508 1143 709 1212 justum
740 1148 920 1204 veniet
939 1151 1199 1221 judicium
1234 1171 1249 1207 :
1290 1154 1361 1210 de
1388 1171 1495 1226 quo
1522 1158 1594 1214 ita
1619 1160 1767 1229 dicit,
1799 1172 1881 1217 ut
1903 1164 2098 1220 intelli-

506 1249 694 1305 gamus
723 1239 1007 1313 unicuique
1049 1243 1252 1300 homini
1295 1249 1610 1318 supplicium
1638 1251 1752 1307 ﬁcri
1778 1254 1846 1308 de
1882 1266 2101 1323 peccato

503 1340 624 1394 suo,
656 1339 710 1385 et
737 1329 854 1401 ejus
883 1332 1216 1403 iniquitatem
1245 1338 1298 1392 in
1331 1353 1542 1409 penam
1583 1347 1859 1408 converti;
1908 1364 1975 1402 ne
2003 1364 2098 1417 pu-

501 1428 675 1476 temus
718 1407 862 1477 illam
892 1407 1347 1497 tranquillitatem,
1378 1440 1433 1486 ct
1463 1433 1730 1490 ineffabile
1772 1437 1950 1492 lumen
2001 1441 2094 1495 Dei

499 1511 570 1567 de
593 1528 654 1567 se
681 1515 924 1584 proferre
948 1519 1092 1575 unde
1122 1536 1335 1592 peccata
1364 1525 1672 1593 puniantur,
1699 1528 1795 1582 sed
1827 1530 1939 1597 ipsa
1972 1548 2095 1601 pec-

495 1613 614 1659 cata
657 1606 734 1659 sic
759 1607 1032 1675 ordinare,
1061 1620 1117 1666 ut
1142 1628 1264 1682 qua:
1304 1612 1522 1669 fuerunt
1560 1617 1946 1675 delectamenta
1993 1624 2090 1676 ito-

499 1695 627 1748 mini
675 1699 938 1765 peccanti,
990 1701 1098 1754 sint
1148 1702 1500 1759 instrumenta
1549 1707 1776 1762 Domino
1827 1712 2086 1777 punienti.

495 1782 645 1850 Ecce,
677 1787 866 1857 inquit,
900 1792 1164 1859 parturivit
1189 1795 1512 1864 injustitiam.
1537 1797 1674 1866 Quid
1719 1803 1862 1856 enim
1897 1819 2089 1860 conce-

493 1887 664 1943 perat,
716 1887 771 1932 ut
817 1879 1131 1952 injustitiam
1194 1888 1524 1955 parturiret?
1584 1889 1845 1960 Concepit,
1891 1894 2082 1965 inquit,

491 1964 714 2019 laborem
746 1966 897 2041 (Gen.
930 1986 1009 2039 ili,
1038 1973 1151 2041 17).
1196 1973 1331 2029 Hinc
1355 1986 1438 2030 est
1464 1993 1591 2048 ergo
1620 1979 1766 2046 illud,
1802 1981 1866 2035 In
1913 1964 2085 2040 labore

488 2056 817 2113 manducabis
845 2077 1027 2132 panem
1057 2073 1239 2132 tuum;
1279 2065 1403 2122 hinc
1428 2069 1588 2124 etiam
1629 2071 1776 2135 illud,
1820 2073 1990 2128 Venite
2014 2079 2083 2130 ad

488 2162 584 2210 me,
614 2164 788 2205 omnes
828 2149 916 2220 qui
930 2152 1172 2210 laboratis
1199 2167 1248 2210 et
1275 2151 1469 2214 onerati
1513 2164 1654 2216 estis.
1701 2165 1894 2236 Jugum
1947 2171 2080 2223 enim

486 2255 650 2292 meum
679 2240 792 2296 lens
819 2252 910 2307 est,
940 2254 987 2298 et
1005 2261 1132 2301 onus
1155 2264 1322 2303 meum
1351 2251 1458 2306 leae
1488 2253 1700 2323 (Matth.
1734 2273 1807 2323 ιιι,
1838 2259 1929 2325 28,
1959 2261 2074 2330 50).

481 2327 599 2385 Non
626 2331 773 2388 enim
813 2336 1011 2403 poterit
1051 2338 1401 2409 labor'finiri,
1436 2346 1537 2401 nisi
1568 2348 1668 2403 hoc
1696 2353 1921 2422 quisque
1950 2327 2073 2409 dili-

480 2430 570 2492 gat
597 2423 741 2492 quod
771 2425 938 2482 invito
979 2444 1086 2484 non
1116 2434 1286 2501 possit
1309 2435 1532 2492 auferri.
1577 2439 1709 2496 Nam
1748 2458 1868 2498 cum
1899 2461 1960 2500 ea
1987 2447 2070 2501 di-

476 2512 714 2581 liguntur
735 2532 859 2587 quae
900 2534 1186 2588 possumus
1223 2536 1407 2582 contra
1446 2530 1774 2589 voluntatem
1801 2537 2066 2607 amittere,

474 2604 698 2660 necesse
742 2618 825 2662 est
866 2618 924 2665 ut
959 2625 1060 2682 pro
1105 2612 1190 2669 his
1217 2617 1519 2677 miserrime
1556 2623 1895 2694 laboremus;
1929 2639 1982 2685 et
2012 2642 2069 2685 ut

476 2693 590 2748 haec
618 2695 997 2768 adipiscamur,
1027 2702 1082 2757 in
1125 2708 1386 2776 angustiis
1429 2721 1764 2770 terrenarum
1795 2733 2062 2775 ternmna-

470 2800 609 2862 rum,
638 2802 763 2844 cum
787 2791 888 2845 sibi
918 2793 1146 2866 quisque
1175 2796 1263 2850 illa
1301 2814 1494 2870 rapere
1523 2813 1576 2859 et
1605 2809 1901 2874 prati-coire
1925 2811 2062 2867 aite-

469 2856 610 2944 rum,
639 2887 728 2933 aut
756 2856 1084 2952 extorquere
1129 2886 1282 2941 alteri
1316 2891 1483 2962 cupit,
1529 2894 1817 2964 injustitias
1855 2901 2058 2956 machi-

466 2983 676 3024 nentur.
722 2971 890 3028 Recte
919 2990 1048 3046 ergo
1076 2987 1130 3030 et
1174 2994 1396 3047 prorsus
1440 3000 1509 3040 ex
1554 2988 1741 3043 ordine
1780 2995 2060 3060 parturivit

460 3057 798 3131 iniustitiam,
833 3066 922 3134 qui
953 3069 1200 3138 concepit
1229 3069 1489 3128 laborem.
1521 3075 1672 3133 Parit
1701 3057 1877 3135 autem
1905 3084 2055 3154 quid,

461 3148 564 3203 nisi
610 3151 754 3220 quod
805 3156 1102 3224 parturivit,
1151 3161 1396 3229 quamvis
1443 3181 1551 3221 non
1596 3167 1702 3225 hoc
1749 3148 2057 3241 parturierit

453 3238 609 3310 quod.
630 3241 916 3312 concepit?
961 3261 1067 3301 non
1095 3248 1239 3304 enim
1278 3250 1383 3308 hoc
1429 3257 1666 3313 nascitur
1694 3238 1836 3330 quod
1874 3266 2056 3321 conci-

437 3321 633 3398 'pitur;
679 3330 772 3386 sed
821 3334 1122 3406 concipitur
1145 3355 1355 3408 semen,
1390 3346 1630 3403 nascitur
1663 3352 1807 3420 quod
1849 3352 2049 3410 forma-

453 3428 544 3476 tur
576 3427 640 3476 e:
669 3426 906 3515 .semine.
957 3429 1135 3486 Labor
1161 3441 1248 3489 est
1284 3435 1444 3507 igitur
1486 3451 1672 3498 semen
1718 3445 2045 3517 iniquitatis;

449 3501 726 3581 peccatum
757 3529 934 3574 autem
960 3526 1242 3594 conceptio
1284 3501 1506 3596 laboris,
1547 3533 1599 3588 id
1641 3545 1743 3602 est,
1770 3501 1895 3594 illud
1941 3501 2049 3610 pri:

450 3619 601 3662 mum
651 3612 949 3678 peraratum,
1000 3625 1308 3685 apostatare
1353 3637 1386 3677 a
1437 3623 1548 3681 Deo
1599 3626 1784 3698 (Eccli.
1832 3633 2042 3703 3,14):

448 3698 736 3771 parturivit-
751 3715 882 3772 ergo
920 3704 1232 3775 injustitiam
1273 3713 1364 3783 qui
1392 3720 1640 3788 concepit
1664 3719 1924 3778 laborem.
1973 3698 2045 3780 Et

446 3792 642 3861 peperit
681 3793 997 3864 iniquitatem
1014 3813 1036 3852 :
1063 3799 1335 3872 iniquitas,
1356 3805 1459 3864 hoc
1479 3818 1562 3864 est
1581 3812 1723 3881 quod
1746 3814 2000 3884 injustitia
2021 3838 2036 3883 ;

441 3878 547 3937 hoc
559 3896 689 3953 ergo
706 3888 1061 3959 peperitquod
1080 3896 1381 3963 parturivit.
1396 3898 1534 3966 Quid
1549 3878 1745 3961 deinde
1763 3878 2041 3979 st‘aquituril

512 3973 603 4028 Π.
644 3972 807 4048 [vers.
841 3977 964 4053 16.]
1002 3980 1198 4038 Lucum
1223 3989 1422 4056 aperuit
1457 4006 1506 4044 et
1533 3992 1708 4059 effodit
1739 3972 1903 4054 illum.
1937 4001 2039 4057 La-

435 4076 562 4117 cnm
590 4065 820 4133 aperire,
848 4079 933 4123 est
976 4071 1026 4124 in
1061 4076 1286 4130 terrenis
1318 4082 1496 4148 rebus,
1542 4085 1591 4138 id
1637 4097 1739 4152 est,
1781 4098 2031 4161 tauquam

439 4153 494 4208 in
536 4163 677 4217 terra
708 4155 949 4216 fraudem
981 4179 1191 4232 parare,
1220 4183 1326 4238 quo
1369 4172 1502 4226 alius
1531 4177 1686 4252 cadat
1716 4196 1873 4250 quem
1921 4186 2034 4240 vult

435 4244 684 4316 decipere
726 4249 998 4332 injustas:
1041 4259 1282 4325 aperitur
1332 4274 1507 4318 autem
1561 4248 1662 4322 hic.
1695 4271 1859 4338 lacus,
1908 4292 2031 4331 cum

431 4341 767 4395 consentitur
809 4342 968 4399 mala:
1013 4351 1340 4418 suggestioni
1382 4364 1716 4429 terrenarum
1762 4367 2029 4432 cupidita-

431 4435 578 4492 tum;
609 4429 859 4487 effoditur
887 4450 1037 4500 vero,
1065 4452 1187 4493 cum
1239 4455 1357 4511 post
1386 4454 1793 4510 consensionem
1835 4472 2025 4525 Opera-

427 4517 557 4572 tioni
589 4520 790 4580 fraudis
832 4525 1077 4585 instatur.
1111 4530 1216 4589 Sed
1261 4537 1400 4593 unde
1441 4540 1558 4596 fieri
1581 4553 1583 4556 ‘
1606 4555 1800 4617 potest,
1835 4562 1891 4605 ut
1923 4554 2022 4608 ini-

426 4612 602 4677 quitas
629 4614 774 4682 prius
796 4615 955 4672 laedat
980 4620 1252 4682 hominem
1271 4627 1474 4697 justum
1499 4634 1550 4688 in
1573 4612 1731 4706 quem
1757 4612 2016 4712 procedit,

423 4715 582 4767 quam
609 4717 704 4758 cor
748 4707 1004 4776 injustum
1051 4714 1192 4770 unde
1240 4723 1521 4786 procedit?
1564 4707 1769 4800 itaque
1798 4707 2013 4793 frauda;

419 4800 507 4844 tor
549 4797 805 4864 pecuniae,
843 4803 988 4858 verbi
1031 4808 1219 4876 gratia,
1253 4809 1384 4867 dum
1424 4818 1571 4886 cupit
1617 4797 1782 4879 alium
1819 4828 2015 4886 damno

421 4884 677 4954 lacerare,
713 4891 825 4960 ipse
869 4899 1105 4952 avaritiae
1149 4904 1373 4964 vulnere
1416 4914 1687 4970 sauciatur
1719 4938 1732 4974 :
1766 4924 1884 4991 quis
1913 4941 2010 4980 au-

418 4980 526 5027 tem
557 4976 639 5032 vel
666 4977 888 5036 demens
915 5001 1020 5040 non
1050 4990 1504 5064 videatquantum
1533 5003 1674 5061 inter
1703 4976 1800 5065 hos
1823 5013 2004 5083 distet,

409 5077 532 5118 cum
565 5065 654 5123 ille
682 5071 909 5138 patiatur
929 5075 1180 5136 damnum
1223 5090 1480 5156 pecuniae,
1516 5094 1606 5150 ille
1650 5098 2008 5162 innocentiae?

411 5155 613 5214 Incidet
640 5178 767 5234 ergo
793 5167 847 5220 in
876 5163 1071 5236 foveam
1109 5193 1262 5243 quam
1291 5180 1444 5248 fecit;
1471 5189 1612 5255 quod
1643 5193 1693 5246 in
1720 5195 1825 5251 alio
1863 5202 2005 5268 psal-

408 5263 500 5304 ιιιο
541 5251 772 5309 dicitur:
803 5256 1137 5344 Cognoscitur,
1179 5267 1429 5327 Dominus
1464 5279 1665 5346 judicia
1706 5288 1914 5356 faciens,
1947 5294 2000 5347 in

404 5342 639 5409 operibus
677 5361 920 5404 manuum
961 5369 1171 5411 suarum
1218 5349 1607 5433 comprehensus
1650 5387 1724 5430 est
1766 5396 1998 5448 peccator

407 5428 479 5448 ,η
520 5430 561 5448 ί.
721 5437 800 5448 .-.

403 5428 579 5500 (Psal.
611 5449 684 5498 ιι,
714 5437 826 5508 i7).

1491 5613 1507 5622 -
1749 5613 1758 5627 .
1804 5613 1807 5614 ν
1861 5613 1984 5633 ἰ’-ἰ

393 5620 443 5663 et
471 5613 710 5686 iniquitas
735 5619 844 5692 ejus
885 5623 938 5676 in
965 5630 1194 5682 verticem
1232 5633 1342 5703 ejus
1372 5637 1653 5697 descendet.
1697 5649 1810 5704 Non
1845 5657 1984 5711 enim

397 5703 558 5758 voluit
603 5709 713 5779 ipse
764 5724 1037 5780 peccatum
1087 5722 1352 5791 evadere;
1397 5732 1490 5786 sed
1540 5735 1710 5796 factus
1756 5757 1838 5802 est
1883 5753 1982 5810 sub

1781 308 1838 362 S.
1884 312 1918 360 Α
1931 306 2249 363 UGUSTINI
2295 313 2593 375 EPISCUPI

527 424 580 468 et
624 389 874 473 ardentes
916 417 995 470 vel
1025 416 1336 474 ardentibus
1366 432 1619 490 operatus
1658 432 1738 480 cst
1767 425 1832 479 ad
1860 426 2124 481 exercita-

526 509 720 561 tionem
751 507 983 562 fidelium
999 510 1023 562 τ
1039 509 1153 564 Non
1180 513 1322 566 enim
1352 512 1541 570 falsum
1565 524 1648 572 est
1671 518 1810 588 quod
1835 520 2122 588 Apostolus

522 597 651 650 dicit
683 615 698 654 :
731 598 860 652 Aliis
888 616 1064 656 sumus
1087 603 1214 656 odor
1237 605 1353 659 vine
1371 606 1426 661 in
1443 607 1618 675 vitam,
1647 610 1764 665 aliis
1790 611 1917 665 odor
1943 615 2122 674 mortis

518 704 571 740 tn
599 701 830 754 mortem,
864 702 910 772 et
934 691 1003 745 ad
1033 693 1141 748 hinc
1167 697 1281 766 quis
1304 696 1515 752 idoneus
1533 698 1597 771 (ll
1625 699 1742 756 Cor.
1774 717 1830 768 ιι,
1862 703 1979 772 16)?
1999 704 2116 760 Non

518 792 650 848 ergo
677 780 872 834 mirum
902 783 947 836 si
979 783 1137 838 iidem
1167 788 1405 855 Apostoli
1441 799 1496 844 et
1524 806 1651 845 vasa
1690 797 1877 847 mortis
1905 805 2030 849 sunt
2059 797 2111 850 in

513 871 594 926 eis
622 886 652 926 a
676 873 869 938 quibus
893 879 1315 946 persecutionem
1341 883 1480 950 passi
1507 893 1652 949 sunt,
1675 896 1728 939 et
1756 887 1924 956 igneas
1943 889 2111 960 sagit-

3741 355 3841 411 108

2240 443 2458 496 peccato
2489 444 2737 509 tanquam
2770 460 2977 517 servus,
3001 451 3214 513 dicente
3241 457 3467 518 Domino
3491 481 3506 520 :
3543 465 3725 524 Omnis
3751 478 3841 540 qui

2236 536 2427 588 peccat,
2459 544 2632 584 servus
2657 545 2727 586 est
2762 536 2941 605 (Joan.
2973 557 3088 611 vnt,
3115 547 3229 619 54).
3275 551 3386 606 Erit
3409 568 3539 627 ergo
3579 536 3837 629 iniquitas

2231 611 2348 682 ejus
2378 629 2539 684 super
2565 622 2761 692 ipsum,
2787 643 2908 684 cum
2938 633 3052 702 ipse
3095 611 3358 710 iniquitati
3403 611 3516 703 suae
3550 611 3834 713 subditur:

2227 705 2348 772 quia
2382 723 2488 763 non
2519 716 2692 782 p0tuit
2734 717 2918 778 dicere
2949 705 3204 797 Domino,
3234 735 3376 802 quod
3418 736 3740 800 innocentes
3775 759 3831 803 et

2227 800 2357 851 recti
2382 799 2600 860 dicunt:
2625 806 2803 864 Gloria
2822 829 2935 868 mea
2958 826 3003 870 et
3023 799 3426 898 extruam—caput
3447 847 3616 887 meum
3646 799 3830 905 (Psal:

2229 905 2307 953 Ill,
2341 894 2423 962 4).
2447 895 2524 950 ita
2548 913 2679 970 ergo
2705 901 2819 968 ipse
2849 905 3073 964 inferior
3097 913 3220 981 erit,
3250 928 3309 972 ut
3335 894 3453 990 ejus
3478 894 3732 996 iniquitas
3756 894 3829 985 sit

2219 984 2484 1053 superior,
2517 999 2573 1042 et
2600 991 2653 1045 in
2696 994 2845 1051 illum
2888 998 3212 1072 descendat;
3253 984 3382 1080 quia
3405 984 3594 1085 gravat
3637 1019 3824 1088 illum,

2215 1082 2271 1127 et
2289 1088 2496 1142 onerat,
2516 1090 2570 1136 et
2589 1081 2656 1138 ad
2676 1089 2918 1157 requiem
2939 1105 3248 1153 sanctorum
3270 1081 3513 1162 revelare
3533 1124 3642 1165 non
3663 1110 3822 1170 sinit.

2212 1165 2325 1223 [Ioc
2355 1169 2432 1235 lit,
2451 1187 2574 1228 cum
2603 1176 2655 1231 in
2680 1177 2899 1238 homine
2919 1199 3178 1254 perverso
3197 1194 3368 1250 servit
3393 1201 3551 1268 ratio,
3573 1213 3630 1259 et
3649 1204 3823 1265 libido

2210 1257 2536 1317 dominatur.

2281 1352 2368 1408 l9.
2411 1352 2579 1427 [νει-ε.
2622 1361 2746 1434 18.)
2788 1362 3078 1438 Conﬁtebor
3105 1373 3328 1432 Domino
3361 1385 3640 1442 secundum
3654 1390 3824 1459 justi-

2204 1447 2328 1501 tiam
2376 1451 2509 1516 eius.
2558 1453 2676 1510 Non
2721 1457 2820 1512 ista
2866 1464 3135 1521 confessio
3167 1483 3506 1539 peccatorum
3556 1447 3687 1537 est':
3720 1485 3820 1542 ilic

2202 1539 2345 1592 enim
2374 1539 2476 1596 hoc
2495 1541 2645 1614 dicit,
2675 1549 2767 1616 qui
2790 1555 3038 1622 superius
3077 1560 3357 1620 verissime
3381 1565 3611 1636 dicebat,
3646 1573 3712 1628 Si
3737 1586 3814 1630 est

2173 1702 2175 1705 ι
2199 1630 2439 1704 iniquitas
2467 1636 2521 1691 in
2550 1643 2784 1698 manibus
2811 1649 2976 1714 meis;
3006 1651 3100 1707 sed
3133 1655 3403 1715 confessio
3421 1662 3643 1732 justitite
3679 1664 3809 1736 Dei,

2197 1737 2302 1793 qua
2330 1725 2399 1779 ita
2442 1728 2714 1800 loquimur
2742 1753 2758 1792 :
2791 1737 2950 1806 Vere,
2979 1742 3224 1816 Domine,
3253 1725 3441 1821 justus
3472 1772 3552 1824 es,
3584 1763 3813 1830 quando

2196 1825 2249 1869 et
2273 1817 2443 1887 iustos
2475 1823 2553 1878 sic
2581 1830 2837 1899 protegis,
2862 1843 2920 1888 ut
2959 1850 3053 1902 per
3076 1847 3126 1894 te
3164 1817 3337 1912 ipsum
3373 1862 3468 1903 eos
3505 1817 3805 1921 illuinines.

2192 1916 2244 1959 et
2273 1921 2582 1978 peccatores
2608 1917 2688 1973 sic
2713 1914 2951 1991 ordinas,
2975 1936 3035 1980 ut
3055 1945 3173 1985 .non
3203 1942 3311 2000 tua,
3345 1937 3439 1994 sed
3465 1955 3560 1996 sua
3592 1946 3806 2002 malitia

2192 2001 2500 2066 puniantur.
2565 2008 2669 2064 ista
2714 2014 2986 2072 confessio
3033 2022 3105 2077 ita
3160 2025 3458 2086 Dominum
3488 2033 3694 2105 laudat,
3743 2053 3809 2097 ut

2189 2091 2322 2147 nihil
2369 2097 2576 2166 possint
2605 2101 2893 2173 impiorum
2931 2108 3113 2169 valere
3156 2116 3526 2192 blasphemia,
3555 2091 3803 2198 qui'vc;

2186 2181 2356 2240 lentes
2384 2202 2644 2263 excusare
2688 2193 2924 2254 facinora
2953 2215 3072 2270 sua,
3104 2208 3295 2264 nolunt
3336 2226 3448 2269 sua:
3484 2218 3660 2288 culpae
3693 2225 3802 2277 tri-

2185 2273 2351 2333 buere
2379 2281 2521 2348 quod
2558 2298 2798 2355 peccant,
2831 2289 2932 2347 hoc
2960 2304 3065 2363 est,
3096 2299 3286 2355 nolunt
3317 2319 3430 2359 sua:
3457 2273 3651 2379 culpa».
3697 2314 3802 2368 tri-

2184 2367 2348 2425 buere
2379 2373 2591 2445 culpam
2623 2393 2794 2435 suam.
2841 2383 3025 2456 Itaque
3053 2399 3149 2447 aut
3177 2391 3468 2465 fortunam,
3497 2367 3590 2455 sui
3619 2403 3794 2460 lirium

2181 2460 2458 2519 inveniunt
2476 2468 2618 2537 quod
2643 2484 2927 2542 accusent;
2973 2490 3066 2534 aut
3083 2481 3376 2553 diabolum,
3403 2491 3489 2545 cui
3517 2509 3624 2548 non
3650 2511 3794 2551 con—

2177 2556 2378 2610 sentire
2403 2556 2458 2613 in
2492 2569 2754 2630 potestate
2795 2578 2977 2626 nostra
3005 2575 3125 2629 esse
3151 2577 3320 2634 voluit
3347 2581 3436 2649 qui
3481 2599 3576 2639 nos
3616 2585 3789 2655 fecit;

2173 2656 2266 2700 aut
2291 2650 2448 2704 aliam
2473 2662 2721 2711 naturam
2752 2659 3027 2729 inducunt,
3049 2682 3168 2737 qua:
3191 2684 3304 2724 non
3332 2673 3402 2727 sit
3428 2689 3494 2729 ex
3524 2675 3654 2743 Deo,
3681 2679 3794 2734 ﬂu-

2170 2746 2416 2796 ctuantes
2450 2744 2633 2800 miseri
2660 2756 2716 2802 et
2755 2761 3019 2822 errantes,
3050 2758 3225 2826 potius
3266 2758 3423 2832 quam
3453 2767 3789 2827 confitentes

2171 2827 2302 2896 Deo,
2336 2839 2392 2886 ut
2412 2833 2492 2888 eis
2520 2834 2780 2905 ignoscat.
2808 2841 2922 2898 Non
2955 2847 3098 2900 enim
3144 2827 3360 2920 oportet
3399 2853 3623 2926 ignosci,
3669 2863 3784 2917 nisi

2169 2917 2368 2975 dicenti
2404 2939 2418 2977 :
2463 2923 2708 2982 Peccavi.
2738 2930 2838 2998 Qui
2880 2949 3010 3006 ergo
3053 2917 3199 2996 videt
3237 2945 3425 2999 merita
3467 2947 3782 3010 animarum

2166 3010 2246 3065 sic
2272 3013 2507 3072 ordinari
2554 3032 2584 3071 a
2617 3019 2748 3086 Deo,
2793 3033 2850 3079 ut
2887 3025 3014 3083 dum
3057 3044 3154 3086 sua
3195 3035 3391 3105 cuique
3437 3039 3776 3108 tribuuntur,

2167 3102 2509 3172 pulchritudo
2547 3111 2911 3173 universitatis
2950 3121 3093 3177 nulla
3123 3139 3191 3179 ex
3235 3102 3389 3197 parte
3422 3102 3677 3203 violetur,
3712 3139 3773 3194 in

2162 3196 2412 3252 omnibus
2441 3200 2623 3258 laudat
2660 3205 2826 3263 Deum
2858 3227 2873 3267 :
2903 3220 2958 3267 et
3001 3213 3100 3270 iata
3131 3196 3351 3276 estnon
3394 3236 3770 3298 peccatorum,

2159 3284 2254 3339 sed
2277 3289 2542 3354 iustarum
2566 3295 2858 3367 confessio.
2902 3301 3020 3358 Non
3064 3307 3208 3363 enim
3253 3324 3592 3380 peccatorum
3622 3325 3770 3376 eon-

2158 3372 2322 3431 fessio
2354 3381 2600 3445 est,dnm
2629 3385 2760 3443 dicit
2793 3390 3091 3452 Dominus:
3121 3372 3378 3470 Confiteor
3411 3407 3519 3474 tibi,
3540 3410 3771 3470 Domine

2156 3469 2269 3522 caeli
2309 3480 2357 3524 et
2400 3482 2567 3542 terra,
2613 3479 2734 3549 quia
2770 3487 3080 3542 abscondisti
3117 3469 3238 3546 hac
3265 3511 3297 3548 a
3342 3500 3679 3569 sapientibus,
3716 3519 3770 3561 et

2150 3561 2385 3636 revelqsli
2409 3580 2469 3617 ea
2499 3570 2726 3633 parvulis
2756 3570 2970 3643 (Matth.
3003 3595 3073 3644 ιι,
3097 3580 3214 3654 25).
3244 3583 3375 3642 Item
3404 3561 3456 3644 in
3487 3561 3768 3652 Ecclesia-

2152 3651 2288 3707 stico
2304 3649 2514 3712 dicitur
2541 3676 2554 3711 :
2590 3660 2918 3731 Coriﬁtemini
2943 3666 3165 3730 Domino
3188 3663 3240 3732 in
3263 3682 3492 3739 omnibus
3516 3686 3766 3751 operibus

2152 3745 2281 3814 ejus.
2312 3743 2380 3801 Et
2417 3749 2526 3804 Itazc
2554 3754 2730 3811 dicetis
2754 3758 2808 3812 in
2843 3767 3176 3835 confessione,
3203 3788 3358 3840 Opera
3390 3776 3598 3834 Domini
3633 3787 3764 3839 uni-

2147 3848 2290 3889 versa
2331 3842 2605 3908 quoniam‘
2650 3846 2781 3902 bona
2829 3854 2978 3909 valde
3027 3857 3217 3924 (Eccli.
3273 3869 3475 3935 χχχιχ,
3527 3873 3756 3948 iii-2|).

2147 3922 2299 3948 nu“,
2327 3928 2373 3948 ,_
2654 3937 2668 3948 .
2805 3940 2818 3948 .
3015 3946 3024 3948 ξ

2145 3922 2299 3989 Quod
2326 3928 2378 3982 in
2412 3931 2514 3987 isto
2556 3937 2763 4003 psalmo
2804 3922 3040 4015 intelligi
3075 3961 3268 4019 potest,
3302 3959 3346 4011 si
3390 3922 3756 4038 quisque

2144 4026 2345 4083 mente,
2377 4021 2605 4080 Domino
2642 4028 2951 4099 adjuvantc,
2987 4037 3279 4113 distinguat
3315 4021 3453 4105 inter
3473 4021 3753 4122 justorui‘n

2141 4109 2361 4174 premi“
2396 4121 2453 4166 θῑ
2479 4117 2740 4185 supplic“!
2784 4109 3625 4226 Peccalorum,'qttcmadtnndnm
3659 4109 3754 4208 his

2141 4197 2349 4226 ληιιιι..,ι
2375 4206 2579 4226 --μξμμη
2800 4225 2803 4226 ,

2139 4197 2351 4256 duobus
2375 4206 2623 4265 universa
2663 4225 2928 4282 creatum.
2959 4237 3116 4291 quam
3149 4227 3292 4285 Deus
3315 4247 3344 4286 a
3381 4203 3440 4291 se
3468 4242 3748 4301 conditam

2137 4293 2561 4360 regit,>ntirilica
2591 4310 2646 4356 et
2683 4309 2865 4374 paucis
2885 4310 3116 4383 cognita
3152 4320 3543 4389 pulchritudine
3567 4333 3748 4390 decu-

2137 4391 2301 4437 ratur.
2334 4386 2408 4440 Ita
2435 4404 2564 4460 ergo
2588 4395 2683 4459 ait,
2713 4397 3002 4469 Conﬁtebor
3029 4386 3250 4467 Domino
3273 4423 3549 4477 secundum
3576 4429 3747 4497 justi-

2133 4469 2255 4526 tiam
2284 4478 2412 4545 ejus,
2437 4489 2685 4552 tanquam
2716 4489 2801 4545 ille
2821 4494 2910 4562 qui
2937 4497 3129 4556 viderit
3158 4521 3262 4559 non
3291 4509 3455 4567 factas
3481 4469 3742 4577 tenebras

2129 4577 2160 4616 a
2195 4564 2326 4635 Deo,
2361 4573 2452 4626 sed
2481 4576 2755 4634 ordinatas
2785 4594 2981 4642 tamen.
3029 4591 3168 4651 Dens
3197 4599 3341 4656 enim
3384 4605 3557 4662 dixit:
3606 4611 3740 4672 Fiat

2130 4657 2238 4723 lux,
2269 4671 2313 4713 et
2343 4667 2481 4734 facta
2500 4681 2572 4722 est
2601 4671 2690 4724 (ita:
2715 4674 2871 4742 (Gen.
2908 4695 2945 4744 ι,
2974 4683 3051 4754 5).
3087 4685 3203 4743 Non
3247 4657 3733 4763 (Ῐὶιιὶιεέιει-ιιι⁵

2128 4751 2334 4819 nehrar,
2366 4766 2419 4810 et
2451 4757 2605 4815 facta:
2632 4776 2755 4819 sunt
2789 4773 3057 4842 tenebrae;
3100 4791 3155 4834 et
3183 4793 3357 4842 tamen
3391 4791 3532 4858 ipsas
3573 4788 3733 4854 ordi.

2123 4845 2288 4898 navit.
2323 4847 2389 4932 _Et
2426 4849 2548 4905 ideo
2573 4854 2767 4912 dicitur
2795 4878 2808 4912 :
2841 4861 3025 4921 Divisit
3052 4869 3190 4927 Deus
3215 4877 3346 4932 inter
3371 4845 3531 4938 lucem
3567 4904 3613 4941 et
3648 4903 3732 4946 te-

3170 4925 3183 4927 _
3371 4925 3531 4938 -..υωη
3567 4925 3610 4941 ι.
3648 4925 3730 4946 ,σ-

2121 4937 2320 5002 nebras,
2354 4950 2402 4993 et
2426 4948 2620 4998 vocavit
2651 4947 2790 5005 Deus
2818 4955 2982 5031 lucem
3019 4964 3170 5029 diem,
3197 4979 3244 5022 et
3271 4977 3497 5031 tenebras
3526 4991 3730 5040 vocavit

2117 5037 2315 5135 noctem
2349 5031 2532 5102 (Ibid.,
2567 5039 2619 5104 4,
2651 5040 2731 5113 5).
2761 5038 2864 5101 ista
2892 5049 3164 5112 distinctio
3190 5078 3201 5113 :
3230 5063 3375 5120 aliud
3399 5031 3541 5135 fecit,

2113 5115 2350 5186 dinavit;
2380 5123 2523 5181 aliud
2547 5140 2728 5187 autem
2769 5150 2873 5191 non
2902 5139 3047 5210 fecit,
3078 5147 3173 5202 sed
3207 5160 3383 5212 tamen
3410 5115 3569 5217 etiam
3612 5166 3723 5224 hoc

2114 5211 2399 5270 ordinavit.
2432 5218 2549 5275 iam
2594 5240 2723 5280 vero
2768 5233 3006 5290 tenebris
3055 5241 3341 5310 significari
3391 5267 3629 5326 peccata,
3659 5274 3719 5320 et

3103 5299 3131 5310 ν
3301 5299 3340 5302 α
3430 5299 3604 5313 -..ν-κ.
3659 5299 3717 5320 υι

2111 5299 2163 5354 in
2197 5305 2455 5375 propheta
2485 5313 2771 5383 invenitur,
2797 5323 2886 5389 qui
2912 5324 3067 5394 dixit,
3102 5330 3169 5385 Et
3196 5299 3421 5396 teneer
3446 5357 3548 5402 tua:
3591 5303 3717 5405 tan-

2107 5406 2258 5459 quam
2288 5399 2521 5455 meridies
2561 5417 2706 5459 erunt
2747 5408 2900 5481 (Isai.
2943 5432 3089 5488 ινιιι,
3132 5424 3242 5494 10),
3274 5438 3330 5484 et
3373 5432 3423 5487 in
3463 5399 3714 5506 apostolo

2111 5483 2311 5506 ..ευ-μ
2370 5491 2406 5506 η
2455 5493 2468 5505 ο
2543 5499 2573 5506 --
2633 5502 2647 5506 -

2106 5483 2341 5554 dicente,
2365 5491 2468 5567 Qui
2487 5499 2594 5550 odit
2619 5502 2830 5570 fratrem
2861 5522 3031 5576 suum,
3054 5514 3106 5568 in
3133 5521 3347 5576 tenebris
3372 5536 3446 5578 est
3474 5483 3530 5596 (ri
3542 5530 3703 5590 lacn.

2103 5590 2161 5642 il,
2196 5578 2306 5648 ii),
2345 5595 2397 5636 et
2425 5585 2552 5641 illud
2585 5594 2852 5663 prmcipne
2882 5615 2896 5653 :
2924 5600 3239 5673 Abjiciamus
3280 5631 3435 5684 opera

2160 5715 2176 5746 ¹
2199 5718 2715 5794 Ρειτιὶουξειηηιιοηὶωιι,
2741 5729 2803 5779 ab
2829 5733 2975 5806 editis
2995 5739 3185 5800 aberat,
3230 5755 3278 5798 et
3296 5761 3325 5800 a
3349 5738 3547 5818 Vulgata
3560 5773 3577 5822 ;
3608 5764 3702 5814 δρα

2160 5786 2341 5822 bentur
2359 5783 2433 5822 lno
2456 5798 2502 5822 ιη
2520 5792 2610 5822 Mc:
2655 5799 2830 5822 οσιηιω
2878 5804 2941 5822 ι...
2979 5813 3021 5822 η.
3041 5803 3103 5822 .-.ι
3122 5812 3137 5822 .
3155 5813 3228 5822 -...

2086 5780 2341 5851 reperitur
2358 5783 2433 5832 hic
2456 5780 2504 5833 in
2520 5792 2628 5839 Mss.
2655 5780 2850 5857 estque,
2870 5780 3107 5864 ’ᾱὲξαῖᾙᾶ
