3956 6316
111 408 185 464 109

106 541 206 589 mn,
242 524 568 580 etiuduamnr
611 544 759 583 arma
809 533 933 587 lucis
981 534 1159 601 (Rom.
1212 554 1326 599 xm.
1363 539 1476 599 η).
1523 539 1640 595 Non

105 616 210 683 quod
246 616 404 685 aliqua
428 618 497 673 sit
526 624 1092 681 naturatenebrarum
1122 645 1136 681 :
1168 631 1344 684 omnis
1371 646 1514 685 entnt
1547 648 1642 686 na-

105 719 189 758 tura
210 707 254 759 in
273 718 517 777 quantum
546 720 738 768 natura
758 724 862 779 est,
883 731 1004 772 esse
1028 721 1263 789 cegitur;
1294 737 1413 777 esse
1432 736 1635 791 autem,

101 798 147 849 ad
173 796 318 852 lucem
359 802 622 868 pertinet;
656 818 765 859 non
801 820 942 874 esse,
970 808 1037 863 ad
1072 813 1342 867 tenebras.
1379 815 1477 882 Qui
1507 831 1641 886 ergo

99 888 256 941 deserit
276 902 388 942 eum
415 905 442 942 a
469 906 577 961 quo
609 891 781 951 laetus
805 905 986 965 est,“
1010 899 1296 958 inclinatur
1327 906 1378 959 in
1412 907 1463 961 id
1494 910 1634 965 unde

98 980 229 1032 iactus
253 990 345 1044 est,
373 980 424 1035 id
465 993 550 1038 est
592 985 647 1039 in
690 987 937 1057 nihilum,
967 989 1022 1045 in
1067 994 1171 1049 hoc
1213 1007 1435 1066 peccato
1478 1007 1632 1055 tene-

101 1070 276 1134 bratur;
312 1080 363 1156 et
394 1081 575 1130 tamen
611 1093 716 1132 non
762 1083 974 1151 penitus
1015 1085 1173 1156 perit,
1207 1088 1302 1143 sed
1341 1089 1393 1144 in
1438 1090 1636 1149 inlimis

96 1148 341 1215 ordinatur.
380 1162 558 1235 Itaque
585 1148 865 1239 postquam
896 1148 1050 1239 dixil,
1075 1148 1365 1247 Conﬁtebor
1390 1179 1631 1249 Domino,

96 1265 146 1303 ne
180 1264 485 1317 peccatorum
514 1256 907 1315 conlessioncm
951 1263 1391 1342 intelligeremus,
1420 1272 1638 1342 subjicit

93 1341 314 1395 ultimum:
335 1342 394 1395 Et
418 1344 640 1413 psallam
666 1351 860 1404 nomini
882 1341 1091 1409 Domini
1112 1357 1366 1414 altissimi.
1392 1360 1630 1419 Psallere

91 1445 229 1486 autem
269 1434 329 1487 ad
356 1438 610 1505 gaudium
649 1443 899 1512 pertinet,
932 1448 1245 1515 pcenitentia
1281 1468 1409 1510 vero
1440 1471 1631 1526 pecca-

91 1532 244 1587 torum,
286 1523 347 1578 ad
390 1528 681 1585 tristitiam.

140 1612 213 1667 20.
249 1613 416 1670 Potest
445 1619 545 1673 iste
594 1623 830 1690 psalmus
870 1626 1031 1682 etiam
1078 1629 1133 1684 in
1169 1645 1400 1701 persona
1441 1635 1626 1694 Domi-

88 1702 165 1756 uici
191 1702 402 1760 hominis
432 1707 658 1782 intelligi
684 1730 699 1777 ;
744 1715 787 1769 si
819 1718 980 1772 modo
1004 1733 1067 1774 ea
1096 1736 1216 1791 qua:
1246 1724 1316 1779 ibi
1354 1726 1628 1785 humiliter

86 1794 189 1847 dicta
208 1808 333 1861 sunt,
352 1799 414 1854 ad
442 1814 683 1859 nostram
709 1807 1068 1867 inﬁrmitatem
1099 1813 1422 1887 referantur,
1452 1838 1611 1891 quam

86 1885 155 1940 ille
177 1889 413 1954 gestabat.

459 2096 542 2157 IN
586 2099 971 2167 PSALMUM
1009 2107 1158 2172 VIII

592 2220 1014 2283 ENARRATIO.

124 2319 174 2377 In
195 2325 328 2393 ﬁnem
356 2344 447 2397 pro
480 2334 844 2406 torcularibus,
875 2338 1120 2399 Psalmus
1144 2345 1245 2418 ipsi
1268 2347 1439 2407 David
1459 2352 1561 2427 (a).

134 2435 175 2488 l.
210 2432 352 2507 [σαι.
398 2439 485 2513 1.]
537 2441 681 2499 Nihil
720 2446 788 2503 de
831 2452 1185 2511 torcularibus
1224 2458 1278 2514 in
1310 2472 1456 2518 textu
1498 2466 1617 2537 ejus

79 2526 246 2591 psalmi,
268 2530 411 2598 cujus
448 2533 551 2588 iste
591 2536 775 2594 titulus
801 2552 905 2610 est,
938 2544 1127 2602 dicere
1155 2549 1384 2608 videtur.
1423 2556 1479 2612 In
1509 2575 1617 2629 quo

75 2625 250 2680 apparet
286 2620 456 2675 multis
498 2634 553 2677 et
601 2629 761 2684 variis
791 2632 1227 2697 similitudinibus
1277 2660 1436 2701 unam
1465 2664 1615 2705 eam-

74 2702 256 2775 demque
279 2725 384 2765 rem
411 2715 460 2767 in
493 2715 790 2787 Scripturis
809 2740 961 2795 saepe
991 2729 1269 2789 insinuari.
1302 2734 1611 2797 Torcularia

73 2808 168 2863 ergo
210 2814 473 2867 possumus
519 2810 765 2880 accipere
819 2815 1120 2888 Ecelesias,
1166 2825 1353 2882 eadem
1401 2822 1611 2891 ratione

73 2900 148 2951 qua
180 2899 225 2942 et
262 2906 433 2950 aream
480 2898 830 2972 intelligimus
867 2908 1183 2969 Ecclesiam.
1226 2916 1359 2983 Quia
1400 2920 1515 2979 sive
1554 2924 1608 2980 in

72 2990 185 3041 area,
224 2981 324 3038 sive
369 2989 419 3041 in
463 2994 753 3063 torculari,
802 2999 939 3055 nihil
982 3004 1127 3062 aliud
1167 3011 1359 3081 agitur.
1404 3016 1506 3070 nisi
1550 3026 1610 3072 ut

72 3065 229 3125 fructus
251 3074 313 3127 ab
354 3078 733 3152 integumentis
778 3104 1091 3164 purgentur,
1144 3117 1263 3170 qua:
1304 3111 1605 3167 necessaria

69 3173 185 3215 erant
218 3163 343 3223 etut
391 3188 743 3235 nascerentur
790 3192 844 3238 et
894 3163 949 3241 ut
992 3204 1312 3261 crescerent,
1348 3206 1507 3270 atque
1536 3203 1605 3259 ad

69 3256 369 3314 maturitatem
411 3266 493 3320 vel
539 3270 733 3325 messis
779 3274 863 3330 vel
908 3279 1190 3339 vindemiae
1239 3294 1597 3356 pervenirent.

66 3338 133 3393 llis
153 3360 263 3415 ergo
298 3353 378 3407 vel
410 3355 792 3428 integumentis
845 3369 927 3423 vel
974 3379 1371 3445 sustentaculis,
1417 3383 1468 3437 id
1518 3395 1602 3441 est

66 3431 191 3495 paleis
230 3438 274 3493 in
302 3456 422 3499 area
452 3444 745 3520 frumenta,
789 3465 865 3529 et,
889 3460 1111 3517 vinaciis
1140 3465 1191 3519 in
1239 3472 1596 3531 torcularibus

60 3612 269 3675 cularium
297 3622 593 3699 hominum,
615 3650 736 3705 qua:
777 3639 933 3695 simul
974 3660 1097 3702 cum
1126 3649 1278 3707 bonis
1302 3669 1596 3730 congrega-

63 3709 124 3730 ,Μ
170 3710 266 3730 ωε,
402 3727 412 3730 _

63 3709 140 3768 tur,
166 3710 334 3776 quibus
364 3727 419 3772 ut
446 3736 801 3782 nascerentur
835 3741 889 3785 et
926 3734 1035 3803 apti
1070 3740 1257 3797 tierent
1301 3709 1468 3804 verbo
1502 3709 1592 3806 di-

59 3794 163 3859 ViﬂO,
186 3810 469 3866 necessaria
490 3822 611 3870 erat
640 3815 728 3873 illa
764 3794 1067 3895 multitudo,
1098 3830 1150 3886 id
1180 3836 1373 3906 agitur,
1398 3849 1456 3895 ut
1481 3844 1592 3914 spi-

59 3882 188 3914 ,ςηηη
225 3907 382 3914 __W
759 3909 772 3914 _

1054 3882 1066 3895 ν
1099 3882 1150 3886 ν-
1180 3882 1373 3906 -υ-*ωι
1401 3882 1456 3895 ⁸⁵·
1481 3882 1587 3914 ’ΨΓ

57 3882 189 3942 niuali
223 3907 533 3971 amore'per
566 3909 933 3976 operationem
982 3920 1345 3983 ministrorum
1375 3931 1467 3987 Dei
1497 3951 1587 3991 se-

56 3987 272 4070 parentur.
303 3988 487 4060 Agitur
510 3996 656 4054 enim
686 4016 849 4072 nunc,
882 4016 940 4062 ut
968 4026 1072 4067 non
1102 4014 1241 4083 loco,
1270 4021 1364 4075 sed
1391 4023 1586 4082 affectu

834 4062 848 4072 ν
989 4062 1072 4067 κ---
1102 4062 1241 4083 -η,..,,
1270 4062 1364 4075 ..νυ
1391 4062 1583 4082 “uncus

56 4062 218 4127 interim
257 4092 568 4151 separentur
605 4090 730 4149 boni
772 4111 803 4150 ι
844 4098 999 4155 malis
1027 4121 1043 4158 :
1073 4109 1314 4176 quamvis
1342 4114 1502 4170 simul
1530 4119 1583 4174 in

56 4154 141 4176 r_,o
197 4166 223 4176 οι

54 4154 269 4234 Ecclesiis,
299 4188 555 4242 quantum
606 4184 798 4241 attinet
846 4189 909 4244 ad
957 4154 1288 4267 corpbralem
1341 4219 1580 4274 praesen-

1054 4250 1068 4267 ⁸
1155 4250 1287 4255 κν-ντν-
1342 4250 1578 4274 r-WUV'I'

53 4250 158 4318 tiam,
193 4274 583 4327 conversentur.
630 4276 790 4333 Aliud
836 4292 1011 4339 autem
1061 4291 1165 4346 erit
1214 4302 1443 4366 tempus.
1472 4317 1579 4369 quo

53 4341 107 4369 lnl
132 4343 236 4369 ’ωε-Α
254 4367 265 4369 Α
315 4365 323 4369 -
387 4358 400 4369 ⁸
488 4362 501 4369 ⁵

1217 4341 1443 4366 --...,......
1472 4341 1578 4369 .,..υ

53 4341 107 4391 \el
131 4343 359 4410 frumenta
387 4358 437 4413 in
487 4362 701 4433 horrea,
726 4370 809 4425 vel
844 4373 963 4428 vina
993 4378 1042 4431 in
1083 4382 1249 4437 cellas
1294 4402 1581 4461 segregen-

53 4438 112 4461 ltu-
161 4436 288 4461 l‘..-...
361 4457 370 4461 -
460 4451 473 4461 ·
593 4456 604 4461 ·

52 4438 125 4483 tur.
155 4436 424 4517 Frumenta,
458 4451 651 4525 inquit,
678 4464 913 4517 reconde!
940 4467 993 4519 in
1038 4469 1253 4541 horreis,
1279 4436 1574 4543 palleasoau-

48 4528 118 4575 ιεηι
141 4533 362 4593 comburat
382 4541 491 4612 igni
510 4544 911 4623 inczstinguibili
938 4555 1087 4628 (Luc.
1113 4577 1191 4630 Ill,
1226 4528 1572 4637 7').Eatleln

48 4624 110 4668 res
131 4620 171 4674 in
192 4626 280 4681 alia
307 4632 656 4694 similitudine
693 4620 771 4698 sic
811 4620 1029 4721 intelligi
1072 4664 1246 4724 potest
1269 4620 1451 4718 :IVina
1484 4682 1570 4721 re-

47 4710 190 4766 condet
209 4716 252 4771 in
278 4725 571 4795 apothecis,
591 4732 795 4790 vinacia
824 4754 953 4795 vero
978 4748 1261 4813 pecoribus
1291 4755 1565 4825 projiciet:

47 4804 83 4825 ...
106 4813 243 4825 -..μμ

978 4804 993 4813 .
1246 4804 1253 4805 κ
1292 4804 1565 4825 r--,-----.

47 4804 86 4916 :u
106 4813 279 4865 ventres
304 4828 553 4881 Decorum
578 4836 674 4890 pro
701 4829 874 4895 poenis
900 4833 1268 4901 gebennarum
1298 4860 1395 4916 per
1419 4849 1569 4905 simi-

63 4888 254 4916 it...l:_-__
286 4904 295 4912 -
341 4913 351 4916 _
393 4907 445 4916 ...
607 4913 638 4916 ,Α

46 4881 260 4980 litudinem
285 4881 592 4980 intelligere
607 4881 784 4972 lico-at.

95 4977 134 5031 2.
160 4984 238 5042 Est
257 4993 386 5051 alius
414 4977 715 5061 intellectus
733 5009 802 5064 dc
835 5017 1207 5089 torcularibus,
1228 5023 1354 5083 dum
1384 5039 1560 5091 tamen

928 5067 931 5068 ,
958 5067 1053 5071 ..-..-
1072 5067 1207 5089 ......”
1229 5067 1354 5083 u-uu
1384 5067 1558 5091 κηηειι

43 5067 90 5120 ab
119 5073 434 5145 Ecclesiarnm
479 5094 869 5165 signiﬁcatione
924 5125 1027 5163 non
1075 5117 1375 5176 recedatur.
1425 5125 1558 5183 Nam

43 5170 79 5213 el
103 5164 288 5231 Verbum
323 5181 557 5241 divinum
603 5202 779 5261 potest
829 5214 926 5251 uva
974 5202 1196 5276 intelligi
1229 5228 1241 5262 :
1274 5212 1447 5270 dictus
1475 5229 1559 5275 est

605 5255 621 5261 -
1064 5255 1196 5276 -εὴῦ-
1229 5255 1240 5262 -
1276 5255 1447 5270 "auaui!
1475 5255 1558 5275 ωε

42 5255 139 5310 enim
173 5269 218 5317 et
259 5269 507 5332 Dominus
549 5281 736 5338 botrus
780 5303 911 5354 uvm,
957 5308 1113 5361 quem
1144 5299 1286 5369 ligno
1333 5321 1558 5376 snspen-

42 5356 121 5376 «ιιι-κ
183 5356 225 5376 AL
283 5373 292 5376 -

976 5356 987 5361 _
1182 5356 1211 5369 υ
1338 5356 1528 5376 μην..

42 5356 147 5415 sum.
179 5356 235 5413 de
282 5373 412 5421 terra
467 5376 858 5447 promissionis,
888 5385 975 5451 qni
1024 5393 1284 5456 prmmissi
1325 5411 1478 5457 erant
1522 5419 1553 5458 a

42 5443 184 5506 Ρορυιο
207 5446 371 5520 Israel,
406 5469 658 5533 tanquam
684 5471 999 5531 cruciﬁxum
1024 5443 1336 5542 'attnlcrunt
1361 5490 1549 5560 (Nam.

45 5539 107 5560 um
147 5536 219 5560 οη
270 5546 307 5560 ’ν
370 5552 382 5560 ·
526 5558 535 5560 κ

1189 5536 1226 5539 ,,
1247 5536 1336 5542 ᾖ---
1361 5536 1427 5560 ι-.
1445 5536 1549 5550 -....

45 5539 124 5597 ιιῐιι
147 5536 239 5610 Ἡ).
270 5546 490 5609 Verbum
523 5558 701 5628 itaque
726 5562 986 5635 divinum,
1019 5588 1137 5627 eum
1170 5581 1551 5642 cnuntiationis

44 5624 285 5691 llicessitate
319 5656 537 5715 usurpat
566 5650 711 5704 vocis
739 5668 951 5725 sonum,
982 5679 1088 5731 quo
1127 5667 1179 5722 in
1223 5686 1379 5728 aures
1422 5694 1547 5746 pcr-

42 5792 127 5917 ιαξέ)
152 5806 350 5865 Dahae!
382 5833 510 5869 vers.
546 5825 748 5878 consule
774 5836 910 5884 Enar.
937 5837 987 5886 lu
1021 5844 1139 5892 Psat.
1178 5859 1391 5911 Lxxnu,
1432 5870 1476 5903 n.
1521 5861 1535 5906 Ι

1189 420 1581 477 ΕΝᾹῐίῐίΑΤΙο
1623 422 1685 477 IN
1731 425 2058 487 PSALML’M
2108 436 2235 492 Ylll.

3253 472 3351 529 llO

1754 543 1979 602 rebatur
2016 551 2364 623 audientium,
2391 561 2580 619 eodem
2618 580 2752 623 sono
2796 575 2946 631 vocis
2982 588 3229 639 lulianum
3254 591 3341 641 ni-

1747 638 1937 707 naciis,
1982 642 2286 705 intellectus
2316 661 2565 725 tanquam
2600 659 2778 718 vinum
2820 666 3111 728 includitur
3138 695 3152 731 :
3185 692 3238 733 et
3266 686 3343 737 sic

1748 745 1847 786 uva
1894 734 1993 790 ista
2028 737 2081 792 in
2110 754 2270 799 aures
2297 750 2465 812 venit,
2491 754 2643 820 quasi
2686 752 2740 809 in
2786 759 3068 830 calcatoria
3108 774 3345 824 torculu-

1744 822 2001 881 riorum’.
2025 829 2100 886 lbi
2124 834 2269 889 enim
2297 836 2643 910 discernitur,
2670 854 2726 900 ut
2754 863 2920 903 sonus
2940 868 3116 923 usque
3135 859 3213 911 .ad
3251 877 3349 915 au-

1742 929 1832 970 res
1877 917 2085 987 valeat;
2126 922 2429 983 intellectus
2472 935 2649 988 autem
2701 943 2962 998 memoria
3018 962 3207 1005 eorum
3257 956 3347 1024 qui

1740 1007 1990 1081 audiunt,
2015 1014 2163 1071 velut
2188 1019 2420 1088 quodam
2450 1023 2565 1081 lacu
2590 1031 2909 1102 excipiatur,
2940 1037 3064 1094 inde
3104 1007 3344 1101 transeat

1739 1097 1796 1152 in
1826 1115 2035 1157 morum
2076 1105 2410 1179 disciplinam
2449 1124 2504 1169 et
2542 1116 2781 1177 habitum
2829 1128 3047 1194 mentis,
3084 1140 3340 1205 tanquam

1738 1188 1809 1245 de
1836 1192 1954 1249 lacu
1981 1198 2031 1249 in
2053 1199 2216 1253 cellas
2243 1203 2296 1256 in
2324 1205 2536 1277 quibus,
2553 1212 2597 1266 si
2625 1215 2944 1287 negligentia
2977 1238 3082 1279 non
3110 1232 3335 1297 acuerit,

1739 1292 2003 1343 vetustate
2030 1288 2348 1351 ﬁrmabitur.
2382 1299 2535 1355 Acuit
2564 1318 2795 1375 namque
2822 1308 2876 1363 in
2900 1310 3122 1377 Judzeis,
3151 1329 3207 1374 et
3235 1320 3335 1377 hoc

1735 1386 1891 1430 aceto
1948 1378 2127 1450 (Joan.
2172 1400 2286 1453 nx,
2324 1387 2420 1460 29)
2463 1392 2745 1451 Dominum
2801 1411 3137 1469 putaverunt.
3196 1409 3329 1466 Nam

1737 1464 1867 1522 illud
1897 1471 2077 1527 vinum
2118 1474 2260 1546 quod
2290 1479 2358 1536 de
2400 1487 2747 1552 generatione
2793 1464 2915 1548 {itis
2959 1494 3095 1553 Novi

1735 1561 1907 1617 menti
1956 1563 2221 1624 bibiturus
2262 1580 2347 1627 est
2390 1589 2512 1629 cum
2562 1581 2762 1636 sanctis
2815 1583 2926 1640 suis
2974 1588 3231 1647 Dominus
3277 1595 3331 1651 in

1733 1663 1900 1721 regno
1943 1654 2116 1712 Patris
2144 1659 2228 1714 sui
2258 1660 2409 1728 (Luc.
2450 1681 2583 1749 nu,
2617 1671 2731 1741 18),
2762 1677 3142 1738 suavissimum
3172 1696 3333 1758 atque

1730 1736 2101 1803 ﬁrmissimum
2130 1749 2200 1805 sit
2224 1767 2449 1811 necesse
2487 1746 2591 1813 θέε.

1800 1833 1852 1888 5.
1879 1833 2065 1893 Solent
2090 1843 2259 1915 accipi
2283 1849 2562 1905 toreularia
2587 1856 2747 1912 etiam
2766 1865 3043 1933 martyria.
3069 1877 3323 1941 tanquam

1728 1922 2016 1984 afﬂictione
2045 1937 2475 2000 persecutionum
2503 1946 2722 2005 calcatis
2751 1953 2832 2008 eis
2876 1958 2967 2027 qui
2996 1959 3195 2029 Christi
3232 1982 3329 2021 no-

1727 2031 1849 2071 men
1880 2019 2113 2079 confessi
2157 2038 2302 2093 sunt,
2331 2036 2578 2091 mortalia
2605 2055 2791 2097 eorum
2826 2056 3077 2119 tanquam
3122 2056 3326 2113 vinacia

1726 2107 1780 2161 in
1811 2117 1950 2165 terra
2000 2122 2380 2191 remanserint,
2411 2129 2605 2186 animae
2630 2143 2807 2191 autem
2836 2139 2889 2193 in
2942 2146 3180 2214 requiem
3209 2165 3323 2205 ca:-

1724 2197 1872 2255 lestis
1901 2202 2244 2266 habitationis
2271 2222 2657 2277 emanaverint.
2690 2226 2798 2282 Sed
2828 2246 3001 2302 neque
3021 2197 3140 2292 'isto
3168 2241 3324 2297 intel-

1726 2287 1869 2345 lectu
1894 2293 1962 2348 ab
1984 2295 2344 2358 Ecclesiarum
2380 2305 2790 2372 fructiﬁcatione
2818 2287 3135 2380 disceditur:

1720 2380 1846 2438 litur
1872 2400 2000 2470 ergo
2015 2407 2109 2459 pro
2135 2396 2491 2464 torcularibus.
2521 2419 2618 2473 pro
2638 2408 2891 2467 Ecclesia:
2912 2420 3314 2492 constitutione,

2479 2462 2485 2464 ν
2521 2462 2534 2473 _
2916 2462 3314 2492 --..-..-.........,,

1720 2488 1843 2529 cum
1877 2462 2135 2537 Dominus
2166 2496 2349 2552 neSter
2389 2502 2673 2564 postquam
2711 2502 3026 2574 resurrexit,
3075 2517 3319 2574 ascendit

1718 2564 1771 2621 in
1800 2569 1990 2626 ecutos.
2021 2571 2172 2630 Tunc
2214 2579 2358 2633 enim
2404 2584 2549 2639 misit
2590 2587 2844 2658 Spiritum
2895 2610 3161 2671 sanetum,
3211 2621 3319 2677 quo

1716 2656 1920 2729 impleti
1949 2662 2216 2734 discipuli,
2247 2684 2369 2725 cum
2398 2670 2590 2731 ﬁducia
2622 2656 3049 2749 praedicaverunt
3091 2656 3315 2756 vet-bina

1716 2747 1832 2813 Dei,
1862 2761 1920 2806 ut
1945 2754 2198 2813 Ecclesiae
2216 2747 2691 2835 congregarentur.
2943 2843 2947 2847 ν

1783 2840 1835 2895 4.
1857 2840 2009 2915 [υεη.
2030 2845 2111 2921 2.]
2140 2849 2321 2922 itaque
2339 2854 2535 2934 dicitur
2559 2877 2573 2914 :
2598 2858 2816 2920 Domine
2836 2843 3087 2946 Dominus
3121 2890 3311 2945 noster.

1709 2946 1863 2998 quant
1922 2938 2221 2995 admirabile
2262 2953 2336 2997 est
2372 2930 2555 3005 nomen
2585 2962 2731 3017 tuum
2766 2958 2820 3011 in
2866 2942 3100 3021 universa
3135 2975 3312 3026 terra!

1709 3010 1905 3091 Qumro
1928 3030 2069 3086 unde
2115 3034 2183 3087 sit
2208 3035 2521 3097 admirabile
2568 3061 2763 3103 nomen
2799 3052 2913 3122 ejus
2961 3056 3016 3111 in
3060 3061 3309 3125 universa

1710 3118 1892 3171 terra?
1916 3118 2292 3191 Respondetur
2322 3148 2336 3183 :
2369 3130 2625 3196 Quoniam
2660 3140 2851 3196 elevata
2874 3156 2946 3199 est
2978 3154 3307 3223 magniﬁcen-

1706 3208 1777 3260 tia
1804 3218 1892 3263 tua
1918 3228 2072 3282 super
2104 3219 2299 3286 caelos;
2354 3232 2410 3278 ut
2438 3226 2539 3282 iste
2566 3230 2637 3284 sit
2664 3246 2855 3291 sensus
2889 3256 2903 3292 :
2933 3239 3180 3311 Domine,
3213 3253 3305 3319 qui

3142 3299 3179 3311 ,,
3217 3299 3302 3319 τ--

1705 3312 1764 3352 es
1797 3299 2049 3358 Dominus
2091 3320 2295 3375 noster,
2325 3328 2482 3383 quam
2514 3328 2566 3373 te
2607 3319 2940 3383 admirantur
2976 3345 3166 3391 omnes
3209 3342 3302 3409 qui

1703 3390 1943 3448 incolunt
1961 3405 2159 3454 terram
2180 3402 2195 3455 ι
2213 3405 2463 3473 quoniam
2481 3416 2568 3465 tua
2585 3416 2975 3485 magniﬁcentia
2998 3423 3068 3480 de
3090 3436 3298 3488 terrena

1699 3479 2001 3541 humilitate
2024 3503 2185 3561 super
2204 3494 2372 3551 caelos
2413 3498 2621 3558 elevata
2658 3479 2761 3561 est.
2796 3510 2932 3568 llinc
2959 3518 3102 3572 enim
3132 3534 3301 3591 appa-

1697 3577 1804 3629 ruit
1824 3577 1946 3647 quis
1969 3578 2475 3654 descenderis,cum
2511 3608 2543 3649 a
2586 3598 2904 3667 quibusdam
2931 3608 3103 3665 visum
3124 3577 3218 3671 est.
3236 3626 3294 3673 et

1695 3679 1726 3718 a
1756 3668 1969 3724 caneris
2000 3673 2261 3732 eralitum
2289 3695 2397 3750 quo
2421 3687 2752 3745 ascenderis.

1762 3754 1817 3812 5.
1849 3754 1999 3830 [υεη.
2030 3761 2111 3837 3.]
2140 3764 2224 3822 Ea:
2257 3785 2346 3824 ore
2389 3772 2664 3845 infantium
2703 3792 2751 3836 et
2794 3784 3086 3845 laetaniam
3114 3802 3287 3869 perfe-

1691 3844 1809 3899 cisri
1832 3847 2057 3916 laudem,
2104 3867 2311 3929 prapter
2333 3844 2566 3920 inimicos
2585 3878 2717 3924 tuos.
2755 3872 2871 3930 Non
2904 3844 3287 3947 possuntrac'ci-

1695 3950 1823 4004 pere
1862 3939 1995 3996 alios
2025 3943 2256 4003 infantes
2284 3960 2448 4022 atque
2481 3954 2762 4028 lactentes,
2789 3939 2949 4035 quam
2976 3987 3071 4029 eos
3093 3939 3287 4047 quibus

1690 4025 1820 4082 dicit
1841 4028 2130 4100 Apostolus
2161 4054 2175 4090 :
2202 4037 2471 4112 Tanquam
2495 4052 2721 4117 parvulis
2741 4025 3289 4127 iit-Christo

1684 4129 1859 4188 potant
1897 4124 2032 4193 dedi,
2066 4144 2165 4182 non
2187 4132 2352 4188 cibum
2376 4136 2423 4207 (Ι
2444 4138 2563 4194 Cor.
2590 4157 2669 4211 ut,
2705 4146 2757 4211 1.
2788 4147 2867 4221 2).
2898 4154 3045 4221 Quos
3076 4124 3283 4231 signili;

1685 4210 1878 4267 cabant
1910 4214 1984 4271 illi
2032 4221 2123 4288 qui
2158 4221 2441 4283 Dominum
2487 4210 2859 4300 praecedebant
2889 4210 3198 4325 laudantes;
3228 4259 3281 4310 in

1679 4317 1815 4370 quos
1839 4304 1950 4375 ipse
1982 4308 2238 4369 Dominus
2269 4316 2371 4374 hoc
2409 4325 2716 4385 testimbnio
2758 4348 2883 4388 usus
2912 4317 3160 4403 est,.cum
3190 4345 3277 4399 di-

1678 4394 1924 4449 centibus
1966 4398 2167 4458 Iudaeis
2211 4418 2269 4461 ut
2295 4425 2389 4464 eos
2425 4417 2743 4488 corriperet,
2800 4431 3076 4496 respondit
3109 4434 3275 4491 :Non

1676 4483 1864 4553 legistis
1887 4530 1900 4549 ,
1933 4487 2020 4545 Ex
2060 4509 2147 4549 ore
2193 4498 2465 4570 infantium
2503 4518 2548 4560 et
2568 4509 2861 4570 luctantium
2887 4524 3275 4592 parfecislilau.

1686 4569 1796 4592 ΔΑ---
1837 4572 1910 4592 ΙΙΙ
1955 4578 2015 4592 --ι
2218 4584 2324 4592 .-.-
2358 4587 2388 4592 μ

1678 4569 1798 4624 dem
1833 4572 2047 4642 (Matth.
2074 4595 2183 4644 xxi,
2210 4569 2327 4653 lli)?
2357 4587 2502 4644 Bene
2535 4604 2721 4650 autem
2762 4616 2871 4655 non
2887 4569 3279 4678 raitit—Filii:{snt-iv;

1676 4658 1797 4724 sed,
1832 4663 2100 4733 perfeciin
2133 4668 2367 4728 Iaudem.
2392 4676 2533 4732 Sunt
2555 4683 2704 4737 enim
2732 4686 2785 4740 in
2814 4688 3079 4749 Ecclesiis
3103 4700 3273 4759 etiam

1676 4748 1733 4803 hi
1758 4754 1853 4822 qui
1883 4770 1992 4809 non
2021 4758 2134 4826 jam
2163 4762 2303 4819 lacte
2339 4778 2632 4838 potantur,
2667 4778 2763 4831 sed
2790 4795 3098 4839 vescuntur
3120 4790 3269 4858 cibo,

1672 4856 1815 4911 quos
1842 4843 1987 4901 idem
2022 4849 2321 4921 Apostolus
2358 4858 2653 4932 signiﬁcat,
2688 4868 2899 4926 dicens.
2933 4843 3272 4948 Sapientia";

1670 4934 1939 5017 loquimur
1970 4945 2108 4998 inter
2133 4949 2393 5019 perfectos
2414 4954 2457 5025 (l
2489 4955 2612 5012 Cor.
2634 4977 2691 5025 η,
2712 4962 2766 5030 6)
2790 4982 2802 5016 :
2826 4968 2921 5023 sed
2946 4986 3055 5025 non
3090 4990 3156 5029 ex
3180 4976 3269 5033 his

1659 5216 1736 5272 illi
1764 5236 1986 5293 quoque
2012 5227 2259 5283 nondum
2278 5247 2511 5302 capaces
2524 5241 2856 5319 cognitionis
2874 5263 3065 5317 rerum
3089 5257 3261 5325 spiri-

1659 5315 1893 5369 tualium
1912 5328 2785 5395 atquemtcrnaruuimutriuntur
2804 5340 2911 5397 ﬁde
2930 5352 3257 5417 temporalis

1660 5397 1918 5469 historize,
1949 5420 2070 5475 qua:
2097 5422 2193 5476 pro
2238 5413 2411 5469 salute
2459 5431 2639 5474 nostra
2687 5438 2807 5494 post
2835 5430 3173 5491 Patriarchas
3201 5450 3257 5495 et

1658 5491 1956 5563 Prophetas
1978 5498 2047 5552 ab
2074 5503 2649 5568 excellentissima'Dci
2688 5491 2899 5577 Virtute
2948 5536 3107 5596 atque
3152 5530 3259 5587 Sa-.

1657 5583 1850 5651 pientia
1869 5586 2031 5644 etiam
2052 5596 2283 5664 suscepti
2308 5596 2536 5656 hominis
2557 5618 2894 5670 sacramento
2910 5617 3255 5677 administrao

1720 5742 1736 5773 ⁸
1766 5749 1812 5814 tn
1840 5752 1944 5814 uss.
1970 5745 2182 5814 aliquot,

1651 5805 1985 5860 tarcularimn.

1715 5868 1734 5897 ³
1762 5866 1927 5977 ιιιωοίςδ
1943 5877 2069 5924 Mss:
2095 5876 2299 5928 sedtum
2326 5891 2392 5930 ea:
2428 5882 2504 5933 his
2538 5884 2887 5957 perﬁciwuur,
2918 5910 3035 5963 etc.,
3067 5908 3247 5963 omissa

1715 5941 1791 5977 ce.
1808 5943 1859 5977 so
1881 5943 1937 5977 ts.

1652 5940 1791 5984 νοω.
1808 5940 1937 5983 30113.

2224 5753 2314 5805 sed
2348 5760 2688 5823 paucioribus,
2734 5781 2826 5819 nec
2862 5776 3246 5844 antiquioribus,
