3956 6370
584 429 680 485 ill
1829 410 1890 465 S.
1931 405 2298 464 AUGUSTI.“
2345 406 2649 462 EPISCOPI

578 547 631 592 ta
658 544 760 598 est,
789 535 842 590 in
868 547 970 605 qua
992 531 1139 587 salus
1163 537 1246 586 est
1265 527 1413 582 omni
1438 524 1679 582 credenti
1713 540 1727 577 :
1759 531 1818 577 ut
1855 520 2175 576 auctoritate

578 635 883 684 commotus
916 625 934 657 ⁸
992 618 1275 692 praeceptis
1337 617 1628 679 inserviat,
1684 613 1876 685 quibus
1925 619 2179 682 purgatus

581 715 946 785 unusquisque
971 720 1026 767 et
1051 712 1103 765 in
1129 709 1391 765 charitate
1432 706 1699 762 radicatus
1734 712 1896 773 atque
1926 701 2179 756 fundatus

583 807 751 876 possit
775 819 996 860 currere
1015 819 1137 858 cum
1156 802 1375 864 sanctis,
1399 815 1505 853 non
1521 798 1631 869 jam
1663 797 1916 868 parvulus
1942 795 1996 848 in
2016 793 2174 860 lacte,

581 898 678 953 sed
702 896 915 967 juvenis
941 897 992 950 in
1018 895 1159 956 cibo.
1189 890 1645 963 comprehendere
1674 887 2031 950 latitudinem,
2060 884 2179 938 lon-

581 989 895 1060 gitudinem,
919 988 1250 1043 altitudinem
1285 995 1338 1040 et
1358 983 1701 1055 profundum,
1728 981 1868 1035 scire
1896 979 2056 1035 etiam
2087 992 2189 1050 su-V

581 1083 1003 1151 peremiuentem
1051 1079 1331 1135 scientiam
1385 1075 1658 1131 charitatis
1709 1072 1909 1128 Christi
1957 1069 2172 1142 (Ephes.

580 1185 659 1236 tu,
689 1172 778 1236 18,
808 1170 919 1240 l9).

653 1260 706 1314 6.
737 1259 820 1314 Ex
849 1276 935 1314 ore
961 1259 1232 1329 infantium
1261 1265 1306 1309 et
1334 1256 1628 1310 lactentium
1663 1253 1918 1325 pcrfecisti
1951 1251 2172 1310 laudem.

579 1361 786 1421 propter
804 1351 1033 1404 inimicos
1061 1358 1192 1401 tuos.
1223 1346 1470 1400 Inimicos
1492 1345 1616 1400 huic
1641 1342 2029 1413 dispensationi
2053 1356 2174 1412 qua:

580 1446 713 1499 facta
744 1453 827 1499 est
854 1459 948 1514 per
976 1442 1160 1498 Jesum
1214 1440 1508 1507 Christum,
1556 1448 1610 1493 et
1649 1437 1792 1492 hunc
1837 1435 2171 1500 cruciﬁxum,

578 1537 898 1609 generaliter
926 1535 1171 1606 accipere
1199 1533 1456 1589 debemus
1484 1546 1674 1586 omnes
1698 1529 1787 1600 qui
1833 1537 2015 1584 vetant
2051 1543 2173 1583 cre-

577 1626 707 1682 dere
737 1624 1026 1695 incognita,
1054 1633 1110 1680 et
1135 1631 1335 1678 certam
1363 1621 1641 1676 scientiam
1659 1620 2014 1691 pollicentur;
2037 1617 2177 1672 sicut

578 1718 779 1773 faciunt
826 1717 1065 1772 hatretici
1097 1715 1354 1778 universi,
1403 1722 1458 1769 et
1486 1713 1562 1767 illi
1588 1712 1678 1783 qui
1711 1712 1763 1766 in
1792 1709 2175 1779 superstitione

577 1809 858 1881 gentilium
891 1805 1201 1880 philosophi
1229 1805 1593 1860 nominantur.
1618 1802 1737 1859 Non
1766 1801 1906 1874 quod
1935 1802 2175 1858 scientia:

578 1901 889 1971 pollicitatio
910 1896 1351 1968 reprehendenda
1373 1897 1476 1962 sit;
1496 1895 1589 1950 sed
1610 1894 1751 1965 quod
1780 1894 2001 1964 gradum
2028 1893 2176 1948 salu-

578 1993 872 2049 berrimum
893 2000 948 2047 et
978 1991 1339 2046 necessarium
1385 1989 1508 2044 ﬁdei
1536 1988 1910 2059 negligendum
1964 1994 2173 2058 putant,

577 2099 674 2153 per
701 2098 859 2153 quem
891 2081 945 2136 in
973 2079 1170 2151 aliquid
1197 2087 1424 2143 certum,
1456 2077 1599 2149 quod
1625 2092 1746 2133 esse
1787 2077 1887 2132 nisi
1915 2085 2176 2132 aeternum

580 2189 686 2230 non
736 2182 932 2244 potest,
980 2179 1196 2244 oportet
1236 2170 1473 2225 ascendi.
1509 2169 1644 2225 Hinc
1673 2183 1767 2224 eos
1814 2177 2033 2238 apparet
2077 2182 2177 2222 nec

578 2266 751 2337 ipsam
781 2264 1058 2321 scientiam
1090 2262 1310 2327 habere,
1342 2277 1501 2332 quam
1529 2268 1837 2330 contempta
1865 2259 1971 2315 ﬁde
2016 2258 2174 2328 polli-

577 2366 800 2422 centur;
832 2355 954 2425 quia
982 2364 1089 2409 tam
1116 2354 1299 2408 utilem
1326 2367 1392 2407 ac
1422 2351 1784 2407 necessarium
1813 2349 2036 2420 gradum
2059 2348 2176 2419 ejus

578 2449 845 2520 ignorant.
878 2445 962 2502 Ea:
985 2462 1071 2500 ore
1099 2459 1227 2516 ergo
1246 2445 1520 2516 infantium
1541 2453 1588 2498 et
1615 2443 1906 2497 lactentium
1923 2441 2173 2512 perfecit’

578 2539 783 2602 laudem
805 2537 1062 2593 Dominus
1093 2547 1295 2599 noster,
1323 2532 1584 2590 mandans
1608 2533 1785 2605 primo
1815 2547 1911 2603 per
1937 2531 2178 2602 Prophe-

577 2641 707 2690 tam.
741 2629 860 2684 Nisi
881 2628 1214 2692 credideritis,
1239 2643 1340 2682 non
1368 2625 1657 2698 intelligetis
1689 2623 1839 2696 (Isai.
1871 2639 1963 2689 vn,
1993 2622 2049 2691 9,
2072 2640 2172 2678 sec.

575 2718 767 2791 LXX),
795 2726 849 2775 et
878 2717 995 2788 ipse
1018 2731 1256 2788 praaseus
1310 2716 1515 2782 dicens,
1567 2713 1713 2769 Beati
1756 2714 1843 2785 qui
1887 2731 1990 2768 non
2033 2714 2176 2768 vide-

581 2822 702 2867 runt
730 2823 777 2866 et
804 2811 1043 2866 credituri
1068 2819 1185 2864 sunt
1201 2809 1381 2879 (Joan.
1414 2824 1512 2874 xx,
1547 2806 1656 2878 l9).
1676 2805 1896 2879 Propter
1915 2806 2176 2861 inimicos:

577 2913 766 2960 contra
790 2917 926 2975 quos
951 2903 1112 2958 etiam
1144 2900 1275 2956 illud
1302 2899 1500 2955 dicitur
1528 2917 1541 2953 :
1570 2896 1826 2968 Confiteor
1855 2896 1961 2963 tibi,
1995 2896 2175 2951 Domi-

579 3014 642 3052 ne
668 2997 782 3051 ctuti
808 3005 857 3050 et
885 3004 1058 3062 terras,
1084 2993 1206 3064 quia
1233 2991 1545 3047 abscondisti
1571 2991 1678 3045 hcc
1704 3005 1737 3043 a
1763 2987 2099 3060 sapientibus,
2129 2995 2177 3042 et

577 3088 807 3141 revelasti
852 3103 913 3141 ea
961 3083 1184 3154 parvulis
1230 3081 1443 3154 (Matth.
1487 3097 1562 3145 XI,
1609 3079 1730 3152 25).
1776 3081 1820 3135 Δ
1847 3079 2176 3150 sapientibus

578 3179 722 3234 enim
752 3176 908 3243 dixit,
942 3190 1046 3231 non
1092 3174 1182 3245 qui
1211 3172 1485 3243 sapientes
1514 3179 1659 3239 sunt,
1691 3169 1787 3226 sed
1813 3170 1905 3242 qui
1951 3183 2071 3226 esse
2116 3183 2177 3226 se

578 3280 788 3341 putant.
827 3267 896 3325 Ut
917 3272 1148 3322 destruas
1169 3265 1431 3320 inimicum
1449 3273 1498 3319 et
1521 3264 1838 3335 defensorem
1857 3259 1954 3334 (a).
1977 3260 2172 3329 Quem,

581 3361 684 3418 nisi
708 3361 1056 3416 hmreticum?
1082 3357 1212 3413 Nam
1259 3365 1313 3413 et
1342 3357 1456 3427 ipse
1476 3341 1560 3411 est
1597 3353 1847 3410 inimicus
1891 3361 1948 3409 et
1992 3351 2178 3408 defen-

579 3469 692 3518 sor,
723 3454 813 3524 qui
861 3451 1016 3506 ﬁdem
1063 3449 1410 3504 christianam
1452 3462 1578 3503 cum
1625 3454 1920 3519 Oppugnet,
1967 3443 2177 3502 videtur

572 3542 892 3624 defendere.
920 3541 1234 3611 Quanquam
1273 3539 1434 3594 etiam
1459 3536 1767 3609 philosophi
1807 3536 1964 3606 hujus
1988 3534 2174 3590 mundi

582 3637 721 3692 bene
750 3633 1116 3704 intelligantur
1140 3629 1343 3686 inimici
1363 3638 1417 3685 et
1460 3629 1772 3685 defensores
1798 3647 1813 3684 ε
1844 3627 2175 3699 quandoqui-

579 3729 702 3784 dem
756 3727 923 3781 Filius
967 3725 1061 3781 Dei
1112 3722 1296 3778 Virtus
1337 3730 1392 3776 et
1437 3719 1708 3790 Sapientia
1755 3720 1846 3774 Dei
1899 3727 2017 3783 est,
2069 3732 2174 3788 qua

580 3821 876 3874 illustratur
903 3816 1077 3871 omnis
1122 3814 1363 3885 quisquis
1409 3815 1633 3868 veritate
1673 3812 1886 3882 sapiens
1921 3810 2172 3866 efﬁcitur.

583 3911 751 3981 llujus
794 3909 870 3965 illi
900 3924 958 3964 se
986 3916 1254 3963 amatores
1293 3921 1414 3962 esse
1449 3904 1786 3975 proﬁtentur,
1831 3902 1974 3958 unde
2013 3901 2173 3957 etiam

585 4000 890 4073 philosophi
919 3999 1259 4055 nominantur
1291 4015 1305 4051 :
1330 4005 1386 4053 et
1416 3991 1701 4067 propterea
1747 3996 1893 4050 illam
1919 3995 2170 4050 videntur

584 4093 896 4153 defendere.
925 4105 1047 4146 cum
1076 4089 1275 4144 inimici
1301 4088 1410 4144 sint
1435 4086 1550 4158 ejus
1575 4102 1590 4151 ;
1619 4087 1868 4156 quoniam
1914 4087 2172 4155 supersti-

583 4185 756 4240 tiones
785 4182 993 4245 uoxias,
1017 4190 1074 4236 ut
1102 4180 1345 4236 colantur
1371 4187 1427 4233 et
1455 4186 1776 4233 venerentur
1805 4176 1962 4246 hujus
1990 4176 2172 4232 mundi

579 4279 875 4340 elementa,
908 4271 1136 4328 suadere
1163 4285 1272 4326 non
1300 4277 1536 4325 cessant.

655 4367 709 4420 7.
756 4363 908 4438 [nem
935 4363 1013 4436 4].
1051 4362 1307 4428 Quoniam
1332 4361 1506 4415 videbo
1532 4360 1682 4415 caelos
1710 4369 1823 4414 tuos
1842 4360 1884 4423 ³,
1913 4375 2066 4429 opera
2093 4359 2174 4413 di-

586 4461 805 4530 gitorum
819 4467 1040 4511 tuorum.
1067 4454 1316 4526 Legimus
1333 4453 1498 4525 digito
1515 4453 1606 4508 Dei
1622 4452 1870 4521 scriptam
1885 4451 2104 4522 Legem,
2118 4459 2174 4506 et

582 4552 760 4604 datam
792 4564 886 4619 per
914 4547 1132 4618 Moysen
1162 4553 1404 4600 sanctum
1428 4558 1644 4600 servum
1664 4542 1780 4613 ejus
1800 4541 1993 4613 (Exod.
2017 4558 2168 4608 xxxi,

586 4642 682 4706 l8;
703 4641 858 4696 Deut.
878 4656 953 4703 ιι.
977 4637 1068 4712 10)
1100 4657 1113 4694 :
1143 4654 1301 4710 quem
1325 4637 1549 4709 digitum
1575 4636 1670 4692 Dei
1698 4635 1849 4690 multi
1875 4636 2172 4705 intelligunt

582 4732 837 4803 Spiritum
865 4739 1131 4786 sanctum.
1156 4729 1493 4800 Quapropter
1511 4729 1555 4782 si
1581 4727 1776 4798 digitos
1805 4727 1921 4794 Dei,
1953 4728 2170 4782 eosdem

587 4825 731 4894 ipsos
759 4823 1031 4877 ministros
1051 4819 1252 4890 Spiritu
1275 4829 1461 4875 sancto
1482 4819 1738 4889 repletos,
1758 4826 1977 4888 propter
1997 4818 2170 4888 ipsum

582 4917 837 4988 Spiritum
863 4915 1031 4986 quiin
1062 4914 1140 4969 eis
1183 4920 1644 4982 operatur,reete
1683 4911 1994 4981 accipimus,
2039 4926 2175 4981 quo-

587 5011 729 5066 niam
761 5025 857 5080 per
886 5007 1104 5064 eosdem
1135 5007 1293 5061 nobis
1329 5005 1506 5059 omnis
1531 5003 1706 5059 divina
1739 5003 2012 5074 Scriptura
2041 5018 2171 5058 con-

583 5101 720 5158 iecta
749 5110 864 5166 est;
897 5099 1281 5154 convenienter
1320 5097 1663 5169 intelligimus
1711 5097 1812 5152 hoc
1852 5098 1974 5152 loco
2002 5095 2170 5152 cmlos

647 5259 662 5287 ι
686 5264 788 5304 Am.
813 5260 891 5303 Er.
915 5261 970 5304 et
983 5251 1290 5315 pluresnss"
1314 5249 1642 5300 commonitus.

646 5318 667 5350 ⁸
691 5316 766 5366 sic
788 5324 887 5380 Am.
913 5307 996 5363 Er:
1025 5320 1080 5364 et
1116 5307 1300 5380 aliquot
1334 5319 1443 5361 Mss.
1474 5319 1530 5362 Et
1569 5310 1729 5380 paulo‘
1751 5308 1907 5380 infra,
1945 5307 2172 5380 pler-ique

583 5384 692 5430 uss.
712 5411 728 5428 .
753 5383 800 5441 et
843 5374 945 5441 ipse
975 5368 1418 5440 prtusens'diceus,
1455 5380 1553 5423 etc.
1572 5368 1913 5435 '[perfecistiul
1944 5368 2049 5434 ipse
2083 5368 2172 5436 per

582 5439 927 5570 ῗῗῖῗῖἒὲὶῖοοίιη
948 5506 1054 5570 es.
1078 5497 1323 5570 οπιὲιωηιι
1350 5501 1453 5570 me
1483 5507 1632 5570 εειειεε
1655 5493 1869 5570 quaem.
1889 5493 2172 5570 causa;

584 5568 695 5611 LXX
720 5558 1324 5622 intcpretationeaberat;
1349 5557 1438 5607 sed
1467 5555 1576 5622 post
1611 5555 1688 5622 ei
1706 5555 2047 5622 TheodOtionis
2066 5557 2171 5622 edi-

588 5625 721 5673 tione
739 5618 1005 5671 luit'addita
1036 5620 1130 5669 sub
1160 5619 1414 5679 asterisco,
1437 5618 1579 5670 sicuti
1599 5619 1746 5669 docet
1769 5619 2100 5680 Hieronymus,
2122 5620 2172 5668 in

585 5684 731 5747 Epist.
755 5682 860 5741 155,
885 5680 944 5730 ad
965 5682 1173 5729 suniam.

650 5743 724 5806 (ᾳ)
749 5740 1084 5806 Hancpartctn
1102 5753 1233 5791 vers.
1245 5740 1285 5806 _5
1297 5747 1478 5806 tractat
1499 5742 1618 5806 item
1631 5740 1937 5806 augustioris
1956 5741 2007 5806 in
2029 5746 2168 5806 Enar.

589 5800 812 5866 σι,
831 5800 997 5866 ibique
1020 5815 1125 5866 pro,
1152 5808 1198 5852 et
1221 5800 1539 5866 defensorem,
1552 5801 1668 5852 dicit
1696 5800 1942 5852 nonnullis
1969 5802 2019 5852 in
2043 5801 2172 5852 codi-

587 5865 727 5915 cibus
750 5860 1122 5926 verius'haheri,
1144 5870 1190 5914 et
1212 5860 1428 5916 ultorem.

3785 405 3886 463 il?

2284 519 2458 574 dictos
2487 521 2652 576 libros
2679 521 2956 592 utriusque
2980 519 3330 577 Testamenti.
3361 521 3568 578 Dictum
3598 534 3680 578 est
3705 533 3885 578 autem

2284 612 2445 666 etiam
2471 612 2539 667 de
2560 614 2678 682 ipso
2705 613 2885 683 Moyse
2911 628 2942 668 a
2995 615 3165 685 magis
3213 615 3355 686 regis
3386 614 3704 682 Pharaonis,
3760 631 3883 671 cum

2283 703 2352 755 ah
2378 718 2445 757 eo
2473 706 2706 774 superati
2752 713 2953 771 essent,
2985 703 3188 776 Digitus
3211 703 3308 760 Dei
3326 717 3411 770 (est
3447 705 3528 761 hic
3548 706 3744 781 (Exod.
3765 723 3884 772 vni,

2286 792 2409 862 i9);
2441 805 2494 850 et
2524 796 2662 865 quod
2692 798 2947 866 scriptum
2984 806 3087 864 est,
3119 796 3314 866 Catum
3343 797 3615 869 plicabitur
3655 801 3791 854 sicut
3818 802 3884 852 li-

2284 886 2369 939 ber
2415 886 2564 959 (Isai.
2625 905 2813 955 χχχιι,
2860 887 2938 958 4).
2974 890 3136 944 etiam
3173 890 3217 944 si
3249 889 3315 946 de
3344 891 3446 945 isto
3471 890 3709 947 aethereo
3741 893 3886 947 cmlo

2282 976 2481 1032 dictum
2513 988 2616 1046 est,
2640 996 2876 1051 congrue
2902 990 3079 1036 tamen
3106 997 3171 1038 ex
3190 981 3290 1038 hac
3317 982 3504 1039 eadem
3531 984 3887 1041 similitudine

2283 1070 2334 1123 in
2365 1069 2614 1141 allegoria
2643 1071 2897 1126 librorum
2925 1073 3048 1128 coeli
3067 1074 3431 1130 nominantur.
3459 1075 3718 1142 Quoniam
3743 1077 3886 1131 ride-

2283 1162 2364 1223 bo,
2411 1160 2604 1231 inquit,
2656 1162 2828 1226 caelos,
2877 1179 3032 1233 opera
3073 1164 3349 1236 digitorum
3392 1174 3596 1220 tuorum
3622 1182 3642 1220 :
3673 1166 3726 1221 id
3776 1178 3884 1230 est,

2281 1265 2500 1307 cernam
2571 1263 2625 1308 et
2687 1255 2976 1326 intelligam
3041 1254 3364 1327 Scripturas,
3437 1273 3571 1329 quas
3621 1271 3887 1330 operante

2283 1343 2483 1414 Spiritu
2508 1356 2694 1402 sancto
2726 1363 2823 1417 per
2847 1348 3121 1404 ministros
3153 1357 3272 1405 tuos
3310 1351 3700 1420 conscripsisti.

2353 1437 2407 1491 8.
2441 1437 2667 1493 Possunt
2716 1439 2893 1510 itaque
2935 1440 3095 1495 etiam
3141 1440 3386 1512 superius
3418 1440 3540 1497 coeli
3594 1441 3884 1510 nominati,

2281 1528 2442 1584 iidem
2475 1529 2594 1584 libri
2641 1531 2832 1601 accipi,
2880 1531 2967 1588 ubi
3012 1533 3107 1598 ait,
3139 1532 3396 1600 Quoniam
3433 1534 3627 1588 elevata
3651 1543 3725 1589 est
3766 1551 3885 1588 rna-

2281 1621 2576 1692 gniﬁcentia
2601 1632 2690 1675 tua
2727 1639 2881 1694 super
2908 1623 3061 1678 calas
3082 1639 3103 1688 ;
3142 1633 3199 1678 ut
3228 1632 3372 1678 totus
3415 1624 3516 1680 iste
3556 1624 3627 1680 sit
3663 1639 3885 1689 sensus,

2279 1715 2542 1782 Quoniam
2582 1715 2974 1786 magniﬁcentia
3017 1725 3104 1771 tua
3129 1716 3334 1771 elevata
3359 1725 3445 1772 est
3466 1732 3629 1787 super
3655 1717 3834 1774 caelos
3864 1736 3880 1773 :

2280 1806 2506 1863 Excedit
2531 1807 2676 1864 enim
2704 1806 3099 1878 magniﬁcentia
3117 1815 3208 1864 tua
3227 1808 3465 1865 omnium
3486 1809 3884 1881 Scripturarum

2278 1899 2532 1970 eloquia;
2581 1915 2648 1955 ex
2695 1914 2789 1955 ore
2835 1897 3115 1955 infantium
3165 1908 3221 1956 et
3265 1900 3573 1956 lactentium
3605 1900 3884 1972 perfecisti

2279 1989 2514 2056 laudem,
2563 1999 2620 2044 ut
2657 2005 2690 2045 a
2737 1989 2842 2045 ﬁde
2867 1989 3263 2062 Scripturarum
3312 1991 3631 2062 inciperent,
3657 1993 3750 2064 qui
3779 2008 3882 2048 cu-

2278 2079 2431 2149 piunt
2459 2079 2528 2134 ad
2571 2088 2677 2136 tua:
2706 2068 3120 2152 magniﬁcentiae
3157 2082 3402 2137 notitiam
3432 2083 3734 2152 pervenire,
3759 2098 3887 2154 qua:

2279 2186 2445 2243 super
2473 2171 2782 2243 Scripturas
2811 2173 3018 2228 elevata
3045 2180 3148 2237 est,
3187 2173 3310 2244 quia
3340 2173 3531 2228 transit
3572 2182 3629 2230 et
3659 2183 3885 2245 superat

2279 2263 2519 2318 omnium
2549 2263 2837 2319 verborum
2861 2263 3273 2334 linguarumque
3300 2264 3590 2334 praeconia.
3643 2263 3884 2321 inclina-

2279 2354 2356 2410 vit
2382 2368 2510 2424 ergo
2532 2353 2836 2425 Scripturas
2855 2355 2994 2411 Deus
3022 2370 3192 2427 usque
3206 2355 3274 2411 ad
3295 2355 3571 2411 infantium
3592 2367 3649 2412 et
3671 2357 3882 2412 lacten-

2279 2446 2411 2500 tium
2437 2444 2811 2516 capacitatem,
2857 2446 2995 2500 sicut
3033 2445 3084 2500 in
3130 2445 3238 2501 alio
3279 2446 3486 2514 psalmo
3535 2447 3789 2502 canitur:
3821 2447 3884 2501 Et

2278 2538 2541 2593 inclinavit
2575 2538 2779 2605 caelum,
2805 2546 2852 2594 et
2871 2537 3129 2592 descendit
3161 2537 3330 2611 (Psal.
3355 2554 3485 2600 xvu.
3516 2537 3632 2609 l9).
3679 2538 3751 2594 Et
3778 2538 3884 2595 hoc

2281 2627 2412 2685 fecit
2438 2637 2658 2702 propter
2684 2629 2950 2690 inimicos.
2983 2628 3074 2698 qui
3101 2644 3197 2699 per
3224 2628 3532 2698 superbiam
3576 2629 3852 2699 loquacita
3871 2661 3885 2675 ι

2287 2719 2395 2774 tis‘
2427 2717 2626 2774 inimici
2657 2719 2834 2775 crucis
2875 2718 3097 2783 Christi,
3151 2719 3313 2774 etiam
3356 2733 3479 2774 cum
3522 2719 3700 2789 aliqua
3751 2735 3882 2776 vera

2278 2810 2487 2877 dicunt.
2515 2810 2751 2882 parvulis
2795 2818 2972 2865 tamen
3010 2818 3066 2864 et
3102 2809 3418 2865 lactentibus
3459 2809 3718 2880 prodesse
3760 2826 3873 2866 non

2280 2913 2522 2975 possunt.
2554 2903 2631 2959 ita
2654 2902 2950 2959 destruitur
2976 2902 3225 2957 inimicus
3251 2913 3309 2958 et
3337 2901 3607 2967 defensor,
3635 2902 3732 2972 qui
3758 2903 3882 2959 sive

2279 2995 2622 3065 sapientiam,
2665 2991 2778 3048 sive
2816 2993 2976 3048 etiam
3001 2990 3201 3048 Christi
3244 3007 3441 3047 nomen
3467 2991 3759 3049 defendere
3786 2996 3873 3047 vi—

2279 3085 2490 3153 deatur,
2541 3085 2610 3140 ab
2651 3082 2810 3154 hujus
2847 3092 3023 3138 tamen
3069 3083 3236 3155 gradu
3277 3081 3398 3138 ﬁdei
3446 3091 3718 3154 oppugnat
3755 3099 3880 3139 eam

2281 3178 2563 3235 veritatem
2609 3191 2769 3247 quam
2814 3175 3210 3246 promptissime
3239 3175 3536 3246 pollicetur.
3580 3174 3879 3244 Propterea

2279 3268 2440 3325 etiam
2470 3267 2617 3323 illam
2646 3281 2753 3322 non
2780 3265 2981 3322 habere
3000 3266 3369 3331 convincitur;
3399 3267 3523 3335 quia
3553 3281 3880 3338 oppugnan-

2277 3359 2350 3416 do
2371 3358 2594 3431 gradum
2636 3356 2775 3429 ejus,
2817 3356 2959 3427 quod
3001 3366 3086 3412 est
3121 3355 3276 3424 ﬁdes,
3323 3357 3775 3427 quemadmodum
3822 3360 3878 3414 in

2279 3467 2397 3508 eam
2428 3448 2840 3515 conscendatur,
2873 3448 3103 3519 ignorat.
3135 3448 3268 3503 llinc
3293 3463 3424 3519 ergo
3461 3448 3756 3504 destruitur
3795 3457 3880 3505 te-

2279 3541 2540 3597 merarius
2569 3549 2626 3596 et
2650 3554 2828 3596 caecus
2856 3539 3178 3610 pollicitator
3205 3540 3465 3605 veritatis,
3513 3525 3603 3610 qui
3642 3551 3724 3596 est
3772 3542 3882 3597 iui-

2279 3635 2449 3690 micus
2475 3643 2528 3689 et
2554 3632 2827 3697 defensor,
2859 3647 2980 3688 cum
3029 3631 3276 3686 videntur
3319 3633 3439 3689 caeli
3480 3648 3641 3703 opera
3671 3633 3880 3704 digito-

2278 3743 2396 3782 rum
2447 3725 2564 3792 Dei,
2618 3724 2671 3780 id
2701 3735 2804 3789 est,
2847 3724 3216 3793 intelliguntur
3262 3722 3556 3792 Scriptura}
3601 3725 3881 3794 perducta:

2280 3833 2446 3889 usque
2474 3818 2541 3873 ad
2565 3817 2843 3883 infantium
2871 3816 3196 3874 tarditatem.
3235 3827 3289 3870 ct
3315 3833 3411 3871 cos
3460 3834 3554 3886 per
3601 3820 3882 3874 humilita-

2280 3918 2386 3964 tem
2433 3908 2700 3963 historica:
2750 3907 2896 3972 ﬁdei,
2925 3923 3045 3978 qure
3088 3907 3455 3978 temporaliter
3489 3920 3639 3979 gesta
3662 3919 3766 3972 est.
3807 3911 3880 3966 ad

2279 4002 2659 4058 sublimitatem
2705 4000 3073 4071 intelligentiae
3113 4015 3295 4054 rerum
3343 4009 3663 4056 internarum
3733 4002 3880 4059 bene

2278 4093 2509 4148 nutritos
2553 4100 2609 4146 et
2637 4091 2918 4147 roboratos
2945 4092 3154 4160 erigunt
3196 4090 3249 4144 in
3281 4105 3342 4145 ca
3366 4107 3484 4161 qua:
3525 4092 3877 4150 conﬁrmant.

2279 4183 2370 4238 Isti
2390 4183 2585 4254 quippe
2607 4182 2751 4249 caeli,
2781 4182 2832 4237 id
2858 4182 3053 4246 e5t,isti
3083 4181 3220 4244 libri,
3245 4197 3408 4251 opera
3434 4193 3558 4237 sunt
3582 4184 3878 4253 digitorum

2280 4277 2412 4341 Dei;
2446 4284 2632 4332 sancto
2655 4275 2854 4331 etenim
2880 4273 3078 4344 Spiritu
3122 4274 3174 4328 in
3201 4276 3399 4331 sanctis
3425 4287 3707 4348 operante,
3735 4294 3877 4335 con-

2279 4367 2403 4422 fecti
2432 4374 2557 4422 sunt
2583 4383 2597 4422 :
2625 4381 2746 4420 nam
2776 4365 2864 4436 qui
2893 4366 3116 4436 gloriam
3144 4380 3293 4420 suam
3325 4367 3500 4437 potius
3533 4384 3692 4438 quam
3722 4372 3877 4425 salu-

2279 4469 2385 4516 tem
2417 4459 2692 4514 hominum
2727 4457 3090 4522 attenderuut,
3131 4457 3247 4512 sine
3275 4457 3476 4528 Spiritu
3498 4471 3683 4516 sancto
3709 4464 3879 4521 locuti

2279 4559 2422 4614 sunt,
2456 4551 2506 4605 in
2535 4564 2641 4619 quo
2669 4558 2794 4604 sunt
2824 4549 3030 4604 viscera
3061 4548 3443 4604 misericordia:
3474 4551 3586 4605 Dei.

2349 4643 2404 4699 9.
2450 4642 2702 4710 Quoniam
2727 4641 2901 4696 videbo
2938 4641 3111 4705 caelos,
3156 4657 3313 4710 opera
3338 4642 3614 4712 digitorum
3640 4655 3873 4713 tuorum,

2279 4735 2455 4789 lunam
2483 4743 2531 4788 et
2568 4734 2742 4787 stetlas
2780 4749 2906 4804 quas
2945 4742 3000 4786 tu
3042 4733 3292 4802 fundasti.
3343 4732 3493 4788 Luna
3532 4743 3585 4788 et
3614 4736 3786 4792 stellas
3819 4739 3876 4794 in

2278 4825 2432 4880 ccelis
2472 4832 2598 4878 sunt
2638 4821 2870 4877 fundatas
2899 4839 2913 4877 :
2942 4822 3066 4893 quia
3088 4831 3143 4876 et
3171 4821 3490 4878 universalis
3536 4823 3778 4880 Ecclesia
3820 4827 3876 4884 in

2278 4914 2433 4985 cujus
2467 4928 2612 4984 saepe
2639 4912 3031 4983 signiﬁcatione
3061 4911 3182 4966 luna
3216 4912 3452 4982 ponitur,
3477 4922 3533 4967 et
3575 4915 3878 4984 particula-

2281 5007 2376 5060 tim
2405 5019 2502 5075 per
2527 5005 2643 5060 loca
2673 5003 2881 5074 singula
2913 5002 3166 5058 Ecclesia:
3189 5018 3322 5074 quas
3343 5006 3561 5060 nomine
3585 5006 3872 5066 stellarum

2281 5097 2576 5153 insinuatas
2623 5097 2872 5160 arbitror,
2924 5095 2981 5151 in
3022 5095 3223 5151 eisdem
3256 5095 3546 5167 Scripturis
3594 5099 3878 5158 collocata:

2279 5197 2424 5255 sunt,
2465 5203 2598 5259 quas
2635 5188 2896 5245 caelorum
2926 5187 3187 5243 vocabulo
3213 5188 3413 5258 positas
3441 5190 3732 5245 credimus.
3763 5193 3880 5249 Cur

2278 5290 2456 5337 autem
2488 5282 2612 5334 luna
2633 5293 2781 5335 recte
2809 5279 3072 5352 signiﬁcet
3097 5280 3414 5346 Ecclesiam,
3439 5285 3800 5354 Opportunius
3823 5287 3876 5341 in

2279 5372 2387 5428 alio
2416 5372 2622 5442 psalmo
2648 5371 3100 5436 considerabitur,
3128 5372 3220 5428 ubi
3246 5373 3446 5428 dictum
3472 5383 3592 5429 est:
3625 5373 3880 5432 Percnta-

2279 5482 2359 5520 res
2396 5462 2717 5517 intenderunt
2749 5478 2959 5528 arcum,
3011 5471 3066 5517 ut
3107 5463 3346 5535 sagittent
3387 5464 3442 5519 in
3479 5464 3696 5521 obscura
3749 5470 3880 5524 (una

2279 5564 2440 5610 rectos
2456 5553 2608 5608 corde
2629 5550 2800 5620 (Psal.
2831 5568 2892 5620 ι,
2913 5552 2992 5622 3).

2353 5645 2444 5701 l0.
2484 5643 2636 5718 [vers.
2667 5642 2748 5718 5.]
2790 5643 2928 5712 Quid
2956 5653 3029 5700 est
3071 5643 3244 5712 homo,
3281 5646 3404 5717 quia
3431 5663 3623 5702 memor
3649 5665 3701 5704 es
3729 5652 3878 5722 ejus,

2300 5869 2302 5871 ν
2343 5801 2360 5832 ι
2393 5797 2625 5873 ιρι,ᾳῇ
2644 5796 3184 5873 ειμκνὺφψιαιε.
3213 5807 3270 5853 At
3293 5803 3412 5856 editi
3435 5803 3516 5856 alii
3554 5810 3608 5858 et
3635 5812 3768 5870 Mss,
3791 5810 3877 5873 qui

2278 5869 2370 5926 per
2390 5859 2662 5926 superbiam
