3956 6318
92 309 167 364 113
1146 296 1550 358 ENARRA'I'IO
1588 296 1653 355 IN
1696 296 2021 354 PSALMUM
2064 298 2195 356 VIII.

87 433 155 475 aut
180 419 306 490 ﬁlius
326 416 563 480 hominis,
591 415 838 488 quoniam
859 423 912 468 tu
938 413 1110 469 visitas
1136 430 1251 469 eum
1273 414 1297 467 .’
1318 413 1455 481 Quid
1498 412 1637 466 inter

89 514 319 568 hominem
362 518 418 566 et
460 508 625 563 ﬁlium
656 507 892 562 hominis
935 506 1119 570 diSLet,
1149 505 1315 573 quaeri
1356 511 1563 572 potest;
1592 501 1636 553 si

86 609 201 663 enim
235 603 361 660 nihil
402 601 649 669 distaret,
680 614 787 655 non
819 600 887 653 ita
917 607 1226 668 poneretur,
1254 596 1425 661 Itonia,
1456 603 1545 646 aut
1572 593 1635 657 ﬁ-

87 700 163 751 lius
185 695 391 750 hominis
410 735 425 759 ,
454 707 553 762 per
570 690 1009 761 disiunctionem.
1036 688 1167 743 Nam
1195 687 1240 741 si
1270 688 1336 739 ita
1384 684 1636 753 scriptum

85 797 201 842 esset
227 805 242 840 ε
265 785 401 854 Quid
447 792 533 841 est
580 782 744 837 homo
789 782 916 851 quia
937 794 1144 835 memor
1167 794 1227 834 es
1249 777 1386 846 ejus,
1420 785 1474 830 et
1503 775 1639 827 ﬁlius

87 876 286 932 hominis
318 874 573 946 quoniam
619 871 808 927 visitas
850 885 1009 926 eum:
1039 868 1323 940 repetitum
1372 864 1643 920 videretur

86 969 200 1035 quod
222 968 415 1022 dictum
449 974 559 1030 est,
593 966 744 1019 homo
759 976 946 1027 ,“nunc
971 975 1102 1015 vero
1124 974 1246 1014 cum
1269 964 1447 1023 sonat,
1469 955 1641 1018 homo,

85 1070 154 1111 aut
190 1058 315 1126 ﬁlius
352 1056 599 1123 hominis,
646 1053 975 1110 manifestior
1024 1050 1322 1107 insinuatur
1369 1046 1640 1103 distantia.

88 1152 176 1204 lloc
200 1164 321 1203 sane
362 1147 706 1203 retinendum
738 1155 841 1209 est,
872 1143 996 1214 quia
1038 1142 1215 1195 omnis
1238 1140 1378 1194 ﬁlius
1413 1135 1646 1191 hominis

88 1241 239 1305 homo,
262 1239 505 1310 quamvis
533 1254 642 1292 non
667 1237 844 1292 omnis
870 1234 1033 1289 homo
1062 1232 1203 1287 ﬁlius
1228 1228 1459 1284 hominis
1479 1226 1647 1297 possit

90 1332 278 1403 intelligi
304 1350 316 1386 :
348 1330 522 1387 Adam
550 1330 748 1401 quippe
770 1328 951 1392 homo,
974 1324 1070 1380 sed
1097 1339 1202 1379 non
1229 1322 1367 1377 ﬁlius
1388 1318 1643 1377 hominis.

87 1428 385 1494 Quapropter
414 1422 546 1477 hinc
571 1421 682 1490 jam
721 1422 848 1475 licet
876 1415 1156 1473 attendere
1180 1422 1344 1484 atque
1369 1411 1646 1466 discerne«

88 1532 155 1581 re,
181 1514 295 1585 quid
325 1512 427 1568 hoc
455 1514 514 1567 in
565 1511 685 1567 loco
714 1512 852 1565 inter
879 1507 1151 1562 hominem
1182 1512 1238 1560 et
1267 1504 1437 1557 lilium
1471 1500 1649 1555 homi-

88 1607 155 1661 nis
171 1606 323 1661 distet
349 1623 363 1658 :
395 1614 454 1658 ut
481 1602 578 1673 qui
610 1609 829 1673 portant
848 1599 1131 1669 imaginem
1164 1594 1362 1651 terreni
1394 1592 1647 1655 hominis,

89 1697 159 1765 qui
186 1711 279 1751 non
299 1702 383 1751 est
410 1695 561 1750 illius
586 1692 843 1757 hominis,
870 1690 1148 1745 hominum
1189 1686 1407 1744 nomine
1449 1681 1652 1751 signiﬁ-

88 1775 281 1851 centur;
309 1788 396 1859 qui
436 1796 623 1843 autem
653 1793 865 1857 portant
897 1781 1184 1852 imaginem
1210 1776 1446 1834 ccelcstis
1476 1774 1651 1829 homi-

90 1885 157 1938 nis
182 1882 218 1954 (l
242 1881 355 1938 Cor.
383 1898 480 1947 xv,
508 1878 627 1953 49),
657 1878 751 1935 ﬁlii
784 1878 1061 1933 hominum
1093 1876 1270 1945 potius
1293 1871 1648 1943 appellentur.

92 1977 167 2030 ille
210 1975 344 2031 enim
374 1984 430 2031 et
482 1983 645 2030 vetus
689 1973 850 2029 homo
874 1971 1093 2035 dicitur,
1138 1969 1239 2023 iste
1267 1974 1448 2021 autem
1481 1978 1653 2019 novus

91 2064 275 2136 (Ephes.
306 2082 376 2129 tv,
404 2064 499 2132 22,
551 2064 646 2134 24)
675 2082 689 2118 :
717 2063 812 2120 sed
859 2077 1031 2117 novus
1066 2076 1131 2115 ex
1165 2068 1349 2114 vetere
1392 2056 1655 2122 nascitur,

90 2158 305 2225 quoniam
347 2156 646 2228 spiritualis
671 2153 1007 2224 regeneratio
1049 2150 1347 2206 mutatione
1395 2149 1519 2203 vitae
1552 2156 1659 2201 ter-

93 2264 208 2302 rena
232 2258 381 2318 atque
426 2246 714 2302 smcularis
759 2244 1081 2309 inchoatur;
1118 2250 1175 2298 et
1213 2241 1333 2297 ideo
1363 2240 1465 2295 iste
1517 2238 1658 2294 ﬁlius

93 2340 289 2393 hominis
316 2347 682 2408 nuncupatur.
713 2336 885 2392 Homo
909 2336 1072 2407 igitur
1098 2333 1203 2389 hoc
1225 2333 1347 2387 loco
1372 2338 1458 2387 est
1483 2341 1657 2386 terre-

94 2448 189 2496 nus,
215 2434 340 2485 lilius
380 2442 571 2487 autem
620 2430 855 2486 hominis
879 2426 1159 2485 ctelestis:
1194 2435 1251 2481 et
1276 2425 1367 2481 ille
1387 2424 1544 2495 longe
1568 2436 1658 2479 se-

94 2525 272 2594 iuuenis
294 2540 321 2578 a
348 2525 481 2589 Deo,
518 2524 612 2581 hic
630 2533 809 2579 autem
844 2535 1084 2593 praesens
1107 2520 1223 2577 Deo
1247 2536 1264 2576 :
1293 2527 1349 2575 et
1375 2527 1661 2589 propterea

94 2616 208 2669 illius
231 2630 429 2672 memor
466 2624 580 2678 est,
615 2618 863 2685 tanquam
891 2613 945 2668 in
977 2612 1270 2683 longinquo
1296 2610 1491 2681 positi;
1519 2609 1663 2664 hunc

96 2718 199 2759 vero
223 2707 408 2772 visitat,
435 2720 604 2775 quem
635 2718 873 2775 prmsens
896 2702 1130 2759 illustrat
1158 2701 1308 2756 vultu
1328 2714 1464 2755 suo:
1488 2697 1665 2770 Longe

94 2808 149 2849 est
175 2798 301 2851 enim
343 2814 375 2851 a
417 2796 773 2866 peccatoribus
806 2796 948 2850 salus
969 2794 1143 2864 (Psal.
1173 2807 1359 2859 cxvm,
1386 2791 1534 2860 155),
1564 2800 1660 2856 et,

98 2887 330 2958 Signatum
354 2900 427 2943 est
455 2889 510 2943 in
538 2888 687 2943 nobis
717 2888 886 2941 lumen
905 2886 1077 2941 uultus
1106 2884 1201 2951 tui,
1237 2882 1457 2937 Domine
1488 2870 1658 2954 (Psal.

98 2995 154 3041 iv,
175 2980 242 3046 7).
265 2981 350 3035 Sic
372 2980 424 3035 in
451 2981 563 3034 alio
582 2978 792 3050 psalmo
807 2977 1055 3032 homines
1067 2975 1325 3046 iumentis
1345 2973 1660 3035 associatos,

98 3086 183 3123 non
207 3086 291 3140 per
328 3078 655 3139 pnesentem
698 3069 1009 3124 interiorem
1058 3064 1527 3132 illuminationem,
1570 3064 1667 3119 sed

97 3176 177 3228 per
222 3161 719 3231 multiplicationem
756 3157 1137 3214 misericordia:
1162 3157 1260 3213 Dei
1285 3171 1389 3228 qua
1417 3155 1536 3225 ejus
1564 3154 1666 3210 bo-

98 3255 213 3308 nitas
253 3270 416 3326 usque
460 3255 531 3309 ad
584 3253 765 3308 inﬁma
800 3252 1114 3319 intenditur,
1159 3253 1338 3306 salvos
1383 3251 1499 3307 ﬁeri
1538 3250 1669 3305 dicit

98 3362 199 3400 eum
238 3346 365 3417 ipsis
400 3347 703 3417 jumentis;
757 3345 1012 3417 quoniam
1057 3344 1349 3400 carnalium
1390 3343 1667 3398 hominum

96 3436 218 3490 salus
242 3438 470 3492 carnalis
497 3445 608 3502 est,
655 3444 906 3506 tanquam
950 3450 1225 3506 pecorum.
1280 3433 1443 3489 Filios
1486 3442 1668 3488 autem

98 3524 343 3582 hominum
373 3528 671 3599 sejungens
697 3527 767 3582 ab
805 3527 884 3582 eis
912 3540 1049 3598 quos
1089 3525 1336 3581 homines
1372 3524 1670 3596 pecudibus

94 3617 261 3687 iunxit,
288 3619 447 3691 longe
472 3620 780 3676 sublimiori
817 3619 996 3683 modo,
1049 3618 1220 3691 ipsius
1259 3619 1504 3675 veritatis
1548 3619 1672 3674 illu-

96 3713 350 3779 stratione,
395 3721 453 3768 et
482 3712 721 3782 quadam
751 3712 926 3767 vitalis
952 3710 1115 3767 fontis
1142 3709 1507 3775 inundatione,
1538 3712 1669 3766 bea-

98 3811 163 3857 los
188 3803 291 3859 ﬁeri
318 3803 603 3876 praedicat.
632 3802 722 3859 Sic
744 3803 888 3858 enim
916 3802 1077 3858 dicit:
1108 3801 1355 3857 Homines
1374 3811 1419 3856 et
1435 3804 1671 3875 jumenta

96 3896 237 3949 solm
262 3898 435 3967 facies,
472 3895 737 3960 Domine;
767 3895 894 3949 sicut
920 3894 1259 3964 multiplicata
1289 3904 1361 3946 est
1389 3893 1672 3967 misericor-

96 3988 167 4038 dia
187 3964 286 4055 tua,
313 3987 476 4044 Deus.
511 3988 646 4043 Filii
670 3997 835 4041 autem
864 3987 1129 4040 hominum
1150 3987 1203 4040 in
1230 3964 1539 4056 protectione
1563 3985 1675 4038 ala-

98 4092 191 4130 rum
212 4088 405 4133 tuarum
422 4078 727 4148 sperabunt.
761 4076 1154 4132 Inebriabuntur
1177 4076 1241 4131 ab
1264 4076 1467 4131 uberate
1496 4077 1675 4131 domus

101 4179 201 4235 tua,
228 4180 272 4225 et
306 4179 543 4226 torrente
586 4170 886 4225 deliciarum
926 4178 1130 4225 tuarum
1173 4167 1371 4239 potabis
1396 4184 1501 4224 eos.
1536 4168 1678 4236 Quo-

99 4262 215 4315 niam
236 4264 373 4333 apud
401 4274 450 4319 te
476 4273 560 4318 est
596 4263 712 4333 fons
742 4264 879 4330 vite,
908 4270 957 4316 et
986 4262 1040 4316 in
1068 4259 1265 4316 lumine
1292 4270 1379 4315 tuo
1398 4260 1677 4315 videbimus

100 4354 269 4409 lmen.
320 4355 605 4411 Prctende
649 4352 1054 4409 misericordiam
1098 4362 1241 4406 tuam
1305 4351 1577 4406 scientibus
1630 4360 1679 4405 te

103 4444 249 4510 (Psol.
292 4462 433 4501 xxxv
460 4488 477 4511 ,
510 4445 695 4514 7-11).
720 4444 924 4501 Memor
973 4453 1056 4500 est
1107 4442 1267 4513 igitur
1314 4441 1545 4497 hominis
1582 4457 1680 4513 per

104 4536 582 4607 nniltiplirationem
630 4533 1037 4602 misericordiae,
1086 4534 1224 4589 sicut
1269 4530 1677 4603 iumentorum;

105 4629 207 4694 quia
234 4631 583 4701 multiplicata
613 4626 981 4683 misericordia
1007 4626 1169 4682 etiam
1194 4625 1261 4680 ad
1293 4624 1449 4695 longe
1476 4624 1681 4694 positos

108 4723 322 4787 pervenit
351 4741 366 4778 :
393 4724 583 4779 visitat
626 4736 757 4777 vero
800 4720 967 4776 ﬁlium
997 4719 1253 4783 hominis,
1283 4718 1369 4773 cui
1415 4718 1515 4772 sub
1558 4732 1684 4787 pro.

110 4814 313 4870 tectione
338 4816 553 4871 alarum
580 4828 800 4869 suarum
828 4811 1005 4884 posito
1052 4808 1335 4881 praetendit
1372 4808 1680 4864 miscricor-

109 4902 247 4965 diam.
275 4916 328 4962 et
350 4908 403 4961 in
424 4906 637 4962 lumine
665 4919 763 4960 suo
790 4904 968 4959 lumen
998 4902 1217 4974 praebet,
1244 4909 1299 4956 et
1325 4916 1448 4956 eum
1475 4899 1683 4955 deliciis

112 4997 204 5051 suis
224 5008 380 5068 potat,
407 5010 465 5056 et
510 4997 746 5054 inebriat
775 4997 1021 5052 ubertate
1047 4995 1241 5050 domus
1288 5008 1421 5059 sure,
1453 4992 1521 5046 ad
1547 4992 1683 5046 obli-

112 5089 361 5148 viscendus
402 5106 680 5149 aerumnas
720 5100 776 5146 et
825 5104 1040 5146 errores
1092 5087 1375 5159 prmteriue
1399 5099 1684 5141 conversa-

114 5184 268 5240 tionis.
300 5187 452 5242 Hunc
478 5187 653 5241 ﬁlium
681 5183 937 5250 hominis,
971 5181 1023 5237 id
1048 5190 1131 5237 est
1160 5180 1432 5236 hominem
1462 5194 1683 5245 novum,

114 5279 395 5346 paenitentia
446 5278 653 5335 veteris
698 5276 927 5349 parturit
968 5290 1090 5331 cum
1136 5273 1323 5329 dolore
1370 5282 1423 5327 et
1459 5271 1684 5343 gemitu.

114 5363 202 5423 Iste
247 5370 491 5440 quamvis
533 5382 729 5434 novus,
776 5376 955 5423 tamen
1000 5364 1175 5419 adhuc
1211 5363 1442 5418 carnalis
1469 5361 1685 5426 dicitur,

114 5473 217 5515 cum
245 5462 375 5520 lacte
406 5463 668 5528 nutritur,
694 5459 820 5516 Non
856 5457 1000 5528 potui
1026 5456 1163 5512 vobis
1190 5456 1328 5527 loqui
1353 5454 1501 5526 quasi
1526 5453 1686 5524 spiri-

119 5553 330 5623 talibus,
359 5558 450 5613 sed
476 5557 629 5628 quasi
645 5554 960 5617 carnalibus,
991 5551 1165 5622 inquit
1192 5550 1518 5620 Apostolus;
1548 5558 1605 5604 et
1629 5556 1690 5603 ut

117 5646 397 5704 ostenderet
418 5648 532 5719 iam
562 5654 926 5718 regeneratus,
952 5641 1219 5713 Tanquam
1247 5640 1493 5709 parvulis,
1513 5638 1609 5707 ait,
1634 5638 1691 5693 in

124 5732 315 5805 Christo,
343 5738 423 5797 lac
452 5739 594 5797 vobis
623 5746 800 5810 potum
820 5734 957 5803 dedi,
981 5751 1080 5789 non
1111 5732 1297 5788 cibum.
1332 5731 1432 5789 Iste
1452 5747 1574 5789 cum
1596 5746 1680 5787 rs-

3234 301 3337 357 116

1747 409 1963 477 labitur,
1996 411 2137 480 quod
2178 426 2322 483 saepe
2350 413 2562 477 accidit,
2610 408 2675 467 ad
2708 422 2940 469 veterem
2987 414 3172 482 vitam,
3214 432 3337 473 cum

1747 505 2163 571 exprobratione
2189 505 2334 561 audit
2367 506 2509 576 quod
2541 506 2702 561 homo
2727 506 2796 562 sit
2836 524 2849 560 :
2892 505 3081 562 Nonne
3105 507 3337 566 homines

1748 596 1888 658 estis,
1919 597 2103 664 inquit,
2151 605 2198 651 et
2217 599 2491 652 secundum
2520 598 2774 653 hominem
2812 600 3085 655 ambulatis
3118 599 3172 674 (I
3212 599 3337 655 Cor.

1750 701 1825 750 ut,
1846 688 1986 755 1-5).

1822 778 1908 832 11.
1934 776 2082 850 [vers.
2103 777 2241 853 6,7.]
2258 779 2424 835 Filius
2444 780 2603 852 igitur
2620 780 3035 853 hominisprimo
3054 785 3071 816 ⁸
3092 785 3340 839 visitatus

1751 879 1833 924 est
1860 870 1915 923 in
1944 868 2061 938 ipso
2086 870 2305 927 homine
2336 872 2617 928 Dominico
2646 872 2747 945 (a),
2789 883 2915 930 nato
2938 889 3003 930 ex
3035 874 3199 930 Maria
3228 875 3342 929 vir-

1750 962 1892 1031 gine.
1947 961 2022 1017 De
2075 976 2183 1031 quo
2234 972 2455 1032 propter
2496 963 2665 1035 ipsam
2714 964 3076 1020 inﬁrmitatem
3117 968 3294 1021 carnis
3322 1008 3339 1032 ,

1755 1067 1913 1121 quam
1930 1050 2219 1136 .Sapientia
2251 1052 2343 1107 Dei
2368 1064 2582 1124 gestare
2606 1054 2820 1126 dignata
2848 1066 2970 1123 est,
2998 1065 3053 1110 et
3080 1057 3341 1126 passionis

1755 1145 2111 1203 humilitatem
2142 1155 2288 1202 recte
2314 1146 2509 1203 dicitur
2537 1166 2551 1201 :
2581 1147 2814 1202 Minuisti
2850 1165 2965 1202 eum
2992 1149 3146 1217 paulo
3176 1149 3344 1202 minus

1754 1238 1817 1291 ab
1846 1237 2074 1309 Angelis.
2102 1237 2209 1295 Sed
2236 1238 2450 1293 additur
2470 1239 2561 1292 illa
2602 1237 2913 1295 clariﬁcatio
2932 1254 3035 1310 qua
3060 1253 3347 1309 resurgens

1755 1331 1996 1385 ascendit
2036 1330 2089 1384 in
2135 1331 2331 1385 cmlum
2362 1348 2377 1384 :
2407 1328 2614 1396 Gloria,
2648 1329 2853 1400 inquit,
2893 1338 2939 1383 et
2983 1329 3173 1384 honore
3197 1344 3346 1382 coro.

1756 1421 1889 1474 uasti
1907 1437 2059 1483 eum;
2089 1428 2136 1473 et
2161 1421 2463 1475 constituisti
2488 1436 2602 1474 eum
2626 1434 2777 1490 super
2801 1435 2957 1491 opera
2975 1435 3215 1473 manuum
3233 1427 3348 1471 tua-

1756 1529 1889 1566 rum.
1931 1511 2372 1582 Quandoquidem
2422 1518 2477 1565 et
2507 1510 2695 1581 Angeli
2734 1518 2861 1565 sunt
2901 1524 3065 1580 opera
3096 1523 3347 1563 manuum

1758 1603 1878 1668 Dei,
1908 1604 2069 1658 etiam
2096 1617 2258 1672 super
2284 1602 2519 1673 Angelos
2543 1602 2890 1655 constitutum
2915 1600 3207 1669 accipimus
3231 1598 3350 1652 uni«

1758 1695 1995 1766 genitum
2024 1692 2235 1759 Filium,
2255 1708 2414 1762 quem
2444 1692 2706 1746 minutum
2752 1692 2910 1761 paulo
2934 1690 3112 1745 minus
3141 1688 3211 1742 ab
3235 1689 3350 1743 An-

1756 1784 1894 1856 gelis
1946 1799 2041 1853 per
2090 1783 2446 1837 humilitatem
2496 1782 2728 1837 carnalis
2778 1778 3143 1851 generationis
3189 1788 3355 1850 atque

1762 1874 2029 1947 passionis
2055 1874 2302 1928 audimus
2325 1882 2380 1927 et
2404 1873 2693 1928 credimus.

1834 1967 1924 2023 l2.
1966 1966 1987 2039 ι
2013 1983 2142 2021 vers.
2170 1967 2225 2028 8,
2258 1964 2339 2039 9.]
2392 1965 2609 2029 Omnia,
2640 1962 2844 2033 inquit,
2869 1960 3127 2033 subjecisti
3151 1958 3240 2015 sub
3264 1975 3354 2025 pe-

1763 2059 1910 2114 dibus
1938 2060 2070 2130 ejus.
2100 2057 2245 2112 Nihil
2266 2056 2485 2126 excipit,
2512 2069 2634 2110 cum
2657 2054 2781 2109 dicit
2803 2052 2993 2107 omnia.
3026 2050 3097 2106 Et
3118 2065 3184 2105 ne
3202 2049 3358 2103 aliter

1766 2152 1954 2207 liceret
1979 2149 2223 2219 intelligi,
2252 2148 2331 2203 sic
2362 2146 2652 2216 Apostolus
2671 2143 2816 2199 credi
2842 2142 3025 2212 jubet,
3055 2156 3177 2196 cum
3202 2138 3352 2200 dicit,

1765 2251 1972 2313 excepto
2022 2258 2081 2295 eo
2120 2240 2208 2311 qui
2256 2240 2300 2293 ei
2342 2238 2553 2309 subjecit
2593 2236 2763 2291 omnia
2800 2233 2932 2305 (Id.
2964 2248 3037 2288 xv
3061 2274 3075 2297 ,
3115 2229 3258 2297 27);
3304 2241 3357 2283 et

1766 2334 1871 2390 hoc
1901 2334 2018 2405 ipso
2047 2331 2206 2401 hujus
2234 2328 2426 2401 psalmi
2454 2328 2761 2383 testimonio
2806 2327 2972 2381 utitur
3000 2322 3067 2377 ad
3100 2322 3352 2377 llebncos

1767 2426 1788 2498 (
1821 2425 1977 2481 Hebr.
2017 2440 2077 2491 ιι,
2105 2422 2204 2494 8),
2234 2437 2354 2477 cum
2387 2422 2456 2475 ita
2482 2420 2595 2473 vult
2623 2417 2802 2473 omnia
2827 2414 3048 2485 intelligi
3083 2429 3202 2468 esse
3222 2413 3353 2466 sub-

1760 2518 1903 2589 jecta
1933 2515 2160 2571 Domino
2187 2522 2373 2567 nostro
2400 2511 2526 2567 Jesu
2547 2510 2764 2564 Christo
2786 2549 2804 2575 ,
2834 2516 2893 2560 ut
2922 2503 3053 2562 nihil
3070 2511 3355 2573 exceptum

1766 2611 1857 2666 sit.
1877 2609 1985 2665 Nec
2000 2618 2174 2663 tamen
2191 2605 2339 2676 quasi
2354 2602 2551 2673 aliquid
2566 2615 2818 2671 magnum
2830 2596 3039 2652 videtur
3049 2594 3357 2665 adjungere,

1768 2719 1889 2760 cum
1920 2702 2053 2757 dicit
2084 2718 2096 2751 :
2131 2698 2259 2755 Oves
2305 2707 2350 2751 et
2377 2696 2523 2749 boves
2548 2695 2830 2757 universas,
2861 2690 3069 2759 insuper
3094 2695 3140 2741 et
3173 2702 3355 2759 pecora

1770 2796 1971 2866 campi;
2011 2795 2242 2848 volnera
2280 2791 2393 2845 caeli
2414 2831 2429 2853 ,
2477 2799 2522 2843 et
2550 2788 2711 2860 pisces
2748 2786 2932 2850 maris,
2974 2782 3061 2853 qui
3096 2781 3363 2853 perambu-

1771 2890 1880 2943 lant
1907 2888 2108 2942 semitas
2156 2885 2332 2939 maris.
2368 2883 2588 2936 Videtur
2626 2880 2767 2933 cnim
2812 2877 3015 2932 relictis
3057 2872 3361 2931 cmlestibus

1775 2980 2070 3036 Virtutibus
2121 2986 2179 3032 et
2227 2975 2589 3030 Potestatibns
2636 2982 2689 3026 et
2746 2969 2993 3024 omnibus
3037 2964 3362 3022 exercitibus

1773 3073 2123 3143 Angelornm,
2155 3068 2355 3123 relictis
2381 3066 2541 3121 etiam
2568 3063 2697 3134 ipsis
2728 3060 3053 3122 hominibus,
3083 3066 3283 3111 tantum
3312 3054 3362 3108 ei

1771 3180 1966 3236 pecora
2014 3162 2342 3232 subiecisse;
2384 3159 2486 3214 nisi
2532 3170 2667 3212 oves
2715 3164 2770 3209 et
2811 3153 2976 3207 boves
3005 3149 3365 3219 intelligamus

1773 3256 1980 3310 animas
2008 3262 2219 3308 sanctas
2242 3294 2257 3316 ,
2286 3251 2367 3306 vel
2400 3248 2714 3305 innocentia:
2754 3244 2983 3300 fructum
3023 3241 3213 3297 dantes
3237 3281 3252 3302 ,
3280 3237 3365 3293 vel

1773 3349 1935 3403 etiam
1957 3351 2244 3415 operantes
2270 3352 2325 3398 ut
2350 3351 2492 3396 terra
2525 3338 2827 3402 fructiﬁcet,
2854 3334 2908 3389 id
2936 3342 3049 3397 est,
3080 3342 3137 3386 ut
3163 3330 3362 3385 terreni

1775 3437 2019 3492 homines
2043 3435 2110 3489 ad
2140 3434 2469 3504 spiritualem
2496 3430 2793 3485 ubertatem
2824 3431 3228 3495 regenerentur.
3258 3420 3366 3474 llas

1774 3544 1904 3601 ergo
1928 3530 2135 3583 animas
2155 3534 2388 3590 sanctas,
2406 3538 2513 3579 non
2536 3520 2810 3576 hominum
2843 3526 3067 3581 tantum,
3092 3513 3184 3568 sed
3206 3516 3366 3568 etiam

1775 3620 2013 3676 omnium
2035 3617 2363 3688 Angelorum
2382 3620 2595 3684 oportet
2618 3611 2882 3680 accipere,
2906 3607 2952 3662 si
2973 3604 3220 3660 volumus
3246 3603 3371 3657 hinc

1778 3710 2076 3780 intelligere
2104 3708 2283 3763 omnia
2322 3720 2445 3761 esse
2488 3703 2728 3774 subjecta
2762 3699 2991 3757 Domino
3028 3704 3215 3752 nostro
3240 3695 3369 3749 .lesu

1777 3800 2027 3864 Christo;
2072 3800 2217 3854 nulla
2249 3797 2391 3852 enim
2422 3803 2666 3850 creatura
2697 3787 2934 3858 subjecta
2962 3804 3068 3844 non
3107 3788 3212 3843 erit
3239 3829 3253 3851 ,
3284 3786 3370 3841 cui

1779 3894 2076 3965 primates,
2112 3900 2165 3944 ut
2220 3890 2291 3943 ita
2346 3888 2551 3953 dicam,
2595 3884 2811 3954 spiritus
2860 3880 3232 3951 subjiciuntur.
3264 3877 3371 3933 Sed

1778 3984 1922 4040 unde
1948 3981 2291 4053 probabimus
2316 3994 2445 4034 oves
2476 3991 2632 4047 posse
2661 3973 2829 4043 accipi
2871 3972 3032 4028 etiam
3071 3970 3378 4026 sublimiter

1780 4078 1985 4141 beatos,
2016 4091 2123 4130 non
2150 4073 2414 4136 homines,
2441 4069 2536 4125 sed
2564 4067 2821 4138 angelica:
2845 4073 3105 4121 creatura:
3128 4062 3372 4133 spiritus?

1782 4172 1864 4225 An
1899 4184 1964 4225 ex
1992 4183 2057 4224 eo
2086 4166 2226 4238 quod
2254 4165 2512 4219 Dominus
2536 4160 2665 4216 dicit
2694 4158 2974 4229 reliquisse
2999 4171 3061 4212 se
3086 4154 3375 4225 nonaginta

1784 4276 1978 4316 novem
2006 4274 2135 4314 oves
2164 4258 2216 4312 in
2249 4254 2519 4311 montibus
2542 4294 2556 4317 ,
2588 4252 2641 4306 id
2676 4260 2756 4305 est
2784 4252 2836 4303 in
2863 4246 3265 4303 sublimioribus
3292 4245 3377 4299 lo-

1783 4354 1882 4417 cis,
1914 4360 1969 4407 et
1989 4347 2334 4405 descendisse
2365 4353 2581 4416 propter
2611 4357 2770 4398 unam
2801 4339 3029 4413 (Matth.
3059 4353 3210 4402 xvut,
3235 4332 3379 4406 l2)?

1784 4443 1841 4497 Si
1872 4443 2014 4497 enim
2048 4455 2206 4494 unam
2239 4452 2394 4493 ovem
2428 4434 2633 4505 lapsam
2661 4432 2950 4486 humanam
2973 4429 3208 4485 animam
3232 4426 3379 4482 acci-

1787 4537 1994 4605 piamus
2022 4534 2072 4587 in
2100 4530 2294 4593 Adam,
2322 4529 2444 4600 quia
2466 4526 2627 4581 etiam
2652 4524 2763 4579 Eva
2792 4521 2862 4578 de
2886 4521 3029 4576 illius
3053 4520 3220 4575 latere
3245 4516 3381 4572 facta

1786 4635 1870 4681 est
1896 4625 1915 4697 (
1941 4623 2071 4679 Gen.
2101 4637 2158 4678 ιι.
2185 4620 2258 4675 22
2285 4621 2326 4690 ),
2356 4632 2584 4689 quorum
2623 4612 2863 4670 omnium
2897 4608 3247 4683 spiritualiter
3271 4616 3384 4663 tra-

1787 4716 2101 4773 ctandorum
2130 4721 2185 4768 et
2204 4707 2718 4766 considerandorum
2742 4718 2886 4759 nunc
2914 4711 3125 4772 tempus
3149 4714 3256 4755 non
3278 4708 3384 4763 est,

1788 4817 1956 4865 restat
2005 4817 2062 4862 ut
2093 4804 2376 4880 nonaginta
2410 4815 2599 4856 novem
2630 4797 2834 4853 relicuo
2872 4796 2926 4850 in
2956 4792 3249 4855 montibus,
3278 4805 3386 4844 non

1791 4900 2028 4961 lnunani,
2072 4896 2168 4952 sed
2210 4892 2434 4965 angelici
2462 4889 2683 4963 spiritus
2727 4885 3115 4957 intelligantur.
3145 4881 3278 4937 Nam
3317 4879 3386 4936 de

1791 4994 1960 5049 bobus
1985 4990 2155 5046 facilis
2175 4986 2446 5060 expeditio
2460 4987 2482 5017 ¹
2506 4993 2589 5040 est
2606 4980 2764 5052 hujus
2784 4978 3066 5037 sententia:
3084 4993 3099 5041 ;
3130 4974 3385 5047 quoniam

1793 5082 1895 5155 ipsi
1914 5080 2160 5136 homines
2186 5094 2293 5133 non
2314 5075 2385 5132 ob
2411 5073 2555 5130 aliud
2582 5073 2748 5128 boves
2776 5069 2907 5126 dicti
2932 5075 3089 5131 sunt,
3107 5063 3210 5120 nisi
3238 5062 3382 5134 quod

1794 5170 2209 5244 evangelizando
2258 5168 2482 5225 verbum
2534 5165 2629 5221 Dei
2676 5163 2911 5235 Angelos
2948 5160 3245 5221 imitantur,
3296 5156 3388 5211 ubi

1793 5243 1995 5321 dictum
2022 5272 2105 5320 est
2132 5281 2146 5318 :
2177 5261 2305 5316 Boni
2333 5252 2594 5314 trituranti
2637 5273 2696 5311 os
2735 5271 2840 5309 non
2882 5252 3160 5325 lnfrenabis
3184 5251 3205 5322 (
3230 5243 3385 5305 Deut.

1795 5376 1924 5425 xxv,
1954 5360 1989 5415 4
2018 5360 2057 5428 ).
2083 5357 2296 5424 Quanto
2326 5354 2483 5425 igitur
2506 5350 2712 5406 facilius
2739 5349 2884 5418 ipsos
2912 5343 3146 5416 Angelos
3174 5341 3392 5395 nuntios

1794 5450 2057 5517 veritatis,
2088 5450 2253 5505 boves
2273 5444 2600 5515 accipimus;
2633 5439 2850 5513 quando
2889 5433 3242 5508 Evangelistte
3271 5446 3397 5501 par-

1863 5589 1878 5620 ε
1900 5594 1965 5638 Ita
1986 5586 2231 5635 inlss.“
2251 5583 2302 5631 lu
2326 5580 2488 5638 editis,
2508 5575 2712 5641 primus.

1860 5652 1882 5683 ’
1906 5636 2007 5698 Am.
2032 5654 2111 5696 Er.
2130 5653 2183 5697 et
2203 5643 2388 5706 aliquot
2406 5636 2537 5703 ως,
2560 5636 2813 5704 expositio.

1862 5732 1939 5798 (a)
1969 5736 2231 5793 taetram,
2254 5740 2361 5791 ap.
2387 5725 2464 5777 l9.
