3956 6320
568 314 667 370 115

561 429 871 502 ticipatione
895 423 1129 482 nominis
1157 436 1344 481 eorum
1361 461 1378 487 ,
1397 416 1564 476 boves
1586 415 1763 473 vocati
1789 424 1913 471 sunt
1954 411 2012 487 (i
2041 413 2160 467 Cor.

559 542 636 591 Ix,
672 520 779 587 9;l
805 516 945 575 Tim.
973 532 1029 581 ν,
1058 513 1207 586 18)Ὶ
1231 508 1510 583 Subjecisti
1532 521 1699 581 ergo,
1736 506 1943 577 inquit,
1974 519 2087 558 oves
2118 511 2165 555 et

556 617 706 671 boves
746 611 1044 677 sitirersas,
1071 606 1125 662 id
1153 615 1271 670 est,
1297 617 1513 659 omnem
1556 606 1793 655 sanctam
1832 595 2163 667 spiritualcm

556 715 905 764 creaturam:
938 700 993 756 in
1020 713 1124 770 qua
1164 697 1329 753 etiam
1369 703 1679 750 sanctorum
1720 686 2032 744 hominum‘
2069 699 2165 739 ac-

558 799 789 869 cipimus
807 792 898 866 qui
917 800 1045 849 sunt
1078 790 1135 845 in
1164 786 1408 843 Ecclesia
1430 825 1446 851 ,
1474 783 1529 839 in
1559 782 1663 838 illis
1687 779 1937 835 videlicet
1978 784 2163 830 torcu-

560 894 765 950 laribus
789 903 913 962 quae
937 883 1044 944 sub
1074 883 1181 940 alia
1209 877 1560 938 similitudine
1589 876 1732 930 lunas
1773 888 1839 929 ac
1885 869 2161 925 stellarum

559 985 826 1042 insinuata
846 988 993 1037 sunt.

635 1077 723 1134 15.
764 1073 1007 1144 Insuper,
1032 1069 1142 1137 ait,
1172 1076 1221 1122 et
1247 1079 1431 1140 pecora
1457 1060 1645 1132 cantpi.
1671 1056 1830 1114 Nullo
1872 1051 2037 1110 modo
2055 1065 2155 1104 va-

556 1177 649 1226 cat
673 1166 816 1239 quod
860 1160 1101 1241 additum
1144 1167 1262 1223 cst,
1293 1156 1523 1227 insuper.
1563 1151 1769 1213 Primo,
1798 1147 1923 1241 quia
1965 1153 2162 1241 Mora

557 1258 738 1329 campi
768 1263 993 1329 possunt
1015 1239 1238 1321 intelligi
1265 1256 1323 1305 et
1343 1261 1475 1303 oves
1498 1254 1555 1302 et
1572 1243 1769 1308 boves;
1798 1249 1858 1296 ut
1880 1240 1925 1296 si
1948 1239 2159 1329 rupium

558 1363 614 1407 ct
644 1327 932 1406 ordo-orum
960 1344 1203 1399 locorum
1233 1353 1424 1410 pecora
1452 1351 1628 1407 capra:
1658 1342 1805 1398 sunt,
1834 1331 1972 1387 bene
2000 1327 2161 1383 intel-

562 1447 799 1515 ligantur
842 1453 971 1494 oves
1000 1449 1191 1507 pecora
1220 1430 1417 1502 campi.
1444 1428 1627 1499 Itaque
1658 1423 1866 1503 etiamsi
1909 1422 1981 1476 ita
2014 1418 2161 1522 posi-

564 1547 676 1591 tum
703 1541 868 1591 esset.
898 1528 1044 1587 Oves
1069 1537 1123 1583 et
1151 1526 1319 1580 boves
1342 1522 1622 1576 universas
1658 1527 1713 1573 et
1740 1529 1937 1587 pecora
1958 1526 2156 1581 campi,

563 1637 712 1685 recte
740 1631 1073 1698 quaereretur
1098 1616 1227 1690 quid
1255 1614 1358 1671 sibi
1378 1613 1576 1670 vellent
1599 1624 1789 1679 peoora
1813 1605 2007 1698 campi,
2036 1618 2159 1660 cum

563 1720 725 1775 etiam
756 1695 886 1771 oves
916 1721 973 1769 et
998 1713 1163 1768 boves
1190 1708 1293 1763 hoc
1321 1703 1530 1777 possint
1558 1700 1780 1770 intelligi
1805 1714 1822 1764 ;
1856 1695 2001 1769 quod
2032 1708 2162 1749 vero

561 1800 803 1864 additum
842 1813 927 1861 est
968 1802 1127 1858 etiam
1151 1839 1167 1864 ,
1193 1799 1425 1867 insuper,
1451 1792 1595 1864 cogit
1618 1791 1838 1846 omnino
1862 1788 1932 1855 ad
1979 1786 2162 1841 nescio

562 1918 723 1975 quam
752 1896 1105 1955 differentiam
1127 1886 1573 1962 cognoscendam.
1602 1882 1708 1940 Sed
1737 1882 1836 1937 sub
1861 1879 1965 1935 hoc
1992 1876 2163 1975 verbo

561 1971 707 2067 quod
748 1992 976 2063 positum
1004 1996 1105 2052 est,
1134 1987 1363 2053 insuper,
1396 1995 1503 2035 non
1532 1978 1706 2033 solum
1741 1989 1932 2067 pecora
1960 1971 2159 2042 campi,

560 2066 657 2143 sed
686 2085 845 2140 etiam
868 2082 1114 2137 volucres
1139 2075 1284 2142 cteli,
1316 2082 1371 2129 et
1397 2073 1571 2143 pisces
1599 2069 1761 2124 maris
1785 2109 1802 2132 ,
1826 2066 1918 2136 qui
1950 2078 2161 2136 peram-

560 2181 749 2236 bulant
765 2174 987 2234 semitas
1011 2170 1196 2235 maris,
1223 2163 1518 2237 accipiendi
1556 2172 1701 2217 sunt.
1730 2160 1862 2229 Qua:
1889 2168 1972 2213 est
2001 2156 2162 2228 igitur

560 2272 660 2325 ista
681 2265 972 2325 distantia?
993 2262 1224 2320 Veniant
1243 2261 1297 2315 in
1326 2265 1559 2313 mentem
1581 2254 1887 2317 toreularia,
1906 2249 2157 2305 habentia

557 2360 764 2415 vinacia
807 2366 865 2413 et
901 2357 1116 2420 vinum;
1145 2359 1199 2408 et
1238 2364 1400 2417 area,
1429 2345 1713 2403 continens
1744 2343 1926 2414 paleas
1955 2348 2009 2396 et
2049 2340 2160 2395 iru-

558 2462 798 2506 mentum
861 2444 1077 2519 (Marc.
1101 2457 1181 2510 ut,
1212 2440 1360 2510 12);
1404 2448 1462 2495 et
1507 2438 1676 2496 retia,
1730 2435 1925 2505 quibus
1964 2431 2155 2507 inclusi

557 2552 682 2597 sunt
713 2541 887 2611 pisces
916 2537 1043 2592 boni
1088 2544 1145 2591 et
1170 2533 1296 2590 mali
1343 2530 1365 2606 (
1389 2529 1578 2588 Matth.
1610 2544 1707 2584 xm
1729 2570 1744 2592 ,
1771 2528 1841 2583 47
1866 2531 1920 2598 );
1949 2536 2004 2581 et
2032 2540 2157 2580 arca

555 2632 671 2689 Noe
696 2673 712 2699 ,
742 2631 795 2685 in
846 2643 950 2701 qua
994 2634 1051 2682 et
1078 2624 1351 2681 immunda
1379 2630 1439 2691 et,
1469 2620 1666 2676 munda
1698 2629 1853 2676 erant
1905 2618 2158 2673 animalia
2206 2638 2211 2646 ί

559 2721 737 2797 (Gen.
778 2736 852 2775 vtt
881 2759 897 2783 ,
942 2716 1026 2789 8)
1070 2735 1087 2773 :
1139 2726 1194 2771 et
1229 2714 1437 2771 videbis
1486 2712 1755 2768 Ecclesias
1794 2709 2006 2766 interim
2053 2710 2157 2765 hoc

538 2825 802 2882 tempore
827 2825 996 2880 usque
1021 2808 1087 2863 ad
1112 2806 1357 2862 ultimum
1383 2802 1568 2873 judicii
1598 2812 1828 2873 tempus,
1855 2817 1962 2858 non
1984 2802 2156 2857 solum

556 2923 687 2964 oves
712 2916 766 2961 ct
795 2905 962 2960 boves
987 2902 1287 2965 continere,
1318 2896 1371 2952 id
1401 2904 1484 2953 est
1513 2905 1727 2951 sanctos
1751 2895 1919 2951 laicos
1947 2902 2005 2949 et
2029 2909 2158 2950 san-

556 3011 673 3057 ctos
716 2997 993 3054 ministros
1014 3033 1032 3058 ,
1062 2990 1159 3047 sed
1204 2991 1416 3056 insuper
1438 2996 1488 3042 et
1512 3003 1695 3058 pecora
1717 2985 1907 3056 corripi,
1936 2988 2159 3041 volucres

557 3093 671 3149 coeli
695 3132 712 3158 ,
736 3098 784 3147 et
813 3088 975 3160 pisces
1016 3085 1174 3141 maris
1196 3123 1212 3149 ,
1239 3081 1330 3156 qui
1357 3079 1711 3153 perambulant
1747 3080 1955 3134 semitas
1978 3080 2157 3135 maris.

559 3186 762 3241 i‘ecora
799 3181 943 3235 enim
968 3176 1145 3247 campi
1184 3172 1667 3246 congruentissima
1695 3170 2160 3241 accipiuntur-ho-

559 3276 736 3332 mines
750 3275 801 3329 in
817 3269 997 3329 carnis
1014 3270 1287 3339 voluptate
1298 3264 1616 3339 gaudentes,
1637 3263 1726 3319 ubi
1750 3263 1884 3318 nihil
1904 3264 2158 3333 arduum,

558 3368 690 3425 nihil
717 3366 1039 3424 laboriosum
1083 3360 1403 3419 ascendunt.
1445 3358 1679 3431 Campus
1720 3368 1803 3413 est
1828 3358 1972 3415 enim
1998 3359 2160 3416 etiam

560 3463 663 3517 lata
692 3461 796 3522 via,
827 3472 948 3529 qua:
971 3454 1117 3510 ducit
1145 3452 1215 3509 ad
1243 3450 1519 3508 interitum
1546 3446 1764 3522 (Matth.
1792 3464 1896 3514 vn,
1929 3449 1999 3505 15
2022 3449 2078 3522 );
2105 3460 2161 3507 et

559 3554 614 3609 in
643 3566 835 3621 campo
859 3547 989 3604 Abel
1017 3545 1280 3603 occiditur
1304 3538 1473 3618 (Gen.
1487 3558 1564 3611 tv,
1591 3540 1688 3616 8).
1710 3541 1891 3609 Quare
1917 3552 2162 3600 metuen-

560 3647 688 3701 dum
717 3650 801 3699 est
824 3683 841 3709 ,
882 3657 952 3697 ne
978 3638 1205 3711 quisque
1227 3634 1563 3692 descendens
1586 3648 1619 3690 a
1647 3635 1916 3691 montibus
1937 3633 2160 3704 justitiae

563 3738 681 3802 Dei,
709 3732 924 3790 Justitia
948 3732 1105 3795 enim,
1135 3729 1326 3800 inquit,
1356 3738 1447 3783 tua
1466 3728 1599 3784 velut
1624 3738 1819 3784 montes
1844 3728 1942 3783 Dei
1968 3730 2157 3803 (Psal.

560 3844 739 3896 xxxv,
767 3828 797 3881 7
828 3827 870 3896 ),
899 3823 1210 3880 latitudines
1230 3830 1285 3878 et
1314 3819 1599 3878 facilitates
1618 3819 1907 3888 voluptatis
1931 3822 2160 3878 carnalis

561 3922 790 3991 eligens,
834 3933 863 3969 a
894 3914 1110 3971 diabolo
1137 3912 1453 3969 trucidetur.
1487 3910 1625 3967 Vide
1651 3924 1794 3966 nunc
1819 3911 1977 3966 etiam
2004 3911 2159 3967 voln-

561 4026 683 4067 cres
706 4008 831 4066 cteli
851 4047 868 4069 ,
898 4005 1162 4076 superbos
1180 4044 1194 4063 ,
1223 4000 1293 4059 de
1317 4000 1511 4072 quibus
1530 3999 1725 4056 dicitur
1752 4016 1767 4055 :
1794 3998 2082 4056 Posuerunt
2107 4001 2161 4055 in

562 4106 744 4161 coelum
767 4119 824 4158 os
857 4115 1003 4156 suum
1024 4097 1043 4169 (
1064 4095 1212 4151 Psal.
1234 4110 1407 4161 cxxn,
1437 4091 1530 4165 9).
1556 4092 1690 4149 Vide
1716 4107 1873 4165 quam
1903 4093 1956 4149 in
1993 4093 2159 4148 altum

561 4205 723 4254 vento
760 4200 1060 4265 portentur,
1106 4187 1196 4259 qui
1225 4185 1412 4244 dicunt
1452 4201 1467 4239 :
1510 4182 1769 4256 Linguam
1796 4193 2023 4239 nostram
2050 4200 2163 4239 ma.

561 4285 935 4359 gniﬁcabimus,
962 4284 1099 4355 labia
1125 4288 1300 4336 nostra
1325 4276 1470 4347 apud
1492 4292 1585 4330 nos
1604 4276 1626 4307 ³
1645 4283 1765 4329 sunt
1787 4315 1802 4337 ,
1841 4276 1956 4346 quis
1990 4285 2163 4331 noster

560 4379 812 4435 Dominus
832 4386 904 4433 est
929 4374 949 4445 (
984 4373 1130 4428 Psal.
1154 4386 1231 4436 ιι,
1260 4369 1295 4425 5
1323 4368 1385 4449 )i
1409 4366 1622 4423 intuere
1647 4362 1809 4421 etiam
1849 4370 2025 4437 pisces
2044 4381 2174 4422 ma-.

559 4481 655 4537 ris.
687 4475 790 4529 hoc
820 4478 906 4527 est
932 4467 1176 4523 curiosos
1201 4462 1291 4534 qui
1316 4456 1693 4534 perambulant
1724 4458 1948 4513 semitas
1973 4459 2160 4525 maris,

559 4569 612 4625 id
644 4577 748 4633 est,
777 4561 1053 4632 inquirunt
1078 4557 1133 4613 in
1160 4553 1424 4627 profundo
1442 4551 1600 4622 hujus
1619 4550 1800 4607 saeculi
1824 4549 2159 4620 temporalia,

558 4675 679 4728 qua:
710 4666 961 4723 tanquam
995 4648 1203 4706 semine
1237 4645 1289 4701 in
1311 4641 1445 4699 mari
1483 4649 1590 4697 tam
1627 4640 1737 4697 cito
1762 4649 2091 4725 evanescunt
2108 4652 2161 4697 et

558 4756 854 4811 intereunt,
876 4758 1037 4816 quam
1087 4753 1276 4795 rursus
1303 4751 1440 4807 aqua
1467 4732 1833 4799 confunditur,
1875 4742 2162 4803 postquam

563 4838 963 4899 transeuntibus
974 4834 1151 4889 locum
1163 4829 1374 4886 dederit
1385 4826 1471 4883 vel
1483 4825 1813 4889 navibus,vel
1828 4824 2164 4896 quibuscum-

564 4949 667 5005 que
681 4923 1080 4986 ambulantibus
1100 4931 1192 4976 aut
1208 4917 1534 4974 natantibus.
1552 4914 1668 4971 Non
1685 4914 1826 4971 enim
1839 4913 1915 4969 ait
1930 4922 2157 4980 tantum,

530 5025 853 5080 'Atnbulant
895 5018 1114 5075 semitas
1162 5013 1368 5100 utaris;
1415 5010 1547 5075 sed,
1596 5006 1954 5080 perambulant
1992 5007 2161 5074 dixit;

563 5115 858 5174 ostendens
888 5092 1372 5182 pertinacissimum
1399 5101 1634 5159 studium
1660 5100 1837 5155 inania
1862 5108 1918 5155 et
1945 5108 2163 5169 prmter-

566 5206 784 5266 liuentia
803 5196 1347 5274 requirentiumJizec
1361 5204 1540 5249 autem
1558 5192 1658 5246 tria
1674 5206 1871 5262 genera
1890 5190 2163 5256 vitiorum,

564 5301 618 5356 id
648 5307 734 5355 est
748 5297 992 5365 voluptas
1009 5291 1209 5355 carnis,
1228 5298 1281 5344 et
1296 5284 1567 5355 superbia,
1586 5292 1641 5339 et
1660 5282 1961 5344 curiositas,
1984 5282 2164 5335 omnia

568 5399 788 5466 peccata
832 5384 1180 5444 concludunt.
1231 5382 1360 5447 ρυω
1411 5377 1557 5443 mihi.
1594 5375 1847 5430 videntur
1888 5390 1917 5428 a
1959 5373 2166 5431 Joanne

568 5484 815 5557 apostolo
839 5491 1170 5541 enumerata,
1198 5491 1319 5530 cum
1347 5472 1476 5527 dicit
1507 5488 1522 5525 :
1558 5467 1736 5551 Nolite
1775 5467 1986 5539 diligere
2012 5482 2168 5521 mun-

570 5588 715 5645 dum,
749 5574 987 5645 quoniam
1016 5569 1187 5625 omnia
1214 5582 1329 5638 quae
1346 5565 1400 5619 in
1425 5562 1616 5617 mundo
1638 5570 1775 5623 sunt,
1799 5559 2165 5629 concupiscen-

636 5737 655 5769 ³
680 5733 818 5793 edin,
834 5737 1021 5793 sanctas
1044 5726 1273 5779 homines.
1301 5732 1429 5779 Mss,
1448 5727 1723 5793 sanctorum
1745 5718 2005 5771 hominum.

638 5801 658 5831 ⁸
684 5784 823 5852 mliti.
838 5792 1106 5846 nobisrmn.
1134 5796 1181 5838 tt
1205 5794 1334 5846 ωδε..
1357 5784 1489 5846 apud
1512 5796 1613 5833 nos.

1794 299 1854 357 Β.
1898 295 2269 355 Αυουεοτικι
2306 295 2613 357 ΕΡῑΞΕοῖἸ

3776 289 3890 344 HG

2277 412 2351 465 tia
2376 414 2546 467 carnis
2574 423 2649 467 est
2667 452 2684 477 ,
2725 419 2772 466 et
2796 409 3207 481 concupiscentia
3242 408 3510 465 oculorum
3532 448 3552 481 η
3594 417 3645 464 et
3673 407 3898 462 ambitio

2275 504 2489 577 swculi(
2515 504 2531 557 1
2560 502 2718 560 Joan.
2748 519 2785 559 ιι
2803 544 2819 571 ,
2849 500 3092 576 15.16).
3124 502 3231 563 Per
3251 502 3613 571 conlocatum
3641 500 3898 565 maxime

2273 595 2561 655 curiositas
2584 596 2874 668 pmvalet;
2896 598 3099 669 reliqua
3118 610 3251 655 vero
3274 609 3383 667 quo
3405 597 3739 667 pertineant,
3764 607 3895 649 ma-

2275 686 2526 744 nifestum
2576 698 2682 745 est.
2722 690 2788 746 Et
2828 690 2916 746 illa
2948 686 3209 745 Dominici
3257 686 3497 744 hominis
3538 687 3625 760 (a)
3648 686 3895 743 tentatio

2276 780 2535 850 tripartita
2564 791 2648 837 est
2678 800 2693 837 :
2722 797 2820 853 per
2837 782 3040 849 cibum,
3072 780 3127 838 id
3150 791 3235 838 est
3255 796 3353 852 per
3374 778 3892 851 concupiscentiam

2270 872 2452 926 carnis
2474 913 2492 938 ,
2538 872 2629 928 ubi
2656 875 2979 944 suggeritur,
3022 872 3122 928 Die
3149 872 3410 943 lapidibus
3453 872 3565 928 istis
3610 880 3669 927 at
3718 886 3900 944 panes

2270 960 2400 1029 ﬁant
2425 960 2446 1034 (
2475 961 2663 1017 Matth.
2695 979 2769 1032 tv,
2811 965 2847 1021 '5
2876 962 2896 1036 )
2923 981 2939 1018 :
2963 977 3060 1035 per
3087 963 3302 1019 inanem
3325 961 3662 1033 iactantiam,
3699 960 3797 1018 ubi
3835 961 3893 1015 in

2270 1064 2454 1109 monte
2503 1041 2795 1110 constituto
2838 1054 3201 1113 ostenduntur
3248 1055 3429 1110 omnia
3487 1068 3654 1129 regna
3714 1053 3894 1123 huius

2270 1156 2432 1203 terrae
2454 1188 2470 1215 ,
2494 1155 2552 1204 et
2590 1150 2971 1220 promittuntur
2998 1150 3044 1204 si
3072 1148 3377 1205 adoraverit
3412 1164 3429 1203 :
3461 1162 3559 1219 per
3580 1147 3892 1203 curiosita-

2270 1251 2377 1296 tem
2402 1282 2419 1308 ,
2444 1241 2533 1297 ubi
2576 1241 2645 1298 de
2668 1242 2825 1312 pinna
2856 1242 3039 1313 templi
3084 1242 3405 1299 admonetur
3427 1249 3490 1297 ut
3511 1256 3572 1298 se
3599 1240 3875 1299 deorsum

2269 1331 2463 1394 mittat.
2493 1332 2734 1388 tentandi
2758 1333 2928 1403 gratia
2957 1340 3136 1387 utrum
3162 1332 3234 1388 ab
3258 1332 3481 1403 Angelis
3521 1332 3884 1403 suscipiatur.

2269 1421 2450 1495 Itaque
2469 1434 2653 1495 postea
2695 1439 2853 1494 quam
2896 1423 3043 1479 nullo
3070 1424 3299 1479 istorum
3327 1432 3662 1479 tentamento
3687 1423 3889 1479 vatem

2269 1515 2409 1585 apud
2439 1532 2562 1572 eota
2583 1516 2758 1587 potuit
2790 1514 3070 1581 inimicus,
3097 1515 3203 1572 hoc
3224 1514 3295 1572 de
3332 1515 3423 1570 illo
3447 1515 3645 1572 dicitur
3667 1551 3688 1571 .
3709 1514 3886 1572 Past-

2266 1625 2418 1680 quam
2442 1608 2711 1679 complevit
2736 1624 2937 1663 omnem
2962 1609 3287 1663 tentationent
3312 1606 3547 1663 diabolus
3576 1608 3597 1681 (
3627 1606 3760 1662 Luc.
3792 1618 3880 1673 ἰν,

2270 1699 2340 1755 15
2364 1701 2406 1765 ).
2462 1697 2690 1768 Propter
2717 1697 3128 1753 torculariorutn
3175 1697 3356 1767 itaque
3380 1682 3838 1770 signiﬁcationem
3860 1735 3880 1760 ,

2266 1790 2505 1861 subjecta
2535 1797 2663 1845 sunt
2684 1789 2912 1861 pedibus
2939 1789 3060 1859 ejus
3080 1802 3190 1844 non
3208 1787 3387 1844 solum
3407 1788 3553 1856 vina,
3580 1788 3679 1844 sed
3700 1789 3877 1844 etiam

2266 1882 2471 1937 vinacia
2505 1898 2521 1936 :
2550 1896 2658 1936 non
2705 1881 2880 1937 solum
2930 1881 3136 1938 scilicet
3176 1897 3305 1937 oves
3352 1889 3409 1938 et
3455 1880 3663 1955 boves,
3704 1880 3759 1937 id
3785 1892 3880 1937 est

2264 1982 2467 2028 sancta:
2491 1970 2685 2027 animae
2713 1970 2971 2038 ﬁdelium,
2989 1972 3077 2029 vel
3099 1972 3152 2028 in
3173 1972 3355 2044 plebe,
3378 1971 3464 2028 vel
3495 1973 3547 2027 in
3569 1971 3875 2038 ministris;

2263 2064 2359 2120 sed
2387 2065 2440 2119 in
2462 2079 2625 2135 super
2638 2071 2694 2121 et
2712 2075 2905 2135 pecora
2914 2065 3224 2136 voluptatis.
3240 2074 3291 2123 et
3303 2065 3551 2123 volucres
3571 2064 3874 2136 superbius,

2265 2166 2319 2212 ct
2345 2156 2519 2227 pisces
2537 2157 2863 2213 curiositatis
2893 2173 2909 2211 :
2936 2172 3056 2227 qua:
3080 2157 3262 2213 omnia
3287 2171 3483 2229 genera
3510 2167 3874 2229 peccatorum

2260 2262 2409 2302 nunc
2429 2246 2584 2302 bonis
2608 2256 2664 2303 et
2682 2248 2883 2302 sanctis
2905 2247 3069 2302 mixta
3091 2242 3218 2313 esse
3243 2247 3297 2301 in
3317 2245 3576 2303 Ecclesiis
3592 2245 3873 2304 videmus.

2262 2336 2529 2408 Operetur
2556 2336 2718 2408 igitur
2746 2337 2801 2392 in
2830 2335 3088 2395 Ecclesiis
3111 2337 3227 2394 suis
3244 2378 3263 2404 ,
3290 2344 3346 2394 et
3369 2351 3401 2391 ι
3427 2336 3650 2393 vinaciis
3678 2339 3875 2394 vinum

2262 2438 2479 2498 separet
2510 2446 2524 2482 :
2552 2442 2653 2483 nos
2675 2427 2869 2484 demus
2887 2427 3113 2498 ‘operam
3140 2437 3201 2483 ut
3238 2427 3423 2484 vinum
3453 2429 3624 2484 simus
3649 2437 3707 2484 et
3733 2443 3876 2486 oves

2263 2531 2354 2577 aut
2378 2521 2578 2588 boves;
2605 2536 2714 2577 non
2739 2520 2946 2577 vinacia
2967 2560 2985 2587 ,
3024 2531 3117 2577 aut
3141 2535 3336 2591 pecora
3364 2521 3562 2591 campi,
3592 2532 3686 2576 aut
3713 2522 3876 2579 volu-

2262 2630 2383 2672 cres
2408 2614 2530 2672 οωιί
2553 2656 2569 2679 ,
2599 2622 2693 2669 aut
2737 2614 2911 2684 pisces
2936 2613 3101 2669 maris
3132 2612 3222 2684 qui
3248 2612 3617 2684 perambulant
3643 2614 3874 2668 semitas

2264 2707 2448 2762 maris.
2481 2704 2598 2760 Non
2626 2705 2752 2774 quia
2800 2704 2901 2759 ista
2930 2703 3150 2760 nomina
3178 2703 3283 2757 isto
3308 2703 3427 2759 solo
3453 2704 3615 2758 modo
3641 2703 3874 2776 intelligi

2262 2808 2319 2856 et
2341 2795 2596 2869 explicari
2620 2805 2862 2867 possunt,
2889 2795 2992 2853 sed
3005 2810 3107 2869 pro
3125 2795 3292 2865 locis;
3315 2809 3547 2867 namque
3570 2795 3696 2850 alibi
3719 2795 3874 2851 aliud

2263 2891 2583 2963 significant.
2611 2889 2678 2944 Et
2703 2889 2818 2944 lucc
2844 2888 3026 2960 regula
3053 2887 3105 2942 in
3125 2886 3271 2943 omni
3297 2886 3551 2958 allegoria
3580 2886 3873 2942 retinenda

2264 2997 2369 3053 est,
2402 2994 2461 3039 ut
2484 3000 2580 3055 pro
2606 2984 2871 3040 sententia
2894 2984 3176 3054 prmsentis
3194 2983 3300 3039 loci
3328 2982 3703 3040 consideretur
3722 2983 3874 3055 quod

2264 3093 2366 3149 per
2396 3074 2803 3133 similitudinem
2830 3075 3061 3142 dicitur;
3085 3077 3200 3130 haec
3222 3084 3306 3132 est
3348 3076 3491 3131 enim
3520 3074 3792 3131 dominica
3816 3085 3876 3132 et

2263 3166 2554 3239 apostolica
2583 3164 2888 3238 disciplina.
2924 3164 3251 3238 Repelamus
3290 3180 3422 3237 ergo
3465 3165 3717 3221 ultimum
3744 3180 3874 3221 ver-

2264 3274 2385 3316 sum
2419 3260 2510 3331 qui
2537 3258 2698 3314 etiam
2730 3256 2783 3313 in
2812 3257 3076 3327 principio
3100 3256 3301 3313 Psalmi
3326 3257 3565 3328 ponitur,
3591 3265 3647 3312 et
3675 3256 3872 3312 laude-

2264 3366 2385 3405 mus
2416 3350 2583 3405 Deum
2606 3346 2889 3405 dicentes:
2926 3346 3140 3403 Domine
3180 3346 3434 3403 Dominus
3480 3356 3675 3415 noster,
3713 3364 3875 3421 quant

2262 3438 2564 3497 admirabile
2588 3448 2664 3495 est
2690 3456 2875 3495 nomen
2903 3450 3044 3494 tuum
3063 3440 3117 3494 in
3138 3440 3373 3495 universa
3393 3451 3528 3495 terra
3554 3441 3577 3495 !
3600 3440 3875 3498 Decenter

2262 3517 2461 3604 quippe
2491 3543 2611 3602 post
2640 3540 2844 3597 textum
2885 3532 3153 3587 sermonis
3178 3531 3246 3587 ad
3287 3540 3449 3603 caput
3496 3531 3731 3601 reditur,
3761 3547 3873 3604 quo

2265 3634 2409 3679 totus
2437 3623 2579 3679 idem
2604 3637 2784 3679 sermo
2811 3622 3125 3680 referendus
3150 3632 3250 3679 est.

2743 3831 2829 3895 IN
2852 3812 3252 3896 IPSALMUM
3292 3832 3387 3898 1x

2860 3952 3138 4009 ENAIKRA
3147 3952 3285 4015 ΤΙοο

2338 4071 2394 4127 ι.
2434 4033 2606 4145 [κὶα.
2642 4066 2740 4144 ι.]
2769 4067 2967 4124 Psalmi
2990 4067 3152 4138 hujus
3171 4067 3449 4139 inscriptio
3467 4066 3552 4124 est
3576 4085 3589 4130 ε
3618 4066 3689 4125 In
3713 4070 3873 4140 pm

2268 4181 2363 4237 pro
2387 4163 2601 4219 occultis
2626 4160 2756 4218 Filii
2772 4201 2791 4227 ,
2816 4159 3057 4217 Psalnuts
3080 4160 3180 4231 ipsi
3205 4160 3394 4216 Dauid.
3423 4162 3499 4217 De
3523 4163 3754 4219 occultis
3776 4160 3875 4220 Fi-

2265 4254 2324 4315 lii
2348 4255 2517 4327 quasri
2546 4260 2728 4324 potest
2754 4270 2771 4308 :
2800 4252 2899 4308 sed
2938 4253 3064 4323 quia
3099 4267 3207 4308 non
3236 4251 3446 4308 addidit
3470 4252 3625 4325 cujus
3644 4294 3662 4323 ,
3690 4255 3871 4325 ipsum

2266 4347 2722 4419 unigenitumDei
2753 4345 2949 4402 Filium
2979 4354 3192 4416 oportet
3215 4344 3463 4418 intelligi.
3494 4345 3598 4403 Ubi
3628 4348 3777 4404 enim
3800 4347 3873 4405 de

2267 4441 2379 4497 lilio
2411 4439 2575 4495 David
2604 4438 2852 4494 Psalmus
2879 4436 3167 4507 inscriptus
3191 4446 3277 4493 est
3298 4477 3315 4501 ,
3359 4438 3487 4492 Cum
3516 4442 3751 4510 fugeret,
3784 4440 3869 4496 in-

2265 4532 2421 4604 quit,
2448 4548 2483 4587 a
2509 4528 2644 4603 faeie
2669 4529 2951 4585 Abessalon
2973 4528 3073 4599 ﬁlii
3092 4530 3175 4584 sui
3198 4530 3217 4600 (
3243 4527 3387 4584 Psal.
3415 4546 3510 4595 ιιι,
3544 4533 3567 4607 1
3596 4530 3641 4603 );
3669 4547 3795 4588 cum
3814 4540 3876 4591 et
3904 4518 3908 4523 ’

2267 4639 2466 4681 nomen
2493 4624 2611 4692 ejus
2632 4622 2834 4677 dictum
2857 4626 3002 4677 esset
3025 4662 3041 4689 ,
3070 4632 3129 4676 et
3144 4623 3217 4675 ob
3240 4619 3344 4676 hoc
3366 4621 3537 4679 latere
3560 4638 3668 4679 non
3689 4636 3877 4695 posset

2267 4716 2338 4773 de
2363 4729 2472 4785 quo
2500 4714 2771 4769 diceretur
2793 4754 2809 4778 ,
2839 4727 2944 4768 non
2974 4720 3151 4768 tamen
3188 4712 3391 4770 dictum
3432 4723 3517 4770 est
3564 4724 3771 4771 tantum
3797 4757 3816 4783 ,
3843 4733 3879 4771 a

2270 4807 2404 4879 {acie
2430 4806 2706 4861 Abessalon
2731 4804 2846 4873 ﬁlii,
2872 4803 2968 4860 sed
3008 4803 3248 4860 additum
3290 4814 3397 4873 est,
3434 4806 3535 4861 sui.
3579 4807 3675 4861 ilic
3702 4825 3836 4865 vero
3857 4852 3873 4875 ,

2269 4911 2327 4958 ct
2348 4899 2496 4970 quod
2524 4913 2630 4955 non
2660 4898 2899 4953 additum
2929 4906 3013 4953 est
3037 4937 3052 4962 ,
3082 4899 3163 4966 sui
3187 4940 3202 4961 ,
3232 4908 3285 4951 ct
3320 4898 3462 4969 quod
3504 4898 3575 4954 de
3613 4897 3879 4957 Gentibus

2271 4993 2437 5048 multa
2466 4989 2597 5046 dicit
2620 5030 2635 5051 .
2670 5004 2779 5044 non
2807 4999 2984 5058 potest
3009 4997 3155 5044 recte
3180 4990 3351 5060 accipi
3379 4990 3675 5047 Abesstlon
3717 5008 3737 5047 :
3780 5010 3879 5049 ne-

2269 5103 2376 5159 que
2395 5086 2540 5143 enim
2572 5084 2773 5139 bellum
2797 5083 2940 5154 quod
2969 5098 3091 5136 cum
3116 5091 3268 5153 patre
3296 5084 3387 5139 ille
3409 5084 3648 5154 perditus
3669 5088 3876 5155 gessit,

2271 5180 2383 5235 ullo
2407 5177 2570 5234 modo
2594 5175 2662 5231 ad
2693 5174 2894 5248 Gentes
2923 5175 3193 5244 pertinet,
3222 5190 3348 5231 cum
3390 5176 3621 5246 populus
3664 5186 3878 5236 tantum

2272 5269 2434 5328 Israel
2463 5269 2724 5325 adversus
2750 5282 2811 5323 se
2840 5266 2912 5321 ibi
2942 5252 3150 5321 divisus
3189 5266 3281 5321 sit.
3306 5267 3535 5322 'Canitur
3562 5267 3745 5339 itaque
3777 5270 3877 5326 isto

2199 5364 2204 5369 ’
2272 5365 2509 5437 psalmus
2541 5377 2639 5432 pro
2663 5360 2887 5417 occultis
2916 5359 3174 5430 unigeniti
3204 5358 3324 5414 Filii
3360 5359 3475 5415 Dei.
3507 5357 3641 5416 Nam
3669 5370 3729 5416 et
3761 5362 3879 5433 ipse

2276 5458 2536 5514 Dominus
2548 5471 2670 5511 cum
2692 5454 2809 5509 sine
2828 5453 3193 5509 additamento
3212 5454 3361 5523 ponit
3381 5452 3574 5508 Filium
3595 5495 3611 5517 ,
3634 5455 3875 5525 seipsuut

2271 5549 2604 5619 unigenitum
2630 5546 2743 5600 vult
2769 5543 2992 5614 intelligi
3017 5585 3032 5610 ,
3060 5543 3150 5599 ubi
3178 5543 3254 5597 ait
3282 5562 3297 5597 :
3326 5543 3389 5598 Si
3415 5558 3503 5599 nos
3542 5541 3707 5601 Filius
3745 5544 3877 5600 ποι-

2273 5643 2480 5708 raoerit,
2531 5648 2651 5695 tunc
2690 5652 2805 5693 sere
2846 5635 2989 5692 liberi
3014 5636 3154 5693 eritis
3195 5633 3401 5709 (Joan.
3433 5650 3553 5702 mi,
3581 5634 3714 5708 ‘56).
3755 5634 3876 5695 Non

2337 5776 2412 5840 (η)
2447 5781 2463 5825 t
2485 5779 2714 5832 nctract.,
2736 5784 2842 5834 cap.
2864 5770 2936 5821 19.
