3956 6370
199 438 304 495 117

197 556 346 611 enim
377 553 545 619 dixit,
580 550 753 617 Filius
781 552 916 619 Dei;
946 553 1041 609 sed
1080 562 1284 611 tantum
1333 552 1563 610 dicendo
1600 550 1769 607 Filius
1792 590 1822 614 ,.

193 646 288 699 dat
314 645 535 713 intelligi
577 646 733 716 cujus
754 646 823 700 sit
852 645 1013 701 illius.
1040 645 1210 713 Quam
1238 646 1563 701 locutionem
1588 658 1693 699 non
1718 658 1812 698 re-

194 737 331 807 cipit
372 738 477 799 nisi
517 739 835 805 excellentia
877 738 993 808 ejus
1031 738 1102 793 de
1143 754 1249 809 quo
1290 738 1362 792 ita
1406 737 1672 807 loquimur
1700 776 1716 803 ,
1752 743 1812 789 ut

192 830 414 890 etiamsi
462 847 569 888 non
613 845 741 897 eum
784 831 1164 896 nominemus,
1210 830 1382 901 possit
1425 828 1691 897 intelligi:
1736 829 1807 880 ita

191 923 341 977 enim
371 923 603 980 dicimus
625 964 645 990 ,
677 924 822 979 Pluit
843 966 861 991 ,
889 933 1103 978 serenat
1125 966 1139 984 ,
1177 932 1361 988 tonat,
1394 931 1450 978 et
1477 922 1522 976 si
1551 936 1655 993 qua
1681 927 1809 976 sunt

195 1016 324 1069 talia
349 1054 366 1081 ,
400 1030 501 1079 nec
523 1015 774 1070 addimus
795 1017 916 1085 quis
943 1016 993 1069 id
1016 1014 1205 1081 faciat;
1230 1016 1356 1086 quia
1381 1014 1620 1068 omnium
1647 1027 1805 1068 meu-

193 1109 341 1165 tibus
395 1118 589 1179 sponte
630 1124 754 1167 sese
799 1108 958 1168 oneri
1006 1109 1322 1163 excellentia
1373 1106 1652 1171 facientis,
1704 1115 1805 1160 nec

188 1202 361 1257 verba
405 1201 696 1257 desiderat.
746 1202 881 1268 Qua:
921 1209 1045 1256 sunt
1089 1200 1248 1271 igitur
1293 1199 1499 1255 occulta
1545 1196 1709 1252 Filii?
1744 1195 1802 1251 in

189 1306 302 1361 quo
328 1291 499 1347 verbo
528 1292 758 1360 primum
789 1289 1190 1359 intelligendum
1218 1298 1302 1343 est
1326 1303 1447 1345 esse
1474 1287 1649 1357 aliqua
1678 1284 1801 1341 Filii

191 1380 482 1437 manifesta
506 1423 522 1446 ,
552 1398 581 1435 a
610 1382 805 1451 quibus
824 1381 1221 1451 distinguuntur
1245 1379 1362 1438 haec
1387 1395 1506 1450 qua:
1531 1377 1803 1448 appellau-

191 1482 284 1526 tur
329 1474 563 1535 occulta.
612 1473 1013 1540 Quamobrem,
1064 1473 1317 1542 quoniam
1355 1471 1491 1527 duos
1539 1471 1800 1526 adventus

194 1565 415 1620 Domini
449 1566 722 1621 credimus
748 1605 764 1629 ,
810 1581 970 1618 unum
1014 1564 1342 1633 praeteritum
1371 1604 1386 1628 ,
1428 1579 1585 1631 quem
1629 1558 1801 1617 Judaei

193 1673 303 1712 non
336 1656 756 1719 intellexerunt,
802 1657 1029 1711 alterum
1070 1656 1306 1713 futurum
1330 1697 1345 1719 ,
1392 1670 1550 1725 quem
1590 1656 1801 1725 utrique

192 1764 517 1819 speramus;
540 1760 595 1806 et
618 1750 992 1819 quoniamiste
1012 1764 1167 1819 quem
1194 1748 1363 1803 Judaei
1394 1764 1497 1801 non
1524 1748 1805 1802 intellexe-

192 1852 321 1895 runt
344 1882 359 1904 ,
396 1840 659 1897 Gentibus
691 1842 924 1907 profuit,
973 1856 1077 1899 non
1128 1841 1567 1895 inconvenienter
1604 1838 1802 1906 accipi-

192 1942 283 1986 tur
312 1932 383 1987 de
412 1928 516 1986 hec
540 1932 774 1987 adventu
805 1932 908 1985 dici
933 1972 947 1995 ,
983 1948 1075 2000 pro
1095 1930 1304 1984 occultis
1332 1928 1461 1982 Filii
1484 1971 1496 1994 ,
1529 1928 1613 1982 ubi
1643 1928 1799 1983 eieci-

192 2034 275 2077 tas
299 2039 367 2079 ex
400 2034 553 2093 parte
586 2023 744 2077 Israel
777 2022 912 2078 facta
958 2034 1085 2089 est,
1126 2033 1186 2077 ut
1226 2020 1502 2092 plenitudo
1546 2019 1794 2075 Gentium

190 2115 423 2170 intraret
448 2114 471 2188 (
498 2116 647 2171 Rom.
677 2131 729 2170 ιι
755 2157 771 2183 ,
797 2116 869 2169 25
967 2114 1081 2169 Duo
1105 2113 1264 2169 etiam
1289 2111 1487 2182 judicia
1519 2112 1795 2164 insinuan—

190 2216 279 2264 tur
307 2224 407 2277 per
432 2207 741 2278 Scripturas
759 2248 775 2273 ,
803 2207 847 2261 si
869 2206 988 2276 quis
1014 2206 1293 2269 advertat;
1318 2219 1480 2257 unum
1502 2202 1793 2267 occultum,

187 2299 418 2353 alterum
455 2298 819 2353 manifestum.
864 2296 1144 2351 Occultum
1179 2308 1323 2349 nunc
1346 2293 1522 2363 agitur
1545 2334 1559 2355 ,
1593 2291 1661 2346 de
1690 2306 1797 2361 quo

186 2391 473 2459 apostolus
504 2390 694 2447 Petrus
720 2390 884 2444 dicit:
920 2388 1139 2457 Tempus
1180 2396 1253 2440 est
1288 2395 1342 2439 ut
1374 2382 1630 2454 judicium
1670 2384 1795 2436 inci-

190 2482 292 2550 piat
317 2500 352 2535 a
374 2482 529 2536 domo
560 2480 769 2533 Domini
794 2480 814 2549 (
842 2480 860 2532 l
887 2477 1030 2532 Petr.
1056 2493 1131 2545 tv,
1159 2478 1223 2535 17
1252 2477 1291 2543 ).
1312 2475 1592 2531 Occultum
1617 2474 1797 2542 itaque

185 2574 445 2644 judicium
476 2582 561 2628 est
587 2588 744 2642 paena
771 2613 785 2637 ,
821 2587 922 2643 qua
948 2584 1092 2625 nunc
1120 2570 1489 2638 unusquisque
1514 2565 1793 2619 hominum

185 2676 276 2721 aut
323 2674 613 2723 exercetur
659 2663 726 2718 ad
773 2664 1140 2734 purgationem
1167 2703 1181 2729 ,
1228 2669 1320 2713 aut
1358 2660 1680 2713 admonetur
1726 2656 1792 2713 ad

170 2757 597 2821 conversionem
624 2795 639 2818 ,
690 2763 783 2809 aut
829 2755 874 2808 si
930 2752 1316 2821 contempserit
1359 2749 1693 2804 vocationem
1739 2757 1794 2801 et

184 2843 529 2917 disciplinam
560 2844 655 2905 Dei
680 2887 697 2911 ,
730 2855 1032 2899 excreatur
1071 2843 1138 2898 ad
1186 2843 1607 2897 damnationem.
1637 2838 1791 2894 Judi-

181 2939 324 2993 cium
359 2951 542 3003 autem
570 2937 910 3004 manifestum
937 2946 1019 2991 est
1042 2977 1059 3003 ,
1091 2951 1198 3005 quo
1236 2943 1493 2989 venturus
1535 2931 1793 2986 Dominus

184 3028 444 3099 indicabit
475 3029 624 3082 vivos
649 3037 703 3083 et
732 3011 974 3081 mortuos
999 3067 1015 3091 ,
1045 3026 1292 3081 omnibus
1338 3023 1627 3079 fatentibus
1666 3036 1790 3076 eum

182 3136 303 3176 esse
334 3136 365 3173 a
393 3134 503 3191 quo
533 3130 587 3174 et
628 3119 782 3176 bonis
822 3117 1037 3187 praemia
1066 3159 1079 3179 ,
1128 3130 1178 3172 et
1218 3117 1372 3172 malis
1400 3114 1656 3185 supplicia
1698 3114 1791 3167 tri-

182 3211 439 3267 buentur.
472 3210 576 3266 Sed
608 3219 734 3264 tunc
765 3208 853 3264 illa
883 3207 1189 3275 confessio,
1236 3222 1339 3260 non
1380 3206 1447 3261 ad
1491 3205 1788 3265 remedium

183 3304 452 3357 malorum
479 3344 494 3366 ,
526 3301 619 3357 sed
647 3304 711 3355 ad
756 3301 1026 3367 cumulum
1070 3299 1427 3354 damnationis
1468 3298 1685 3351 valebit.
1718 3296 1791 3350 De

185 3398 264 3462 bis
316 3396 533 3450 duobus
573 3392 829 3463 jndiciis,
872 3407 977 3446 uno
1021 3391 1269 3455 occulto,
1313 3390 1418 3443 alio
1448 3388 1787 3451 manifesto,

183 3490 400 3543 videtur
452 3487 582 3542 mihi
635 3487 890 3541 Dominus
937 3485 1136 3539 dixisse
1160 3526 1174 3547 ,
1229 3482 1317 3537 ubi
1362 3484 1435 3535 ait
1465 3496 1479 3531 ε
1509 3481 1606 3548 Qui
1633 3482 1683 3534 in
1714 3495 1791 3532 me

179 3580 340 3633 crrdit
365 3620 381 3644 ,
435 3578 634 3632 transiit
680 3579 742 3631 de
764 3586 923 3630 morte
964 3575 1033 3629 ad
1074 3576 1267 3639 vitam,
1316 3590 1405 3627 nec
1446 3575 1499 3638 in
1534 3573 1788 3649 judicium

181 3675 344 3727 leniet
373 3670 572 3742 (Jaau.
596 3686 648 3732 v,
672 3669 744 3723 2.5
763 3667 806 3740 ),
833 3670 882 3723 in
905 3668 1164 3739 judicium
1187 3667 1393 3720 scilicet
1414 3666 1750 3720 manifestum
1771 3680 1784 3714 :

181 3781 306 3820 nant
342 3764 446 3816 hoc
475 3763 614 3831 quod
648 3762 839 3816 transit
866 3760 935 3815 de
962 3766 1137 3815 morte
1155 3758 1222 3812 ad
1247 3759 1409 3811 vitam
1440 3772 1534 3827 per
1561 3755 1791 3810 nonnul-

182 3858 285 3909 lain
323 3845 676 3909 afliictioitem
701 3894 716 3917 ,
745 3866 848 3922 qua
886 3850 1118 3921 ﬂagellat
1160 3864 1374 3905 omnem
1423 3849 1588 3907 lilium
1629 3863 1787 3917 quem

183 3946 379 4014 recipit
404 3988 419 4009 ,
460 3944 720 4011 judicium
767 3942 1035 3997 occultum
1073 3949 1191 4004 est;
1227 3940 1325 4006 Qui
1352 3950 1518 3992 autem
1548 3956 1646 3991 non
1676 3955 1788 3991 crc-'
1833 3974 1835 3977 ι

182 4040 252 4091 dit
280 4080 304 4101 ι
331 4038 502 4105 inquit
528 4078 541 4094 ,
566 4036 679 4105 jam
700 4034 964 4104 judicatus
990 4042 1066 4088 est
1108 4031 1237 4103 (Id.
1270 4047 1324 4085 Ill
1350 4074 1363 4091 ,
1396 4031 1461 4084 18
1487 4033 1526 4097 );
1578 4029 1625 4081 id
1669 4038 1747 4081 est
1772 4069 1788 4091 ,

182 4132 286 4185 isto
313 4130 533 4184 occulto
560 4128 761 4197 judicio
796 4126 908 4196 jam
949 4133 1280 4194 praeparatus
1310 4134 1390 4177 est
1421 4122 1485 4175 ad
1520 4121 1644 4174 illud
1678 4135 1789 4173 ma-

185 4219 620 4275 nifestumJluic
666 4218 773 4272 duo
795 4216 1006 4285 ,judicia
1052 4214 1213 4270 etiam
1264 4216 1316 4269 in
1358 4213 1629 4282 Sapientia
1657 4211 1789 4277 logi-

185 4328 307 4379 mus
334 4353 350 4375 ,
377 4311 468 4365 ubi
498 4310 759 4379 scriptum
791 4318 914 4363 est:
950 4306 1169 4377 Pr0pter
1207 4304 1303 4358 Itoc
1343 4315 1583 4374 tanquam
1623 4305 1790 4372 pueris

184 4401 459 4457 insensatis
492 4400 749 4472 judicium
786 4399 841 4452 in
883 4398 1108 4452 derisum
1144 4395 1362 4458 dedisti;
1396 4395 1449 4447 lii
1486 4404 1654 4446 autem
1698 4394 1793 4447 hoc

183 4497 383 4568 judicia
440 4511 541 4549 non
594 4493 845 4567 correcti,
906 4490 1117 4561 dignum
1164 4488 1257 4544 Dei
1298 4488 1553 4558 judicium
1601 4486 1790 4555 experti

187 4598 307 4643 sunt
344 4585 520 4658 (Sap.
554 4601 625 4640 xu
651 4627 666 4648 ,
696 4579 769 4642 25
793 4625 809 4649 ,
841 4583 911 4638 26
935 4583 975 4654 ).
1007 4582 1108 4647 Qui
1144 4596 1274 4652 ergo
1318 4596 1421 4633 non
1454 4579 1794 4649 corriguntur

187 4683 293 4737 isto
339 4680 553 4735 occulto
598 4679 691 4735 Dei
732 4676 932 4749 judicio
958 4718 972 4741 ,
1023 4674 1337 4744 dignissime
1383 4673 1475 4727 illo
1512 4671 1793 4726 manifesto

190 4773 509 4843 punientur.
534 4769 795 4839 Quocirca
826 4769 877 4823 in
905 4767 1011 4823 hoc
1052 4765 1261 4837 psalmo
1302 4763 1632 4819 observanda
1670 4772 1796 4817 sunt

190 4865 404 4920 occulta
437 4861 601 4927 Filii,
631 4861 683 4916 id
712 4870 833 4926 est,
879 4867 935 4914 et
972 4844 1186 4913 humilis
1228 4856 1347 4925 ejus
1385 4855 1646 4910 adventus
1690 4870 1795 4921 quo

194 4956 397 5027 profuit
426 4953 689 5027 Gentibus
733 4968 854 5009 cum
899 4952 1139 5005 excitate
1177 4946 1481 5003 Judaeorum
1508 4987 1523 5011 ,
1557 4954 1607 4999 et
1641 4960 1796 5013 ptena

194 5066 319 5119 qum.
350 5062 495 5110 nunc
521 5026 733 5100 occulte
763 5044 938 5115 agitur
959 5083 977 5109 ,
1009 5041 1243 5095 nondum
1286 5038 1629 5093 damnatione
1668 5051 1797 5107 pee-

197 5142 437 5197 czintium
464 5180 479 5205 ,
528 5137 623 5193 sed
668 5146 758 5191 aut
800 5134 1183 5191 exercitatione
1231 5145 1659 5195 conversurum,
1706 5137 1797 5183 aut

192 5232 565 5289 admonitione
592 5210 1069 5290 ut'convertantur,
1104 5233 1198 5277 aut
1223 5222 1459 5277 czucitate
1485 5229 1542 5275 ut
1568 5219 1795 5274 damna-

197 5324 331 5379 tioni
363 5328 732 5391 pneparentur
758 5318 847 5385 qui
874 5316 1115 5369 converti
1142 5313 1429 5367 noluerint.

265 5440 322 5493 2.
366 5436 387 5510 ἶ
412 5436 546 5492 vers.
576 5432 678 5507 2.]
709 5431 988 5501 Conﬁtebor
1018 5430 1105 5483 tibi
1130 5473 1145 5496 ,
1171 5429 1419 5493 Domine,
1449 5428 1501 5480 in
1526 5436 1629 5479 toto
1651 5424 1801 5479 corde

198 5548 329 5583 nico.
364 5528 483 5595 Non
512 5526 565 5580 in
595 5534 709 5579 toto
751 5522 914 5578 corde
954 5521 1240 5575 conlitetur
1274 5520 1423 5579 Deo,
1457 5518 1545 5587 qui
1576 5517 1643 5571 de
1674 5531 1801 5585 pro-

201 5622 433 5677 videntia
464 5618 585 5689 ejus
613 5617 666 5671 in
704 5614 883 5683 aliquo
922 5612 1165 5667 dubitat:
1209 5609 1303 5664 scd
1349 5609 1438 5678 qui
1483 5609 1589 5676 jam
1631 5606 1804 5662 cernit

202 5708 408 5769 occulta
436 5708 720 5782 sapientia:
765 5704 903 5769 Dei,
950 5711 1205 5773 quantum
1251 5701 1321 5754 sit
1368 5698 1634 5753 invisibile
1661 5712 1801 5768 prte-

203 5808 361 5861 niium
400 5804 561 5875 ejus,
602 5798 698 5873 qui
744 5795 918 5861 dicit,
958 5793 1249 5848 Gaudemus
1297 5792 1352 5845 in
1396 5788 1801 5844 tribulationibus

199 5902 217 5969 (
242 5898 389 5956 Rom.
422 5912 477 5955 v.
507 5893 609 5957 ὄις
656 5898 713 5946 et
759 5884 1206 5959 quemadmodum
1255 5895 1442 5944 omnes
1487 5879 1752 5936 cruciatus
1782 5920 1799 5947 ,

1316 431 1717 494 ENARRATIO
1755 430 1822 484 ΙΝ
1863 430 2185 491 PSALMUM
2227 436 2316 493 IX.

3421 454 3521 509 118

1928 554 2018 625 qui
2046 558 2397 627 corporaliter
2435 559 2735 617 inferuntur
2766 574 2857 619 aut
2897 576 3183 621 exerceant
3222 583 3517 628 conversos

1922 646 1989 701 ad
2022 647 2190 703 Deum
2216 688 2231 713 ,
2261 658 2356 725 aut
2385 660 2441 704 ut
2466 663 2846 708 convertantur
2866 654 3186 711 admoneant
3208 699 3224 724 ,
3250 661 3518 731 autjustae

1922 739 2255 798 damnationi
2281 743 2468 798 ultime
2498 754 2800 815 praeparent
2828 747 3115 802 obduratos
3148 790 3163 815 ,
3192 760 3246 804 et
3277 752 3355 807 sic
3394 769 3510 806 om-

1921 830 2009 884 nia
2038 832 2105 885 ad
2135 832 2330 888 divina:
2361 834 2710 903 providentiae
2740 839 2977 907 regimen
3008 838 3310 896 referantur
3334 882 3349 905 ,
3392 858 3516 911 quae

1918 922 2066 976 stulti
2097 924 2247 992 quasi
2268 939 2396 997 casu
2420 935 2473 980 et
2498 936 2701 982 temere
2727 937 2781 982 et
2802 928 2942 983 nulla
2968 928 3149 985 divina
3173 930 3523 987 administro.

1918 1013 2065 1069 tione
2095 1014 2210 1071 lieri
2242 1024 2448 1087 putant.
2481 1015 2723 1075 Narrabo
2759 1022 2931 1074 omnia
2964 1022 3218 1077 mirabilia
3242 1032 3349 1077 tua.
3377 1023 3513 1079 Nar-

1914 1114 1999 1160 rat
2025 1109 2204 1161 omnia
2234 1108 2497 1165 mirabilia
2530 1109 2629 1165 Dei
2654 1152 2670 1178 ,
2698 1111 2787 1181 qui
2815 1127 2877 1167 ea
2904 1128 3009 1168 non
3033 1114 3205 1169 solum
3238 1116 3292 1170 in
3316 1130 3514 1187 corpo-

1914 1197 2063 1268 ribus
2108 1201 2283 1271 palam
2310 1242 2327 1269 ,
2376 1203 2472 1258 sed
2522 1204 2578 1259 in
2626 1204 2820 1260 animis
2867 1206 3204 1262 invisibiliter
3248 1208 3462 1278 quidem
3490 1250 3507 1275 ,

1909 1288 2006 1345 sed
2037 1291 2192 1362 longe
2220 1292 2498 1349 sublimius
2522 1302 2578 1350 et
2614 1296 2965 1352 excellentius
3005 1299 3119 1352 fieri
3163 1299 3327 1353 videt.
3372 1298 3504 1355 Nam

1912 1382 2112 1436 terreni
2142 1384 2386 1445 homines
2430 1392 2486 1439 et
2522 1384 2743 1441 occultis
2780 1386 2987 1454 dediti,
3034 1389 3202 1458 magis
3242 1390 3503 1445 mirantur

1909 1475 2273 1532 resurrexisse
2315 1477 2369 1531 in
2411 1492 2638 1546 corpore
2681 1488 2947 1534 mortuum
2993 1480 3250 1535 Lazarum
3277 1524 3292 1540 .
3340 1497 3499 1551 quam

1908 1566 2271 1621 resurrexisse
2318 1568 2370 1621 in
2420 1569 2600 1622 anima
2647 1577 3043 1639 persecutorem
3096 1570 3337 1625 Paulum.
3392 1570 3501 1626 Sed

1906 1655 2157 1723 quoniam
2194 1655 2401 1711 visibile
2428 1658 2743 1713 miraculum
2781 1658 2849 1714 ad
2900 1658 3341 1715 illuminationem
3386 1660 3504 1715 ani-

1907 1761 2048 1799 mam
2078 1756 2233 1801 vocat
2256 1789 2273 1815 ,
2305 1747 2571 1812 invisibile
2613 1758 2793 1805 autem
2834 1765 2951 1805 eam
2991 1767 3111 1821 qum
3139 1760 3324 1806 vocata
3353 1752 3501 1806 venit

1906 1834 2208 1901 illuminat;
2238 1838 2416 1892 omnia
2446 1848 2628 1893 narrat
2673 1839 2934 1894 mirabilia
2979 1841 3075 1895 Dei
3105 1882 3121 1907 ,
3154 1843 3241 1911 qui
3268 1841 3499 1897 credens

1905 1929 2203 1984 visibiiibus
2229 1931 2296 1984 ad
2323 1931 2667 2003 intelligenda
2690 1932 2974 1988 invisibilia
3006 1934 3286 1989 transitum
3315 1933 3459 1989 facit.

1975 2021 2029 2076 5.
2073 2019 2242 2094 [vers.
2273 2024 2326 2079 5.
2350 2022 2372 2097 ]
2399 2023 2635 2093 Latabor
2658 2068 2673 2094 ,
2705 2036 2753 2081 et
2778 2027 3042 2082 exsuttabo
3070 2028 3126 2082 in
3152 2038 3218 2083 te.
3249 2028 3362 2083 Non
3384 2028 3494 2098 jam

1904 2113 1956 2165 in
1991 2111 2093 2167 hoc
2122 2114 2357 2181 saeculo;
2394 2130 2502 2170 non
2527 2116 2580 2170 in
2610 2117 2886 2187 voluptate
2914 2118 3352 2174 contreetationis
3376 2135 3496 2174 eor-

1903 2217 2090 2270 porum
2116 2246 2131 2270 ,
2171 2219 2273 2259 nec
2313 2206 2366 2260 in
2412 2207 2571 2276 palati
2614 2218 2669 2263 et
2714 2208 2906 2279 lingua:
2948 2210 3227 2278 saporibus
3254 2252 3271 2277 ,
3314 2227 3414 2266 nec
3442 2212 3495 2266 in
3572 2218 3574 2221 ’

1903 2293 2165 2349 suavitate
2191 2294 2441 2359 odorum,
2470 2312 2570 2351 nec
2596 2297 2648 2350 in
2676 2296 3009 2367 iucunditate
3032 2314 3284 2353 sonorum
3316 2308 3494 2355 trans-

1902 2384 2142 2439 euntium
2166 2425 2181 2449 ,
2222 2400 2322 2439 nec
2355 2387 2409 2457 in
2462 2388 2644 2442 formis
2688 2380 2970 2460 carporum
3015 2390 3161 2445 varie
3201 2392 3451 2447 coloratis
3475 2433 3491 2458 ,

1902 2488 2002 2529 nec
2028 2474 2079 2528 in
2110 2475 2432 2532 vanitatibus
2471 2477 2644 2533 laudis
2675 2478 2921 2533 humanae
2945 2519 2962 2546 ,
3004 2495 3106 2535 nec
3150 2481 3202 2535 in
3248 2482 3495 2551 coningio

1898 2575 1953 2617 ct
1996 2568 2147 2637 prole
2190 2570 2443 2623 moritura
2470 2611 2484 2635 ,
2540 2586 2638 2627 nec
2683 2571 2735 2625 in
2783 2571 3069 2641 superﬂuis
3118 2575 3489 2643 temporalium

1899 2659 2202 2715 divitiarum
2227 2700 2242 2724 ,
2275 2676 2374 2715 nec
2422 2663 2474 2714 in
2521 2663 2910 2731 conquisitione
2939 2663 3097 2732 hujus
3126 2666 3306 2719 saeculi
3334 2708 3347 2729 ,
3376 2666 3493 2722 sive

1897 2769 2017 2821 qua:
2046 2754 2283 2808 locorum
2314 2754 2498 2824 spatiis
2528 2755 2765 2808 tenditur
2791 2796 2806 2819 ,
2845 2756 2960 2809 sive
2999 2772 3117 2825 quze
3156 2759 3495 2813 successione

1899 2843 2156 2913 temporis
2199 2844 2429 2899 volvitur
2455 2857 2477 2899 ε·
2516 2845 2610 2901 sed
2661 2847 2869 2900 laetabor
2912 2857 2958 2901 et
3000 2846 3263 2902 exsultabo
3305 2851 3357 2901 iu
3406 2857 3490 2915 te,

1898 2935 2147 2991 videlicet
2178 2934 2230 2988 in
2260 2936 2486 2989 occultis
2516 2936 2637 2991 Filii
2667 2978 2681 2997 ,
2728 2936 2816 2990 ubi
2846 2937 3111 3007 signatum
3143 2947 3225 2993 est
3254 2940 3304 2991 in
3337 2938 3493 2995 nobis

1893 3025 2080 3082 lumen
2132 3027 2311 3090 vultus
2356 3028 2473 3091 tui,
2524 3029 2747 3083 Domine
2802 3029 2988 3101 (Psal.
3032 3032 3235 3099 iv,7);
3290 3033 3488 3086 etenim

1893 3116 2185 3175 Abscondes
2211 3134 2295 3173 eos
2321 3159 2335 3183 ,
2365 3119 2535 3188 inquit
2558 3160 2571 3183 ,
2605 3120 2658 3172 in
2686 3119 2979 3174 abscondito
3007 3122 3175 3176 vultus
3201 3123 3271 3175 tui
3297 3122 3316 3195 (
3344 3123 3489 3177 Psal.

1894 3224 2001 3275 xxx
2028 3248 2043 3272 ,
2070 3207 2133 3261 21
2164 3206 2205 3277 ).
2237 3207 2532 3263 Lzetabitur
2578 3224 2706 3279 ergo
2752 3218 2808 3263 et
2849 3211 3135 3266 exsultabit
3180 3213 3230 3265 in
3279 3221 3329 3266 te
3353 3253 3369 3278 ,
3397 3215 3491 3284 qui

1894 3306 2080 3361 narrat
2120 3301 2297 3354 omnia
2344 3300 2604 3354 mirabilia
2657 3311 2765 3354 tua.
2808 3300 3058 3356 Narrabit
3102 3313 3279 3357 autem
3312 3307 3491 3360 omnia

1895 3392 2160 3449 mirabilia
2190 3403 2275 3448 tua
2303 3435 2317 3456 ,
2348 3394 2608 3463 siquidem
2640 3408 2781 3447 nunc
2810 3410 2904 3463 per
2931 3394 3262 3464 pr0ph'etiam
3286 3397 3487 3453 dictum

1898 3493 1981 3536 est
2009 3483 2048 3546 ⁸,
2096 3483 2184 3538 ille
2220 3485 2307 3553 qui
2360 3499 2463 3535 non
2515 3482 2660 3536 venit
2701 3483 3039 3561 voluntatem.
3076 3499 3226 3538 suam
3273 3485 3487 3550 lacere.

1895 3574 1993 3626 sed
2021 3573 2345 3627 voluntatem
2375 3573 2493 3640 ejus
2522 3573 2611 3642 qui
2644 3588 2766 3626 eum
2796 3573 2940 3627 misit
2969 3572 3165 3648 (Joan.
3196 3591 3248 3628 γι
3272 3617 3286 3637 ,
3316 3576 3384 3631 58
3408 3577 3447 3645 ).

1971 3666 2025 3719 d.
2067 3661 2234 3735 [υιγε.
2266 3660 2363 3735 4.]
2393 3662 2509 3718 Jam
2550 3663 2923 3732 enim-incipit
2957 3678 3217 3733 apparere
3262 3680 3490 3733 persona

1902 3752 2110 3808 Domini
2140 3754 2192 3806 in
2226 3754 2327 3809 hoc
2353 3752 2560 3823 psalmo
2591 3753 2835 3823 loquens.
2863 3752 2997 3808 Nam
3022 3756 3302 3825 sequitur:
3331 3754 3490 3811 Psal—

1842 3846 1844 3849 ’
1896 3844 2006 3897 lam
2027 3844 2219 3899 nomini
2260 3856 2347 3898 tuo
2370 3888 2385 3911 ,
2428 3843 2721 3908 Altissime,
2765 3844 2821 3897 in
2858 3845 3193 3899 convertenda
3230 3846 3491 3899 inimicum

1898 3951 2063 3993 meum
2089 3944 2390 3988 retrorsum.
2424 3934 2591 4002 Hujus
2629 3936 2759 4002 ergo
2804 3934 3053 3989 inimicus
3089 3935 3304 4005 quando
3346 3945 3493 3991 retro

1893 4039 2188 4079 conversus
2218 4025 2341 4079 est?
2372 4027 2451 4079 An
2484 4025 2697 4093 quando
2725 4024 2776 4079 ei
2804 4024 3003 4080 dictum
3030 4035 3113 4081 est
3138 4044 3152 4081 :
3180 4025 3312 4080 Redi
3332 4036 3493 4083 retro.

1894 4116 2121 4172 Satanas
2150 4116 2384 4189 (Matth.
2414 4131 2492 4182 tv,
2526 4116 2592 4170 10
2614 4116 2661 4186 )?
2693 4126 2818 4171 tunc
2852 4118 2995 4172 enim
3026 4118 3115 4190 qui
3147 4118 3401 4173 tentando
3428 4136 3490 4177 se

1897 4223 2211 4280 praeponere
2236 4206 2483 4277 cupiebat
2511 4218 2655 4261 retro
2686 4208 2855 4262 factus
2878 4218 2961 4264 est
2988 4250 3003 4271 ,
3036 4224 3145 4263 non
3177 4209 3493 4279 decipienda

1900 4312 2159 4355 tentatum
2189 4307 2243 4353 et
2270 4300 2323 4353 in
2350 4315 2472 4353 eum
2511 4298 2644 4353 nihil
2684 4298 2930 4353 valendo.
2974 4299 3141 4355 Retro
3181 4301 3322 4354 enim
3367 4292 3497 4355 Sunt

1899 4396 2096 4453 terreni
2125 4395 2407 4459 homines;
2438 4393 2672 4449 caelestis
2714 4402 2895 4447 autem
2945 4393 3107 4448 homo
3138 4394 3282 4461 prior
3320 4393 3496 4449 factus

1899 4501 1977 4546 est
2006 4532 2019 4556 ,
2049 4490 2293 4560 quamvis
2343 4497 2465 4559 post
2504 4487 2753 4543 venerit:
2802 4487 3004 4557 primus
3038 4487 3183 4542 enim
3228 4488 3389 4542 homo
3424 4488 3494 4544 de

1901 4595 2040 4639 terra
2069 4594 2314 4640 terrenus
2338 4600 2352 4647 ;
2380 4581 2650 4638 secundus
2679 4580 2844 4635 homo
2882 4579 2952 4635 de
2987 4580 3128 4636 caelo
3172 4580 3405 4636 caelestis
3434 4586 3452 4648 (
3476 4581 3495 4636 1

1901 4677 2017 4732 Cor.
2051 4691 2143 4741 xv,
2173 4674 2303 4746 47).
2344 4674 2450 4729 Sed
2492 4673 2560 4729 de
2608 4674 2721 4742 ipsa
2768 4676 2937 4744 stirpe
2978 4674 3263 4740 veniebat,
3310 4691 3338 4727 a
3388 4692 3496 4745 quo

1902 4769 2100 4822 dictttm
2130 4776 2250 4821 est:
2286 4765 2387 4832 Qui
2425 4775 2535 4834 post
2582 4781 2663 4817 me
2706 4765 2876 4829 venit,
2931 4775 3049 4818 ante
3094 4781 3175 4818 me
3220 4770 3384 4836 factus
3427 4776 3501 4819 est

1905 4858 2101 4923 (Joan.
2130 4873 2186 4924 ι,
2218 4856 2349 4928 15).
2381 4856 2450 4911 Ει
2475 4842 2763 4924 Apostolus
2787 4870 2851 4910 ea
2881 4870 3000 4925 qua:
3028 4865 3175 4909 retro
3200 4866 3325 4908 sunt
3352 4857 3495 4910 obli-

1905 4954 2124 5007 viscitur
2151 4993 2165 5017 ,
2191 4961 2244 5005 et
2271 4951 2322 5003 in
2353 4965 2416 5004 ea
2444 4965 2563 5017 qua:
2587 4958 2713 5003 ante
2740 4958 2865 5002 sunt
2893 4963 2952 5003 se
2978 4948 3219 5003 extendit
3252 4949 3271 5021 (
3295 4948 3494 5020 Philip.

1907 5062 1963 5102 ιιι
1988 5088 2001 5109 ,
2030 5046 2099 5100 15
2126 5050 2161 5107 ).
2192 5046 2491 5099 Conversus
2519 5053 2601 5096 est
2641 5042 2801 5112 igitur
2838 5041 3088 5096 inimicus
3132 5052 3279 5095 retro
3303 5083 3317 5104 ,
3352 5053 3499 5112 post-

1906 5152 2065 5207 quam
2096 5151 2203 5189 non
2230 5134 2394 5188 valuit
2424 5133 2691 5189 hominem
2732 5133 3009 5187 cmlestcm
3040 5131 3289 5202 decipere
3330 5144 3500 5190 tenta-

1908 5239 2018 5282 tum
2044 5269 2059 5293 ,
2087 5236 2141 5280 et
2163 5242 2223 5281 se
2246 5225 2312 5279 ad
2339 5234 2583 5279 terrenos
2605 5224 2869 5278 convertit
2896 5223 2984 5277 ubi
3009 5223 3274 5278 dominari
3299 5236 3500 5296 potest.

1908 5319 2246 5388 Quapropter
2273 5316 2452 5370 nullus
2478 5314 2753 5368 hominum
2789 5329 2911 5367 eum
2954 5315 3211 5384 praecedit
3256 5325 3311 5367 et
3352 5305 3499 5371 retro

1911 5425 2032 5465 eum
2064 5424 2187 5463 esse
2214 5407 2376 5472 facit,
2407 5407 2509 5460 nisi
2539 5406 2629 5474 qui
2658 5406 2934 5475 deponens
2970 5406 3254 5474 imaginem
3302 5410 3498 5464 terreni

1913 5500 2144 5554 hominis
2164 5498 2449 5569 portaverit
2465 5499 2749 5567 imaginem
2770 5497 3047 5567 cmicstis(
3074 5496 3226 5551 lCor.
3252 5514 3343 5563 xv,
3367 5500 3439 5555 49
3459 5504 3497 5571 ).

1910 5593 2028 5651 Jam
2057 5608 2185 5647 vero
2212 5594 2257 5647 si
2287 5591 2428 5660 quod
2454 5590 2651 5645 dictum
2677 5599 2760 5646 est
2785 5631 2799 5652 ,
2828 5590 3088 5647 inimicum
3108 5606 3275 5642 meum
3295 5631 3310 5654 ,
3339 5606 3502 5659 gene-

1913 5686 2096 5742 raliter
2120 5685 2205 5739 vel
2250 5694 2584 5754 peccatorem
2624 5682 2710 5737 vel
2751 5682 3003 5752 gentilem
3036 5681 3306 5734 hominem
3337 5684 3504 5752 magis

1978 5886 1996 5920 ¹
2022 5885 2160 5948 ωιιι,
2185 5882 2343 5938 dictus
2359 5890 2429 5936 est
2452 5882 2533 5935 ille
2550 5880 2653 5947 qui,
2673 5891 2771 5935 etc.
2796 5891 2925 5947 ιω..
2955 5885 3140 5937 dictum
3161 5891 3248 5937 est.
