3956 6324
524 431 622 487 “9

521 543 744 598 velimus
769 537 1011 609 accipere
1033 579 1049 602 ,
1083 551 1191 591 non
1217 534 1321 592 erit
1345 531 1656 588 absurdum.
1685 529 1796 586 Nec
1821 541 1980 598 paena
2007 525 2110 581 erit

520 631 661 704 quod
677 630 879 687 dictum
899 637 982 684 est
995 670 1012 694 ,
1029 626 1053 680 Ι
1061 644 1093 680 n
1115 625 1446 681 convertenda
1461 623 1724 679 inimicum
1741 637 1906 676 meum
1925 629 2110 674 retror-

522 739 675 788 sunt;
702 720 799 776 sed
833 718 1151 775 beneflcium
1177 756 1194 782 ,
1238 723 1294 770 et
1339 715 1443 769 tale
1490 712 1806 768 beneficium
1831 752 1846 776 ,
1891 721 1950 766 ut
1990 709 2115 765 huic

525 811 826 882 comparari
853 809 985 864 nihil
1014 808 1202 878 possit.
1233 799 1372 875 Quid
1399 804 1541 858 enim
1581 803 1811 868 beatius.
1829 816 1988 872 quam
2019 800 2113 854 de-

531 917 730 970 ponere
759 899 1060 969 superbiam
1090 940 1104 963 ,
1129 911 1181 952 et
1206 912 1313 951 non
1339 895 1476 950 velle
1495 894 1764 949 Christum
1788 892 2108 963 praecedere,

531 994 694 1049 νυΙυιί
718 1009 884 1050 sanus
909 993 978 1049 sit
1002 993 1086 1047 cui
1116 991 1355 1046 medicus
1385 1005 1489 1044 non
1518 988 1588 1043 sit
1615 987 1987 1051 necessarius;
2019 987 2112 1040 sed

535 1085 695 1140 malle
724 1094 868 1139 retro
891 1085 968 1139 ire
989 1092 1107 1154 post
1129 1083 1401 1137 Christum
1421 1122 1438 1148 ,
1459 1080 1551 1153 qui
1575 1079 1892 1149 discipulum
1919 1093 2116 1133 vocans

526 1189 586 1233 ut
619 1177 924 1248 perficiatur
951 1220 966 1240 .
994 1177 1123 1232 dicit
1151 1191 1161 1225 :
1193 1174 1416 1246 Sequere
1433 1191 1513 1228 me
1537 1173 1557 1245 (
1583 1173 1766 1227 Matth.
1799 1188 1888 1227 xix
1912 1213 1930 1240 ,
1957 1172 2022 1226 ‘21
2052 1171 2069 1241 )
2093 1171 2118 1226 ?

525 1270 633 1326 Sed
660 1281 836 1326 tamen
864 1269 1315 1326 accommodatius
1338 1269 1406 1324 de
1435 1267 1648 1323 diabolo
1675 1269 1873 1322 dictum
1917 1267 2116 1322 intelli-

527 1364 668 1428 gitur
695 1379 708 1417 :
742 1360 812 1416 In
837 1361 1167 1417 convertenda
1195 1360 1455 1415 inimicum
1481 1376 1646 1415 meum
1671 1370 1965 1414 retrorsum.
1994 1359 2116 1414 Dia-

526 1452 683 1508 bolus
706 1453 900 1525 quippe
927 1463 1220 1508 retrorsum
1249 1466 1539 1507 conversus
1559 1458 1642 1505 est
1665 1452 1824 1505 etiam
1852 1448 1905 1503 in
1937 1463 2119 1519 perse-

527 1544 743 1600 cutione
773 1543 1078 1613 justorum,
1125 1552 1182 1600 et
1224 1543 1394 1599 multo
1438 1542 1617 1599 utilius
1663 1551 1971 1610 per-secutor
1993 1551 2113 1607 est,

528 1651 688 1704 quam
717 1633 764 1691 si
792 1633 899 1690 dux
928 1643 982 1691 et
1011 1635 1255 1705 princeps
1282 1635 1514 1705 praeiret.
1547 1633 1886 1690 Psallendum
1915 1643 1999 1690 est
2024 1633 2120 1706 igi-

529 1739 616 1784 tur
647 1728 846 1783 nomini
879 1727 1138 1784 Altissimi
1162 1728 1214 1782 in
1235 1725 1596 1784 convertendo
1615 1727 1885 1783 inimicum
1913 1736 2119 1783 retror—

529 1833 687 1883 sum;
737 1818 987 1888 quoniam
1039 1817 1197 1872 malle
1239 1817 1497 1873 debemus
1542 1833 1666 1873 eum
1712 1825 2122 1887 persequentem

529 1911 710 1978 lugere
732 1949 749 1974 ,
775 1924 932 1979 quam
974 1909 1257 1964 ducentem
1294 1908 1443 1979 sequi
1475 1925 1489 1963 :
1532 1908 1788 1963 habemus
1825 1911 1968 1964 enim
2016 1925 2124 1979 quo

531 2000 793 2070 fugiamus
821 2009 876 2056 et
899 1999 1290 2055 abscondamur
1333 2001 1386 2055 in
1424 2000 1646 2056 occultis
1674 1999 1794 2057 Filii
1815 2041 1830 2063 .
1863 2000 1983 2070 quia
2017 2001 2123 2055 Do-

531 2091 709 2148 minus
740 2092 911 2148 factus
936 2104 1020 2148 est
1049 2092 1308 2162 refugium
1341 2091 1494 2148 nobis
1527 2091 1714 2164 (Psal.
1745 2107 1953 2149 Lxxxtx
1979 2133 1994 2158 ,
2025 2093 2048 2148 l
2081 2094 2120 2163 ).

600 2182 655 2236 5.
698 2180 867 2255 [rem
898 2183 952 2239 5.
975 2181 997 2256 ]
1017 2181 1419 2252 lnﬁrmabuutur
1443 2227 1458 2251 ,
1481 2193 1530 2238 et
1546 2184 1778 2253 peribunt
1801 2201 1834 2238 α
1861 2185 1995 2256 [acie
2015 2194 2120 2239 tua.

529 2273 631 2341 Qui
662 2272 1070 2330 infirmabuntur
1099 2284 1154 2330 et
1178 2275 1462 2348 peribunt,
1495 2275 1598 2330 nisi
1633 2275 1798 2345 iniqui
1840 2285 1896 2330 et
1933 2276 2126 2346 impii?

533 2364 938 2434 lnﬁrmabuntur
961 2409 976 2433 ,
1004 2367 1130 2421 dum
1158 2367 1291 2422 nihil
1312 2367 1562 2422 valebunt
1586 2384 1601 2433 ;
1634 2377 1683 2422 et
1710 2367 1979 2437 peribunt,
2001 2369 2124 2438 quia

533 2471 638 2510 non
669 2466 824 2511 erunt
852 2457 1033 2525 impii;
1057 2475 1088 2510 a
1110 2459 1239 2529 facie
1263 2457 1356 2512 Dei
1383 2500 1398 2522 ,
1426 2457 1477 2512 id
1502 2465 1585 2512 est
1603 2472 1631 2510 a
1659 2458 1961 2528 cognitione
1986 2460 2077 2514 Dei
2104 2501 2119 2525 ,

531 2549 667 2602 sicut
689 2550 845 2618 periit
864 2548 952 2604 ille
971 2550 1060 2620 qui
1081 2549 1216 2605 dixit
1241 2567 1256 2602 :
1294 2548 1417 2604 Vivo
1440 2561 1608 2603 autem
1623 2550 1740 2622 jam
1769 2566 1869 2604 non
1895 2565 1986 2622 ego
2009 2592 2024 2611 .
2047 2551 2125 2604 oi-

532 2638 788 2693 vitantem
809 2641 860 2694 in
883 2656 962 2694 me
991 2640 1220 2695 Christus
1252 2639 1272 2711 (
1297 2638 1414 2695 Gal.
1448 2657 1482 2695 ιι
1506 2682 1522 2707 ,
1553 2640 1624 2696 20
1648 2643 1688 2711 ).
1715 2641 1820 2696 Sed
1850 2657 2015 2712 quare
2042 2642 2126 2696 in-

534 2731 904 2798 ]irmabuntur,
927 2741 976 2786 et
1001 2733 1230 2804 peribunt
1280 2733 1428 2802 impii
1472 2750 1505 2787 ιι
1543 2735 1675 2805 facie
1710 2743 1800 2788 tua
1823 2735 1850 2788 .9
1873 2734 2126 2801 Quoniam

534 2824 696 2890 fecisti
709 2825 964 2896 judicium
993 2843 1159 2881 meum
1182 2868 1198 2891 ,
1243 2826 1448 2898 inquit,
1501 2837 1546 2882 et
1580 2845 1788 2882 causam
1825 2845 1988 2882 meam
2010 2847 2030 2883 :
2074 2828 2125 2883 id

531 2923 617 2969 est
641 2955 656 2980 ,
681 2914 939 2985 judicium
968 2915 1096 2970 illud
1123 2917 1174 2972 in
1201 2933 1306 2986 quo
1329 2917 1554 2988 judicari
1582 2921 1726 2974 visus
1752 2935 1868 2974 sum
1893 2959 1910 2984 ,
1942 2933 2126 2975 meum

535 3007 746 3076 fecisti;
774 3019 828 3065 et
857 3023 1069 3064 causam
1102 3010 1244 3064 illam
1275 3011 1327 3065 in
1357 3027 1462 3081 qua
1507 3028 1594 3067 me
1634 3011 1836 3082 justum
1877 3023 1933 3067 ct
1969 3012 2125 3066 innoo

535 3109 744 3155 centem
791 3100 1034 3156 homines
1080 3101 1509 3167 damnaverunt,
1555 3118 1727 3156 meam
1775 3100 1972 3159 fecisti.
2005 3102 2130 3158 Haec

535 3193 678 3246 enim
707 3192 755 3247 ei
786 3192 1150 3250 militaverunt
1171 3193 1237 3249 ad
1276 3206 1514 3250 nosuam
1546 3194 1951 3250 liberationem:
1989 3194 2131 3250 sicut

537 3293 594 3338 et
619 3291 793 3338 nauta:
815 3281 1002 3339 dicunt
1028 3293 1246 3340 ventum
1286 3301 1439 3340 suum
1470 3329 1484 3350 ,
1517 3301 1623 3356 quo
1652 3295 1872 3341 utuntur
1897 3286 1964 3341 ad
1993 3286 2131 3342 bene

537 3376 914 3447 navigandum.

611 3468 666 3525 ϐ.
709 3467 898 3525 Sedisti
941 3486 1094 3539 super
1137 3471 1412 3537 thronum,
1451 3471 1540 3540 qui
1570 3470 1780 3540 judicas
1820 3473 2129 3541 atquitatem.

538 3558 664 3615 Sive
692 3557 859 3613 Filius
889 3558 1029 3613 Patri
1061 3557 1240 3624 dicat,
1290 3558 1381 3628 qui
1429 3549 1590 3613 etiam
1631 3557 1761 3614 illud
1803 3559 1975 3622 dixit,
2010 3558 2132 3614 Non

543 3647 749 3703 haberes
777 3648 829 3702 in
847 3664 928 3701 me
949 3659 1242 3716 potestatem
1262 3690 1278 3715 ,
1302 3649 1401 3702 nisi
1428 3649 1516 3703 tibi
1534 3649 1707 3702 datum
1726 3649 1902 3720 fuisset
1919 3650 2136 3720 desuper

545 3738 744 3810 (Joan.
775 3754 866 3793 xix
890 3780 907 3806 ,
937 3741 994 3793 ll
1027 3740 1068 3808 ),
1097 3740 1326 3810 idipsum
1353 3739 1421 3794 ad
1449 3742 1752 3810 aequitatem
1786 3741 1958 3797 Patris
1986 3752 2040 3796 et
2067 3743 2132 3796 ad

542 3829 751 3885 occulta
777 3843 872 3884 sua
903 3829 1140 3885 referens
1161 3873 1174 3893 ,
1197 3831 1338 3900 quod
1363 3830 1524 3901 judex
1546 3830 1820 3886 hominum
1846 3831 1913 3886 ad
1939 3831 2136 3887 utilita-

546 3933 653 3977 tem
684 3918 959 3978 itominum
984 3922 1252 3992 judicatus
1296 3931 1416 3977 est:
1457 3925 1571 3978 sive
1604 3922 1765 3978 homo
1799 3924 1942 3979 dicat
1985 3925 2094 3979 Deo
2117 3967 2133 3991 ,

546 4013 740 4070 Sediin
759 4031 911 4084 super
935 4014 1168 4067 thronum
1193 4054 1210 4080 ,
1231 4014 1317 4083 qui
1329 4012 1537 4081 judicas
1564 4015 1848 4079 aquitatem
1872 4057 1886 4079 ,
1904 4015 2137 4069 animam

545 4121 697 4162 suam
728 4105 980 4162 thronum
1008 4106 1125 4175 ejus
1151 4107 1427 4177 appellans
1448 4146 1464 4171 ,
1510 4116 1566 4162 ut
1595 4121 1789 4178 corpus
1817 4108 1887 4162 sit
1914 4108 2139 4165 furtasse

547 4206 732 4264 terra,
779 4211 900 4267 qua:
933 4196 1222 4251 scabellum
1275 4197 1466 4264 pedum
1511 4197 1628 4268 ejus
1673 4198 1813 4254 dicta
1857 4197 2137 4270 est(lsai.

549 4303 670 4344 vat
695 4329 710 4355 ,
742 4288 769 4343 1
796 4287 840 4360 );
877 4287 1014 4342 Deus
1039 4288 1183 4343 enim
1210 4298 1324 4342 crat
1354 4289 1404 4342 in
1431 4288 1643 4344 Christo
1671 4289 1926 4344 mundum
1953 4306 2142 4344 recon-

549 4379 739 4435 cilians
784 4379 885 4433 sibi
933 4377 1018 4448 (ιι
1044 4377 1162 4434 Cor.
1191 4394 1244 4444 v,
1273 4378 1418 4448 19):
1465 4381 1578 4435 sive
1619 4381 1793 4435 anima
1840 4381 2097 4436 Ecclesiae
2124 4383 2140 4414 ι

551 4472 657 4540 jam
690 4472 919 4543 perfecta
945 4483 997 4526 et
1021 4472 1138 4527 sine
1165 4472 1371 4527 macula
1399 4481 1454 4526 et
1493 4488 1620 4543 ruga
1667 4471 1688 4544 (
1712 4472 1900 4542 Ephes.
1924 4489 1977 4536 v,
2004 4473 2075 4528 9.7
2096 4473 2139 4542 ),

555 4561 710 4634 digna
736 4561 937 4617 scilicet
965 4563 1186 4618 occultis
1211 4562 1329 4617 Filii
1354 4605 1369 4624 .
1397 4562 1520 4632 quia
1562 4563 1855 4619 introduxit
1896 4581 2013 4620 eam
2050 4581 2145 4621 rex

556 4652 608 4707 in
637 4651 936 4708 cubiculum
962 4668 1115 4707 suum
1147 4651 1335 4724 (Cant.
1368 4668 1421 4717 ι,
1452 4651 1546 4722 5),
1588 4653 1730 4709 dicat
1769 4669 1970 4723 sponso
2007 4669 2106 4709 suo
2128 4699 2143 4722 ,

556 4745 747 4801 Sedisti
764 4761 916 4816 super
933 4745 1168 4799 thronum
1191 4787 1208 4811 ,
1229 4746 1316 4814 qui
1333 4745 1544 4815 judicas
1566 4749 1847 4817 equitatem
1866 4788 1881 4812 ,
1911 4747 2034 4818 quia
2061 4764 2144 4803 re-

557 4836 836 4890 surrexisti
861 4851 890 4888 a
921 4835 1142 4888 mortuis
1167 4877 1181 4899 ,
1204 4844 1258 4890 et
1277 4835 1566 4891 ascendisti
1587 4835 1639 4890 in
1661 4836 1854 4891 ctelum
1881 4877 1897 4902 ,
1919 4847 1975 4891 et
1992 4838 2149 4893 sedes

558 4924 625 4980 ad
650 4924 923 4980 dexteram
958 4925 1170 4979 Patris:
1203 4924 1451 4995 quaelibet
1492 4940 1621 4996 ergo
1655 4925 1843 4980 barum
1887 4929 2146 4981 sententia

563 5017 766 5086 placeat
789 5059 804 5084 ,
831 5033 938 5088 quo
969 5017 1068 5072 iste
1093 5032 1280 5072 versus
1306 5015 1569 5072 referatur
1592 5058 1607 5083 ,
1631 5018 1866 5088 regulam
1895 5019 2016 5074 lidci
2045 5033 2148 5074 non

563 5108 792 5163 excedit.

634 5200 687 5253 7.
712 5197 863 5272 [τινε.
890 5197 969 5271 6.]
993 5197 1281 5269 Increpasti
1304 5210 1496 5268 gentes,
1524 5208 1570 5252 et
1598 5200 1744 5268 periit
1770 5201 1978 5269 impius.
2001 5200 2149 5256 Cun-

565 5290 865 5344 venientius
887 5289 988 5344 hoc
1011 5290 1236 5344 Domino
1259 5288 1388 5344 Jesu
1409 5288 1626 5344 Christo
1651 5289 1778 5353 dici,
1793 5305 1951 5360 quam
1975 5292 2146 5360 ipsum

566 5379 770 5444 dicere,
802 5380 1112 5450 accipimus.
1139 5380 1270 5446 Quis
1295 5381 1437 5436 enim
1460 5381 1597 5436 alius
1625 5382 1918 5452 increpavit
1941 5394 2150 5453 gentes,

567 5481 622 5526 et
645 5472 802 5542 periit
827 5471 1041 5538 impius,
1065 5470 1166 5525 nisi
1186 5472 1278 5541 qui
1304 5481 1483 5540 postea
1513 5486 1673 5543 quam
1696 5475 1938 5528 ascendit
1965 5477 2016 5529 in
2043 5491 2156 5529 cae—

573 5566 705 5628 lum,
726 5565 868 5618 misit
895 5561 1153 5631 Spiritum
1182 5574 1447 5627 sanetum,
1474 5579 1581 5632 quo
1609 5565 1859 5633 complcti
1886 5567 2148 5634 Apostnli,

567 5671 693 5710 cum
730 5653 920 5708 fiducia
947 5653 1297 5723 prtedicareut
1325 5655 1544 5709 verbum
1569 5654 1660 5709 Dei
1682 5697 1696 5719 ,
1730 5666 1784 5710 et
1811 5668 2025 5727 peccata
2057 5659 2151 5714 ho-

635 5861 652 5891 ‘
677 5857 752 5912 ita
774 5857 822 5910 in
981 5862 1036 5905 Αι
1058 5856 1182 5917 apud
1200 5859 1331 5913 Lov.,
1354 5851 1452 5905 site
1466 5853 1592 5905 enim
1617 5852 1850 5907 Ecclesia.

1761 416 1817 472 S.
1861 407 2230 469 AUGUSTI.“
2269 409 2576 470 EPISCOPI

2223 525 2425 581 minam
2458 530 2624 586 libere
2649 537 2975 604 arguet-ent?
2995 550 3097 606 qua
3129 535 3493 607 increpatione
3519 535 3676 608 periit
3707 537 3814 592 im-

2225 619 2380 688 pius;
2410 623 2533 691 quia
2555 623 2877 692 justifieatus
2904 639 2987 680 est
3017 628 3212 697 impius
3231 669 3245 693 ,
3273 638 3329 684 et
3357 627 3527 684 factus
3559 637 3645 684 est
3670 630 3812 698 pius.

2227 710 2428 767 Nomen
2452 731 2628 769 eorum
2649 716 2826 772 delesti
2845 719 2897 772 in
2917 718 3182 782 steculum,
3199 729 3247 774 et
3270 721 3324 773 in
3350 719 3595 774 secutum
3615 720 3814 775 seculi.

2226 805 2467 861 Deletum
2487 806 2578 863 Est
2607 825 2801 866 nomen
2825 811 3109 882 impiorum
3140 831 3153 866 :
3181 828 3285 866 non
3306 814 3448 869 enim
3475 814 3820 884 appellantur

2225 897 2370 966 impii
2394 939 2408 959 .
2441 900 2529 969 qui
2563 900 2674 955 Deo
2702 917 2831 956 vero
2873 902 3120 957 credunt.
3162 904 3378 958 Delctnr
3409 913 3586 958 autem
3615 918 3817 958 nomen

2226 1003 2412 1042 eurum
2441 989 2494 1043 in
2513 991 2777 1057 saxulum,
2807 992 2860 1046 id
2887 1002 2990 1057 est,
3019 994 3272 1063 quamdiu
3316 994 3614 1065 temporale
3638 1010 3820 1050 sacu-

2226 1079 2340 1134 lum-
2366 1081 2612 1135 volvitur.
2644 1080 2714 1136 Et
2741 1083 2795 1136 in
2823 1084 3062 1138 suculam
3090 1086 3286 1139 seculi.
3310 1083 3448 1152 Quid
3472 1097 3553 1140 est
3576 1085 3826 1140 saculitm

2224 1170 2402 1224 saeculi
2418 1210 2435 1236 ,
2467 1171 2568 1224 nisi
2588 1172 2740 1242 cujus
2766 1173 2999 1243 effigiem
3027 1183 3082 1229 et
3105 1182 3358 1246 tanquam
3387 1174 3630 1230 umbram
3659 1175 3826 1230 habet

2229 1261 2330 1316 hoc
2368 1263 2668 1318 szeculum?
2709 1264 3036 1321 Vicissitudo
3064 1267 3207 1322 enim
3235 1276 3537 1338 temporum
3565 1269 3669 1324 sibi
3696 1283 3825 1323 suc-

2225 1357 2528 1413 cedentium
2551 1399 2566 1421 .
2611 1357 2738 1413 dum
2769 1359 2896 1415 luna
2927 1360 3185 1416 minuitur
3223 1369 3277 1417 et
3303 1376 3492 1424 rursus
3529 1361 3828 1432 impletur,

2225 1448 2354 1504 dum
2394 1450 2472 1504 sol
2501 1451 2646 1506 omni
2677 1466 2821 1506 anno
2851 1452 3029 1508 locum
3079 1468 3234 1508 suum
3264 1455 3497 1524 repetit,
3537 1453 3665 1508 dum
3707 1469 3825 1518 ver,

2227 1539 2310 1594 vel
2340 1549 2519 1604 testas,
2545 1542 2629 1596 vel
2643 1549 2953 1607 autumnus,
2972 1543 3056 1598 vel
3087 1543 3259 1599 hiems
3284 1545 3363 1599 sic
3387 1544 3580 1599 transit
3601 1552 3668 1599 ut
3695 1544 3825 1600 red-

2226 1640 2344 1696 eat,
2375 1632 2686 1687 :eternitatis
2715 1633 2959 1704 quaedam
3000 1634 3226 1689 imitatio
3270 1643 3372 1690 est.
3392 1635 3505 1690 Sed
3537 1634 3700 1706 hujus
3725 1650 3830 1690 sa:-

2231 1723 2334 1778 culi
2362 1723 2618 1779 sacculum
2645 1735 2728 1780 est
2750 1725 2895 1796 quod
2923 1725 3350 1785 incommutabili
3375 1727 3675 1783 aeternitate
3694 1741 3832 1782 con-

2230 1814 2389 1870 sistit.
2415 1815 2566 1871 Sicut
2605 1811 2793 1872 versus
2818 1815 2871 1871 in
2900 1814 3102 1879 animo,
3135 1825 3190 1871 et
3215 1830 3406 1872 versus
3434 1817 3489 1872 in
3516 1832 3653 1871 voce
3687 1834 3704 1872 :
3737 1816 3832 1872 ille

2237 1909 2583 1979 intelligitur.
2612 1911 2716 1966 iste
2741 1910 2977 1975 auditur;
3008 1919 3064 1965 et
3108 1911 3200 1965 iHe
3237 1911 3396 1966 istum
3427 1909 3702 1965 niodificat
3731 1927 3746 1964 :
3778 1919 3833 1966 et

2235 2001 2357 2056 ideo
2387 2001 2477 2054 ille
2502 2002 2556 2057 in
2584 2011 2697 2055 arte
2723 2010 2978 2071 operatur
3006 2011 3060 2055 et
3089 2011 3290 2065 manet,
3313 2000 3414 2055 iste
3445 2001 3497 2054 in
3527 2015 3654 2056 aere
3673 2009 3836 2055 sonat

2234 2103 2290 2147 et
2319 2094 2532 2148 transit.
2571 2092 2662 2148 Sic
2689 2093 2850 2159 hujus
2879 2092 3149 2147 mutabilis
3179 2092 3362 2146 saeculi
3407 2092 3602 2147 modus
3638 2091 3711 2147 ab
3739 2090 3834 2148 illo

2237 2186 2654 2241 incommutabili
2677 2185 2878 2242 saeculo
2897 2183 3324 2254 definitur,quod
3345 2183 3542 2238 dicitur
3563 2182 3833 2238 steculum

2233 2279 2414 2335 saeculi
2442 2299 2454 2332 :
2478 2290 2528 2334 et
2555 2280 2674 2334 ideo
2698 2278 2826 2333 illud
2855 2279 2908 2332 in
2939 2287 3056 2334 arte
3085 2277 3178 2332 Dei
3197 2319 3210 2339 .
3238 2275 3342 2331 hoc
3367 2284 3450 2332 est
3476 2277 3528 2331 in
3553 2275 3833 2345 Sapientia

2233 2382 2289 2427 et
2314 2371 2523 2426 Virtute
2553 2381 2857 2441 permanet;
2881 2368 2983 2424 hoc
3014 2379 3191 2423 autem
3222 2368 3274 2422 in
3304 2378 3565 2422 creaturae
3593 2365 3836 2422 admini-

2233 2464 2490 2516 stratione
2539 2461 2830 2532 peragitur.
2867 2459 2924 2515 Si
2955 2469 3132 2514 tamen
3177 2474 3281 2512 non
3327 2457 3573 2526 repetitio
3610 2464 3730 2523 est,
3777 2464 3838 2511 ut

2235 2562 2418 2622 postea
2447 2568 2604 2622 quam
2630 2551 2829 2607 dictum
2856 2561 2940 2606 est
2964 2552 3018 2605 in
3044 2551 3307 2615 stet-idum,
3328 2565 3396 2605 ne
3420 2549 3524 2604 hoc
3551 2549 3836 2619 accipere-

2235 2657 2322 2701 tur
2353 2645 2494 2716 quod
2526 2644 2713 2700 transit
2728 2686 2742 2708 ,
2764 2643 3117 2714 subjiceretur
3135 2643 3186 2696 in
3213 2640 3456 2696 sarculum
3476 2641 3675 2695 seculi.
3697 2639 3836 2694 Nam

2234 2739 2288 2793 in
2316 2737 2505 2809 grzecis
2537 2736 2931 2808 exemplaribus
2969 2733 3049 2789 sic
3073 2741 3157 2790 est
3196 2752 3209 2789 :
3245 2743 3311 2796 si;
3335 2741 3414 2787 τὸν
3438 2741 3591 2787 utam
3611 2774 3626 2798 ,
3658 2742 3746 2787 καί
3769 2742 3836 2796 εις

2235 2839 2313 2885 τὸν
2340 2839 2493 2882 αἰῶνα
2515 2837 2601 2883 τοῦ
2627 2838 2793 2890 αιῶνος
2820 2843 2834 2892 ;
2860 2826 3001 2897 quod
3024 2825 3198 2882 Latini
3229 2826 3468 2895 plerique
3495 2824 3836 2894 interpretati

2233 2929 2389 2986 sunt,
2417 2934 2524 2974 non
2550 2919 2604 2973 in
2629 2919 2872 2973 saeculum
2891 2959 2907 2980 .
2943 2927 2990 2972 et
3023 2918 3074 2971 in
3100 2916 3344 2971 stectdum
3369 2914 3545 2969 seculi
3564 2955 3579 2980 ,
3614 2914 3711 2970 sed
3734 2957 3749 2980 ,
3781 2917 3835 2970 in

2234 3019 2501 3076 internum,
2531 3019 2578 3064 et
2606 3010 2659 3064 in
2685 3009 2929 3063 saeuiunt
2952 3007 3130 3064 sceuli
3157 3023 3174 3061 :
3199 3015 3258 3061 ut
3283 3007 3335 3060 in
3365 3021 3432 3063 eo
3457 3005 3600 3076 quod
3625 3006 3835 3061 dictum

2234 3113 2317 3156 est
2345 3101 2401 3155 in
2430 3102 2672 3156 swculum
2701 3099 2896 3166 menti,
2925 3099 3054 3154 illud
3075 3107 3437 3168 exponeretur
3460 3097 3602 3168 quod
3630 3098 3836 3154 dictum

2237 3204 2320 3249 est
2346 3195 2398 3250 in
2426 3203 2691 3250 internum.
2723 3191 2926 3248 Nomen
2953 3208 3082 3262 ergo
3101 3192 3372 3262 impiorum
3393 3191 3570 3245 defesti
3597 3192 3654 3246 in
3681 3201 3835 3247 ater-

2238 3301 2379 3347 num,
2406 3285 2528 3354 quia
2560 3283 2815 3353 deinceps
2835 3299 3105 3352 nunquam
3132 3283 3474 3350 eruntimpii.
3496 3281 3564 3336 Et
3586 3283 3632 3337 si
3653 3281 3708 3338 in
3735 3282 3838 3339 hoc

2237 3377 2489 3430 sa-culurn
2522 3392 2628 3429 non
2651 3375 3110 3442 tenditurutomcn
3137 3389 3348 3440 eorum,
3373 3374 3542 3428 multo
3570 3373 3756 3431 minus
3781 3376 3836 3431 in

2238 3467 2494 3522 szeculum
2521 3467 2722 3522 sicculi.

2303 3557 2359 3614 8.
2402 3561 2556 3630 [verm
2588 3554 2669 3629 7.]
2695 3554 2905 3610 Inimici
2916 3556 3205 3625 defecerunt
3231 3556 3436 3622 framea
3449 3553 3500 3607 in
3516 3551 3692 3620 ﬁnem.
3713 3549 3831 3606 Non

2235 3648 2515 3722 pluraliter
2561 3648 2797 3712 inimici,
2854 3646 2949 3702 sed
3004 3645 3345 3716 singulariter
3398 3642 3556 3714 hujus
3603 3642 3829 3696 inimici.

2234 3739 2402 3810 Cujus
2427 3749 2604 3796 autem
2631 3739 2854 3804 inimici,
2878 3738 2978 3793 nisi
3003 3737 3202 3792 diaboli
3233 3736 3452 3792 framea:
3479 3734 3833 3790 defecerunt?

2236 3832 2333 3887 lite
2360 3843 2542 3887 autem
2583 3830 2954 3900 intelliguntur
2997 3829 3226 3884 diversa:
3275 3828 3554 3898 opiniones
3601 3827 3828 3890 erroris.

2237 3923 2430 3993 quibus
2468 3921 2559 3978 ille
2599 3923 2805 3975 animas
2843 3931 3091 3991 tanquam
3118 3919 3308 3991 gladiis
3333 3917 3562 3989 perimit.
3593 3916 3691 3972 His
3715 3915 3833 3986 gla-

2237 4015 2344 4070 diis
2369 4013 2645 4070 vineendis
2673 4023 2726 4069 et
2769 4013 2835 4068 ad
2877 4012 3140 4068 defectum
3173 4009 3523 4082 perducendis
3552 4009 3719 4064 instat
3746 4006 3836 4063 ille

2237 4106 2466 4176 gladius,
2490 4105 2560 4162 de
2581 4121 2687 4177 quo
2726 4104 2778 4159 in
2805 4105 3034 4173 septimo
3063 4105 3269 4174 psalmo
3295 4102 3490 4158 dicitur
3513 4120 3528 4156 :
3561 4099 3684 4156 Nisi
3708 4117 3834 4155 con-

2242 4201 2521 4265 certamini,
2567 4198 2796 4268 gladium
2824 4214 2974 4251 suum
3002 4196 3212 4251 oibrabit
3261 4194 3434 4265 (Psal.
3481 4210 3577 4264 vn,
3627 4195 3741 4265 i5).
3775 4193 3839 4248 Ει

2244 4295 2382 4347 forte
2408 4292 2509 4347 iste
2539 4299 2624 4348 est
2649 4290 2768 4344 linis
2794 4293 2846 4345 in
2886 4305 3047 4360 quem
3089 4288 3304 4344 framea:
3330 4287 3584 4342 deficiunt
3610 4285 3834 4351 inimici,

2244 4386 2364 4456 quia
2397 4398 2564 4454 usque
2592 4383 2658 4438 ad
2687 4383 2860 4452 ipsum
2882 4379 3083 4452 aliquid
3109 4379 3318 4444 valent;
3343 4379 3457 4447 ipse
3486 4393 3628 4432 nunc
3647 4390 3840 4448 opera-

2246 4489 2331 4531 tur
2357 4477 2587 4542 occulte,
2621 4475 2810 4529 ultimo
2838 4482 3015 4528 autem
3049 4470 3253 4542 judicio
3299 4470 3471 4541 palam
3517 4467 3836 4523 vibrabitur.

2249 4569 2358 4622 lloc
2382 4567 2732 4622 destruuntur
2772 4565 3046 4629 civitates;
3079 4577 3201 4618 nam
3237 4564 3304 4614 ita
3339 4558 3600 4630 sequitur,
3632 4556 3842 4613 Inimici

2247 4662 2538 4732 defecerunt
2563 4663 2770 4730 [romae
2793 4659 2848 4711 in
2877 4657 3060 4725 finem;
3081 4664 3128 4710 et
3162 4654 3386 4708 civitates
3411 4650 3703 4707 destrua'isti
3723 4663 3751 4707 :
3767 4651 3844 4704 cio

2249 4754 2438 4809 vitales
2467 4761 2644 4807 autem
2686 4751 2965 4821 inquibus
3004 4749 3254 4803 diabolus
3281 4754 3488 4816 regnat,
3527 4743 3614 4800 ubi
3654 4741 3843 4799 dolosa

2248 4855 2304 4898 et
2325 4842 2661 4898 fraudulenta
2682 4839 2903 4897 consilia
2925 4849 3176 4908 tanquam
3198 4837 3360 4892 curia:
3378 4836 3551 4891 locum
3573 4833 3842 4899 obtinent,

2249 4937 2335 4992 cui
2367 4935 2686 5006 principatui
2711 4934 2860 5004 quasi
2890 4931 3154 4989 satellites
3175 4941 3228 4986 et
3249 4929 3480 4985 ministri
3509 4928 3705 4983 adsunt
3724 4927 3844 4981 offi-

2250 5030 2332 5084 cia
2375 5042 2712 5100 quorumque
2751 5025 3135 5089 membrorum,
3173 5023 3309 5079 oculi
3355 5025 3422 5077 ad
3452 5021 3842 5084 curiositatem,

2250 5137 2409 5176 aures
2423 5123 2490 5175 ad
2509 5119 2800 5182 lasciviam,
2826 5119 2907 5174 vel
2928 5118 2973 5173 si
2993 5117 3118 5188 quid
3137 5124 3220 5172 est
3245 5115 3387 5170 aliud
3408 5113 3550 5185 quod
3575 5113 3626 5168 in
3649 5111 3844 5168 malam

2253 5225 2457 5286 partem
2482 5215 2712 5269 libenter
2734 5210 2970 5274 auditur,
3001 5223 3190 5264 manus
3210 5207 3276 5262 ad
3300 5207 3538 5276 rapinam
3564 5205 3648 5262 vel
3675 5205 3846 5276 quod-

2254 5309 2384 5364 libet
2405 5307 2546 5362 aliud
2575 5307 2777 5362 facinus
2818 5315 2910 5359 aut
2953 5303 3232 5374 ﬂagitium,
3279 5310 3336 5357 et
3381 5299 3620 5354 membra
3649 5312 3842 5353 canem

2255 5398 2308 5454 in
2331 5397 2474 5453 hunc
2488 5396 2705 5452 modum
2717 5395 3011 5465 ‘tyrannico
3036 5390 3377 5463 principatni,
3405 5390 3458 5445 id
3480 5397 3566 5445 est
3580 5388 3846 5459 perversis

2254 5489 2492 5547 consiliis
2515 5488 2816 5544 militantia.
2840 5485 3006 5553 Hujus
3029 5486 3260 5539 civitatis
3278 5483 3430 5554 quasi
3459 5483 3609 5553 plebs
3629 5491 3711 5537 est
3732 5497 3843 5534 om-

2264 5590 2361 5630 nes
2393 5572 2631 5628 delicata:
2666 5569 2975 5623 affectiones
3013 5579 3069 5623 ct
3104 5569 3394 5624 turbulenti
3429 5580 3606 5623 motus
3652 5571 3844 5630 animi,

2265 5663 2600 5735 quotidiauas
2628 5658 2918 5714 seditiones
2956 5660 3009 5712 in
3039 5657 3257 5714 homine
3285 5659 3566 5728 agitantes.
3595 5659 3738 5730 Ergo
3761 5654 3849 5713 ubi

2271 5772 2393 5818 rex,
2423 5755 2511 5808 tibi
2537 5753 2683 5808 curia
2707 5793 2720 5815 ,
2747 5751 2833 5805 ubi
2864 5749 3091 5804 ministri
3112 5792 3127 5814 ,
3153 5751 3240 5805 tibi
3269 5751 3423 5821 plebs
3450 5754 3737 5815 invenitur.
3768 5754 3846 5808 ci-

2275 5849 2409 5903 vitas
2433 5856 2513 5900 cst
2547 5863 2558 5898 :
2590 5859 2760 5912 neque
2793 5842 2933 5898 enim
2967 5841 3087 5897 talia
3122 5852 3300 5896 essent
3339 5843 3388 5896 iu
3427 5842 3582 5900 malis
3619 5843 3846 5908 civitati.
