3956 6308
216 375 335 432 121

216 490 357 555 ius,
386 486 495 543 nisi
518 486 678 560 prius
704 493 897 543 essent
919 486 971 541 in
1001 483 1226 555 singulis
1256 482 1586 552 hominibus,
1607 481 1697 553 qui
1720 492 1849 536 sunt

217 592 496 651 tanquam
523 578 795 635 elementa
823 590 880 634 e'.
903 577 1111 633 semina
1137 576 1436 631 civitatum.
1472 574 1576 630 llas
1602 573 1849 629 civitates

218 671 493 736 destruit,
524 687 653 726 cum
681 671 903 725 excluso
942 668 1066 723 inde
1097 667 1369 737 principe,
1401 666 1469 722 de
1509 679 1617 736 quo
1643 664 1844 719 dictum

218 775 350 831 est,
381 764 644 834 Princeps
676 764 833 834 hujus
858 762 1031 817 διενιαιί
1062 763 1247 815 missus
1275 771 1347 813 est
1370 765 1511 829 {oras
1538 757 1720 827 (Joan.
1748 772 1842 818 xu,

220 858 351 925 3t),
386 865 676 911 vastantur
714 855 831 909 haec
870 868 1033 924 regna
1075 853 1240 907 verbo
1266 850 1536 917 veritatis,
1563 850 1849 921 sapiuntur

222 949 474 1018 maligna
496 947 743 1011 consilia,
773 957 956 1016 turpes
973 945 1288 1000 aﬂ'ectioues
1314 945 1651 1010 edomantur,
1677 959 1844 997 tuem-

223 1040 462 1093 brorum
511 1049 569 1094 et
605 1053 858 1093 sensuum
907 1036 1203 1092 ministeria
1251 1036 1621 1105 captivantur,
1677 1045 1732 1090 et
1772 1034 1840 1088 ad

217 1134 463 1205 justitia:
492 1141 551 1188 et
574 1132 839 1187 bonorum
865 1146 1090 1201 operum
1127 1130 1369 1185 militiam
1395 1128 1791 1184 transferuntur
1823 1144 1836 1181 :

219 1233 290 1279 ut
314 1223 459 1294 jam,
492 1223 630 1278 sicut
659 1222 954 1292 Apostolus
979 1221 1141 1288 dicit,
1170 1237 1273 1275 non
1296 1230 1470 1290 regnet
1498 1230 1761 1292 peccatum
1787 1221 1841 1272 in

219 1328 415 1373 nostra
445 1318 653 1373 mortali
680 1332 892 1387 corpore
920 1315 1095 1388 (Rom.
1121 1331 1193 1380 vt,
1223 1315 1339 1385 12),
1378 1325 1433 1371 et
1462 1326 1656 1370 cmtera
1685 1314 1842 1386 hujus

222 1409 363 1464 loci.
409 1408 565 1464 Tunc
609 1418 830 1479 pacatur
869 1408 1089 1473 anima,
1138 1416 1193 1463 et
1236 1406 1516 1462 ordinatur
1559 1406 1722 1462 homo
1770 1408 1837 1461 a’d

219 1504 475 1571 quietem
504 1510 561 1556 et
586 1501 654 1555 ad
692 1499 1076 1555 beatitudinem
1102 1500 1510 1569 capessendam.
1539 1498 1698 1553 Periit
1729 1515 1838 1552 me-

221 1595 403 1649 moria
454 1609 631 1648 eorum
669 1609 783 1646 eum
830 1593 1090 1661 strepitu:
1140 1591 1426 1661 impiorum
1473 1591 1699 1646 scilicet.
1729 1590 1835 1647 Sed

218 1703 349 1741 cum
378 1686 618 1753 strepitu,
648 1685 763 1741 sive
787 1684 910 1755 quia
938 1686 997 1738 lit
1016 1684 1301 1753 strepitus,
1335 1683 1535 1737 dictum
1576 1692 1691 1746 est.
1715 1699 1835 1738 cum

220 1779 490 1850 impietas
516 1776 811 1842 evertitur;
840 1791 947 1831 non
971 1777 1115 1831 enim
1140 1774 1332 1829 transit
1351 1773 1419 1829 ad
1444 1788 1706 1827 summam
1740 1790 1834 1843 pa-

218 1885 375 1933 com,
405 1870 491 1924 ubi
522 1883 791 1923 summum
813 1867 1085 1922 silentium
1108 1876 1207 1930 est,
1236 1866 1340 1920 nisi
1369 1865 1459 1935 qui
1482 1880 1674 1935 magno
1696 1875 1836 1922 stre-

222 1964 346 2034 pitu
402 1962 552 2032 prius
592 1977 714 2016 cum
754 1962 869 2016 suis
898 1960 1041 2015 vitiis
1067 1959 1463 2029 belligeravcrit
1508 1976 1521 2011 :
1561 1959 1676 2013 sive
1718 1975 1835 2012 cum

217 2058 447 2125 strepitu
488 2055 689 2108 dictum
740 2063 861 2119 est,
916 2062 974 2107 ut
1016 2062 1200 2122 pereat
1238 2050 1497 2107 memoria
1547 2052 1830 2120 impiorum

217 2149 394 2201 etiam
426 2148 545 2216 ipso
574 2147 805 2217 strepitu
832 2156 1110 2216 pereunte,
1141 2146 1194 2200 in
1222 2161 1329 2216 quo
1358 2144 1710 2212 tumultuatur
1736 2145 1835 2198 im-

221 2237 427 2309 pietas.

294 2328 353 2383 9.
388 2325 546 2400 [κη.
575 2328 641 2393 8,
684 2327 766 2401 9.]
800 2326 867 2382 Et
910 2326 1157 2381 Dominus
1189 2329 1239 2381 in
1278 2338 1522 2383 telernum
1550 2338 1827 2398 permanet.

223 2420 427 2490 thuid
467 2402 600 2489 ergo
646 2419 974 2473 fremuerunt
1013 2430 1236 2490 gentes,
1272 2429 1327 2474 et
1367 2421 1544 2490 populi
1590 2421 1829 2474 meditati

216 2520 351 2565 sunt
376 2511 578 2574 inania,
603 2510 861 2566 adversus
888 2511 1169 2564 Dominum
1197 2520 1252 2565 et
1271 2510 1530 2566 adversus
1553 2510 1828 2566 Christum

219 2605 339 2674 ejus
375 2603 548 2674 (Psal.
570 2620 627 2669 ιι,
656 2602 748 2674 l)?
770 2619 891 2658 nam
923 2603 1175 2657 Dominus
1193 2603 1249 2657 in
1274 2613 1517 2657 teternum
1545 2613 1828 2673 permanet.

221 2696 442 2751 Paravit
471 2696 524 2750 in
539 2696 743 2766 judicio
771 2696 941 2750 sedem
965 2714 1112 2751 suam
1130 2738 1147 2763 ,
1177 2708 1224 2751 et
1246 2698 1353 2767 ipse
1371 2697 1624 2767 judicabit
1657 2697 1829 2751 orbem

222 2800 486 2844 terrarum
509 2790 563 2842 in
590 2789 845 2857 equitate.
872 2788 1120 2853 Paravit,
1145 2803 1265 2844 cum
1294 2788 1564 2857 judicatus
1589 2798 1673 2844 est
1691 2830 1706 2853 ,
1734 2806 1825 2844 se-

221 2881 351 2936 dem
380 2894 535 2933 suam
568 2895 582 2931 :
616 2893 714 2948 per
740 2878 885 2933 illam
912 2878 1055 2933 enim
1088 2878 1399 2948 patientiam
1433 2878 1595 2934 homo
1626 2880 1824 2935 cmlum

223 2969 553 3043 acquisivit,
583 2980 638 3024 et
663 2970 808 3025 Deus
846 2970 896 3024 in
924 2969 1143 3026 homine
1172 2971 1187 3002 ⁸
1216 2969 1561 3025 credentibus
1590 2970 1821 3040 profuit;

223 3077 280 3121 et
322 3066 428 3122 hoc
471 3076 554 3122 est
597 3068 865 3123 occultum
893 3065 1012 3121 Filii
1038 3066 1325 3136 judicium.
1365 3068 1472 3123 Sed
1511 3069 1632 3137 quia
1661 3070 1824 3126 ctiam

224 3156 401 3226 palam
429 3156 819 3228 manilesteque
845 3166 1103 3213 venturus
1127 3166 1213 3213 est
1231 3157 1298 3213 ad
1321 3160 1470 3213 vivos
1498 3168 1553 3213 et
1580 3168 1824 3214 mortuos

218 3248 542 3319 jndicandos
561 3292 575 3315 ,
610 3249 821 3320 paravit
859 3250 914 3304 in
945 3251 1155 3305 occulto
1179 3249 1383 3320 judicio
1410 3251 1599 3307 sedem
1630 3267 1815 3317 suam;

222 3353 271 3398 et
295 3344 406 3413 ipse
423 3344 549 3399 item
571 3346 741 3413 palam
760 3342 1014 3413 judicabit
1035 3344 1206 3409 orbam
1228 3352 1475 3398 terrarum
1496 3345 1547 3397 in
1563 3346 1820 3415 a’qttilale,

227 3435 279 3489 id
317 3446 435 3499 est,
468 3437 673 3491 meritis
698 3436 855 3508 digna
884 3435 1201 3503 distribuct,
1244 3451 1413 3507 agnos
1441 3436 1510 3492 ad
1545 3438 1820 3493 dexteram

228 3541 464 3596 ponens,
490 3526 677 3583 lnedos
705 3529 771 3582 ad
802 3528 1070 3584 sinistram
1109 3526 1323 3600 (Matth.
1362 3545 1489 3595 xxv,
1520 3532 1634 3597 213).
1666 3530 1823 3585 Jndi-

228 3618 361 3672 cabit
399 3621 618 3690 papulas
639 3636 755 3673 eum
780 3621 1009 3689 justitia.
1042 3620 1155 3676 Hoc
1180 3629 1266 3675 est
1290 3622 1430 3691 quod
1466 3626 1711 3692 superius
1735 3624 1821 3679 di-

225 3717 369 3765 ctum
412 3709 801 3777 est,ludicabit
826 3710 997 3767 orbem
1026 3721 1275 3767 terrarum
1303 3714 1357 3767 in
1384 3715 1620 3785 tequitate
1657 3731 1677 3770 :
1712 3732 1818 3771 non

227 3802 677 3870 quemadmodum
704 3802 949 3874 jndicant
977 3804 1259 3871 homines,
1291 3806 1381 3875 qui
1407 3807 1568 3862 corda
1602 3823 1707 3863 non
1734 3807 1819 3862 vi-

230 3890 395 3956 dent,
443 3906 476 3947 a
521 3891 714 3963 quibus
757 3893 1075 3964 plerumque
1114 3894 1415 3950 deteriores
1463 3896 1817 3953 absolvuntur

227 3996 385 4052 quam
414 3981 874 4045 condemnantur;
906 3982 1003 4039 sed
1039 3983 1092 4037 i'n
1132 3984 1385 4055 mquitate
1412 3994 1468 4041 et
1509 4001 1629 4040 cum
1655 3988 1817 4057 justi-

231 4072 299 4125 tia
328 4072 586 4127 Dominus
606 4072 870 4142 judicabit
892 4115 907 4139 ,
940 4074 1305 4130 testimonium
1337 4076 1651 4144 perlzibcnte
1686 4093 1817 4133 con.

232 4162 485 4229 scientia,
517 4175 573 4220 et
614 4165 1027 4235 cogitationibus
1064 4168 1441 4224 accusantibus
1483 4182 1580 4224 seu
1622 4169 1814 4226 delen-

229 4256 474 4312 tlentibus
501 4255 677 4327 (Rom.
704 4273 764 4322 τι,
791 4258 908 4329 15).

299 4346 383 4401 10.
417 4344 568 4420 [rem
597 4345 710 4421 ‘10.]
736 4347 803 4401 Et
828 4351 994 4419 factus
1024 4358 1099 4404 est
1119 4348 1371 4404 Dominus
1393 4351 1648 4422 refugium
1679 4367 1812 4421 pau-

234 4436 337 4504 peri
356 4434 452 4508 (a).
481 4436 881 4504 Quantumlihet
913 4450 1266 4510 persequatur
1294 4440 1541 4495 inimicus
1569 4440 1692 4508 ille,
1722 4443 1816 4511 qui

231 4542 516 4582 conversus
545 4536 628 4583 est
666 4538 811 4583 retro
833 4568 850 4593 ,
882 4528 1009 4600 quid
1051 4530 1266 4585 nocebit
1306 4530 1387 4585 eis
1410 4546 1640 4601 quorum
1673 4531 1816 4586 rel‘u-

234 4622 372 4690 gium
402 4618 576 4675 factus
603 4630 686 4674 est
715 4620 1008 4675 Dominus?
1044 4620 1151 4676 Sed
1182 4622 1282 4677 hoc
1309 4623 1429 4689 liet,
1460 4623 1504 4676 si
1536 4622 1588 4695 in
1615 4625 1815 4706 sarculo

237 4713 361 4776 hoc,
388 4710 542 4780 cujus
567 4710 655 4767 ille
684 4712 1024 4780 magistratus
1050 4721 1133 4766 est
1155 4753 1173 4779 ,
1205 4727 1468 4781 pauperes
1504 4728 1626 4769 esse
1660 4714 1813 4769 dele-

236 4801 437 4872 gerint,
487 4801 619 4858 nihil
670 4802 902 4856 amando
946 4801 1089 4873 quod
1139 4802 1222 4858 vel
1271 4803 1360 4858 hic
1405 4803 1677 4860 viventem
1723 4816 1815 4861 aut

232 4903 492 4949 amantem
522 4894 745 4960 deserit,
772 4895 853 4950 vel
881 4911 912 4950 a
941 4896 1206 4951 moriente
1232 4897 1528 4961 deseritur;
1559 4898 1646 4951 tali
1669 4899 1813 4954 enim

237 4987 443 5058 pauperi
469 4986 731 5057 refugium
760 4988 931 5042 factus
958 4996 1042 5041 est
1068 4989 1355 5053 Dominus,
1387 4989 1609 5059 Adjutor
1634 4991 1687 5043 in
1716 5007 1813 5062 op-

242 5078 646 5150 portunitatibus,
675 5079 727 5133 in
750 5079 1093 5135 tribulatione.
1116 5080 1206 5135 Sic
1232 5096 1494 5151 pauperes
1517 5083 1657 5147 facit,
1682 5098 1814 5154 quo-
1830 5100 1849 5123 τ

244 5173 371 5227 niam
394 5171 625 5242 ﬂagellat
652 5188 867 5227 omnem
902 5173 1069 5227 lilium
1097 5189 1255 5242 quem
1288 5175 1476 5244 recipit
1503 5175 1686 5245 (llebr.
1718 5192 1809 5241 xu,

240 5262 308 5333 ὃ).
329 5260 459 5319 Nam
482 5262 607 5333 quid
638 5262 709 5316 sit
736 5263 941 5335 adjutor
964 5264 1017 5317 in
1044 5265 1504 5335 opportunitatibus
1521 5307 1539 5333 ,
1563 5268 1813 5337 exposuit

239 5368 345 5409 cum
371 5352 608 5418 addidit,
654 5354 709 5407 in
753 5354 1074 5408 tribulatione
1108 5371 1127 5408 :
1158 5369 1264 5409 non
1302 5356 1443 5409 enim
1476 5358 1808 5412 convertitur

241 5446 401 5499 anima
430 5444 499 5499 ad
530 5445 696 5500 Deum
718 5486 733 5510 ,
766 5445 866 5500 nisi
896 5444 1024 5500 dum
1052 5446 1120 5501 ab
1150 5444 1251 5500 hoc
1292 5448 1489 5501 stecnlo
1518 5450 1801 5514 avertitur;

241 5549 326 5591 nec
363 5534 723 5605 opportunius
787 5535 857 5590 ab
920 5536 1023 5591 boc
1050 5537 1247 5592 saaculo
1274 5539 1548 5605 avertitur,
1573 5540 1672 5593 nisi
1706 5557 1810 5594 nu-

243 5626 443 5691 gatoriis
481 5624 601 5697 ejus
630 5634 685 5682 et
712 5626 886 5683 noxiis
920 5638 975 5682 et
998 5628 1319 5700 perniciosis
1344 5629 1709 5701 voluptatibus
1733 5632 1810 5687 la-

295 5759 397 5810 |sic
416 5765 526 5809 llas.
549 5758 673 5809 mliti
693 5771 830 5818 vero,
852 5765 900 5809 et
926 5768 1053 5812 Deus
1088 5758 1373 5811 hominibus.

290 5817 358 5885 (tt)
386 5822 519 5875 Idem
540 5832 677 5873 vers.
698 5820 758 5873 10
776 5817 1038 5886 exponitur
1072 5822 1124 5873 in
1142 5828 1282 5873 mar.
1307 5818 1427 5873 Psal.
1451 5838 1652 5887 mm,
1677 5840 1725 5876 ιι.
1753 5826 1802 5877 3.

1397 368 1802 429 ENABRATIO
1842 368 1909 424 IN
1948 369 2273 431 PSALMUM
2312 374 2404 434 IX.

3450 387 3553 445 122

1958 483 2117 541 bores
2145 487 2466 561 doloresque
2490 492 2835 549 misceantur.

2026 579 2114 634 il.
2148 577 2299 652 [ιιεη.
2334 579 2448 656 ιι]
2477 581 2545 639 Et
2570 597 2772 655 sperent
2801 586 2853 641 in
2884 597 2930 642 te
2952 588 2969 621 ί
3006 591 3094 660 qui
3122 603 3428 663 cognoscunt
3455 612 3547 649 no-

1952 683 2067 720 men
2097 678 2240 723 tuum
2271 686 2291 725 :
2333 686 2455 726 cum
2485 672 2790 730 destiterint
2818 693 3041 747 sperare
3087 680 3143 735 in
3176 682 3371 739 divitiis
3409 686 3545 741 etin

1951 757 2071 812 aliis
2102 758 2265 831 hujus
2302 763 2488 819 tneculi
2528 764 2931 821 blandimentis.
2958 768 3299 835 Quaereutem
3345 775 3546 845 quippe

1950 847 2183 904 animam
2207 851 2321 911 ubi
2351 853 2473 923 ligat
2505 869 2656 925 spem
2684 897 2699 923 ,
2732 872 2855 911 cum
2898 858 2966 911 ab
2998 859 3100 914 hoc
3133 861 3334 915 mundo
3358 863 3547 919 avelli-

1951 947 2056 1003 tur,
2084 952 2387 1010 Opportune
2414 946 2611 1015 excipit
2653 949 2887 1018 cognitio
2932 951 3167 1007 nominis
3195 952 3288 1008 Dei
3314 955 3335 985 ⁸
3365 971 3380 1008 :
3418 970 3541 1010 nam

1950 1048 2145 1087 nomen
2174 1035 2348 1104 ipsum
2380 1037 2473 1092 Dei
2507 1054 2647 1093 nunc
2690 1056 3075 1113 usquequaque
3106 1043 3377 1113 vulgatum
3421 1056 3542 1112 est;

1948 1124 2044 1177 sed
2072 1127 2305 1195 cognitio
2334 1128 2566 1183 nominis
2595 1140 2706 1194 est,
2752 1147 2876 1185 cum
2907 1132 2995 1187 ille
3022 1136 3366 1203 cognoscitur
3392 1136 3549 1207 cujus

1946 1226 2031 1271 est
2056 1234 2249 1273 nomen
2276 1238 2289 1274 :
2322 1237 2426 1275 non
2452 1223 2596 1278 enim
2621 1236 2818 1280 nomen
2851 1236 3070 1295 propter
3093 1242 3155 1280 se
3183 1243 3380 1292 nomen
3408 1240 3492 1290 est
3512 1270 3529 1293 ,

1945 1306 2040 1361 sed
2089 1318 2311 1378 propter
2337 1310 2390 1365 id
2428 1311 2570 1381 quod
2610 1312 2898 1384 signiﬁcat.
2943 1314 3151 1369 Dictum
3198 1325 3284 1371 est
3324 1328 3541 1383 autem,

1944 1394 2195 1451 Dominus
2230 1414 2408 1453 nomen
2456 1410 2527 1454 est
2572 1400 2650 1456 illi
2675 1401 2892 1473 (Jerem.
2938 1420 3112 1460 xxxtn
3139 1447 3154 1471 ,
3184 1406 3262 1479 2).
3296 1407 3536 1477 Quapro-

1944 1497 2061 1556 pter
2088 1490 2179 1561 qui
2222 1505 2281 1545 se
2325 1490 2556 1547 libenter
2596 1493 2710 1549 Deo
2752 1493 3009 1550 famulum
3040 1496 3255 1561 subdit,
3289 1498 3539 1567 cognovit

1944 1577 2047 1635 hoc
2087 1597 2304 1638 nomen.
2338 1582 2405 1638 Et
2452 1596 2654 1654 sperent
2694 1589 2748 1642 in
2788 1598 2835 1643 te
2878 1590 2965 1655 qui
3012 1600 3317 1661 cognoscunt
3356 1607 3539 1646 nomen

1941 1679 2103 1725 tuum.
2152 1670 2283 1728 Item
2328 1674 2586 1731 Dominus
2618 1676 2750 1733 dicit
2777 1679 2843 1733 ad
2886 1679 3144 1752 Moysen:
3178 1680 3287 1752 Ego
3312 1698 3427 1735 sum
3450 1684 3540 1752 qui

1938 1778 2051 1816 sum
2073 1778 2093 1827 ,'
2117 1775 2164 1820 et
2191 1765 2325 1820 dices
2352 1766 2473 1835 ﬁliis
2495 1766 2701 1824 Israel:
2727 1770 2869 1825 Misit
2898 1788 2975 1825 me
3001 1773 3091 1843 qui
3118 1782 3193 1827 est
3220 1772 3416 1847 (Exod.
3450 1790 3528 1839 ιιι,

1940 1853 2054 1924 ib).
2084 1854 2303 1926 Sperent
2325 1872 2456 1927 ergo
2478 1859 2533 1911 in
2560 1868 2607 1913 te
2630 1861 2717 1929 qui
2737 1872 3043 1933 ragnoscunt
3067 1879 3250 1917 nomen
3276 1874 3452 1917 tuum:
3470 1881 3538 1918 uo

1938 1956 2154 2013 sperent
2175 1946 2228 2000 in
2257 1945 2341 2002 bis
2369 1948 2530 2003 rebus
2545 1965 2665 2019 quae
2682 1952 2936 2021 temporis
2958 1952 3289 2008 volubilitate
3308 1962 3538 2025 ιιι-(Βιρι-

1939 2032 2132 2101 lluunt,
2156 2036 2288 2092 nihil
2317 2037 2579 2095 habentes
2601 2041 2724 2105 nisi,
2748 2042 2870 2108 erit,
2894 2050 2949 2099 et
2974 2043 3071 2097 fuit
3089 2060 3104 2109 ;
3124 2044 3374 2115 quoniam
3393 2045 3535 2116 quod

1938 2127 1991 2180 in
2024 2127 2127 2181 illis
2156 2127 2395 2184 futurum
2432 2139 2547 2198 est,
2576 2148 2698 2186 cum
2727 2134 2964 2201 venerit,
2991 2134 3052 2189 lit
3078 2136 3260 2191 statim
3290 2138 3536 2206 prmteri-

1939 2228 2081 2287 tmn;
2108 2231 2452 2291 exspectatur
2478 2238 2599 2278 cum
2629 2225 2921 2295 cupiditate
2939 2269 2955 2293 ,
2982 2227 3244 2284 amittitur
3279 2243 3401 2283 cum
3430 2228 3533 2283 do-

1939 2309 2069 2363 lore.
2100 2309 2158 2364 In
2190 2310 2284 2365 Dei
2312 2321 2490 2367 autem
2518 2322 2706 2369 natura
2733 2331 2840 2371 non
2862 2317 2966 2372 erit
2987 2317 3210 2390 aliquid,
3228 2320 3376 2389 quasi
3399 2335 3533 2373 non-

1937 2398 2063 2453 dum
2095 2401 2193 2466 sit;
2222 2412 2312 2455 aut
2344 2400 2473 2469 fuit,
2512 2405 2664 2473 quasi
2687 2404 2798 2475 jam
2827 2421 2933 2460 non
2963 2407 3069 2461 sit:
3096 2408 3190 2463 sed
3216 2417 3299 2463 est
3328 2416 3531 2463 tantum

1934 2488 1985 2542 id
2014 2490 2153 2559 quod
2177 2502 2278 2550 est.
2307 2500 2362 2546 et
2392 2493 2503 2561 ipsa
2532 2503 2616 2548 est
2638 2494 2929 2550 aaternitas.
2950 2496 3209 2551 Desinant
3234 2497 3393 2568 igitur
3411 2515 3533 2568 spe-

1935 2596 2056 2635 rare
2084 2588 2139 2635 et
2166 2582 2389 2650 diligere
2418 2585 2727 2653 temporalia
2752 2626 2767 2651 ,
2800 2595 2854 2641 et
2894 2601 2955 2642 se
2992 2587 3059 2642 ad
3098 2596 3352 2643 :eternam
3379 2606 3531 2659 spem

1932 2671 2246 2736 conferant,
2266 2673 2356 2741 qui
2385 2686 2715 2744 cognoscunt
2739 2692 2936 2733 nomen
2962 2678 3081 2749 ejus
3100 2680 3189 2749 qui
3216 2679 3350 2734 dixit
3379 2698 3393 2734 :
3419 2680 3532 2754 Ego

1930 2781 2042 2817 sum
2072 2765 2156 2832 qui
2187 2781 2321 2831 sum,
2346 2775 2401 2820 et
2428 2766 2497 2821 de
2522 2782 2629 2837 quo
2653 2768 2856 2824 dictum
2886 2779 2970 2825 est
2999 2789 3013 2826 :
3047 2770 3188 2825 Misit
3215 2789 3293 2825 me
3320 2773 3407 2842 qui
3434 2784 3527 2827 est.

1936 2854 2187 2920 Quoniam
2235 2872 2334 2910 non
2375 2857 2685 2929 dereliquisti
2725 2871 3003 2929 quwrentes
3028 2870 3107 2928 te,
3149 2861 3383 2918 Domine.
3426 2866 3528 2930 Qui

1928 2963 2049 3001 eum
2090 2961 2352 3016 quu't'unt,
2381 2949 2491 3018 jam
2522 2953 2850 3007 transeuntia
2878 2960 2932 3007 et
2954 2954 3215 3010 moritura
3246 2971 3351 3010 non
3375 2973 3529 3026 qua:-

1930 3048 2052 3091 runt
2071 3057 2083 3092 :
2101 3055 2257 3093 nemo
2276 3041 2417 3095 enim
2434 3050 2612 3111 potest
2627 3041 2837 3099 duobus
2852 3043 3081 3100 dominis
3096 3045 3299 3102 servire
3311 3044 3529 3123 (Matth.

1931 3142 2006 3187 v1.
2040 3130 2151 3198 24).

2002 3218 2087 3273 12.
2121 3218 2273 3293 (vers.
2308 3221 2422 3298 12.]
2455 3221 2671 3278 Psallite
2696 3223 2938 3291 Domino,
2964 3226 3054 3297 qui
3077 3226 3270 3282 habitat
3288 3228 3342 3282 in
3363 3226 3529 3285 Sion:

1928 3311 2012 3365 his
2039 3313 2257 3379 dicitur,
2292 3328 2425 3383 quos
2456 3330 2561 3369 non
2591 3314 2915 3386 derelinquit
2934 3328 3234 3387 quaerentes
3259 3334 3320 3375 se
3348 3320 3528 3376 Domi-

1927 3418 2047 3457 nus.
2077 3403 2194 3473 lpse
2218 3404 2420 3459 habitat
2451 3405 2501 3458 in
2535 3405 2698 3472 Sion,
2730 3407 2871 3475 quod
2916 3408 3295 3479 interpretatur
3318 3410 3526 3481 Specu-

1926 3493 2053 3549 latio
2078 3536 2093 3559 ,
2123 3503 2177 3548 et
2218 3504 2388 3554 gestat
2432 3495 2717 3566 imaginem
2758 3497 3012 3552 Ecclesiae
3057 3515 3176 3569 qua:
3206 3516 3350 3556 nunc
3388 3511 3474 3557 est
3506 3521 3522 3559 :

1924 3585 2062 3639 sicut
2085 3584 2381 3641 Jerusalem
2405 3595 2582 3656 gestat
2607 3587 2892 3658 imaginem
2918 3588 3173 3644 Ecclesirc
3202 3607 3321 3659 qua:
3348 3591 3523 3648 futura

1923 3685 2028 3739 est,
2048 3676 2098 3730 id
2122 3685 2205 3730 est
2231 3675 2459 3731 civilatis
2484 3686 2799 3733 sanctorum
2818 3677 2928 3749 jam
2952 3679 3190 3749 angelica
3211 3680 3317 3734 vita
3340 3680 3524 3738 lmen-

1926 3768 2092 3829 tium;
2121 3768 2241 3837 quia
2266 3767 2565 3823 Jerusalem
2595 3769 2980 3840 interpretatur
3002 3769 3149 3827 Visio
3176 3773 3342 3841 pacis.
3371 3774 3521 3829 Prte-

1923 3860 2065 3914 cedit
2100 3870 2277 3915 autem
2319 3862 2614 3931 speculalio
2644 3862 2903 3918 visionem
2924 3903 2940 3928 ,
2971 3863 3110 3919 sicut
3151 3864 3251 3919 ista
3280 3864 3521 3921 Ecclesia

1925 3953 2180 4021 praecedit
2208 3968 2325 4008 eam
2348 3970 2466 4023 qua:
2497 3954 2841 4023 promittitur,
2866 3953 3137 4013 civitatem
3162 3958 3519 4015 immortalem

1923 4054 1978 4099 et
2008 4052 2287 4099 atternam.
2331 4045 2436 4100 Sed
2478 4046 2731 4115 praecedit
2761 4056 3001 4118 tempore
3024 4089 3041 4117 ,
3074 4064 3182 4104 non
3222 4050 3515 4121 dignitate:

1922 4136 2043 4206 quia
2071 4134 2433 4191 honorabilius
2467 4145 2549 4191 est
2576 4150 2681 4205 quo
2703 4138 2985 4206 pervenire
3010 4139 3248 4207 nitimur,
3280 4156 3439 4210 quam
3465 4142 3517 4198 id

1921 4225 2063 4293 quod
2089 4226 2318 4296 agimus,
2352 4236 2408 4280 ut
2432 4228 2712 4295 pervenire
2742 4230 3309 4302 mereamur;agimus
3336 4242 3517 4298 autem

1921 4317 2337 4385 speculationem
2349 4359 2366 4383 ,
2383 4327 2442 4372 ut
2458 4320 2829 4389 perveniamus
2844 4320 2912 4376 ad
2928 4322 3209 4378 visionem.
3226 4325 3331 4380 Sed
3353 4326 3515 4382 etiam

1923 4405 2115 4475 ipsam,
2144 4425 2261 4477 qua:
2291 4425 2435 4463 nunc
2463 4419 2577 4473 est,
2619 4410 2913 4467 Ecclesiam
2944 4412 3046 4468 nisi
3078 4414 3337 4473 Dominus
3365 4418 3517 4473 inha-

1920 4497 2133 4564 bitaret,
2153 4499 2249 4554 iret
2278 4500 2328 4554 in
2347 4516 2583 4556 errorem
2609 4502 2900 4571 quamlibet
2920 4503 3307 4562 studiosissinta
3325 4524 3517 4579 specu-

1922 4592 2049 4646 latio
2073 4610 2087 4644 :
2111 4601 2162 4648 et
2192 4592 2314 4647 huic
2345 4593 2599 4648 Ecclesia:
2625 4593 2825 4649 dictum
2849 4608 2951 4663 cst,
2972 4596 3239 4667 Templum
3265 4601 3397 4653 enim
3420 4600 3515 4656 1).ςί

1921 4691 2152 4735 sanctum
2176 4691 2277 4746 est,
2307 4684 2444 4754 quod
2464 4684 2581 4738 estis
2614 4699 2700 4737 vos
2721 4684 2765 4751 (l
2794 4685 2914 4740 Car.
2940 4688 3159 4759 111,17);
3183 4698 3257 4755 ct,
3286 4686 3351 4743 In
3378 4691 3510 4743 inte-

1922 4772 2054 4827 riore
2088 4772 2290 4827 homine
2326 4773 2554 4828 habitare
2576 4773 2831 4829 Christum
2880 4794 2969 4847 per
3007 4778 3161 4847 ﬁdem
3200 4779 3254 4833 in
3281 4779 3515 4835 cordibus

1921 4866 2095 4920 vestris
2126 4863 2340 4934 (Ephes.
2364 4882 2456 4931 ιιι,
2481 4866 2592 4937 16).
2621 4867 2935 4937 Praecipitur
2960 4884 3089 4939 ergo
3115 4870 3269 4925 nobis
3292 4880 3350 4925 ut
3376 4873 3517 4941 psal-

1920 4956 2092 5010 lanms
2140 4956 2363 5009 Domino
2387 4998 2401 5021 ,
2431 4958 2521 5027 qui
2562 4957 2766 5013 habitat
2803 4958 2856 5012 in
2885 4958 3047 5024 Sion,
3080 4970 3137 5015 ut
3171 4962 3515 5017 concorditer

1921 5048 2209 5103 Dominum
2245 5050 2497 5103 Ecclesia:
2525 5050 2933 5106 inhabitatorem
2976 5053 3274 5109 laudemus.
3299 5055 3513 5109 Annuu-

1921 5142 2041 5193 tiate
2068 5141 2195 5193 inter
2221 5151 2392 5212 gentes
2427 5141 2680 5195 mirabilia
2709 5143 2816 5213 ejus
2842 5158 2862 5197 :
2882 5154 2938 5199 et
2963 5144 3156 5200 factum
3186 5155 3268 5201 est
3287 5185 3301 5213 ,
3325 5156 3381 5203 et
3407 5164 3509 5207 non

1919 5230 2128 5285 desinet
2160 5229 2295 5286 ﬁeri.

1991 5321 2077 5376 l5.
2105 5321 2268 5394 [vers.
2295 5322 2419 5395 15.]
2453 5323 2704 5389 Quoniam
2731 5327 2988 5393 requirens
3015 5330 3310 5399 sanguinem
3336 5346 3511 5383 eorum

1917 5426 2222 5468 memoratus
2252 5426 2344 5469 est.
2377 5417 2539 5484 Quasi
2580 5418 2995 5487 responderetur
3018 5420 3087 5474 ab
3115 5420 3197 5475 his
3234 5423 3322 5491 qui
3365 5423 3512 5477 missi

1917 5516 2043 5561 sunt
2085 5510 2479 5578 evangelizare,
2528 5512 2600 5565 illi
2632 5512 3101 5582 prtecepto'quod
3153 5515 3352 5570 dictum
3398 5527 3509 5582 est,

1982 5642 1997 5706 ξ
2034 5641 2151 5706 aditi
2179 5654 2191 5690 :
2217 5647 2270 5706 ξι
2294 5649 2484 5705 sperent
2508 5643 2557 5693 in
2576 5651 2623 5695 te
2645 5659 2823 5696 omnes.
2851 5647 3018 5706 Abest,
3042 5661 3204 5699 anates
3227 5662 3255 5698 τι
3279 5657 3384 5700 Mss.

1979 5702 2001 5733 ¹
2033 5709 2099 5752 tta
2122 5705 2169 5751 in
2193 5701 2444 5766 plerisque
2470 5714 2572 5754 MSS.
2596 5715 2651 5756 At
2668 5709 2715 5757 in
2738 5708 2918 5757 editis:
2945 5701 3194 5769 Quwreme
3217 5710 3394 5775 qnipne
3409 5716 3512 5767 ωιὶο

1979 5774 1998 5797 ω
2032 5774 2043 5787 ·
2070 5762 2311 5797 ηςιιιιηηιιο
2340 5774 2442 5797 Im!
2487 5767 2669 5797 nam:an
2694 5768 3003 5797 ρηρηέοόηαιιικι
3026 5770 3230 5797 ..Αιδιὶιά-.
3265 5773 3344 5797 ..-ε

1916 5774 1998 5818 ma
2024 5762 2311 5875 agamque
2340 5762 2463 5826 post.
2486 5767 2670 5829 excipit
3026 5762 3241 5824 nominis
3257 5762 3361 5824 ubi.

1981 5826 2002 5859 ³
2108 5832 2162 5886 ιι,
2184 5826 2219 5876 tl
2242 5826 2307 5876 ad
2330 5834 2639 5890 prlecemum.
2672 5838 2797 5893 usu,
2820 5829 2893 5882 tllt
2916 5842 3170 5896 praecepto.
