3956 6324
516 337 623 395 123

516 450 830 506 Annuntiate
871 449 993 504 inter
1030 457 1201 520 gentes
1247 443 1503 501 mirabifia
1545 437 1693 508 ejus;
1738 451 1794 498 et
1833 441 2118 501 diceretur,

514 543 734 596 [tantine
755 582 770 604 ,
793 542 908 613 quis
926 540 1146 596 credidit
1186 537 1387 594 auditui
1406 545 1576 592 nostra
1595 533 1748 608 (Isai.
1781 549 1869 586 Llil
1883 576 1899 598 ,
1923 530 2007 602 ηερ
2029 544 2084 585 et
2102 572 2121 597 ,

515 632 738 702 Propter
771 642 827 689 te
860 633 1142 686 occidimur
1181 641 1291 687 tota
1324 629 1413 684 die
1447 625 1621 699 (Psal.
1658 640 1816 690 mu,
1837 622 1956 694 22),
1985 638 2116 676 ron-
2161 642 2164 644 ν

514 729 800 789 venienter
833 721 1080 790 sequitur
1100 762 1116 787 ,
1148 719 1335 779 dicens
1360 759 1376 782 ,
1403 733 1512 778 non
1539 717 1656 782 sine
1702 729 1898 785 magno
1944 712 2116 767 fructu

511 795 829 869 a-ternitatis
876 814 1168 869 marituma
1217 813 1273 867 in
1313 810 1689 882 persecutione
1729 807 2063 863 Christianos
2097 821 2113 860 :

515 905 770 970 Quoniam
811 903 1071 978 requirens
1103 903 1406 973 sanguinem
1441 917 1616 956 eorum
1659 909 1969 975 memoratus
2015 906 2107 950 est.

509 994 616 1050 Sed
667 1010 764 1050 cur
808 994 1112 1065 sanguinem
1152 1011 1328 1050 eorum
1370 989 1793 1048 maluitdicere?
1825 991 1904 1044 An
1959 988 2112 1058 quasi

511 1089 648 1145 alius
687 1087 985 1160 imperitior
1013 1096 1069 1143 et
1114 1087 1337 1144 minoris
1385 1086 1510 1142 lidei
1560 1093 1829 1156 quzereret
1881 1082 2063 1151 (licens
2091 1095 2111 1146 ,‘
2166 1131 2174 1140 .

509 1179 791 1246 Quomodo
832 1178 1252 1243 annuntiabttnt,
1281 1194 1401 1234 cum
1442 1178 1494 1232 in
1521 1192 1615 1232 eos
1661 1174 2111 1244 iulidelitasgen-

509 1275 640 1328 tium
675 1272 924 1328 smvitura
951 1274 1059 1338 sit;
1094 1273 1217 1328 huic
1252 1269 1914 1344 respondetur,.Quoniam
1936 1266 2107 1329 requi-
2140 1290 2147 1304 ι

506 1380 625 1420 rens
664 1367 961 1436 sanguinem
1005 1382 1178 1420 eorum
1227 1373 1535 1418 memoratus
1557 1372 1670 1428 est;
1697 1360 1901 1426 idest,
1929 1359 2109 1414 veniet

507 1457 755 1511 tt't-mum
776 1455 1059 1522 judicium,
1088 1457 1174 1510 ubi
1206 1465 1254 1510 et
1281 1453 1679 1511 interfectorum
1710 1451 1876 1522 gloria
1900 1493 1914 1516 ,
1949 1458 2005 1505 et
2029 1450 2110 1504 in.

505 1545 879 1601 terficivntium
918 1561 1075 1616 pcena
1110 1545 1392 1600 manifesta
1436 1543 1545 1599 sit?
1571 1540 1885 1596 Memoratus
1914 1551 1988 1595 est
2013 1555 2111 1593 au-

506 1642 638 1702 tem,
665 1652 822 1690 nemo
843 1637 913 1690 ita
957 1637 1186 1708 positum
1216 1644 1366 1705 putet
1388 1675 1404 1698 ,
1430 1634 1580 1705 quasi
1612 1631 1812 1697 oblivio
1841 1630 1999 1685 cadat
2050 1629 2103 1685 in

504 1724 695 1790 Deum;
725 1726 818 1780 sed
848 1727 973 1796 quia
1010 1735 1129 1795 post
1152 1727 1370 1795 longum
1399 1735 1611 1794 tempus
1652 1724 1888 1779 futurum
1915 1731 1998 1778 est
2019 1720 2107 1792 ju-

501 1817 721 1883 dicium,
749 1816 1043 1872 secundum
1063 1817 1310 1871 allectum
1345 1815 1676 1870 infirmorum
1707 1813 1984 1868 hominum
2008 1827 2105 1884 po-

501 1907 663 1961 situm
693 1917 792 1971 est,
827 1908 918 1978 qui
945 1908 1096 1979 quasi
1142 1908 1364 1962 oblitum
1394 1907 1558 1961 Deum
1591 1913 1812 1974 putant,
1841 1906 1965 1976 quia
1993 1914 2101 1959 non

501 2007 609 2052 tam
645 1999 766 2057 ,cito
807 1997 932 2054 facit
979 2013 1139 2068 quam
1196 1999 1294 2068 ipsi
1341 1999 1542 2053 volunt.
1586 1996 1679 2052 llis
1712 1996 1909 2052 dicitur
1937 1995 2100 2050 etiam

498 2089 642 2158 quod
686 2091 929 2159 sequitur
949 2130 966 2157 ,
1001 2087 1126 2143 Non
1154 2099 1228 2144 est
1253 2088 1437 2145 oblitus
1477 2089 1748 2142 clamorem
1780 2102 2100 2158 pauperum;

504 2181 558 2235 iol
598 2190 715 2246 est,
747 2198 852 2235 non
880 2191 939 2236 ut
982 2181 1180 2252 putatis
1213 2180 1412 2235 oblitus
1459 2190 1541 2235 est
1585 2197 1599 2234 ε
1646 2179 1796 2249 quasi
1856 2177 2099 2233 dicerent

496 2282 680 2339 postea
703 2288 862 2340 quam
908 2271 1211 2337 audierunt,
1245 2270 1560 2325 Mentoratus
1589 2278 1694 2333 est,
1723 2268 1868 2339 Ergo
1898 2268 2098 2324 oblitus

492 2372 641 2427 crat;
673 2363 795 2417 Non
820 2372 892 2419 est
914 2363 1120 2428 oblitus,
1154 2362 1354 2433 inquit,
1377 2364 1650 2416 clamorem
1681 2376 1985 2431 pauperum.

566 2452 701 2526 H.[
745 2469 874 2508 vers.
909 2454 997 2520 16,
1025 2452 1155 2526 15.]
1183 2453 1289 2509 Sed
1331 2467 1515 2522 quer
1559 2452 1680 2522 quis
1718 2452 1920 2507 clamor
1969 2465 2099 2522 pau-

491 2559 678 2614 perum
709 2547 780 2599 sit
819 2561 977 2614 quem
1025 2546 1167 2601 Deus
1204 2561 1311 2601 non
1355 2545 1709 2600 obliviscitur.
1740 2546 1821 2598 An
1851 2544 1952 2606 iste
1979 2544 2097 2598 cla-
2145 2562 2148 2566 ’

490 2649 613 2690 tuor
651 2644 768 2699 est,
797 2636 950 2705 cujus
997 2636 1114 2691 hzec
1137 2636 1299 2692 verba
1348 2645 1474 2690 sunt
1496 2652 1511 2687 :
1537 2633 1783 2689 Miserere
1811 2635 1912 2688 mei
1933 2675 1948 2700 ,
1981 2633 2094 2690 Do—

489 2730 625 2782 mine
647 2769 662 2793 ,
691 2728 808 2780 vide
823 2729 1161 2783 humilitatem
1192 2731 1356 2782 meam
1389 2726 1452 2781 ab
1475 2728 1693 2781 inimicis
1732 2727 1897 2782 meis?
1917 2727 2094 2794 Quare

485 2835 620 2888 ergo
664 2836 770 2874 non
815 2820 982 2881 dixit.
1014 2820 1269 2876 Miserere
1318 2821 1525 2884 nostri,
1563 2820 1806 2881 Domine,
1838 2819 1957 2874 vide
1989 2819 2092 2872 hu-

487 2911 769 2966 militatem
796 2921 1033 2965 nostram
1061 2911 1128 2966 ab
1156 2910 1388 2966 inimicis
1417 2909 1636 2976 nostris,
1659 2919 1911 2979 tanquam
1936 2908 2102 2964 multi

489 3015 751 3071 pauperes
775 3003 1044 3066 clament;
1075 3001 1170 3057 scd
1203 3009 1454 3072 tanquam
1479 3016 1617 3054 unus
1638 3043 1653 3067 ,
1686 2999 1929 3054 Miserere
1957 3000 2092 3066 mei,

487 3090 746 3147 Domine?
775 3094 855 3147 An
902 3093 1024 3163 quia
1076 3106 1216 3148 unus
1262 3091 1568 3161 interpellat
1613 3106 1707 3160 pro
1733 3092 1969 3155 sanctis,
1999 3090 2090 3161 qui

487 3186 692 3254 primus
744 3201 946 3255 pauper
991 3201 1089 3256 pro
1122 3186 1276 3241 nobis
1309 3184 1480 3241 factus
1517 3191 1629 3251 est,
1679 3199 1799 3239 cum
1839 3192 1984 3238 esset
2010 3183 2094 3237 di-

486 3293 579 3333 ves
619 3277 688 3349 (ll
715 3277 835 3333 Cor.
867 3294 978 3345 vm,
1007 3277 1062 3350 9)
1090 3319 1105 3343 ,
1138 3287 1193 3334 et
1217 3277 1329 3347 ipse
1357 3276 1489 3332 dicit
1519 3294 1534 3331 :
1566 3275 1667 3344 Qui
1691 3275 1888 3331 exultas
1925 3291 2006 3329 me
2028 3275 2092 3328 de

489 3369 646 3441 portis
699 3371 902 3436 mortis,
953 3380 1007 3424 ut
1037 3370 1336 3424 annuntiem
1378 3369 1640 3424 universas
1676 3369 1853 3424 laudes
1895 3378 2008 3423 tuas
2035 3369 2090 3422 in

486 3464 646 3531 portis
691 3461 816 3532 ﬁliae
841 3461 1316 3517 SioniExaltatur
1360 3460 1506 3515 enim
1533 3459 1694 3514 homo
1741 3460 1792 3513 in
1841 3460 1933 3514 illo
1979 3475 2086 3514 non

485 3553 658 3607 solum
703 3568 860 3620 quem
912 3562 1122 3622 gestat,
1149 3551 1292 3622 quod
1335 3558 1499 3620 caput
1546 3551 1799 3605 Ecclesiae
1841 3559 1965 3616 est,
1994 3549 2090 3604 sed

484 3645 645 3698 etiam
695 3644 931 3714 quisquis
978 3655 1218 3699 nostrum
1264 3653 1348 3698 est
1385 3643 1434 3696 in
1466 3644 1679 3697 caeteris
1714 3642 2008 3707 membris;
2035 3649 2092 3696 et

483 3733 751 3788 exaltatur
777 3733 845 3787 ab
883 3734 1131 3788 omnibus
1169 3733 1350 3804 pravis
1375 3731 1778 3803 cupiditatibus,
1805 3747 1925 3802 qua:
1964 3739 2092 3787 sunt

485 3833 656 3894 portae
681 3823 891 3890 mortis,
913 3824 1035 3895 quia
1065 3839 1160 3894 per
1181 3825 1302 3896 illas
1333 3825 1440 3879 itur
1466 3824 1517 3877 in
1545 3832 1799 3878 mortem.
1826 3823 1971 3878 Mors
1993 3837 2090 3877 au-

485 3923 594 3968 tem
619 3923 701 3969 est
723 3913 835 3984 jam
863 3914 975 3983 ipsa
1006 3915 1187 3970 l-.etitia
1215 3915 1266 3969 in
1309 3911 1637 3985 perfruendo
1658 3955 1673 3980 ,
1705 3929 1827 3968 cum
1864 3913 2090 3984 quisque

483 4005 796 4076 adipiscitur
839 4005 981 4075 quod
1015 4006 1222 4076 perdite
1243 4005 1550 4075 concupivit
1581 4022 1595 4062 :
1628 4006 1784 4061 radix
1817 4015 1900 4060 est
1943 4005 2087 4061 enim

483 4101 723 4154 omnium
762 4101 1035 4167 malorum
1075 4100 1341 4168 cupiditas
1373 4097 1414 4171 (Ι
1444 4098 1575 4152 Tim.
1609 4114 1698 4167 vt,
1732 4099 1847 4167 10);
1877 4108 1932 4154 et
1960 4113 2099 4168 pro-.

485 4202 668 4266 ptcrea
703 4202 854 4262 porta
898 4192 1086 4246 mortis
1114 4199 1227 4255 est,
1259 4191 1381 4261 quia
1422 4199 1630 4246 mortua
1671 4197 1757 4244 est
1785 4189 1940 4244 vidua
1968 4205 2088 4258 quae

485 4284 539 4340 in
589 4284 798 4339 deliciis
821 4284 951 4339 vivit
976 4282 1088 4357 (Id.
1116 4299 1170 4350 v,
1201 4283 1260 4354 6)
1292 4301 1307 4338 :
1333 4282 1402 4337 ad
1444 4297 1578 4352 quas
1602 4281 1822 4337 delicias
1864 4296 1960 4350 per
1990 4296 2088 4335 cu-

484 4375 735 4445 piditates
766 4384 1015 4446 tauquam
1044 4389 1140 4444 per
1170 4383 1350 4445 portas
1380 4373 1569 4427 mortis
1594 4372 1923 4442 pervenitur.
1951 4369 2089 4426 Sunt

481 4476 664 4523 autem
694 4478 862 4537 porta:
917 4466 1038 4520 [ilice
1081 4466 1208 4521 Sion
1233 4504 1250 4533 ,
1278 4464 1456 4520 omnia
1498 4464 1700 4533 optima
1747 4463 1923 4517 studia
1945 4504 1958 4528 ,
1991 4478 2088 4534 per

481 4571 606 4626 quae
633 4557 845 4612 venitur
881 4556 948 4611 ad
991 4557 1252 4628 visionem
1303 4554 1449 4625 pacis
1497 4555 1551 4608 in
1591 4563 1775 4610 sancta
1823 4553 2086 4608 Ecclesia.

482 4647 546 4704 In
573 4647 656 4705 his
685 4647 847 4718 igitur
873 4651 1039 4717 portis
1067 4648 1206 4701 bene
1247 4645 1638 4700 annuntiautur
1680 4645 1947 4700 universa:
1973 4647 2088 4700 lau-

481 4738 582 4794 des
604 4738 734 4803 Dei,
763 4746 821 4793 ut
849 4752 956 4793 non
999 4737 1156 4793 detur
1183 4734 1427 4792 sanctum
1467 4736 1690 4790 canibus
1713 4778 1729 4802 ,
1759 4751 1933 4806 neque
1958 4739 2086 4807 pro-

480 4831 732 4905 jiciantur
773 4830 1077 4901 margarita:
1125 4841 1256 4884 ante
1303 4842 1494 4897 porcos
1545 4827 1786 4898 (Matth.
1838 4844 1946 4894 vu,
1991 4828 2083 4898 6);

484 4923 576 4995 qni
602 4923 811 4979 malunt
838 4923 1182 4993 pertinaciter
1207 4923 1433 4988 latrare,
1462 4938 1620 4992 quam
1663 4922 1907 4977 studiose
1935 4938 2086 4993 quae-

482 5029 629 5081 rere,
655 5024 752 5069 aut
789 5013 879 5084 qui
920 5027 1021 5068 nec
1049 5013 1246 5068 latrare
1270 5028 1369 5067 nec
1423 5027 1701 5082 quaerere,
1739 5012 1835 5068 sed
1874 5014 1928 5068 in
1955 5029 2084 5069 sua-

482 5119 605 5164 rum
654 5106 989 5175 voluptatum
1031 5118 1190 5160 emno
1216 5104 1463 5159 volutari.
1513 5103 1643 5158 Cum
1670 5116 1848 5159 autem
1894 5105 1948 5160 in
1988 5105 2086 5160 bo-

484 5199 573 5256 nis
615 5197 809 5255 studiis
850 5196 1038 5252 laudes
1087 5196 1182 5252 Dei
1221 5197 1625 5263 annuntiautur,
1656 5198 1960 5266 petentibus
1985 5199 2083 5253 da-

487 5298 611 5355 tur,
659 5295 716 5344 et
763 5286 1131 5358 quaerentibus
1177 5287 1583 5352 manifestatur,
1638 5296 1694 5340 et
1749 5287 2085 5357 pulsantibus

485 5377 749 5449 aperitur.
779 5378 862 5432 An
894 5375 1031 5433 forte
1055 5383 1224 5446 porta:
1252 5377 1440 5432 mortis
1478 5386 1602 5431 sunt
1628 5378 1936 5445 corporales
1959 5393 2085 5433 sen—

484 5485 579 5526 sus
620 5479 676 5525 et
726 5467 901 5535 oculi,
933 5469 1024 5540 qui
1068 5473 1237 5539 aperti
1262 5477 1389 5524 sunt
1428 5468 1630 5524 homini
1657 5484 1778 5523 cum
1830 5470 1897 5524 de
1941 5470 2085 5540 ligno

481 5561 651 5616 vetito
679 5568 947 5630 gustasset
995 5558 1204 5626 (Cenes.
1233 5574 1312 5626 ut,
1339 5559 1395 5631 7)
1422 5600 1438 5625 ,
1473 5575 1502 5613 a
1529 5561 1723 5632 quibus
1758 5563 2079 5627 exaltantur,

487 5654 686 5721 quibus
730 5652 928 5708 dicitur
976 5661 1034 5707 ut
1079 5661 1471 5723 quierantnon
1527 5669 1648 5724 qua:
1687 5653 1954 5719 videntur,
1985 5655 2080 5712 sed

488 5761 607 5818 qua:
658 5758 764 5800 non
817 5741 1086 5809 videntur;
1127 5743 1248 5816 quia
1294 5759 1416 5815 qua:
1466 5743 1714 5802 videntur
1769 5747 2081 5818 temporalia

1731 329 1787 385 S.
1831 329 1870 383 Α
1883 319 2176 383 UGL'STIN
2184 321 2199 375 Ι
2241 324 2549 384 EPlSCOi‘I

3729 329 3838 386 1Ξὸ

2232 445 2397 503 sunt,
2431 451 2553 506 quae
2582 446 2761 498 autem
2801 453 2908 494 non
2939 438 3187 496 videntur
3219 449 3418 498 aeterna
3457 451 3583 498 sunt
3613 443 3680 515 (ll
3705 442 3831 501 Cor.

2225 540 2299 594 tv,
2331 527 2421 598 18)
2452 547 2466 585 :
2494 539 2549 584 et
2578 541 2748 600 porta:
2775 541 2899 586 sunt
2927 530 3050 586 tilize
3077 531 3207 588 Sion
3231 575 3247 599 ,
3274 547 3606 590 sacramenta
3637 545 3694 591 et
3745 537 3830 590 in-

2222 619 2313 673 itia
2337 621 2459 676 fidei
2480 664 2496 688 ,
2522 638 2643 696 quae
2673 625 3011 700 pulsantibus
3035 625 3369 695 aperiuntur,
3402 636 3461 682 ut
3487 629 3830 698 perveniatur

2219 712 2288 768 ad
2348 714 2558 769 occulta
2589 715 2751 771 Filii?
2779 716 2894 772 Non
2943 717 3088 772 enim
3131 719 3320 774 oculus
3345 709 3512 787 vidit,
3540 731 3633 776 aut
3676 725 3830 778 auris

2218 804 2423 860 audivit
2446 849 2461 870 ,
2489 816 2582 861 aut
2612 807 2664 862 in
2694 823 2789 863 cor
2827 807 3061 864 hominis
3106 810 3381 876 ascendit,
3408 827 3527 882 quae
3552 829 3830 884 praepara-

2216 895 2292 948 vit
2351 897 2489 951 Dens
2536 898 2880 969 diligentibus
2917 914 2980 956 se
3022 898 3070 970 (Ι
3091 898 3213 956 Cor.
3261 915 3338 971 tt,
3367 902 3446 973 9).
3493 904 3607 960 Huc
3650 923 3827 976 usque

2215 1000 2300 1041 est
2349 988 2556 1075 clamor
2601 1006 2930 1063 pauperum,
2958 1007 3118 1065 quem
3166 1008 3274 1050 non
3323 997 3525 1054 oblitus
3580 1008 3664 1054 est
3711 999 3823 1054 Do-

2217 1092 2414 1135 minus.

2289 1169 2376 1224 15.
2421 1167 2580 1244 [να-ε.
2617 1171 2743 1247 i6.]
2795 1174 2999 1249 Deinde
3040 1176 3303 1246 sequitur,
3338 1176 3621 1236 Exsultabo
3661 1198 3818 1253 sapa

2213 1258 2438 1313 salutare
2476 1270 2618 1314 tuum
2640 1278 2659 1314 :
2688 1263 2736 1316 id
2761 1273 2877 1329 est,
2919 1279 3039 1320 cum
3074 1264 3400 1324 beatitudine
3439 1272 3760 1328 continehor
3785 1288 3823 1328 a

2212 1349 2432 1429 salutari
2455 1361 2562 1415 tuo,
2589 1354 2729 1422 quod
2758 1355 3121 1411 est'Dominus
3151 1367 3336 1413 uoster
3358 1358 3518 1416 Iesus
3543 1361 3816 1432 Christus,

2213 1438 2395 1495 Virtus
2423 1451 2476 1497 et
2496 1443 2766 1512 Sapientia
2798 1446 2887 1500 Dei
2912 1445 3028 1520 (Id.
3059 1464 3106 1512 ι,
3130 1447 3250 1516 26).
3282 1449 3425 1521 Ergo
3460 1451 3702 1510 Ecclesia
3729 1455 3822 1512 dl-

2212 1531 2279 1584 cit
2309 1548 2427 1598 qum
2451 1533 2546 1589 .hic
2585 1535 2858 1605 affligitur.
2887 1547 2942 1591 et
2967 1553 3063 1608 spe
3102 1540 3251 1594 salva
3275 1553 3360 1596 est
3389 1558 3405 1596 :
3434 1545 3688 1613 quamdiu
3720 1561 3817 1602 oc-

2209 1623 2412 1676 cultum
2456 1634 2540 1678 est
2568 1614 2701 1679 Filii“
2719 1626 2981 1696 judicium
3009 1670 3024 1693 ,
3049 1629 3160 1698 ipsa
3191 1645 3290 1700 spe
3328 1629 3490 1700 dicit,
3525 1633 3814 1692 Exsulta“

2209 1727 2364 1781 super
2393 1714 2619 1767 salutare
2663 1726 2843 1784 tuum;
2863 1718 2986 1787 quia
3025 1735 3168 1778 nunc
3198 1721 3677 1794 circumstrepente
3712 1741 3816 1786 seu

2207 1804 2297 1874 vi,
2325 1822 2419 1859 seu
2445 1821 2629 1862 errore
2658 1808 2948 1864 Gentilium
2978 1813 3244 1868 atteritur.
3278 1813 3470 1882 Inlita:
3490 1828 3608 1872 sunt
3633 1829 3814 1891 gentes

2207 1895 2607 1969 incorruptione
2624 1942 2639 1964 ,
2683 1918 2838 1971 quant
2863 1906 3133 1973 fecerunt:
3155 1907 3521 1967 animadverte
3541 1913 3808 1980 quemad-

2207 1988 2426 2045 modum
2473 2003 2717 2048 servetur
2743 2009 2899 2063 (mna
2955 1998 3226 2066 peccaturi
3262 1999 3331 2054 de
3367 2002 3622 2072 operibus
3653 2006 3811 2073 suis;

2204 2089 2257 2135 et
2287 2083 2734 2150 quemadmodum
2769 2088 2858 2158 qui
2887 2087 3170 2145 voluerunt
3196 2092 3444 2164 persequi
3469 2093 3766 2152 Ecclesium
3789 2139 3812 2165 ,

2204 2169 2259 2224 in
2277 2187 2338 2226 oa
2366 2174 2708 2244 corruptione
2723 2177 2831 2231 sint
2847 2178 2957 2245 lixi,
2977 2195 3139 2248 quam
3164 2196 3225 2237 se
3243 2181 3440 2239 inferre
3468 2185 3814 2244 arbitraban-

2205 2271 2291 2318 tur
2318 2282 2474 2321 :nam
2517 2268 2820 2327 interficere
2867 2287 3092 2341 corpora
3113 2274 3438 2345 cupiebant,
3465 2292 3588 2334 cum
3625 2281 3726 2351 ipsi
3751 2281 3812 2338 ita

2199 2354 2379 2409 anima
2425 2370 2784 2414 morerentur.
2813 2359 2881 2416 In
2919 2363 3205 2433 muscipula
3241 2366 3341 2420 ista
3363 2407 3378 2432 ,
3408 2385 3561 2439 quam
3581 2372 3814 2427 occulta-

2199 2457 2378 2500 verunt
2402 2489 2417 2514 ,
2448 2451 2840 2518 comprehensus
2906 2463 2980 2506 est
3031 2471 3116 2523 pes
3164 2472 3361 2510 eorum.
3392 2457 3683 2530 Muscipula
3714 2477 3814 2518 oc-

2200 2536 2343 2591 culta
2365 2579 2381 2601 ,
2409 2548 2494 2592 est
2522 2539 2708 2596 dolosa
2739 2540 3014 2613 cegitatio.
3049 2545 3152 2600 Pes
3178 2548 3373 2602 animae
3414 2561 3561 2605 recte
3607 2550 3812 2606 intelli-

2198 2630 2344 2698 gitur
2364 2646 2518 2686 amor
2547 2651 2562 2687 :
2587 2635 2677 2704 qui
2732 2649 2853 2689 cum
2901 2650 3097 2706 pravus
3145 2647 3249 2704 est,
3281 2649 3504 2694 vocatur
3540 2642 3810 2712 cupiditas

2198 2727 2294 2775 aut
2323 2721 2530 2788 libido;
2561 2739 2681 2778 cum
2709 2725 2886 2781 autem
2912 2735 3094 2782 rectus
3115 2770 3133 2796 ,
3159 2729 3377 2784 dilectio
3419 2732 3504 2786 vel
3547 2734 3807 2791 charitas.

2189 2810 2400 2868 .Amore
2419 2815 2563 2869 enim
2601 2825 2843 2871 movetur
2887 2828 3140 2890 tanquam
3172 2820 3240 2875 ad
3272 2822 3448 2878 locum
3474 2839 3580 2894 quo
3609 2826 3806 2884 tendit.

2198 2903 2374 2961 Locus
2403 2917 2580 2962 autem
2631 2909 2824 2964 animm
2867 2912 3050 2982 nonin
3090 2912 3266 2982 spatio
3288 2914 3470 2985 aliquo
3510 2915 3594 2971 est
3615 2903 3641 2984 ,'
3659 2918 3808 2988 quod

2198 2996 2370 3053 forma
2408 3009 2634 3070 occupat
2660 3001 2906 3071 corporis
2927 3045 2944 3068 ,
2977 3002 3074 3060 sed
3101 3005 3155 3058 in
3192 3003 3585 3075 delectatione,
3606 3024 3717 3080 quo
3745 3025 3810 3068 se

2197 3091 2514 3159 pervenisse
2557 3107 2654 3162 per
2695 3107 2934 3149 amorem
2997 3095 3208 3151 laetatur
3235 3111 3250 3150 :
3278 3095 3568 3154 delectatio
3621 3109 3808 3158 autem

2197 3187 2496 3256 perniciosa
2541 3187 2784 3256 sequitur
2827 3187 3176 3258 cupiditatem
3204 3231 3222 3257 ,
3264 3189 3536 3247 fructuosa
3567 3194 3808 3250 charita-

2197 3278 2496 3335 tem.Unde
2521 3289 2576 3334 et
2605 3280 2752 3335 radix
2778 3281 2918 3336 dicta
2934 3290 3020 3338 est
3045 3282 3331 3353 cupiditas.
3357 3282 3401 3357 (ἶ
3422 3282 3557 3342 Tim.
3581 3302 3657 3353 vt,
3687 3287 3805 3360 {0).

2198 3368 2371 3423 Radix
2394 3385 2556 3439 porro
2602 3381 2859 3441 tanquam
2885 3379 2985 3442 p‘es
3022 3370 3235 3427 arboris
3269 3373 3600 3444 intelligitur.
3631 3375 3805 3433 Radix

2197 3460 2337 3516 dicta
2382 3473 2466 3516 est
2495 3470 2549 3516 et
2573 3463 2810 3518 charitas
2834 3506 2848 3529 ,
2880 3462 2971 3517 ubi
2995 3463 3065 3518 de
3092 3465 3389 3520 seminibus
3430 3467 3688 3529 Dominus
3717 3468 3805 3523 lo-

2197 3552 2397 3622 quitur,
2427 3569 2546 3623 qua:
2577 3555 2628 3607 in
2657 3555 2888 3624 petrosis
2909 3555 3042 3610 locis
3067 3569 3325 3612 exurente
3342 3559 3456 3614 sole
3483 3560 3500 3592 ⁸
3527 3571 3804 3628 arescunt,

2197 3644 2321 3714 quia
2371 3659 2477 3698 non
2533 3644 2734 3700 habent
2773 3646 2939 3700 altam
2993 3647 3227 3703 radicem
3279 3649 3492 3718 (Matth.
3549 3667 3676 3715 aut,
3718 3653 3802 3724 5).

2197 3732 2353 3789 Unde
2391 3735 2657 3805 significat
2707 3751 2802 3791 eos
2829 3737 2918 3803 qui
2944 3737 3179 3808 gaudent
3211 3741 3530 3812 excipiendo
3579 3745 3803 3800 verbum

2195 3827 2473 3892 veritatis,
2517 3827 2614 3884 sed
2664 3831 2863 3884 cedunt
2907 3832 3409 3900 persecutionibus,
3441 3835 3638 3904 quibus
3683 3837 3802 3892 sola

2195 3918 2458 3974 charitate
2500 3920 2789 3976 resistitur.
2825 3923 2892 3976 Et
2921 3924 3210 3993 Apostolus
3240 3925 3370 3980 dicit
3399 3943 3415 3982 :
3451 3925 3520 3982 Ut
3550 3929 3605 3981 in
3625 3929 3802 3984 chari-

2197 4018 2300 4064 tate
2320 4010 2535 4065 radicati
2547 4021 2592 4065 et
2611 4013 2818 4085 fundati
2835 4015 3032 4083 passilt's
3042 4014 3468 4086 comprehendere
3482 4019 3697 4091 (Ephes.
3719 4037 3801 4090 ut,

2197 4101 2419 4171 t7).Pes
2434 4118 2564 4172 ergo
2584 4113 2945 4173 peccatorum,
2962 4106 3013 4160 id
3034 4115 3118 4161 est
3131 4123 3305 4176 amor,
3327 4110 3805 4182 comprehenditur

2195 4191 2250 4246 in
2292 4192 2587 4263 muscipula
2628 4211 2787 4265 quam
2835 4197 3139 4264 occultant;
3169 4199 3290 4272 quia
3321 4218 3443 4258 cum
3485 4203 3800 4260 fraudulen-

2197 4291 2305 4336 tam
2348 4283 2612 4338 actionem
2660 4296 2949 4341 consecuta
2993 4287 3153 4344 fuerit
3193 4290 3517 4362 delectatio,
3549 4309 3672 4350 cum
3701 4311 3801 4352 eos

2194 4373 2475 4429 tradiderit
2525 4375 2666 4431 Deus
2725 4378 2776 4430 in
2831 4380 3322 4451 concupiscentiam
3381 4385 3561 4439 cordis
3606 4401 3796 4444 eorum

2196 4464 2452 4537 (Rom.t,
2478 4465 2596 4542 24),
2623 4468 2733 4537 jam
2766 4470 2852 4523 illa
2892 4471 3179 4527 delectatio
3203 4475 3384 4546 alligat
3421 4490 3533 4540 eos,
3573 4487 3629 4532 ut
3671 4479 3800 4536 inde

2193 4557 2516 4628 abrumpere
2543 4575 2784 4615 amorem
2825 4572 2880 4616 et
2929 4563 2996 4617 ad
3040 4565 3187 4620 utilia
3243 4566 3492 4624 conferre
3551 4585 3660 4624 non
3701 4586 3800 4626 auo

2194 4647 2384 4716 deant;
2413 4652 2537 4721 quia
2558 4667 2681 4707 cum
2709 4654 2884 4707 conati
2915 4654 3128 4719 fuerint,
3149 4656 3405 4713 dolebnnt
3429 4660 3609 4714 animo
3628 4701 3642 4724 ,
3673 4653 3800 4717 tan-

2195 4756 2352 4811 quam
2399 4742 2590 4811 pedem
2632 4744 2699 4798 de
2725 4745 2991 4814 compede
3017 4763 3217 4802 exuere
3255 4749 3556 4818 cupientes;
3583 4753 3666 4806 cui
3698 4753 3798 4808 do-

2194 4832 2293 4886 lori
2317 4833 2724 4889 succumbentes
2744 4877 2757 4900 ,
2785 4850 2815 4889 a
2864 4837 3177 4906 perniciosis
3222 4839 3670 4898 delectationibus
3699 4861 3798 4899 no-

2194 4927 2313 4984 lunt
2341 4927 2650 4984 abscedere.
2672 4926 2740 4982 In
2759 4930 3045 5000 muscipula
3069 4947 3197 5002 ergo
3216 4949 3369 5002 quam
3391 4937 3793 5003 occultaverunt,

2153 5085 2168 5100 J
2193 5015 2248 5071 id
2293 5018 2452 5073 estin
2479 5016 2821 5074 fraudulento
2860 5022 3120 5085 consilio,
3153 5025 3546 5095 comprehensus
3591 5039 3666 5083 est
3707 5047 3795 5100 pes

2194 5125 2386 5174 eorum,
2410 5124 2564 5164 amor
2586 5111 2791 5166 scilicet
2814 5113 2904 5182 qui
2931 5128 3027 5181 per
3055 5114 3296 5170 fraudem
3327 5119 3570 5187 pervenit
3597 5119 3665 5175 ad
3697 5136 3792 5174 va-

2193 5216 2316 5255 nam
2347 5201 2610 5269 laetitiam,
2643 5218 2743 5274 qua
2771 5215 3113 5274 comparatur
3144 5207 3317 5262 dolor.

2269 5293 2355 5350 i6.
2401 5292 2553 5366 [vers.
2603 5295 2715 5369 17.]
2761 5297 3092 5368 Cognoscitur
3120 5303 3140 5333 ³
3176 5301 3422 5358 Dominus
3465 5305 3664 5361 iudicia
3706 5313 3792 5380 fa-

2259 5509 2451 5590 quam,
2479 5515 2743 5590 e.rfzrnt,_§t
2776 5509 2875 5590 δρία
2901 5519 3380 5590 ρεῃιςηῑᾳανεεσηηι.
3407 5526 3513 5590 ttss.
3540 5523 3793 5590 omittunt,

2161 5575 2164 5578 ’
2192 5566 2403 5648 "sese?
2430 5566 2911 5648 Aeaei-spanis
2952 5575 3154 5648 habent,
3180 5566 3493 5631 examen;
3518 5566 3793 5648 sum;

2193 5638 2396 5684 exercite
2415 5631 2547 5692 sole;
2569 5631 2668 5692 alii,
2692 5631 2925 5685 exurente
2945 5636 3062 5686 sole.

2193 5693 2439 5806 ηόἒκῗάῶἒί,
2464 5701 2788 5759 cognoscetur.
2815 5704 2869 5746 At
2887 5706 3014 5762 Mss,
3041 5700 3339 5766 cognoscitur
3366 5717 3383 5755 ε
3405 5704 3543 5768 illi“
3564 5713 3695 5769 LXX:
3717 5711 3798 5774 σί-
