3956 6322
250 324 342 381 Ιὲδ

244 436 386 490 ciens.
418 434 541 493 Hice
579 448 707 494 sunt
745 438 946 510 judicia
988 440 1078 496 Dei
1106 459 1121 497 :
1154 457 1260 497 non
1305 443 1376 500 ab
1405 445 1490 499 illa
1520 448 1822 517 tranquilli-

245 536 343 581 tute
363 526 703 583 beatitudinis
723 544 857 595 suae,
880 548 977 587 nec
996 548 1025 586 a
1054 533 1276 589 secretis
1303 535 1597 605 sapientius,
1628 537 1823 608 quibus

243 618 555 687 recipiuntur
575 619 747 675 beata:
772 623 989 686 animae,
1014 626 1283 692 profertur
1298 625 1519 697 ferrum,
1550 639 1641 681 aut
1662 628 1818 698 ignis,

241 720 324 761 aut
364 708 527 762 bestia
551 749 569 775 ,
597 720 690 764 aut
718 712 915 783 aliquid
958 716 1061 770 tale
1102 732 1210 785 quo
1234 719 1541 773 crucientur
1573 730 1821 789 peccato-

242 815 337 853 res.
367 799 473 856 Sed
511 804 787 872 quomodo
830 808 1168 875 cruciantur,
1196 820 1249 862 et
1273 813 1543 879 quomodo
1566 813 1689 867 facit
1720 813 1821 867 Do-

241 894 400 945 minus
424 893 710 962 judicium?
738 896 804 950 1η
832 902 1085 968 operibus,
1115 901 1306 971 inquit,
1331 919 1572 956 manuum
1609 920 1820 958 suarum

238 980 618 1050 comprehensus
650 996 721 1040 est
748 998 997 1057 peccator.

300 1072 381 1126 Π.
405 1070 565 1144 [νει-ε.
591 1075 820 1150 i8-2L]
849 1078 945 1133 Hic
992 1079 1373 1148 interponitur,
1408 1082 1670 1138 Canticum
1700 1085 1819 1138 dia-

235 1165 483 1233 psalmatis
505 1166 582 1239 (α)
621 1187 634 1223 :
663 1172 814 1239 quasi
855 1172 1059 1227 occulta
1088 1173 1269 1227 lzctitia
1292 1215 1308 1239 ,
1334 1186 1590 1243 quantum
1629 1178 1818 1232 existi-
1849 1221 1852 1224 .

235 1272 370 1311 mare
395 1273 704 1327 possumus,
723 1251 1076 1332 separationis
1105 1280 1223 1335 qua:
1251 1281 1394 1319 nunc
1425 1266 1503 1331 fit,
1533 1284 1636 1320 non
1663 1269 1815 1331 locis,

232 1348 317 1402 sed
350 1348 725 1405 aﬂectionibus
758 1352 1057 1427 animorum
1078 1397 1093 1417 ,
1123 1355 1262 1411 inter
1300 1366 1609 1427 peccatores
1652 1366 1706 1412 ct
1728 1360 1819 1427 ju-

232 1448 335 1492 stos
357 1479 371 1501 ,
399 1439 540 1494 sicut
582 1457 869 1511 granorum
913 1458 941 1496 a
973 1425 1141 1514 paleis
1169 1425 1348 1501 adhuc
1374 1447 1425 1500 in
1455 1463 1599 1501 arca.
1630 1446 1697 1501 Et
1728 1425 1817 1502 sc-

229 1532 427 1600 quitur,
451 1531 827 1589 Cartoertantur
868 1545 1154 1604 peccatores
1187 1539 1242 1591 in
1286 1538 1583 1607 infernum;
1612 1540 1663 1593 id
1692 1551 1812 1606 est,

228 1620 404 1675 dentur
429 1623 482 1677 in
510 1638 704 1679 manus
727 1639 1010 1685 suas.cum
1039 1628 1118 1682 eis
1138 1629 1396 1697 parcitur,
1434 1639 1491 1684 et
1522 1630 1811 1701 illaqueeu-

229 1720 306 1765 tur
351 1711 707 1768 delectatione
748 1716 1041 1777 mortifera.
1102 1717 1291 1772 Omnes
1329 1732 1501 1793 gentes
1547 1737 1660 1789 qm
1688 1720 1816 1773 obli-

227 1800 471 1855 viscuntur
514 1801 679 1857 Deum
707 1806 872 1876 :quia
919 1821 1040 1861 cum
1088 1824 1197 1863 non
1239 1810 1598 1878 probaverunt
1646 1811 1815 1866 Deum

228 1890 411 1947 habere
436 1894 488 1947 in
521 1895 709 1949 notitia
736 1937 752 1962 ,
778 1895 930 1952 dedit
959 1897 1080 1952 illos
1118 1899 1259 1954 Deus
1287 1900 1341 1953 in
1369 1902 1659 1969 rcprohum
1691 1918 1817 1957 sen-

225 1983 530 2054 summam.
559 1990 599 2052 i,’
624 1985 744 2056 28).

292 2074 371 2130 l8.
411 2075 550 2140 Quia
592 2093 694 2132 non
737 2078 792 2132 in
821 2078 979 2147 finem
1007 2078 1194 2135 oblivio
1241 2081 1334 2137 erit
1365 2083 1605 2154 pauperis
1628 2085 1645 2116 ¹
1678 2097 1694 2138 :
1723 2084 1814 2155 qui

225 2169 420 2223 videtur
448 2185 593 2225 nunc
637 2171 690 2225 in
737 2172 1009 2227 oblivione
1027 2188 1184 2239 esse,
1215 2189 1337 2228 cum
1362 2185 1673 2244 peccatores
1699 2176 1818 2232 feli-

224 2260 372 2315 citate
415 2259 579 2330 hujus
622 2263 805 2317 saeculi
832 2264 1026 2319 ﬂorere
1070 2266 1469 2333 existimantur,
1503 2268 1707 2337 etjusti
1738 2271 1815 2325 la-

223 2347 434 2426 borare;
484 2351 585 2406 sed
619 2354 891 2421 patientia,
921 2354 1126 2425 inquit,
1157 2372 1437 2426 pauperum
1481 2359 1765 2435 non'perict
1793 2362 1815 2392 ¹

226 2441 274 2494 in
299 2452 558 2496 tetanum.
612 2442 949 2514 Quapropter
978 2461 1122 2501 nunc
1170 2448 1425 2515 patientia
1450 2462 1587 2518 opus
1634 2458 1719 2505 est
1744 2451 1813 2506 ad

226 2531 560 2601 perferendos
609 2537 816 2603 malos,
869 2536 961 2607 qui
1002 2536 1115 2605 jam
1161 2538 1522 2596 voluntatibus
1579 2545 1813 2617 separati

224 2631 357 2685 sunt,
388 2626 563 2680 donec
586 2626 748 2681 etiam
776 2627 967 2682 ultimo
989 2626 1193 2697 judicio
1219 2639 1558 2697 separentur.

288 2714 370 2771 i9.
399 2714 672 2788 Exsurge,
707 2715 941 2781 Domine,
968 2735 1069 2773 non
1097 2722 1369 2790 puritatem
1414 2721 1585 2776 homo.
1619 2721 1814 2793 Implo-

226 2812 361 2857 ratur
402 2804 640 2861 futurum
680 2808 941 2877 judicium
973 2827 990 2865 ;
1022 2810 1119 2865 sed
1161 2821 1449 2881 antequam
1474 2812 1675 2881 veniat,
1706 2813 1813 2869 Ju—

224 2896 469 2962 dicentur,
498 2899 713 2968 inquit,
741 2912 913 2969 gentes
938 2902 990 2955 in
1032 2913 1304 2971 conspectu
1345 2913 1468 2959 tuo:
1496 2904 1599 2961 hoc
1627 2914 1709 2961 est
1757 2907 1813 2962 in

223 2988 439 3044 occulto.
473 2990 616 3056 quod
648 2990 841 3047 dicitur
887 3007 1072 3047 coram
1127 2994 1237 3049 Deo
1258 3038 1271 3055 .
1301 2997 1483 3064 paucis
1529 2998 1733 3054 sanctis
1755 3006 1816 3055 et

218 3076 364 3146 justis
408 3079 849 3149 intelligontibus.
886 3083 1164 3153 flonstitue,
1196 3082 1432 3153 Domine,
1466 3087 1812 3158 legislatorem

223 3185 365 3238 super
378 3188 482 3225 eos.
514 3171 739 3228 Videtur
786 3173 917 3228 mihi
957 3175 1345 3232 Antichristum
1372 3177 1676 3248 significare
1700 3223 1715 3247 ,
1742 3181 1811 3238 de

219 3278 314 3331 quo
337 3264 629 3333 Apostolus
651 3265 780 3321 dicit
810 3283 826 3321 :
854 3264 981 3321 Cum
1003 3269 1301 3324 revelabitur
1320 3270 1470 3325 homo
1496 3275 1687 3343 peccati
1713 3276 1732 3343 (
1768 3273 1809 3329 ll

222 3351 361 3408 Thes.
389 3371 423 3410 ll
443 3396 459 3423 ,
479 3356 559 3427 5).
591 3356 773 3412 Sciant
795 3368 970 3429 gentes
996 3358 1019 3392 ⁸
1040 3356 1278 3428 quoniam
1303 3362 1532 3418 homines
1552 3375 1671 3419 sunt
1700 3380 1723 3420 :
1751 3375 1809 3421 ut

216 3447 296 3515 qui
326 3448 511 3503 nolunt
546 3448 761 3505 liberari
794 3466 825 3505 a
849 3450 986 3505 Filio
1010 3452 1136 3519 Dei,
1166 3464 1219 3507 et
1245 3455 1518 3521 pertinere
1542 3455 1612 3510 ad
1641 3456 1807 3513 filium

218 3537 459 3605 hominis,
482 3549 541 3595 et
560 3557 683 3598 esse
710 3541 801 3599 filii
833 3541 1109 3598 hominum
1130 3585 1144 3609 ,
1181 3544 1231 3598 id
1255 3554 1339 3599 est
1368 3546 1491 3600 novi
1519 3547 1766 3604 homines
1787 3590 1804 3618 ,

215 3631 440 3686 serviant
466 3633 707 3699 homini,
736 3634 787 3689 id
817 3645 902 3690 est
920 3637 1089 3691 veteri
1118 3635 1320 3692 homini
1349 3641 1616 3708 peccatori
1637 3683 1654 3709 ,
1677 3658 1803 3712 quo-

190 3780 193 3781 ν
215 3722 341 3777 niam
367 3725 598 3781 homines
624 3738 764 3782 sunt.

640 3872 693 3913 IN
732 3874 976 3915 ῐιελωιωι
1016 3877 1269 3918 Αιτειιωί
1308 3880 1381 3918 ιι.

276 3988 361 4043 20.
390 3987 545 4058 luere.
598 3990 739 4071 1-5.]
757 3992 823 4047 Et
850 3996 973 4063 quia
1007 3995 1095 4049 ille
1118 3995 1183 4048 ad
1218 4005 1421 4052 tantum
1444 3999 1656 4054 culmen
1686 4002 1802 4055 ina-

215 4080 290 4134 nis
316 4083 499 4151 glorize
528 4094 789 4140 venturus
818 4087 1054 4139 creditur
1074 4130 1088 4151 ,
1125 4097 1269 4142 tanta
1298 4090 1347 4143 ei
1378 4091 1557 4145 licebit
1587 4091 1798 4159 facere,

211 4179 260 4226 et
286 4173 334 4225 in
365 4188 556 4229 omnes
590 4175 853 4236 homines.
878 4188 933 4231 et
955 4176 1007 4231 in
1031 4191 1247 4233 sanctos
1278 4181 1409 4245 Dei,
1438 4194 1496 4236 ut
1527 4194 1650 4238 tunc
1676 4202 1802 4242 vere

211 4265 439 4319 nonnulli
490 4264 689 4319 infirmi
726 4267 1055 4322 arbitrentur
1083 4270 1246 4324 Deum
1276 4285 1365 4326 res
1407 4272 1670 4331 humanas
1700 4292 1800 4331 ne-

208 4352 415 4424 gligere;
447 4355 765 4425 interposito
790 4356 1160 4427 diapsalmate,
1184 4361 1399 4431 subjicit
1426 4372 1673 4435 tanquam
1706 4383 1801 4422 vo-

208 4457 315 4499 cem
338 4450 668 4516 gementium
694 4466 709 4511 ;
741 4459 795 4504 et
821 4450 1175 4518 qua'reutium
1220 4469 1318 4508 cur
1341 4455 1601 4523 judicium
1632 4458 1793 4514 dili'e-

209 4548 344 4593 ratnr
372 4558 384 4594 :
420 4539 649 4610 thuid,
677 4538 895 4596 Domine
916 4584 929 4608 ,
963 4544 1154 4613 inquit,
1178 4548 1435 4602 recessisti
1476 4549 1624 4619 longe
1642 4552 1667 4603 ?
1694 4552 1797 4605 De-

209 4626 321 4682 inde
346 4630 433 4699 qui
457 4632 540 4684 sic
566 4633 845 4700 quzrsivit,
872 4641 1123 4702 tanquam
1170 4647 1393 4706 repente
1423 4638 1755 4694 intellexerit
1781 4684 1793 4701 .

207 4726 289 4771 aut
326 4720 479 4790 quasi
538 4722 714 4776 sciens
762 4724 1170 4795 interrogaverit
1198 4737 1255 4783 ut
1295 4728 1553 4793 doceret,
1583 4732 1798 4800 subjicit

207 4808 416 4877 dicens,
446 4810 690 4882 Despicis
722 4816 775 4867 in
823 4816 1291 4882 Opportunitatibus
1312 4858 1329 4885 ,
1357 4819 1409 4872 in
1450 4820 1794 4874 tribulationi-

206 4898 315 4962 bus;
336 4902 382 4955 id
412 4913 518 4966 est,
555 4914 857 4974 opportune
880 4906 1114 4975 despicis
1133 4949 1147 4972 ,
1177 4916 1231 4962 et
1261 4909 1390 4964 facis
1427 4910 1794 4967 trihulationcs

204 4989 261 5043 ad
303 4991 713 5050 inflammandos
761 4998 969 5053 animos
1014 4997 1280 5055 desiderio
1332 5002 1594 5057 adventus
1645 5006 1716 5057 tui
1776 5021 1789 5057 :

206 5080 278 5134 his
311 5085 451 5139 enim
488 5086 779 5153 jucundior
805 5095 889 5141 cst
940 5088 1058 5143 fons
1113 5088 1201 5144 ilic
1232 5090 1391 5156 vitae,
1429 5092 1521 5161 qui
1568 5094 1790 5148 multum

206 5173 449 5241 tilierint;
503 5179 685 5248 itaque
733 5179 975 5235 insinuat
1026 5180 1311 5237 consilium
1360 5181 1670 5251 dilationis,
1702 5186 1789 5240 di-

259 5326 276 5394 ξ
300 5324 523 5394 Plerique
550 5336 679 5389 Mss,
706 5328 756 5378 in
778 5327 925 5394 linem
950 5327 1263 5394 inpoblivione
1281 5330 1373 5380 erit
1395 5344 1598 5394 pauper.

258 5388 280 5455 ξ
298 5388 519 5455 Quinque
553 5388 680 5450 Mss,
717 5388 909 5455 peribit.
944 5391 1032 5440 Alii
1057 5406 1162 5441 sum
1188 5393 1350 5455 editis,
1372 5388 1521 5454 periei
1552 5405 1570 5443 :
1594 5396 1785 5455 vitiose,

202 5448 282 5497 sed
500 5453 626 5517 forte
652 5448 942 5517 prohibebat
960 5454 1262 5504 consuetudo
1278 5448 1572 5517 cantantium
1589 5448 1789 5517 populo;

204 5515 404 5587 [rimanti
423 5511 493 5563 de
512 5511 669 5587 vcr_bo
694 5511 853 5579 ﬂoriet
883 5515 998 5565 dicit
1020 5517 1314 5577 Augustinus
1330 5516 1377 5565 in
1396 5512 1478 5565 lib.
1502 5511 1606 5566 Sdé
1626 5511 1783 5568 Doctr.

828 5637 978 5687 Abest
1000 5636 1229 5700 particula
1254 5644 1304 5688 ut
1325 5650 1354 5687 a
1375 5644 1483 5689 uss.
1504 5647 1557 5690 et
1578 5652 1606 5688 a
1622 5646 1784 5691 ϐιωοο

257 5758 330 5819 (tt)
358 5765 509 5812 Graec.
536 5766 669 5824 LXX,
691 5758 783 5813 ode
799 5757 1165 5827 diapsafmatos.

1375 332 1773 392 ENARRATIO
1802 333 1873 392 IN
1910 333 2234 397 PSALMUM
2276 339 2366 399 lX.

1936 464 2067 508 cens
2090 471 2105 507 :
2137 457 2258 508 dum
2284 458 2510 527 superbit
2546 461 2752 532 impius,
2779 464 3067 523 incenditur
3086 485 3301 544 pauper.
3330 473 3522 533 Mirum

1931 554 2019 598 est
2044 552 2098 598 et
2126 559 2333 612 verum,
2360 560 2558 616 quanto
2584 553 2761 609 studio
2784 556 2939 613 bona:
2965 562 3079 629 spei
3107 564 3313 632 parvuli
3341 581 3529 622 accen-

1931 632 2125 690 dantur
2146 637 2212 693 ad
2237 651 2385 695 recte
2410 641 2722 711 vivendum,
2747 652 3145 718 comparatione
3172 659 3534 723 peccantium.

1929 727 2046 797 Quo
2067 731 2323 802 mysterio
2344 734 2540 805 agitur,
2557 744 2613 792 ut
2639 740 2801 794 etiam
2825 741 3058 800 haereses
3073 762 3191 802 esse
3218 752 3531 818 permittan-

1930 828 2019 875 tur
2038 839 2056 875 :
2076 837 2181 877 non
2198 824 2321 894 quia
2352 825 2449 895 ipsi
2474 827 2708 885 hzerctici
2737 832 2837 887 hoc
2858 836 3061 894 volunt:
3078 840 3171 893 sed
3198 843 3320 910 quia
3341 824 3444 899 hoc
3464 845 3532 904 do

1928 913 2163 980 peccatis
2188 930 2375 970 eorum
2398 918 2576 973 divina
2607 933 2864 990 operatur
2888 926 3230 984 Providentia
3250 971 3264 995 ,
3300 947 3418 1000 qua:
3462 934 3534 987 lu-

1929 1018 2047 1077 cem
2080 1016 2134 1059 et
2184 1006 2308 1062 facit
2336 1020 2390 1063 ct
2417 1011 2666 1081 ordinat,
2696 1017 2948 1073 tenebras
2984 1030 3165 1075 autem
3208 1031 3412 1077 tantum
3447 1041 3535 1078 or-

1926 1096 2074 1151 dinat
2102 1097 2259 1171 (Gen.
2291 1118 2345 1165 ι,
2369 1103 2423 1169 5,
2445 1106 2502 1173 4)
2527 1144 2542 1171 ,
2576 1117 2633 1159 ut
2658 1109 2725 1162 sit
2768 1124 2955 1165 earum
2999 1115 3406 1183 comparatione
3440 1116 3531 1171 lux

1925 1190 2143 1259 gratior,
2164 1194 2301 1248 sicut
2318 1197 2687 1254 haereticorum
2718 1202 3118 1273 comparatione
3141 1198 3429 1275 jucundior
3445 1220 3529 1263 est

1926 1282 2180 1339 inventio'
2198 1286 2435 1341 veritatis
2468 1305 2565 1345 :ea
2621 1292 2818 1362 quippe
2874 1297 3276 1365 comparatione
3320 1299 3525 1369 probati

1925 1378 2188 1431 manifesti
2218 1378 2349 1433 fiunt
2386 1382 2524 1437 inter
2558 1382 2805 1439 homines
2834 1387 2923 1455 qui
2958 1387 3066 1442 Deo
3099 1392 3208 1444 noti
3237 1400 3379 1446 sunt.

1992 1466 2083 1523 2|.
2111 1466 2617 1539 Comprehenduntur
2658 1475 2711 1527 in
2754 1478 3141 1545 cogitationibus
3186 1482 3314 1545 suis,
3335 1481 3516 1550 quibus

1925 1560 2148 1628 cogitant
2170 1577 2189 1613 :
2216 1560 2267 1613 id
2289 1571 2391 1624 est,
2420 1564 2573 1618 malae
2594 1566 2946 1635 cogitationes
2967 1584 3154 1624 eorum
3184 1572 3392 1625 vincula
3419 1574 3524 1627 illis

1926 1649 2078 1704 fiunt.
2121 1652 2227 1707 Sed
2276 1665 2443 1723 quare
2492 1657 2627 1710 ﬁunt
2679 1658 2933 1713 vincula?
2977 1661 3233 1728 Quoniam
3283 1663 3523 1718 laudatur

1922 1753 2187 1812 peccator,
2222 1745 2411 1816 inquit,
2444 1748 2497 1800 in
2523 1748 2786 1804 desideriis
2816 1753 3003 1807 anima
3022 1771 3147 1809 suae.
3172 1755 3517 1811 Adulantimn

1922 1831 2115 1900 linguai
2142 1835 2363 1905 alligant
2387 1838 2593 1893 animas
2631 1840 2684 1894 in
2712 1842 2948 1911 peccatis
2980 1858 2995 1898 :
3025 1842 3255 1900 delectat
3285 1846 3429 1901 enim
3457 1864 3519 1900 ea

1921 1923 2117 1989 facere,
2148 1926 2202 1980 in
2232 1926 2425 1997 quibus
2453 1945 2559 1983 non
2586 1931 2762 1986 solum
2792 1948 2899 1987 nou
2930 1935 3185 1989 metuitur
3223 1937 3521 2004 reprehen-

1918 2028 2030 2081 sor,
2057 2016 2150 2070 sed
2178 2017 2337 2071 etiam
2379 2017 2631 2074 laudator
2658 2022 2891 2077 auditur.
2923 2022 2988 2077 Et
3017 2024 3105 2095 qui
3131 2028 3309 2097 iniqua
3351 2029 3476 2098 gerit
3503 2071 3517 2091 ,

1920 2108 2227 2162 benedicitur
2258 2126 2277 2164 :
2308 2110 2433 2165 hinc
2460 2112 2990 2181 comprehenduntur
3021 2119 3075 2172 in
3103 2119 3518 2190 cogitationibus

1920 2200 2059 2265 suis,
2092 2202 2283 2270 quibus
2313 2203 2574 2273 cogitant.

1990 2288 2077 2344 2‘2.
2132 2289 2282 2363 [υενε.
2327 2292 2406 2366 4.]
2448 2292 2677 2350 Irritaoit
2732 2295 3003 2353 Dominum
3055 2311 3309 2371 peccator.
3348 2301 3520 2358 Nemo

1917 2384 2215 2451 gratuletur
2244 2386 2445 2441 homini
2476 2388 2565 2457 qui
2599 2400 2941 2460 prosperatur
2968 2392 3019 2445 in
3052 2392 3133 2447 via
3180 2409 3274 2449 sua
3299 2436 3315 2460 ,
3361 2400 3516 2464 cujus

1920 2476 2151 2542 peccatis
2180 2476 2329 2531 decst
2362 2480 2520 2543 ultor,
2568 2490 2622 2534 et
2666 2480 2821 2536 adest
2863 2482 3149 2538 laudator:
3187 2484 3361 2555 major
3394 2484 3512 2541 haec

1920 2565 1998 2620 ira
2028 2567 2235 2621 Domini
2266 2578 2369 2626 est.
2402 2568 2633 2627 lrritavit
2666 2573 2810 2628 enim
2838 2573 3124 2630 Dominum
3156 2586 3427 2647 peccator.
3460 2589 3518 2635 ut

1918 2655 2017 2709 ista
2052 2658 2302 2723 patiatur,
2328 2658 2378 2712 id
2412 2670 2514 2725 est,
2559 2671 2618 2716 ut
2659 2663 3017 2734 correptionis
3045 2664 3251 2737 ﬂagella
3282 2684 3387 2724 non
3417 2683 3516 2738 pa-

1918 2745 2096 2801 tiatur.
2128 2747 2357 2806 Irritavit
2380 2749 2655 2807 Dominum
2677 2763 2910 2824 peccator
2935 2770 2957 2811 :
2977 2758 3256 2812 secundum
3286 2759 3517 2813 multitu-

1917 2841 2087 2897 dinem
2140 2844 2234 2898 ira:
2278 2861 2386 2900 sua
2413 2862 2516 2900 non
2552 2847 2797 2918 exquiret.
2832 2848 3063 2905 Multum
3092 2851 3359 2917 irascitur,
3386 2852 3513 2908 dum

1919 2948 2025 2988 non
2050 2934 2302 3005 exquirit,
2330 2935 2455 2990 dum
2482 2938 2633 3008 quasi
2660 2938 2996 2995 obliviscitur
3037 2948 3093 2996 et
3138 2955 3245 2996 non
3288 2941 3516 3009 attendit

1916 3034 2245 3095 peccata,'et
2294 3043 2391 3095 per
2416 3026 2628 3083 fraudes
2652 3039 2708 3083 et
2734 3029 2939 3086 scelera
2979 3028 3049 3086 ad
3092 3029 3308 3088 divitias
3338 3033 3514 3089 honoo

1915 3130 2109 3186 resque
2141 3118 2455 3185 pervenitur
2484 3135 2498 3171 :
2526 3111 2668 3189 quod
2707 3121 2938 3176 maxime
2967 3119 3020 3175 in
3050 3122 3144 3177 illo
3178 3122 3515 3181 Autichristo

1914 3215 2235 3261 eventurum
2262 3216 2366 3273 est,
2396 3208 2485 3278 qui
2516 3224 2683 3279 usque
2709 3210 2845 3265 adeo
2876 3211 3065 3266 beatus
3103 3212 3372 3269 videbitur
3407 3212 3511 3270 ho.

1914 3296 2167 3362 minibus,
2200 3307 2258 3351 ut
2286 3299 2444 3352 etiam
2479 3300 2621 3354 Deus
2658 3298 2890 3370 putetur.
2919 3293 3254 3375 Sedqitanta
3297 3305 3398 3361 ista
3428 3306 3510 3363 ira

1913 3390 1985 3444 sit
2013 3389 2123 3453 Dei,
2145 3390 2339 3445 docent
2364 3393 2661 3467 sequentia.
3400 3396 3404 3400 “

1982 3479 2073 3535 25.
2106 3478 2259 3553 [vers.
2283 3478 2363 3555 5.]
2387 3480 2509 3536 Non
2533 3492 2609 3537 est
2640 3481 2775 3538 Deus
2800 3484 2852 3537 in
2874 3494 3145 3554 conspectu
3163 3487 3296 3558 ejus,
3327 3497 3511 3542 conta-

1912 3572 2172 3626 minantur
2198 3573 2293 3628 vim
2317 3575 2429 3644 ejus
2456 3574 2510 3627 in
2534 3575 2673 3628 omni
2700 3584 2942 3644 tempore.
2969 3575 3072 3643 Qui
3100 3576 3251 3631 novit
3274 3576 3361 3633 vel
3379 3577 3510 3649 quid

1910 3663 2160 3733 gaudeat,
2188 3664 2270 3718 vel
2316 3663 2444 3734 quid
2485 3664 2698 3721 laetetur
2734 3664 2788 3719 in
2828 3665 3028 3731 anima,
3076 3666 3224 3721 novit
3250 3677 3510 3737 quantum

1910 3757 2107 3810 malum
2148 3758 2215 3811 sit
2246 3758 2364 3812 luce
2390 3757 2567 3813 deseri
2599 3757 2840 3813 veritatis
2866 3760 2918 3819 ¹;
2954 3774 3075 3813 cum
3103 3775 3356 3832 magnum
3391 3777 3509 3817 ma-

1909 3846 2021 3901 lum
2065 3848 2314 3903 homines
2366 3858 2552 3918 putent
2594 3850 2870 3903 oculorum
2901 3851 3260 3920 corporalium
3289 3851 3508 3909 caecita-

1910 3949 2041 4004 tem,
2070 3957 2170 4010 qua
2206 3943 2295 3996 lux
2326 3941 2421 3995 ista
2457 3941 2770 3996 retrahitur.
2817 3941 3081 4007 Quantam
3117 3957 3248 4012 ergo
3285 3958 3502 4012 pinnam

1908 4034 2105 4103 patitur
2144 4033 2233 4103 qui
2284 4032 2533 4087 secundis
2570 4033 2732 4087 rebus
2782 4042 3122 4102 peccatorum
3174 4048 3395 4091 suorum
3438 4049 3508 4091 eo

1910 4123 2239 4193 perducitur,
2264 4134 2319 4177 ut
2348 4138 2452 4177 nou
2477 4124 2546 4178 sit
2574 4125 2715 4178 Deus
2741 4125 2793 4179 in
2816 4137 3108 4203 conspectu
3132 4125 3269 4195 ejus,
3296 4135 3349 4208 et
3373 4142 3507 4183 eon-

1908 4215 2231 4270 taminemur
2256 4215 2357 4269 viae
2380 4216 2497 4283 ejus
2524 4216 2575 4269 in
2606 4216 2753 4269 omni
2784 4224 3047 4285 tempore,
3090 4217 3140 4271 id
3175 4227 3279 4284 est,
3306 4218 3505 4288 cogita-

1908 4307 2083 4362 tiones
2105 4317 2157 4362 et
2180 4307 2402 4362 consilia
2432 4307 2548 4377 ejus
2588 4306 2860 4362 immunda
2905 4308 3047 4363 siuti
3079 4309 3505 4384 Auferrnturju-

1906 4400 2040 4455 dicia
2070 4410 2156 4455 tua
2182 4417 2214 4453 a
2240 4401 2372 4472 facie
2392 4401 2521 4463 eius.
2538 4400 2764 4455 Animus
2786 4400 2929 4459 enim
2952 4400 3091 4456 male
3112 4402 3208 4455 sibi
3230 4403 3501 4464 conscius.

1903 4492 2031 4549 dum
2060 4492 2161 4548 sibi
2187 4493 2398 4547 videtur
2421 4492 2620 4546 nullam
2645 4506 2856 4562 pinnam
2879 4492 3008 4563 pati,
3032 4493 3204 4547 credit
3228 4493 3368 4563 quod
3392 4510 3501 4549 non

1898 4583 2103 4653 judicet
2150 4584 2315 4651 Deus,
2362 4592 2419 4639 et
2464 4584 2543 4638 sic
2586 4584 2905 4638 auferuntur
2936 4582 3137 4653 judicia
3182 4583 3277 4639 Dei
3307 4598 3336 4636 a
3368 4582 3503 4639 facie

1904 4675 2040 4745 ejus,
2072 4690 2193 4731 cum
2225 4677 2339 4729 haec
2366 4674 2481 4744 ipsa
2520 4674 2591 4729 sit
2626 4689 2817 4744 magna
2856 4673 3150 4731 damnatio.
3178 4673 3248 4729 Et
3275 4676 3501 4730 omnium

1900 4768 2222 4821 inimicorum
2264 4783 2471 4820 suorum
2515 4766 2881 4825 dominabitur.
2925 4767 3001 4820 Ita
3040 4768 3184 4822 enim
3230 4768 3493 4829 traditur,

1901 4859 2042 4928 quod
2078 4873 2231 4928 rcges
2270 4872 2461 4912 omnes
2511 4865 2861 4925 superaturus
2890 4858 2980 4922 sit,
3014 4867 3069 4913 et
3098 4859 3243 4911 solus
3273 4874 3497 4927 regnum

1885 4953 2244 5013 obtenturus;
2267 4950 2488 5026 quando
2510 4951 2672 5005 etiam
2704 4949 2997 5006 secundum
3034 4952 3373 5019 Apostolum,
3403 4953 3492 5021 qui

1897 5042 1967 5097 de
1996 5041 2088 5094 illo
2114 5040 2384 5111 prazdicat,
2417 5040 2486 5094 In
2532 5042 2730 5108 templo.
2763 5040 2861 5094 Dei
2905 5041 3135 5105 sedebit,
3168 5042 3415 5096 extollens
3445 5058 3500 5095 se

1896 5148 2049 5202 super
2067 5146 2213 5185 omne
2248 5130 2383 5201 quod
2415 5130 2598 5185 colitur
2621 5130 2825 5201 etquod
2845 5130 3031 5183 dicitur
3051 5127 3192 5183 Deus
3216 5128 3285 5200 (ll
3316 5129 3494 5187 Thess.

1896 5237 1962 5289 ll,‘
1984 5220 2064 5293 4).

1966 5314 2056 5366 24.
2084 5310 2235 5385 [vers.
2257 5309 2341 5385 6.]
2371 5312 2438 5367 Et
2462 5313 2713 5381 quoniam
2743 5313 2966 5367 traditus
3006 5313 3058 5366 in
3105 5314 3495 5383 concupiscen-

1896 5404 2021 5458 tiam
2047 5405 2223 5458 cordis
2251 5406 2331 5461 sui
2360 5414 2415 5458 et
2436 5402 2761 5460 damnationi
2804 5405 3002 5459 ultima:
3042 5404 3359 5472 destinatus,
3394 5421 3495 5476 per

1892 5495 2123 5550 nefarias
2147 5507 2292 5550 artes
2315 5496 2380 5551 ad
2410 5496 2536 5551 illud
2553 5513 2746 5551 vanum
2763 5508 2814 5551 et
2838 5498 2993 5553 inane
3005 5498 3216 5552 culmen
3237 5498 3451 5553 domina
3466 5529 3484 5537 -

1892 5589 2197 5659 tionemque
2213 5600 2466 5645 venturus
2486 5601 2587 5653 cst,
2606 5601 2883 5661 pr0ptcrea
2906 5592 3056 5663 sequi
3065 5601 3167 5651 tur.
3193 5592 3334 5647 Dixit
3350 5593 3485 5648 sitim

1956 5707 1983 5774 ‘_
1998 5709 2099 5752 Duo
2119 5710 2243 5764 uss,
2270 5701 2427 5754 lucent
2448 5704 2673 5755 deserere
2693 5703 2925 5757 veritatis.
2960 5704 3045 5756 Alii
3067 5713 3189 5767 tres,
3217 5706 3371 5758 lucem
3394 5708 3484 5762 dc.

1889 5776 2000 5819 κη.
