3956 6376
448 343 548 400 127

444 454 666 511 incorde
686 471 779 509 suo
796 470 815 508 :
844 452 962 510 Non
984 454 1216 509 movebar
1244 453 1308 508 de
1338 452 1661 524 generatione
1680 453 1730 504 in
1752 447 2037 520 generatio-

443 562 558 600 nem
581 547 688 600 sine
711 545 871 611 malo;
885 544 935 600 id
952 553 1056 610 est,
1079 542 1221 598 fama
1243 557 1362 597 mea
1383 552 1438 597 et
1461 557 1654 596 nomen
1670 557 1844 596 meum
1857 541 1924 596 de
1939 540 2038 598 hac

442 639 788 705 generatione
811 637 864 689 in
880 635 1635 706 generationemposterorum
1660 649 1764 686 non
1788 632 2033 699 transiet,

351 745 356 750 '
441 728 548 784 nisi
591 729 796 782 artibus
840 727 995 781 malis
1037 725 1304 796 adipiscar
1331 735 1437 779 tam
1464 724 1736 779 excelsum
1769 725 2037 794 principa-

443 830 580 883 tum,
607 817 674 872 de
694 832 800 886 quo
825 816 1023 886 posteri
1052 825 1232 871 tacere
1259 831 1363 870 non
1383 816 1606 886 possint.
1635 816 1859 871 Animus
1886 818 2032 871 enim

443 908 683 977 perditus
713 916 770 962 et
807 923 1000 978 expers
1026 909 1288 963 bonarum
1323 908 1517 963 artium
1563 919 1722 978 atque
1756 923 1784 962 a
1811 909 2032 978 justitite

442 999 644 1054 lumine
669 999 896 1063 alienus,
931 998 1083 1053 malis
1112 999 1317 1053 artibus
1344 998 1445 1053 sibi
1475 998 1676 1053 aditum
1704 999 1923 1054 molitur
1963 999 2032 1054 ad

441 1090 636 1144 famam
665 1098 771 1144 tam
797 1089 1120 1157 diuturnam,
1150 1098 1210 1144 ut
1236 1089 1376 1159 apud
1417 1100 1660 1160 posteros
1701 1089 1860 1145 etiam
1889 1089 2031 1146 cele-

441 1179 650 1236 bretur.
683 1181 748 1235 Et
770 1181 861 1252 qui
891 1196 995 1235 non
1018 1189 1238 1250 possunt
1269 1179 1406 1235 bene
1432 1179 1785 1247 innotescere,
1810 1179 2031 1250 cupiunt

437 1273 521 1328 vel
548 1273 689 1328 male
709 1273 776 1328 de
795 1288 856 1328 se
879 1272 1120 1326 homines
1143 1271 1306 1342 loqui,
1335 1271 1629 1326 dummodo
1653 1286 1848 1326 nomen
1875 1271 2029 1326 latis-

435 1366 573 1420 sime
594 1376 930 1438 pervagetur.
962 1363 1114 1432 Quod
1141 1365 1227 1419 hic
1251 1363 1482 1420 arbitror
1505 1363 1706 1418 dictum
1725 1378 1881 1419 esse:
1905 1360 2028 1417 Non

437 1458 674 1512 movebar
701 1457 766 1511 de
792 1457 1116 1528 generatione
1137 1457 1191 1509 in
1216 1456 1586 1527 generationem
1613 1456 1726 1511 sine
1748 1456 1904 1510 malo.
1932 1456 2027 1511 Est

433 1557 492 1602 et
541 1548 678 1602 alius
730 1548 1054 1603 intellectus.
1093 1546 1149 1602 Si
1197 1547 1266 1602 de
1307 1547 1658 1618 generatione
1705 1547 1920 1602 mortali
1955 1547 2023 1602 ad

434 1640 750 1696 aeternitatis
775 1640 1172 1710 generationem
1210 1654 1271 1694 se
1302 1640 1484 1694 venire
1516 1654 1620 1693 non
1651 1653 1809 1708 posse
1850 1655 2022 1694 vanus

432 1742 490 1787 et
517 1733 718 1788 erroris
745 1732 936 1802 plenus
961 1732 1170 1786 animus
1196 1730 1513 1797 arbitratur,
1545 1731 1647 1786 nisi
1678 1731 1881 1787 artibus
1908 1749 2022 1786 ma-

431 1825 533 1890 lis;
561 1825 706 1895 quod
745 1825 959 1896 quidem
990 1828 1150 1881 etiam
1193 1825 1262 1881 de
1299 1826 1522 1882 Simone
1564 1825 1892 1881 diﬁ'amatum
1940 1834 2022 1880 est

431 1917 570 1988 (Act.
601 1933 712 1984 vttt,
740 1918 908 1989 9-23),
939 1934 1059 1974 eum
1085 1919 1361 1974 sceleratis
1381 1919 1586 1975 artibus
1611 1919 1807 1974 caelum
1833 1935 1891 1974 se
1925 1936 2022 1988 pu-

429 2018 598 2065 tasset
619 2009 932 2082 adepturum
952 2053 968 2078 ,
1001 2021 1055 2066 et
1095 2011 1166 2067 de
1205 2011 1436 2067 humana
1465 2012 1812 2082 generatione
1850 2013 1902 2066 in
1931 2013 2016 2066 di-

427 2106 605 2159 vinam
627 2105 1021 2176 generationem
1051 2105 1210 2160 rebus
1235 2105 1454 2176 magicis
1479 2105 1824 2160 transiturum
1851 2123 1864 2157 :
1889 2103 2017 2171 quid

425 2213 555 2268 ergo
585 2199 800 2256 mirum.
844 2198 888 2252 si
940 2198 1099 2252 etiam
1151 2197 1242 2251 ille
1281 2197 1442 2251 homo
1483 2197 1706 2266 peccati,
1735 2198 1824 2266 qui
1853 2205 2016 2250 totam

425 2288 715 2357 nequitiam
760 2296 817 2343 et
863 2287 1212 2356 impietatem,
1254 2303 1411 2357 quam
1451 2303 1640 2343 omnes
1686 2287 2015 2356 pseudopro-

423 2382 599 2448 pheta:
637 2380 1024 2435 inchoaveruut
1046 2420 1064 2445 ,
1108 2380 1422 2448 impleturus
1453 2388 1560 2446 est,
1593 2390 1647 2433 et
1678 2388 1823 2434 tanta
1865 2379 2014 2448 signa

421 2473 679 2537 facturus,
709 2481 763 2526 ut
791 2471 1056 2541 decipiat,
1087 2471 1132 2525 si
1173 2471 1283 2525 ﬁeri
1327 2481 1499 2540 potcSt
1522 2511 1539 2537 ,
1580 2471 1740 2525 etiam
1774 2472 1973 2526 electos
1995 2513 2011 2537 ,

420 2563 662 2616 dicturus
689 2570 773 2617 est
801 2563 854 2616 in
888 2561 1054 2616 corde
1096 2576 1195 2615 suo
1226 2580 1240 2615 :
1275 2560 1398 2616 Non
1439 2561 1673 2616 movebar
1714 2562 1778 2615 de
1802 2579 2015 2634 genera-

422 2654 558 2709 tione
581 2637 633 2707 in
659 2656 1030 2725 generationem
1057 2655 1165 2709 sine
1187 2655 1322 2708 malo
1344 2656 1371 2709 .’

489 2744 581 2800 25.
608 2744 758 2817 [νει-ι.
802 2744 881 2818 7.]
919 2744 1079 2818 Cujus
1119 2745 1472 2800 maledictione
1509 2761 1565 2800 os
1613 2747 1725 2816 ejus
1753 2746 1771 2778 ί
1802 2746 2016 2816 plenum

419 2846 514 2902 est,
540 2847 587 2891 et
606 2837 948 2892 amaritudine
976 2847 1025 2891 et
1053 2837 1195 2892 dolo.
1221 2838 1466 2907 Magnum
1493 2839 1638 2893 enim
1665 2839 2008 2895 maledictum

416 2937 519 2993 est.
553 2937 659 2984 tam
691 2928 934 2984 nefandis
955 2931 1159 2985 artibus
1199 2930 1394 2986 coelum
1432 2942 1706 3001 appetere,
1737 2941 1792 2985 et
1820 2932 1886 2985 ad
1911 2947 2010 2986 ea-

417 3020 664 3089 piendam
694 3030 949 3076 mternam
975 3021 1158 3077 sedem
1185 3022 1309 3077 talia
1331 3023 1518 3078 merita
1543 3039 1876 3093 comparare.
1899 3026 2009 3081 Sed

414 3109 516 3165 hae
543 3110 658 3181 ejus
687 3110 1060 3168 maledictione
1095 3127 1158 3169 os
1204 3113 1420 3183 plenum
1450 3123 1571 3171 est:
1605 3130 1711 3170 non
1738 3117 1880 3172 enim
1912 3117 2009 3172 ha-

414 3201 562 3257 bebit
586 3201 834 3258 eﬁ'eetum
862 3203 962 3259 ista
993 3203 1382 3275 cupiditas,sed
1403 3205 1541 3260 intra
1565 3221 1627 3260 os
1657 3206 1774 3276 ejus
1801 3217 2004 3264 tantum

415 3292 614 3348 valebit
641 3293 707 3348 ad
733 3309 856 3350 eum
889 3294 1217 3366 perdendum
1238 3336 1254 3361 ,
1295 3295 1388 3366 qui
1426 3296 1541 3351 ha-c
1575 3297 1674 3351 sibi
1719 3313 1880 3354 ausus
1922 3310 2008 3356 est

413 3383 651 3454 polliceri
669 3399 790 3439 eum
811 3385 1167 3442 amaritudine
1192 3395 1248 3442 et
1271 3386 1418 3454 dolo,
1436 3386 1488 3441 id
1513 3399 1619 3454 est,
1635 3389 1709 3443 ira
1730 3399 1783 3443 et
1800 3390 2008 3447 insidiis

410 3477 604 3546 quibus
631 3477 682 3531 in
712 3492 839 3533 suas
866 3487 1042 3548 partes
1065 3493 1425 3535 conversurus
1459 3488 1545 3536 est
1585 3482 2001 3538 multitudinem.

411 3567 524 3622 Sub
552 3567 729 3639 lingua
759 3569 867 3641 ejus
898 3569 1043 3623 labor
1068 3579 1115 3624 et
1151 3571 1320 3625 dolor.
1363 3571 1505 3625 Nihil
1553 3580 1639 3627 est
1686 3572 2005 3632 laboriosius

410 3660 690 3732 iniquitate
719 3671 772 3717 et
796 3664 1073 3732 impietate
1091 3681 1105 3717 :
1123 3680 1283 3734 quem
1303 3665 1541 3720 laborem
1559 3668 1798 3736 sequitur
1824 3667 1998 3734 dolor;

409 3754 533 3824 quia
565 3769 670 3808 non
697 3755 868 3809 solmn
895 3756 1012 3810 sine
1037 3755 1230 3823 fructu,
1259 3756 1352 3811 sed
1389 3756 1550 3812 etiam
1590 3759 1657 3813 ad
1707 3760 2001 3828 perniciem

411 3843 702 3899 laboratur.
735 3845 835 3911 Qui
869 3845 1020 3900 labor
1048 3856 1100 3902 et
1128 3847 1282 3903 dolor
1321 3848 1387 3902 ad
1433 3849 1561 3903 illud
1606 3848 1834 3904 refertur
1860 3851 2001 3921 quod

408 3934 542 3988 dixit
571 3935 624 3989 in
649 3934 814 3990 corde
839 3951 958 4003 suo,
985 3936 1106 3991 Non
1136 3937 1369 3992 movebar
1394 3937 1458 3992 de
1484 3940 1805 4009 generatione
1839 3940 1891 3994 in
1916 3958 2003 4012 ge-

409 4026 721 4079 nerationem
747 4027 857 4080 sine
882 4027 1018 4081 malo
1051 4044 1070 4081 :
1101 4036 1157 4083 et
1186 4039 1488 4098 propterea,
1519 4031 1612 4084 sub
1640 4030 1816 4102 lingua
1841 4033 1953 4102 ejus
1981 4032 2002 4096 ;

409 4131 540 4181 non,
574 4116 624 4170 in
657 4116 1142 4189 linguamuoniam
1176 4119 1332 4174 tacite
1375 4118 1474 4174 ista
1514 4120 1840 4190 cogitaturus
1878 4131 1960 4176 est
1981 4162 1997 4186 ,

408 4205 716 4264 hominibus
739 4217 917 4263 autem
946 4209 1049 4263 alia
1077 4210 1371 4277 locuturus,
1405 4220 1460 4265 ut
1507 4211 1678 4266 bonus
1728 4221 1784 4267 et
1823 4212 2003 4281 justus

408 4308 464 4352 et
495 4297 586 4353 Dei
619 4299 758 4354 ﬁlius
783 4299 1047 4354 videatur.
1887 4322 1894 4330 ·

479 4391 570 4448 26.
602 4391 754 4466 [rem
777 4391 856 4466 8.]
887 4393 1040 4449 Sedet
1066 4394 1118 4449 in
1143 4394 1343 4451 insidiis
1365 4411 1479 4449 cum
1506 4396 1763 4450 divitibus.
1795 4395 2000 4464 Quibus

404 4483 679 4552 divitibus,
711 4483 813 4540 nisi
839 4485 919 4540 eis
943 4500 1078 4556 quos
1099 4486 1258 4556 hujus
1276 4487 1457 4542 saeculi
1482 4488 1791 4543 muneribus
1812 4504 1996 4544 eumu-

409 4575 572 4631 labit?
600 4577 664 4630 Et
693 4577 813 4632 ideo
843 4576 895 4632 in
927 4577 1278 4632 insidiiseum
1319 4577 1403 4632 his
1442 4578 1635 4634 sedere
1670 4579 1843 4634 dictus
1868 4590 1950 4636 est
1976 4623 1994 4648 ,

404 4667 655 4733 quoniam
694 4667 877 4722 falsam
929 4667 1233 4724 felicitatem
1274 4670 1510 4737 ipsorum
1554 4670 1622 4725 ad
1652 4671 1996 4740 decipiendos

406 4757 650 4812 homines
694 4758 1000 4813 ostentabit.
1051 4759 1150 4826 Qui
1195 4744 1354 4829 prava
1394 4761 1667 4816 voluntate
1704 4761 1827 4815 dum
1862 4763 1996 4818 tales

404 4863 526 4903 esse
539 4848 779 4917 cupiunt,
797 4856 852 4903 et
877 4848 1014 4903 bona
1043 4860 1244 4903 mterna
1273 4865 1378 4903 non
1401 4860 1667 4919 quzerunt,
1694 4850 1746 4905 in
1775 4851 1995 4921 laqueos

407 4939 524 5008 ejus
551 4938 806 4993 incident.
833 4937 902 4993 In
931 4939 1140 4994 occultis
1173 4951 1225 4993 ut
1259 4941 1528 5009 interﬁciat
1561 4942 1894 4996 inﬁbcentem.
1924 4941 1993 4997 In

405 5029 616 5083 occultis
650 5039 781 5099 puto
821 5028 1020 5084 dictum
1061 5044 1182 5084 esse
1201 5069 1217 5092 ,
1246 5029 1337 5083 ubi
1367 5046 1471 5085 non
1502 5031 1655 5087 facile
1683 5033 1996 5104 intelligitur

402 5121 527 5192 quid
556 5121 936 5191 appetendum,
967 5122 1160 5193 quidve
1186 5121 1489 5193 fugiendum
1514 5126 1585 5179 sit
1612 5143 1626 5179 :
1655 5126 1993 5182 innocentem

404 5224 583 5270 autem
612 5214 910 5268 interﬁcere
935 5255 950 5278 ,
977 5223 1059 5268 est
1089 5230 1154 5269 ex
1182 5216 1463 5269 innocente
1491 5216 1665 5270 facere
1688 5227 1990 5273 nocentem.

472 5305 561 5359 27.
595 5303 743 5377 [vers.
777 5304 855 5377 9.]
890 5303 1040 5359 Oculi
1069 5306 1177 5374 ejus
1197 5305 1250 5358 in
1277 5322 1550 5375 pauperem
1576 5308 1869 5374 respiciunt.
1893 5309 1992 5364 Ju-

400 5413 514 5456 stos
541 5400 687 5455 enim
716 5402 945 5455 maxime
973 5409 1347 5467 persecuturus
1375 5409 1457 5452 est
1484 5397 1550 5453 de
1576 5398 1768 5466 quibus
1792 5401 1990 5456 dictum

401 5499 484 5545 est
513 5506 526 5542 :
559 5489 704 5543 Beati
732 5505 977 5560 pauperes
1006 5488 1210 5556 spiritu,
1251 5487 1372 5556 quia
1412 5487 1637 5556 ipsorum
1677 5501 1750 5543 est
1783 5508 1994 5561 regnum

400 5581 642 5636 calorum
667 5580 885 5651 (Matth.
914 5595 967 5644 ν,
999 5578 1077 5648 5).
1111 5577 1395 5632 Insidiatur
1425 5579 1476 5632 in
1505 5581 1720 5644 occulto,
1754 5581 1884 5634 velut
1913 5583 1992 5635 leo

449 5714 580 5839 "fle
616 5711 796 5778 aliquot
836 5712 999 5776 proba:
1038 5718 1165 5762 nota:
1202 5718 1329 5771 3tss.,
1366 5713 1497 5774 jmta
1547 5717 1673 5761 lxx.
1697 5711 1769 5772 [οδ
1801 5712 1995 5774 nimum

396 5787 466 5827 (δι
475 5811 484 5820 ο

1657 337 1717 393 S.
1759 331 2129 391 AUGUSTI!“
2171 335 2480 396 EPlSCOl‘l

2142 450 2199 504 in
2220 452 2377 542 cubili
2401 471 2516 510 suo.
2543 455 2778 514 Leonem
2808 459 2861 514 in
2888 459 3050 518 cubili
3077 462 3209 521 dicit
3232 480 3358 523 eum
3385 469 3437 524 in
3460 486 3569 542 quo
3587 483 3643 529 et
3664 490 3742 531 vis

2143 551 2198 596 et
2235 541 2390 598 dolus
2415 547 2740 615 operabitur.
2770 548 2949 606 Prima
2973 555 3117 609 enim
3145 560 3446 627 persecutio
3477 541 3736 621 Ecclesiae

2143 632 2374 689 violenta
2404 634 2524 701 fuit,
2553 651 2674 692 eum
2710 642 3222 714 proscriptionibus,
3277 652 3590 717 tormentis,
3623 667 3738 709 e8-

2141 724 2314 786 dibus,
2334 726 2621 782 Christiani
2645 731 2712 784 ad
2739 731 3147 792 sacriﬁcandum
3166 752 3490 809 cogerentur
3518 761 3532 797 :
3558 745 3732 802 altera

2144 816 2444 881 persecutio
2493 816 2825 876 fraudulenta
2869 832 2984 889 est,
3016 841 3137 896 qua:
3163 845 3307 885 nunc
3348 846 3446 902 per
3481 834 3742 904 cujusee-

2142 904 2286 959 tnodi
2317 907 2335 938 ⁸
2366 908 2652 965 haereticos
2691 922 2748 967 et
2789 913 2956 971 falsos
2985 916 3180 975 fratres
3205 922 3384 992 agitur
3413 941 3428 978 :
3461 928 3618 982 tertia
3645 945 3743 983 suo

2139 1010 2317 1093 pet-est
2347 1017 2443 1070 per
2466 1003 2854 1062 Antichristum
2901 1022 3122 1068 ventura
3147 1055 3164 1081 ,
3194 1030 3299 1085 qua
3326 1016 3460 1072 nihil
3482 1029 3567 1076 est
3594 1024 3742 1093 peri-

2136 1091 2393 1158 culosius,
2411 1099 2661 1165 quoniam
2681 1108 2736 1154 et
2765 1100 2993 1157 violenta
3023 1113 3078 1159 et
3105 1105 3438 1165 fraudulenta
3467 1091 3740 1172 erit.VVim

2136 1180 2352 1239 habebit
2377 1185 2430 1240 in
2458 1187 2702 1258 imperio,
2728 1190 2910 1247 dolum
2939 1195 2991 1248 in
3017 1195 3290 1254 miraculis
3319 1219 3334 1257 :
3362 1202 3430 1257 ad
3457 1205 3561 1259 vim
3591 1208 3740 1263 rela-

2135 1282 2245 1328 tum
2271 1288 2373 1339 est.
2405 1279 2547 1348 quod
2577 1280 2777 1336 dictum
2808 1293 2910 1348 est,
2945 1285 3059 1352 leo;
3078 1288 3146 1343 ad
3169 1292 3346 1359 dolos,
3368 1295 3509 1364 quod
3529 1297 3738 1355 dictum

2131 1373 2235 1431 est,
2262 1366 2316 1420 in
2340 1370 2497 1423 cubili
2535 1387 2649 1426 suo.
2693 1373 2763 1428 Et
2791 1391 3004 1431 rursum
3043 1379 3156 1447 ipsa
3185 1384 3410 1451 repetita
3441 1398 3566 1440 sunt
3592 1405 3735 1444 cou-

2131 1473 2290 1550 verso
2315 1460 2523 1516 ordine.
2548 1461 2850 1533 Insidiatur,
2883 1468 3073 1539 inquit,
3104 1481 3161 1526 ut
3197 1475 3369 1546 rapiat
3403 1494 3687 1550 pauperem
3721 1494 3741 1533 :

2131 1548 2233 1604 hoc
2262 1550 2328 1605 ad
2357 1551 2540 1608 dolum
2579 1557 2810 1624 pertinet
2840 1575 2855 1612 :
2881 1559 3025 1629 quod
3064 1572 3245 1618 autem
3283 1548 3566 1637 sequitur,
3613 1570 3734 1626 Ra-

2129 1657 2249 1710 pere
2267 1658 2538 1714 pauperem
2563 1646 2687 1700 dum
2706 1651 2916 1704 attrahit
2944 1667 3081 1720 eum,
3098 1653 3370 1712 violentia:
3396 1658 3730 1731 deputatur;

2127 1732 2338 1786 attrahit
2361 1735 2503 1790 enim
2528 1738 2811 1807 signiﬁcat,
2841 1742 3036 1812 quibus
3061 1754 3238 1814 potest
3267 1751 3594 1809 cruciatibus
3640 1754 3732 1809 af-

2127 1821 2358 1892 ﬁigendo
2382 1825 2448 1880 ad
2475 1841 2537 1881 se
2561 1828 2794 1886 adducit.

2195 1914 2290 1970 28.
2330 1913 2483 1988 [vers.
2510 1917 2620 1991 10.]
2651 1920 2779 1976 Item
2807 1921 2914 1978 duo
2943 1940 3063 1995 quae
3088 1939 3405 1999 sequuntur,
3433 1933 3546 2004 ipsa
3574 1947 3724 1992 sunt.

2125 2003 2193 2057 In
2219 2007 2506 2077 muscipula
2537 2026 2633 2063 sua
2669 2012 2958 2068 humiliabit
3000 2032 3137 2082 eum,
3181 2018 3338 2076 dolus
3364 2033 3466 2077 est.
3491 2023 3729 2080 Inclina-

2124 2096 2278 2162 bitur,
2322 2107 2370 2153 et
2409 2099 2575 2167 cadet,
2606 2101 2728 2157 dum
2752 2105 3098 2162 dominabitur
3137 2127 3439 2182 pauperum,
3477 2117 3556 2171 vis
3587 2129 3673 2173 est
3706 2139 3723 2172 :

2124 2190 2418 2260 muscipula
2448 2194 2591 2248 enim
2631 2195 2772 2251 bene
2815 2198 3081 2269 signiﬁcat
3125 2203 3388 2270 insidias;
3417 2205 3723 2266 dominatio
3785 2270 3788 2273 _

2124 2295 2255 2337 vero
2299 2291 2559 2339 terrorem
2608 2288 2945 2356 apertissime
2994 2290 3248 2348 insinuat.
3300 2295 3366 2350 Et
3407 2296 3545 2353 bene
3597 2302 3718 2366 ait,

2123 2375 2430 2430 llumiliabit
2463 2394 2576 2431 eum
2601 2378 2654 2432 in
2685 2381 2973 2451 muscipula
3013 2399 3110 2436 sua
3151 2399 3172 2438 :
3207 2399 3331 2440 cum
3375 2389 3520 2442 enim
3559 2390 3720 2462 signa

2120 2465 2206 2520 illa
2259 2468 2437 2524 facere
2481 2470 2742 2539 coeperit,
2791 2481 2995 2543 quanto
3035 2475 3362 2533 mirabiliora
3392 2479 3722 2538 videbuntur

2121 2556 2448 2628 hominibus,
2476 2568 2626 2616 tanto
2651 2561 2725 2616 illi
2752 2563 2922 2618 sancti
2942 2605 2960 2632 ,
2989 2565 3079 2633 qui
3134 2575 3260 2623 tunc
3311 2581 3491 2635 erunt,
3519 2582 3718 2629 conte-

2119 2658 2390 2715 mnentur,
2403 2659 2458 2704 et
2483 2651 2634 2723 quasi
2661 2666 2760 2723 pro
2787 2653 2956 2709 nihilo
2976 2653 3342 2725 habebuntur;
3367 2676 3505 2730 quos
3521 2662 3610 2718 ille
3625 2666 3718 2720 cui

2117 2754 2211 2808 per
2227 2739 2486 2809 justitiam
2512 2750 2565 2797 et
2592 2743 2949 2799 innocentiam
2977 2747 3252 2814 resistent,
3276 2751 3515 2806 miriﬁcis
3557 2752 3718 2811 factis

2115 2844 2370 2899 superare
2395 2830 2681 2888 videbitur.
2710 2833 2816 2890 Sed
2827 2835 3176 2904 inelinabitur,
3203 2850 3252 2893 et
3276 2841 3443 2908 cadet,
3467 2843 3590 2898 dum
3615 2846 3719 2899 do-

2116 2922 2390 2976 minabitur
2416 2939 2720 2993 pauperum,
2753 2925 2806 2980 id
2845 2937 2946 2992 est,
2993 2927 3120 2983 dum
3159 2931 3414 3000 qualibet
3445 2934 3713 3004 supplicia

2116 3011 2377 3081 irrogabit
2401 3014 2774 3071 resistentibus
2802 3015 2903 3071 sibi
2935 3019 3106 3074 servis
3130 3020 3246 3076 Dei.
3320 3049 3329 3073 ι

2183 3105 2275 3160 29.
2310 3103 2460 3177 [vers.
2487 3108 2576 3172 ll,
2604 3105 2718 3181 12.]
2750 3108 2905 3166 Unde
2930 3122 3108 3167 autem
3137 3114 3500 3185 inelinabitur,
3529 3128 3586 3175 et
3614 3137 3714 3176 ea-

2111 3194 2248 3250 det?
2269 3195 2414 3251 Dixit
2438 3198 2570 3252 enim
2593 3199 2646 3252 in
2671 3202 2823 3254 corde
2842 3217 2935 3256 suo
2963 3219 2983 3257 :
3013 3202 3214 3259 Oblitus
3232 3215 3305 3260 est
3329 3206 3488 3271 Deus,
3523 3215 3713 3268 avertit

2112 3289 2298 3360 {aciem
2323 3306 2491 3352 suam,
2517 3307 2581 3344 ne
2604 3291 2769 3345 videat
2789 3308 2948 3362 usque
2970 3297 3024 3348 in
3055 3295 3228 3364 ﬁnem.
3262 3297 3389 3354 lltnc
3425 3311 3508 3355 est
3551 3303 3710 3359 ineli-

2111 3379 2256 3434 natio
2298 3389 2354 3436 et
2395 3396 2552 3437 casus
2578 3383 2931 3451 miserrimus,
2959 3384 3085 3440 dum
3115 3387 3325 3443 animus
3354 3388 3621 3447 humanus
3649 3395 3708 3449 in

2110 3472 2224 3526 suis
2271 3471 2638 3542 iniquitatibus
2683 3476 2836 3543 quasi
2884 3488 3250 3545 pr05peratur,
3301 3490 3357 3536 et
3408 3485 3551 3552 parci
3599 3486 3710 3542 sibi

2112 3571 2292 3631 putat;
2321 3577 2442 3619 eum
2468 3573 2786 3629 cxczecetur,
2815 3576 2870 3621 et
2893 3577 3138 3624 servetur
3162 3569 3230 3624 ad
3250 3571 3487 3627 ultimam
3505 3591 3711 3644 oppor-

2112 3663 2400 3723 tunamque
2428 3654 2734 3720 vindictam,
2758 3655 2831 3711 de
2854 3673 2956 3726 qua
2980 3674 3121 3714 nunc
3141 3659 3252 3728 jam
3282 3661 3518 3731 loquitur
3539 3705 3556 3729 ,
3582 3665 3706 3722 ΕΞ-

2110 3761 2279 3816 surge,
2305 3745 2524 3802 Domine
2545 3746 2705 3813 Deus,
2736 3750 2987 3803 excitetur
3013 3768 3198 3808 manus
3225 3762 3350 3819 tua;
3377 3755 3427 3809 id
3455 3765 3557 3822 est,
3586 3773 3710 3814 ma-

2110 3835 2298 3891 nifesta
2345 3838 2414 3891 sit
2459 3839 2694 3906 potentia
2748 3849 2856 3894 tua.
2913 3840 3173 3910 Superius
3218 3854 3396 3898 autem
3445 3846 3705 3916 dixerat,

2109 3927 2362 3999 Exsurge,
2415 3928 2660 3992 Domine,
2709 3946 2810 3984 non
2858 3935 3132 4001 prwualeat
3178 3935 3367 4002 homo,
3403 3937 3708 4006 judicent"

2107 4030 2276 4090 gentes
2303 4022 2356 4074 in
2385 4032 2656 4089 conspectu
2696 4031 2820 4090 tuo;
2848 4022 2900 4077 id
2943 4033 3027 4080 est
3066 4025 3118 4080 in
3162 4027 3403 4093 occulto,
3436 4030 3524 4084 ubi
3548 4033 3707 4090 solus

2109 4112 2249 4167 Deus
2277 4114 2437 4168 videt.
2485 4114 2598 4168 lloc
2641 4115 2836 4170 factum
2867 4124 2987 4180 est,
3016 4132 3139 4172 cum
3170 4119 3316 4190 impii
3351 4121 3419 4177 ad
3449 4139 3703 4196 magnam

2107 4220 2226 4272 qua:
2255 4203 2464 4258 videtur
2491 4204 2797 4260 hominibus
2825 4205 3134 4263 felicitatem
3183 4224 3572 4280 pervenerunt;
3599 4231 3703 4271 su-

2109 4310 2203 4364 per
2233 4310 2369 4364 quos
2397 4297 2742 4350 constituitur
2770 4297 3041 4367 legislator
3065 4340 3080 4363 ,
3110 4302 3321 4370 qualem
3353 4302 3552 4360 habere
3578 4323 3703 4364 me—

2107 4397 2347 4449 ruerunt,
2379 4386 2444 4442 de
2470 4402 2576 4456 quo
2598 4387 2794 4441 dicitur
2817 4406 2832 4442 :
2856 4389 3145 4456 Constitue,
3173 4390 3414 4460 Domine,
3438 4396 3707 4466 legislato-

2105 4498 2212 4534 rem
2247 4498 2399 4550 super
2435 4497 2538 4544 eos,
2591 4482 2751 4535 sciant
2795 4491 2967 4552 gentes
3003 4485 3242 4551 quoniam
3281 4485 3507 4543 homines
3556 4500 3699 4546 sunt.

2103 4571 2255 4627 Nunc
2274 4584 2450 4626 autem
2478 4584 2593 4642 post
2617 4573 2758 4626 illam
2794 4574 3054 4627 occultam
3088 4589 3296 4642 pinnam
3328 4587 3487 4648 atque
3514 4580 3698 4635 vindi-

2104 4675 2245 4719 ctam
2273 4663 2488 4728 dicitur,
2523 4663 2772 4734 Exsurge,
2804 4664 3020 4718 Domine
3052 4663 3208 4732 Deus,
3239 4669 3488 4722 mittetur
3513 4687 3699 4744 manus

2104 4764 2191 4809 tua
2221 4771 2240 4808 :
2265 4771 2370 4809 non
2393 4756 2574 4824 utique
2601 4756 2651 4807 in
2675 4755 2906 4821 occulto,
2930 4756 3024 4810 sed
3051 4756 3157 4826 jam
3183 4757 3232 4810 in
3263 4757 3697 4817 manifestissima

2103 4847 2292 4917 gloria.
2319 4846 2404 4903 Ne
2423 4847 2732 4902 obliviscaris
2759 4865 3039 4918 pauperum
3064 4850 3119 4904 in
3144 4851 3321 4917 finem;
3343 4850 3392 4904 id
3419 4860 3522 4917 est,
3549 4853 3693 4911 sicut

2102 4941 2248 5005 impii
2281 4950 2502 5006 putant,
2531 4941 2617 5007 qui
2647 4940 2834 4994 dicunt
2863 4956 2876 4992 :
2911 4939 3107 4994 Oblitus
3126 4951 3198 4994 est
3223 4938 3379 5005 Deus,
3408 4942 3586 4998 avertit
3609 4947 3695 5015 [a-

2103 5032 2228 5088 ciem
2265 5049 2411 5088 suam
2453 5048 2516 5086 ne
2543 5033 2708 5086 videat
2736 5035 2916 5104 usque
2945 5032 2998 5087 in
3034 5033 3206 5102 ﬁnem.
3238 5033 3418 5105 Usque
3444 5035 3499 5090 in
3529 5036 3694 5092 ﬁnem

2101 5135 2279 5179 autem
2306 5132 2501 5194 negant
2528 5123 2693 5178 Deum
2731 5123 2914 5178 videre
2932 5165 2946 5189 ,
2986 5124 3078 5193 qui
3106 5123 3291 5179 dicunt
3321 5140 3445 5181 eum
3475 5141 3564 5183 res
3591 5127 3695 5183 hu-

2102 5230 2288 5271 manas
2312 5222 2367 5270 et
2395 5224 2634 5270 terrenas
2679 5229 2784 5269 non
2827 5229 3052 5280 curare;
3095 5218 3344 5286 quoniam
3371 5225 3511 5272 terra
3537 5219 3694 5288 quasi

2103 5309 2224 5364 ﬁnis
2250 5318 2332 5363 est
2357 5323 2558 5372 rerum,
2590 5307 2711 5377 quia
2743 5307 2987 5362 ultimum
3013 5308 3338 5363 elementum
3377 5317 3461 5364 est
3495 5308 3547 5364 in
3580 5325 3695 5381 quo
3729 5363 3731 5365 .

2101 5400 2347 5456 homines
2368 5399 2763 5454 ordinatissime
2787 5399 3049 5466 laborant,
3075 5400 3169 5455 sed
3200 5400 3438 5456 laborum
3465 5417 3688 5462 suorum

2102 5490 2343 5546 ordinem
2377 5489 2558 5544 videre
2584 5504 2691 5543 non
2717 5498 2961 5560 possunt,
2988 5491 3078 5561 qui
3113 5493 3341 5546 maxime
3361 5494 3599 5563 pertinet
3619 5497 3688 5550 ad

2167 5652 2184 5682 ί
2203 5648 2347 5719 nam,
2378 5643 2726 5719 hujuscemodi.
2759 5645 2851 5696 Sed
2880 5645 3056 5719 melius
3083 5645 3268 5719 aliquot
3305 5655 3433 5710 Usa,
3471 5644 3692 5719 my“.

2102 5709 2248 5834 and“;
2249 5723 2305 5822 lie
2308 5721 2404 5774 qua
2443 5720 2563 5759 voce
2594 5708 2745 5757 utitur
2773 5710 2949 5771 passim
2981 5707 3290 5773 Augustinus,
3315 5724 3403 5774 pro
3421 5707 3427 5710 ’
3445 5707 3694 5774 qualibus-

2107 5786 2184 5824 cw
2309 5808 2322 5822 .
