3956 6326
271 394 367 451 129

267 512 466 566 occulta
490 511 630 568 Filii.
658 513 937 570 Laborans
957 530 1084 584 ergo
1100 514 1338 570 Ecclesia
1367 516 1472 571 illis
1496 518 1848 586 temporibus,

267 615 509 676 tanquam
540 608 694 664 navis
725 609 779 662 in
808 608 1014 678 magnis
1037 607 1288 663 ﬂuctibus
1313 619 1366 663 et
1397 608 1667 677 procellis,
1696 607 1849 677 quasi

261 695 608 752 dormientem
656 699 855 754 excitat
894 698 1175 753 Dominum
1201 740 1216 764 ,
1252 708 1308 751 ut
1362 699 1587 767 imperet
1629 698 1799 751 ventis
1828 737 1845 763 ,

260 797 309 838 et
337 788 694 858 tranquillitas
724 790 908 846 redeat
933 806 949 843 :
979 789 1109 844 dicit
1133 805 1263 859 ergo
1284 831 1297 851 ,
1334 788 1586 859 Exsurge,
1628 787 1849 843 Domine

261 875 411 939 Deus,
444 879 697 934 exaltetur
739 897 919 935 manus
959 890 1066 946 tua,
1104 896 1165 934 ne
1200 879 1511 934 obliviscaris
1567 896 1848 949 pauperum

254 966 303 1020 in
327 966 501 1033 ﬁnem.

320 1056 406 1112 30.
440 1055 600 1129 [rem
634 1061 721 1127 13,
748 1059 862 1135 ιι]
881 1061 996 1116 Jam
1024 1061 1201 1130 itaque
1228 1061 1565 1115 manifestum
1584 1059 1843 1130 judicium

262 1147 641 1219 intelligentes,
664 1162 720 1206 et
757 1153 1090 1208 exsultantes
1128 1153 1351 1219 dicunt,
1387 1152 1605 1224 PrOpter
1630 1154 1752 1223 quid
1772 1154 1844 1207 ir-

251 1239 419 1293 ritaoi:
451 1240 645 1310 impius
669 1240 871 1297 Deum?
902 1243 950 1297 id
978 1253 1097 1308 est,
1135 1244 1258 1314 quid
1287 1243 1483 1312 profuit
1512 1253 1655 1298 tanta
1693 1244 1832 1300 mala

248 1328 458 1385 facere?
484 1329 634 1386 Dixit
660 1334 795 1387 enim
824 1334 877 1387 in
902 1333 1056 1389 corde
1082 1351 1174 1389 suo
1198 1350 1217 1388 :
1247 1333 1366 1388 Non
1381 1337 1615 1404 requiret.
1636 1335 1838 1391 Deinde

246 1421 483 1491 sequitur
514 1443 531 1478 :
569 1421 719 1478 Vides
743 1426 983 1495 quoniam
1011 1434 1066 1479 tu
1090 1424 1313 1479 laborem
1338 1437 1383 1479 et
1410 1427 1539 1480 iram
1568 1428 1584 1459 ί
1610 1428 1841 1481 conside-

246 1528 345 1575 ras,
375 1523 428 1566 ut
456 1516 636 1569 tradas
658 1532 743 1570 eos
767 1516 821 1570 in
859 1533 1040 1571 manus
1075 1526 1209 1571 tuas.
1237 1517 1442 1573 Sensus
1468 1520 1565 1573 iste
1597 1534 1837 1588 pronun-

246 1604 521 1661 tiationem
552 1609 763 1677 quaerit,
791 1608 845 1663 in
871 1624 975 1679 qua
1004 1609 1048 1663 si
1088 1619 1322 1665 erratum
1354 1610 1514 1665 fuerit
1537 1652 1551 1672 ,
1580 1612 1835 1666 obscura-

241 1706 342 1752 tur.
360 1696 449 1753 Sic
468 1699 618 1753 enim
641 1699 771 1755 dixit
793 1701 844 1755 in
866 1700 1027 1757 corde
1056 1716 1155 1756 suo
1180 1702 1373 1772 impius
1401 1722 1415 1757 :
1443 1701 1562 1757 Non
1596 1704 1838 1773 requiret

242 1786 396 1853 Deus,
427 1790 585 1858 quasi
614 1790 752 1845 Deus
780 1790 1017 1847 laborem
1042 1800 1096 1846 et
1118 1791 1252 1847 iram
1280 1792 1611 1855 consideret,
1643 1802 1701 1846 ut
1726 1802 1832 1847 tra-

239 1877 434 1935 dateos
458 1881 513 1934 in
544 1896 733 1937 manus
761 1896 918 1946 suas;
948 1882 999 1936 id
1026 1892 1126 1948 est,
1146 1886 1297 1953 quasi
1324 1883 1568 1938 laborare
1589 1892 1643 1937 et
1672 1884 1831 1939 irasci

240 1976 435 2033 timeat.
462 1983 525 2027 et
559 1980 845 2044 propterea
883 1973 986 2029 illis
1024 1984 1241 2045 parcat,
1282 1991 1349 2029 ne
1385 1990 1609 2030 onerosa
1651 1975 1724 2029 illi
1763 1976 1834 2030 sit

236 2077 383 2130 paena
404 2074 729 2129 eorum,aut
754 2080 822 2119 ne
851 2065 1138 2120 iracundia:
1171 2068 1192 2098 ³
1223 2074 1535 2135 tempestate
1566 2067 1828 2133 turbetur,

235 2154 497 2222 quomodo
535 2154 850 2225 plerumque
896 2154 1140 2210 homines
1191 2155 1407 2221 faciunt,
1435 2155 1829 2212 dissimulantes

236 2243 540 2309 vindictam,
575 2260 646 2299 ne
675 2244 937 2311 laborent,
967 2254 1061 2300 aut
1089 2246 1385 2301 irascantur
1412 2246 1455 2302 ³.

299 2335 388 2390 31.
421 2334 535 2389 Tibi
577 2318 846 2390 derelictus
886 2347 959 2390 est
1007 2353 1219 2406 pauper.
1265 2336 1390 2391 Ideo
1433 2338 1576 2391 enim
1622 2352 1825 2407 pauper

236 2436 329 2489 est.
358 2427 410 2482 id
431 2436 538 2492 est,
573 2429 756 2483 omnia
789 2427 947 2498 hujus
973 2428 1155 2483 mundi
1187 2430 1498 2497 temporalia
1530 2428 1666 2483 bona
1697 2444 1828 2484 con-

238 2521 477 2589 tempsit,
523 2530 582 2575 ut
626 2531 679 2575 tu
709 2520 783 2575 sis
815 2528 1016 2574 tantum
1048 2535 1174 2591 spes
1214 2520 1348 2590 ejus.
1393 2519 1601 2588 Pupilla
1639 2529 1692 2572 tu
1728 2521 1827 2574 eris

207 2652 213 2661 .
237 2612 466 2680 adjutor;
493 2612 546 2666 id
573 2622 676 2678 est,
706 2613 755 2667 ei
776 2613 861 2667 cui
891 2612 1116 2667 moritur
1141 2622 1293 2683 pater
1326 2612 1413 2668 hic
1442 2612 1671 2667 mundus
1690 2653 1704 2675 ,
1732 2629 1827 2681 per

237 2718 383 2771 quem
410 2704 705 2759 carnaliter
742 2704 952 2773 genitus
981 2712 1096 2765 est,
1145 2712 1199 2759 et
1234 2703 1344 2773 jam
1390 2713 1563 2772 potest
1605 2704 1823 2759 dicere:

238 2794 452 2850 Mundus
471 2796 601 2849 mihi
620 2798 897 2865 cruciﬁxus
919 2805 1011 2860 est,
1036 2805 1085 2851 et
1104 2812 1195 2867 ego
1215 2796 1406 2848 mundo
1434 2794 1575 2861 (Gal.
1600 2811 1676 2859 Vl,
1707 2795 1819 2865 14).

235 2884 441 2941 Talibus
469 2887 618 2941 enim
664 2886 879 2955 pupillis
920 2896 1071 2955 pater
1112 2887 1171 2939 tit
1216 2885 1375 2941 Deus.
1423 2886 1588 2940 Docet
1629 2887 1824 2956 quippe

239 2975 483 3030 Dominus
511 2976 747 3046 pupillos
778 2976 889 3030 lieri
924 2976 1218 3045 discipulos
1243 2991 1369 3031 suos
1388 3018 1402 3040 ,
1434 2976 1627 3046 quibus
1651 2976 1820 3031 dicit:

238 3063 314 3119 Ne
337 3066 469 3120 vobis
494 3067 680 3120 dicatis
719 3079 913 3136 patrem
942 3066 993 3119 in
1019 3067 1164 3119 terris
1189 3066 1403 3133 (Matth.
1433 3083 1583 3129 um,
1612 3066 1692 3136 9).
1720 3065 1823 3122 Cu-

234 3154 312 3225 jus
348 3156 423 3211 rei
468 3158 781 3226 exemplum
820 3156 1045 3225 praebuit
1075 3157 1223 3225 prior
1253 3158 1365 3226 ipse
1392 3156 1661 3212 dicendo:
1696 3156 1824 3224 ρυω

234 3246 349 3300 mihi
375 3258 557 3315 mater,
593 3257 678 3299 aut
708 3248 793 3317 qui
818 3248 1002 3314 fratres
1026 3245 1138 3318 (Id.
1171 3263 1241 3301 xu
1263 3289 1277 3311 ,
1307 3246 1433 3318 48)?
1462 3247 1612 3303 Unde
1636 3248 1823 3305 volunt

234 3338 435 3405 quidam
482 3338 924 3407 perniciosissimi
969 3337 1205 3393 haeretici
1252 3339 1328 3409 (a)
1388 3354 1665 3405 asserere,
1712 3354 1820 3394 non

233 3442 344 3483 eum
376 3428 629 3484 habuisse
669 3438 892 3483 matrem
925 3445 941 3483 :
976 3443 1074 3484 nec
1103 3428 1285 3484 vident
1325 3444 1443 3484 esse
1485 3444 1820 3500 consequens

234 3520 272 3573 si
303 3520 412 3576 huc
437 3521 604 3575 verba
632 3519 938 3584 attendant,
983 3528 1040 3574 ut
1076 3534 1176 3574 nec
1216 3520 1457 3588 discipuli
1488 3519 1605 3591 ejus
1642 3531 1819 3592 patres

233 3611 540 3677 habuerint;
574 3612 694 3681 quia
722 3613 861 3665 sicut
885 3611 998 3681 ipse
1026 3610 1179 3670 dixit,
1217 3611 1343 3679 Qua?
1364 3612 1489 3665 mihi
1518 3622 1676 3666 mater
1702 3621 1780 3668 est
1798 3653 1815 3676 ,

232 3704 303 3758 sic
330 3704 446 3759 illos
474 3705 696 3772 docuit,
728 3719 849 3758 cum
892 3703 965 3758 ait
998 3722 1012 3757 :
1048 3701 1223 3758 Nolite
1261 3705 1398 3758 vobis
1427 3705 1592 3759 dicere
1623 3715 1817 3775 patrem

230 3794 278 3847 in
301 3799 457 3850 terris.

294 3888 377 3943 '52.
408 3886 563 3961 [oers.
596 3887 695 3951 15,
730 3885 842 3959 16.]
889 3884 1100 3941 Contere
1142 3885 1406 3939 brachium
1446 3887 1724 3957 peccatoris
1768 3896 1817 3940 et

233 3980 466 4049 maligni;
502 3979 651 4033 illius
677 3977 877 4032 scilicet
916 3977 983 4031 de
1021 3992 1127 4046 quo
1158 3992 1316 4045 supra
1342 3976 1657 4031 dicebatur:
1692 3976 1817 4029 Unt-

232 4076 360 4123 nium
398 4071 723 4123 inimicorum
751 4084 959 4141 suorum
986 4066 1348 4121 dominabitur.
1376 4066 1659 4120 Brachium
1686 4081 1815 4137 ergo

231 4160 366 4229 ejus,
394 4160 527 4214 dixit
569 4159 863 4230 potentiam
893 4158 1050 4226 ejus:
1077 4158 1160 4212 cui
1201 4161 1469 4211 contraria
1507 4165 1589 4211 est
1615 4155 1813 4210 Christi

230 4252 473 4319 potentia,
497 4249 567 4306 de
589 4264 692 4319 qua
714 4248 908 4305 dicitur
932 4266 946 4303 :
979 4247 1230 4318 Exsurge,
1257 4246 1474 4301 Domine
1495 4245 1651 4313 Deus,
1674 4248 1814 4301 exal-

232 4353 350 4395 tctur
372 4360 551 4397 manus
592 4351 702 4395 tua.
742 4339 1046 4410 Requiretur
1081 4339 1321 4393 delictum
1361 4340 1501 4409 ejus,
1542 4353 1634 4391 nec
1670 4339 1813 4391 inve-

231 4435 403 4487 ttietur.
436 4433 666 4502 PrOpter
693 4431 821 4485 illud
843 4474 856 4493 ,
886 4429 936 4484 id
966 4439 1049 4485 est
1077 4428 1122 4495 ⁸,
1149 4428 1471 4498 judicahitur
1504 4426 1570 4482 de
1595 4437 1813 4496 peccato

231 4538 354 4586 suo,
383 4532 435 4578 et
476 4523 593 4592 ipse
639 4522 808 4591 periet
839 4530 1056 4589 propter
1093 4526 1368 4588 peccatum
1396 4532 1570 4571 suum.
1609 4517 1812 4572 Deinde

231 4614 343 4684 quid
369 4615 561 4669 mirum
594 4612 640 4668 si
674 4613 931 4683 sequitur,
965 4610 1213 4663 Dominus
1238 4608 1463 4678 regnabit
1489 4609 1542 4661 in
1567 4619 1811 4662 aeternum

230 4704 344 4758 etin
367 4704 612 4759 sarculum
650 4702 853 4768 seculi,
886 4700 1112 4773 peribitis
1140 4709 1311 4771 gentes
1354 4698 1418 4753 de
1457 4707 1589 4751 terra
1630 4698 1812 4754 illius?

234 4798 418 4852 Gentes
442 4797 641 4865 posuit,
672 4804 984 4867 peccatores
1012 4802 1066 4847 et
1093 4792 1305 4861 impios.

294 4893 379 4948 33.
410 4891 563 4966 (vers.
597 4888 715 4964 17.]
742 4888 1063 4943 Desiderium
1091 4901 1372 4958 pauperum
1410 4883 1664 4939 exaudiuit
1695 4882 1807 4937 Do-

235 4994 428 5039 minus:
458 4982 789 5039 desiderium
820 4979 948 5034 illud
979 4993 1085 5048 quo
1110 4977 1434 5039 testuabant,
1471 4990 1591 5029 cum
1623 4973 1677 5028 in
1713 4989 1808 5028 an-

235 5076 403 5143 gustiis
435 5084 489 5130 et
527 5069 961 5128 tribulationibus
1001 5067 1161 5137 hujus
1188 5066 1369 5121 stneuli
1414 5063 1622 5119 Domini
1664 5063 1805 5118 diem

236 5167 677 5236 concupiscerent.
713 5160 1148 5225 Praparationem
1170 5157 1338 5211 cordis
1360 5172 1534 5210 eorum
1554 5156 1807 5210 exaudivit

235 5257 357 5310 ast-is
381 5266 465 5310 tua
487 5271 508 5310 :
538 5254 656 5309 hinc
682 5261 768 5308 est
790 5251 967 5307 cordis
998 5248 1350 5320 praeparatio,
1389 5246 1457 5301 de
1482 5261 1583 5316 qua
1610 5245 1664 5300 in
1699 5245 1806 5300 alio

293 5410 429 5463 'rhov.
468 5409 617 5467 addit.
641 5412 687 5459 et
726 5406 978 5463 dolorem;
1000 5404 1129 5468 quod
1167 5416 1195 5451 a
1227 5401 1364 5451 libris
1384 5402 1491 5450 aliis
1522 5409 1576 5451 et
1614 5413 1643 5450 a
1678 5414 1805 5464 grte-

236 5472 459 5591 ωέὺεὲῗξί,
492 5542 554 5579 ιν
574 5527 834 5580 iracundia
864 5532 911 5577 et
930 5530 1207 5591 tempestate
1232 5523 1673 5591 {dissentientibus
1692 5530 1800 5591 tuss.

294 5592 320 5657 '_
333 5596 401 5643 Sic
422 5584 585 5657 pron
606 5598 735 5642 nota:
758 5598 862 5657 uss.
882 5589 1000 5638 Edlti
1024 5584 1161 5646 vero,
1180 5585 1263 5648 qui
1282 5584 1582 5636 dissimulata
1596 5584 1805 5635 vindicta

239 5650 852 5713 elderaitneirascantta'.
890 5709 935 5713 η
1006 5677 1011 5682 -
1226 5707 1254 5713 __
1670 5704 1680 5713 ,

296 5716 315 5746 ⁵
336 5716 476 5766 satu:
502 5720 702 5777 Propter
721 5709 847 5763 illud
883 5709 1031 5762 idem.
1060 5714 1169 5759 Iss.
1194 5707 1378 5771 aliquot
1401 5715 1627 5767 :Propter
1663 5705 1802 5768 illud,

234 5774 644 5899 ωῶῗωιιίὼέί.

1400 400 1797 457 ENARRATIO
1839 400 1903 456 lN
1944 402 2266 461 PSALMUM
2306 407 2394 463 lX.

3463 426 3563 482 130

1966 517 2172 584 psalmo
2199 523 2428 589 canitur,
2467 522 2712 581 Paratum
2741 545 2829 583 cor
2852 547 3017 585 meum
3035 572 3054 597 ,
3104 532 3244 591 Deus
3263 579 3278 605 ,
3321 553 3558 609 paratum

1961 624 2050 660 cor
2076 626 2239 663 meum
2272 611 2442 683 (Psal.
2472 630 2561 669 LVI
2584 657 2598 679 ,
2634 616 2693 685 8)
2716 634 2731 683 ;
2757 619 2825 674 de
2851 616 2953 690 qua
2981 622 3110 677 dicit
3137 627 3424 695 Apostolus
3448 649 3461 686 :
3494 631 3555 686 Si

1958 712 2124 753 autem
2162 703 2299 768 quod
2326 720 2426 756 non
2450 706 2674 761 videmus
2696 726 2990 777 speramus,
3022 730 3112 782 per
3146 717 3439 785 patientiam
3466 738 3556 777 ex-

1956 800 2241 861 spectamus
2267 791 2444 865 (Rom.
2474 812 2565 850 vui
2584 838 2596 859 ,
2624 799 2743 868 25).
2772 799 2890 855 Jain
2917 818 3046 857 vero
3072 820 3254 861 aurem
3287 810 3418 874 Dei,
3445 829 3554 868 non

1956 882 2257 937 membrum
2285 899 2624 954 corporeum,
2654 889 2747 943 sed
2777 893 3066 959 potentiam
3097 909 3218 952 esse
3251 914 3354 967 qua
3385 915 3555 955 exau-

1953 969 2065 1034 dit,
2098 972 2421 1043 regulariter
2448 976 2707 1031 debemus
2738 982 3020 1050 accipere;
3051 992 3210 1053 atque
3237 987 3305 1040 ita
3331 991 3551 1057 quihus-

1952 1074 2056 1130 que
2085 1063 2375 1119 nominatis
2405 1066 2661 1121 membris
2689 1068 2806 1135 ejus
2826 1111 2841 1132 ,
2873 1086 2993 1141 qua:
3042 1071 3095 1126 in
3142 1074 3295 1129 nobis
3326 1078 3549 1134 visibilia

1950 1159 2006 1204 et
2033 1166 2291 1222 corporea
2332 1164 2487 1222 sunt,
2520 1157 2787 1225 potentias
2821 1162 3190 1230 operationum
3232 1178 3443 1235 oportet
3468 1168 3548 1223 in-

1952 1240 2136 1311 telligi,
2170 1259 2237 1298 ue
2257 1259 2400 1314 stepe
2422 1246 2519 1302 ista
2544 1257 2857 1317 repetantur
2881 1267 2894 1303 :
2929 1266 3033 1306 non
3060 1254 3202 1307 enim
3223 1270 3541 1325 corporeum

1950 1332 2028 1388 fas
2054 1344 2137 1389 est
2162 1332 2369 1405 putare,
2398 1339 2541 1408 quod
2571 1342 2825 1397 Dominus
2855 1344 2994 1400 Deus
3018 1360 3122 1399 non
3144 1358 3420 1403 sonantem
3448 1366 3542 1405 vo-

1945 1438 2086 1484 cem.
2114 1426 2207 1479 sed
2238 1431 2681 1496 praeparationem
2708 1433 2888 1487 cordis
2917 1436 3154 1489 exaudit.

2016 1516 2104 1570 54.
2139 1515 2288 1590 [vers.
2326 1519 2435 1592 18.]
2461 1521 2707 1576 Judicare
2742 1524 2940 1593 pupillo
2979 1534 3026 1580 et
3059 1527 3242 1581 humili
3265 1543 3285 1582 :
3324 1529 3377 1583 id
3416 1541 3535 1597 est,

1944 1618 2049 1658 nou
2075 1606 2123 1659 ei
2146 1607 2237 1677 qui
2263 1609 2629 1665 conformatur
2658 1614 2779 1667 huic
2809 1614 3007 1669 Sil'ClllO
3029 1656 3043 1680 ,
3072 1631 3245 1685 neque
3275 1621 3532 1689 superbo.

1941 1696 2098 1749 Aliud
2130 1707 2212 1751 est
2241 1698 2383 1753 enim
2409 1699 2653 1769 judicare
2683 1704 2962 1773 pupillum,
2995 1705 3138 1759 aliud
3165 1707 3407 1774 judicare
3438 1725 3537 1778 pu-

1941 1786 2068 1855 pillo
2092 1804 2105 1839 :
2135 1787 2339 1856 judicat
2367 1791 2627 1859 pupillum
2653 1793 2812 1846 etiam
2836 1796 2924 1861 qui
2951 1795 3303 1863 condemnat;
3332 1798 3537 1867 judicat

1939 1888 2114 1930 autem
2146 1880 2349 1947 pupillo
2376 1883 2463 1950 qui
2494 1898 2590 1951 pro
2614 1885 2704 1937 illo
2732 1884 2933 1951 profert
2961 1889 3305 1943 sententiam.
3340 1890 3405 1946 Ut
3432 1909 3532 1946 non

1937 1979 2164 2035 apponat
2197 1972 2330 2022 ultra
2358 1974 2688 2042 magnificare
2719 1992 2774 2029 se
2813 1977 2963 2030 homo
2997 1994 3148 2045 super
3172 1989 3375 2034 terram.
3419 1982 3530 2037 llo-

1938 2058 2107 2112 miues
2135 2061 2277 2113 enim
2306 2074 2461 2127 sunt,
2490 2063 2559 2117 de
2584 2066 2776 2133 quibus
2802 2068 3001 2121 dictum
3032 2080 3113 2123 est
3140 2088 3154 2124 :
3193 2070 3335 2125 Pone
3358 2114 3373 2135 ,
3414 2073 3527 2127 Do-

1934 2150 2086 2212 mine,
2117 2150 2455 2221 legislatorem
2480 2171 2635 2225 super
2662 2174 2762 2221 eos,
2796 2159 2955 2212 sciant
2978 2171 3149 2230 gentes
3168 2165 3405 2232 quoniam
3435 2167 3529 2220 ho-

1934 2240 2092 2294 mines
2116 2254 2251 2295 sunt.
2287 2243 2390 2298 Sed
2419 2244 2578 2298 etiam
2609 2246 2696 2301 ille
2731 2249 2821 2317 qui
2850 2249 3039 2305 eodem
3069 2252 3187 2306 loco
3214 2254 3525 2326 intelligitur

1934 2332 2055 2399 poni
2087 2348 2249 2402 super
2276 2350 2391 2399 eos,
2422 2337 2582 2391 homo
2611 2338 2745 2404 erit,
2783 2339 2851 2393 de
2885 2355 2992 2410 quo
3022 2357 3164 2396 nunc
3191 2342 3403 2406 dicitur,
3452 2343 3521 2398 Ut

1931 2436 2033 2474 non
2059 2435 2285 2490 apponat
2311 2427 2447 2479 ultra
2487 2429 2816 2496 magnificare
2844 2446 2900 2484 se
2924 2429 3076 2483 homo
3106 2448 3260 2501 super
3293 2442 3478 2486 terram
3502 2450 3522 2488 :

1930 2524 2052 2565 cum
2080 2514 2285 2568 venerit
2320 2517 2520 2571 scilicet
2550 2518 2713 2572 Filius
2750 2519 2983 2576 hominis
3018 2520 3260 2591 judicare
3288 2524 3520 2593 pupillo,

1929 2604 2017 2671 qui
2046 2618 2104 2657 se
2131 2607 2275 2659 exuit
2304 2618 2536 2663 veterem
2569 2609 2862 2680 hominem,
2892 2620 3053 2682 atque
3083 2612 3184 2668 hoc
3212 2616 3373 2669 modo
3405 2625 3521 2669 tau-

1928 2707 2085 2762 quam
2114 2697 2296 2749 extulit
2330 2698 2561 2752 Pati-ein.

2000 2810 2088 2865 55.
2120 2810 2246 2864 Post
2266 2813 2472 2865 occulta
2495 2829 2624 2884 ergo
2644 2814 2783 2878 Filii,
2808 2814 2874 2871 de
2898 2814 3090 2886 quibus
3112 2816 3164 2871 in
3191 2817 3294 2872 hoc
3314 2817 3521 2887 psalmo

1927 2900 2092 2953 multa
2128 2901 2269 2955 dicta
2308 2912 2466 2966 sunt,
2507 2912 2667 2959 erunt
2707 2908 2985 2961 manifesta
3030 2907 3181 2974 Filii,
3225 2908 3293 2963 de
3321 2909 3515 2979 quibus

1926 3004 2093 3059 pauca
2126 2991 2176 3044 in
2203 2991 2309 3045 ﬁne
2330 2993 2569 3061 ejusdem
2598 2996 2787 3064 psalmi
2816 3012 2957 3051 nunc
2976 2996 3116 3051 dicta
3146 3008 3270 3051 sunt
3295 3017 3308 3053 :
3339 3014 3405 3053 ex
3433 2998 3518 3055 his

1925 3092 2103 3137 autem
2150 3085 2334 3138 titulus
2372 3085 2542 3142 factus
2571 3097 2687 3151 est,
2735 3106 2854 3158 qua:
2898 3090 3153 3159 majorem
3185 3091 3272 3147 hic
3311 3100 3515 3162 partem

1929 3181 2130 3227 tenent.
2160 3173 2344 3229 Potest
2371 3185 2426 3230 et
2453 3177 2565 3245 ipse
2588 3178 2705 3233 dies
2730 3179 2990 3234 adventus
3021 3181 3225 3235 Domini
3255 3192 3402 3238 recte
3429 3199 3522 3239 nu-

1924 3263 2119 3317 merari
2150 3262 2291 3319 inter
2314 3266 2519 3320 occulta
2551 3267 2692 3333 Filii,
2723 3270 2964 3338 quamvis
2996 3271 3105 3339 ipsa
3137 3272 3347 3327 Domini
3374 3289 3518 3342 prte-

1922 3354 2096 3408 sentia
2129 3354 2409 3410 manifesta
2453 3356 2625 3411 ltttura
2666 3359 2768 3423 sit;
2813 3359 2879 3413 de
2908 3358 2997 3413 illo
3026 3361 3169 3414 enim
3198 3362 3286 3416 die
3314 3362 3516 3419 dictum

1923 3452 2007 3497 est
2033 3443 2173 3513 quod
2201 3459 2360 3499 nemo
2386 3461 2507 3499 eum
2539 3447 2699 3501 sciret
2720 3488 2734 3509 ,
2764 3463 2939 3518 neque
2968 3450 3178 3519 Angeli,
3214 3466 3315 3505 nec
3340 3452 3518 3506 Virtuo

1924 3541 2032 3598 tes,
2086 3550 2258 3605 neque
2306 3534 2472 3590 Filius
2516 3536 2750 3591 hominis
2782 3538 2993 3608 (Matth.
3027 3555 3173 3604 sxw,
3210 3539 3345 3609 56):
3386 3542 3515 3610 quid

1922 3638 2050 3695 ergo
2077 3633 2180 3679 tam
2209 3627 2477 3680 occultum
2498 3667 2513 3690 ,
2557 3642 2716 3697 quam
2761 3628 2811 3681 id
2843 3629 2981 3697 quod
3021 3631 3180 3683 etiam
3210 3630 3309 3699 ipsi
3346 3630 3513 3699 judici

1921 3716 2185 3770 occultum
2234 3730 2353 3772 esse
2398 3716 2597 3772 dictum
2642 3728 2759 3783 est,
2800 3734 2907 3773 non
2948 3719 3012 3773 ad
3044 3721 3511 3789 cognoscendum,

1919 3806 2013 3860 sed
2039 3806 2106 3860 ad
2134 3806 2505 3876 prodendum?
2536 3808 2610 3862 De
2636 3804 2862 3863 occultis
2884 3819 3061 3862 autem
3105 3809 3244 3873 Filii,
3278 3811 3437 3865 etiam
3466 3812 3509 3865 si

1918 3897 2197 3966 quisquam
2241 3912 2347 3952 non
2388 3898 2482 3952 Dei
2528 3896 2719 3951 Filium
2771 3898 3060 3953 subaudire
3103 3900 3367 3965 voluerit,
3416 3901 3510 3955 sed

1920 3989 2086 4059 ipsius
2114 3988 2309 4054 David,
2351 3990 2502 4059 cujus
2530 3990 2731 4043 nomini
2763 3999 2929 4043 totum
2964 3990 3282 4044 Psalterium
3321 3993 3510 4045 tribui-

1919 4087 2025 4145 tur,
2058 4094 2178 4133 nam
2226 4079 2461 4133 Davidici
2493 4079 2676 4149 utique
2716 4080 2912 4134 Psalmi
2957 4081 3313 4150 appellantur,
3350 4096 3509 4137 voces

1918 4172 2034 4227 illas
2069 4170 2250 4225 audiat
2289 4172 2481 4241 quibus
2522 4172 2750 4226 Domino
2779 4172 2993 4237 dicitur,
3041 4173 3285 4227 Miserere
3310 4173 3505 4239 nostri,

1916 4263 1995 4331 ﬁli
2032 4261 2198 4314 David
2244 4260 2353 4331 (Id.
2389 4278 2490 4323 xx,
2521 4262 2645 4329 30);
2692 4272 2852 4332 atque
2883 4264 2953 4316 ita
2998 4264 3160 4317 etiam
3198 4264 3299 4317 hoc
3348 4267 3507 4318 modo

1916 4355 2165 4410 eumdem
2200 4355 2481 4409 Dominum
2509 4353 2780 4409 Christum
2813 4354 3105 4424 intelligat,
3136 4356 3203 4409 de
3238 4356 3389 4425 cujus
3410 4371 3506 4409 oc-

1915 4446 2073 4501 cultis
2095 4446 2210 4516 ipse
2239 4446 2475 4515 psalmus
2502 4445 2791 4513 inscriptus
2816 4455 2917 4499 est.
2949 4445 3039 4500 Sic
3072 4444 3213 4499 enim
3242 4447 3398 4500 etiam
3438 4447 3506 4499 ah

1913 4537 2105 4607 angelo
2131 4537 2326 4591 dicitur
2349 4553 2363 4588 :
2396 4535 2553 4589 Dabit
2578 4536 2655 4589 illi
2684 4534 2825 4588 Deus
2852 4535 3021 4589 sedem
3055 4536 3217 4588 David
3243 4538 3398 4603 patris
3426 4539 3506 4590 sui

1914 4628 2065 4698 (Luc.
2096 4643 2144 4691 ι,
2176 4628 2289 4700 52).
2321 4628 2431 4682 Nec
2461 4628 2549 4681 illa
2590 4628 2853 4681 sententia
2900 4626 3021 4681 huic
3061 4628 3346 4682 intellectui
3378 4645 3508 4683 cou-

1915 4721 2075 4775 traria
2119 4729 2229 4782 est,
2260 4736 2361 4790 qua
2410 4721 2549 4775 idem
2596 4720 2855 4775 Dominus
2893 4722 3087 4790 quaerit
3123 4736 3151 4773 a
3181 4720 3411 4788 .ludzcis,
3443 4722 3505 4776 Si

1913 4811 2049 4879 ﬁlius
2076 4810 2242 4863 David
2261 4810 2494 4865 Christus
2525 4819 2614 4873 est,
2650 4810 2902 4876 quomodo
2928 4810 2979 4863 in
3011 4811 3193 4878 spiritu
3226 4821 3369 4864 vocat
3392 4829 3505 4865 eum

1913 4903 2207 4967 Dominum,
2232 4903 2403 4955 dicens
2430 4918 2448 4955 :
2478 4901 2616 4955 Dixit
2644 4901 2895 4956 Dominus
2926 4900 3143 4955 Domino
3182 4914 3323 4964 meo,
3371 4900 3505 4955 Sede

1910 4994 1979 5046 ad
1997 4994 2257 5047 dexteram
2284 4988 2468 5056 meam,
2499 4992 2659 5046 donec
2689 5009 2876 5060 ponam
2905 5002 3134 5045 tnmucos
3156 5003 3268 5045 tuos
3300 4992 3391 5045 sub
3419 5010 3506 5060 pe-

1911 5086 2056 5139 dibus
2081 5086 2179 5139 tuis
2209 5085 2419 5154 (Matth.
2452 5100 2585 5149 χχιι,
2612 5085 2727 5155 44).
2765 5085 2969 5139 Dictum
3001 5093 3085 5139 est
3108 5086 3251 5140 enim
3283 5085 3504 5157 imperi-

1910 5178 2009 5244 tis,
2053 5179 2143 5249 qui
2172 5178 2414 5247 quamvis
2436 5187 2729 5237 yenturum
2765 5176 3038 5231 Christum
3075 5190 3385 5245 sperarent,
3426 5191 3507 5231 so-

1909 5271 2140 5327 cundum
2179 5269 2451 5325 hominem
2481 5279 2655 5324 tamen
2686 5285 2807 5323 eum
2835 5280 3240 5340 exspectarent,
3272 5286 3380 5325 non
3422 5288 3504 5327 se-

1908 5364 2137 5418 cundum
2165 5361 2305 5431 quod
2335 5362 2515 5415 Virtus
2545 5372 2596 5416 ct
2623 5360 2893 5428 Sapientia
2926 5363 3018 5417 Dei
3041 5371 3143 5417 est.
3174 5364 3334 5419 Docet
3365 5380 3494 5434 ergo

1910 5455 1981 5509 ibi
2032 5454 2189 5508 ﬁdem
2234 5454 2565 5507 verissimam
2614 5460 2668 5506 et
2707 5452 3156 5517 sincerissimam,
3202 5462 3263 5507 ut
3307 5463 3361 5509 et
3394 5456 3501 5510 Do-

1910 5547 2084 5600 minus
2117 5547 2187 5599 sit
2227 5544 2364 5613 regis
2407 5543 2564 5596 David
2589 5586 2601 5604 ,
2644 5542 2937 5597 secundum
2977 5544 3119 5613 quod
3154 5552 3238 5598 est
3266 5545 3502 5601 Verbum

1911 5636 1963 5690 in
1993 5618 2254 5704 principio
2275 5676 2287 5693 ,
2340 5634 2477 5686 Deus
2506 5632 2644 5698 apud
2680 5633 2875 5691 Deum,
2908 5648 3001 5701 per
3042 5633 3182 5702 quod
3215 5636 3347 5687 facta
3378 5644 3503 5691 sunt

1911 5726 2088 5781 omnia
2120 5724 2301 5792 (Joan.
2336 5739 2372 5787 ι,
2407 5725 2491 5790 1);
2524 5734 2575 5777 et
2608 5723 2777 5784 illius,
2824 5723 3114 5776 secundum
3154 5723 3295 5793 quod
3332 5722 3502 5780 factus

1917 5818 2057 5874 cstei
2084 5832 2147 5872 cx
2175 5816 2378 5870 semine
2402 5813 2563 5868 David
2588 5813 2880 5867 secundum
2909 5828 3123 5868 carnem
3153 5812 3323 5883 (Rom.
3348 5829 3385 5881 t,
3416 5815 3497 5886 5).
