3956 6328
419 409 515 463 131

413 521 529 576 Non
559 521 704 578 enim
736 523 898 588 dicit,
926 522 1040 577 Non
1086 533 1168 576 est
1208 522 1348 576 ﬁlius
1379 522 1542 578 David
1574 522 1851 588 Christus;
1884 523 1976 578 sed
1999 566 2015 588 ,

412 615 468 670 Si
494 616 604 685 jam
637 617 834 671 tenetis
863 619 1003 687 quod
1047 618 1188 672 ﬁlius
1213 619 1282 671 sit
1320 617 1472 687 ejus,
1518 618 1706 672 discite
1746 617 2016 685 quomodo

411 712 483 763 sit
511 711 767 764 Dominus
792 710 938 779 ejus;
972 726 1070 764 nec
1098 713 1323 765 teneatis
1367 711 1419 764 in
1463 709 1680 764 Christo
1706 709 1848 780 quod
1876 709 2015 765 ﬁlius

416 799 647 851 hominis
673 807 789 862 est,
820 800 891 852 ita
933 801 1074 852 enim
1109 799 1251 854 ﬁlius
1279 800 1440 853 David
1474 809 1589 862 est;
1618 809 1670 853 et
1701 800 2014 869 relinquatis

411 887 554 956 quod
586 887 751 942 Filius
782 887 873 942 Dci
904 899 1008 954 est,
1041 891 1108 942 ita
1139 891 1280 943 enim
1311 890 1568 943 Dominus
1597 891 1712 958 ejus
1740 901 1840 943 est.

894 1055 973 1116 IN
1020 1056 1278 1117 PSALM
1289 1057 1400 1118 UM
1447 1058 1504 1116 X

1003 1171 1418 1232 ENABRAI‘IO.

749 1286 816 1343 In
843 1288 999 1358 ﬁnem
1020 1331 1032 1350 ,
1082 1285 1319 1341 Psalmns
1349 1289 1449 1358 ipsi
1477 1288 1665 1342 David.

479 1401 532 1455 1.
564 1399 805 1473 [uera],
837 1399 917 1474 2.]
944 1400 1088 1455 Nova
1116 1402 1432 1456 tractatione
1463 1401 1644 1455 titulus
1669 1401 1768 1456 iste
1795 1418 1899 1455 non
1933 1403 2013 1456 ln-

405 1489 581 1561 diget;
607 1490 717 1559 jam
746 1490 1047 1545 enimsatis
1072 1499 1352 1545 tractatum
1375 1504 1457 1546 εει
1484 1492 1610 1561 quid
1637 1493 1722 1554 sit,
1750 1493 1804 1545 in
1834 1493 2006 1556 ﬁnem.

412 1582 588 1650 Ipsum
620 1597 749 1651 ergo
782 1581 978 1635 Psalmi
1012 1593 1215 1636 textum
1244 1580 1547 1644 videamus,
1579 1584 1667 1651 qui
1710 1582 1840 1637 mihi
1869 1583 2014 1637 vide-

409 1682 496 1725 tur
524 1671 786 1726 adversus
812 1669 1096 1725 bzereticos
1123 1671 1198 1743 (a)
1224 1672 1499 1727 canendus
1521 1713 1535 1737 ,
1565 1672 1654 1741 qui
1680 1687 2011 1728 commemo-

401 1762 571 1816 rando
597 1769 652 1815 et
686 1760 1060 1831 exaggerando
1086 1763 1374 1816 multorum
1407 1763 1460 1816 in
1492 1763 1731 1818 Ecclesia
1757 1773 2003 1832 peccata,

401 1853 555 1922 quasi
587 1851 725 1921 apud
757 1853 904 1921 ipsos
938 1851 1068 1922 justi
1100 1862 1192 1906 aut
1221 1867 1408 1907 onlnes
1441 1863 1534 1907 aut
1559 1853 1740 1923 plures
1767 1853 1908 1918 sint,
1939 1854 2008 1907 ah

405 1944 563 1996 unius
601 1938 868 1996 Ecclesia;
910 1957 1051 1998 verae
1097 1943 1285 1997 matris
1326 1942 1582 1997 uberibus
1623 1958 1722 1997 nos
1763 1952 2008 1999 avertere

397 2043 558 2102 atque
604 2032 854 2100 abripere
899 2033 1228 2099 moliuntur,
1287 2033 1619 2089 afﬁrmantes
1669 2035 1812 2105 quod
1866 2036 2005 2105 apud

396 2123 545 2191 ipsos
573 2123 642 2177 sit
668 2121 934 2187 Christus,
965 2132 1017 2177 et
1044 2125 1193 2192 quasi
1226 2123 1311 2192 pie
1338 2126 1687 2194 studioseque
1717 2126 2006 2180 admonen-

398 2224 516 2276 tes,
565 2225 621 2268 ut
663 2214 728 2267 ad
778 2229 873 2268 eos
914 2213 1241 2268 transeundo
1271 2216 1721 2286 transmigrcmus
1746 2216 1812 2270 ad
1843 2217 2004 2271 Chri-

395 2316 560 2367 stum,
587 2319 748 2375 quem
783 2318 844 2359 se
886 2303 1085 2359 habere
1109 2305 1458 2359 mentiuntur.
1492 2306 1685 2359 Notum
1714 2314 1798 2360 est
1824 2317 2004 2361 autem

296 2425 298 2428 ν
393 2395 666 2450 Christum
694 2395 745 2448 in
773 2394 1086 2464 prophetia,
1115 2411 1236 2450 cum
1267 2397 1446 2450 multis
1475 2398 1783 2452 nominibus
1809 2399 2005 2468 allego-

391 2487 506 2542 rice
528 2487 910 2549 insinnaretur,
933 2487 1094 2540 etiam
1123 2497 1359 2541 montem
1385 2488 1734 2556 appellatum.
1763 2488 1999 2558 Respon-

388 2577 623 2631 dcndum
666 2586 751 2631 cst
790 2577 987 2646 itaque
1010 2575 1162 2643 istis,
1203 2588 1259 2631 et
1291 2578 1579 2633 dicendum
1617 2597 1630 2632 :
1681 2578 1747 2631 In
1781 2578 2001 2632 Domino

387 2668 622 2736 conﬁdo,
653 2668 904 2737 quomodo
948 2669 1115 2722 dicitis
1144 2670 1331 2722 anima:
1371 2685 1495 2723 mea:
1523 2686 1542 2723 :
1573 2669 1908 2740 Transmigra
1946 2672 1999 2725 in

391 2767 586 2812 montes
611 2758 741 2812 sicut
768 2759 982 2827 passer?
1012 2775 1176 2812 unum
1209 2769 1444 2814 montem
1478 2771 1636 2815 teneo
1664 2762 1715 2814 in
1748 2777 1854 2831 quo
1878 2777 2000 2816 cono

386 2850 528 2913 ﬁdo,
575 2849 849 2920 quomodo
887 2849 1064 2903 dicitis
1092 2860 1149 2904 ut
1176 2849 1240 2904 ad
1271 2865 1367 2903 vos
1405 2860 1672 2905 transeam
1694 2894 1708 2915 ,
1744 2861 1994 2920 tanquam

385 2941 538 2993 ninlti
567 2941 671 2994 sint
703 2939 938 2994 Christi?
964 2940 1071 2994 Aut
1099 2940 1143 2994 si
1171 2955 1267 2994 vos
1297 2949 1509 2996 montes
1539 2957 1660 2996 esse
1688 2941 1869 2997 dicitis
1898 2958 1997 3011 per

384 3032 727 3102 superbiam,
759 3040 974 3104 oportet
1008 3033 1222 3103 quidem
1254 3048 1374 3088 esse
1401 3048 1674 3103 passerem
1704 3045 1991 3104 pennatam

381 3124 670 3178 virtutibus
711 3132 764 3180 et
810 3124 1093 3193 pratceptis
1139 3123 1268 3189 Dei;
1314 3123 1410 3179 sed
1439 3139 1502 3178 ea
1547 3124 1657 3194 ipsa
1703 3125 1993 3195 prohibent

380 3215 567 3269 volare
587 3214 641 3268 in
670 3212 804 3268 istos
827 3223 1059 3284 montes,
1093 3222 1149 3269 et
1171 3215 1222 3269 in
1245 3216 1490 3286 superbis
1511 3216 1815 3272 hominibus
1841 3232 1990 3287 spem

380 3305 670 3359 collocare.
718 3305 899 3360 llabeo
941 3305 1160 3359 domum
1194 3307 1296 3360 ubi
1345 3308 1717 3376 requiescam,
1767 3307 1891 3377 quia
1937 3310 1987 3363 in

388 3397 615 3452 Domino
644 3397 897 3452 conﬁdo:
933 3412 1056 3451 nam
1085 3406 1139 3450 et
1167 3410 1353 3466 passer
1393 3396 1598 3452 invenit
1638 3398 1739 3452 sibi
1770 3399 1989 3453 domum

382 3485 558 3558 (Prol.
607 3503 846 3553 uuln,
884 3487 979 3558 4).
1027 3496 1082 3544 ει
1127 3486 1298 3543 factus
1330 3498 1413 3542 est
1439 3488 1696 3542 Dominus
1725 3489 1986 3566 refugium

378 3579 598 3648 pauperi
625 3577 797 3642 (Psal.
832 3594 907 3643 ix,
944 3577 1056 3649 10).
1095 3579 1350 3632 Dicamus
1375 3594 1504 3650 ergo
1536 3587 1645 3632 tota
1677 3579 1889 3646 ﬁducia,
1919 3597 1986 3636 ne

375 3669 502 3722 dum
533 3669 802 3723 Christum
828 3669 967 3739 apud
997 3669 1279 3724 haereticos
1303 3671 1610 3739 quaerimus,
1637 3671 1982 3728 amittamus:

373 3758 443 3813 In
491 3758 715 3814 Domino
769 3761 1011 3829 con/ide;
1066 3761 1320 3829 quomodo
1369 3761 1538 3815 dicitis
1583 3761 1769 3815 anima:
1818 3779 1985 3818 metu:

376 3850 710 3920 Transmigra
739 3851 791 3904 in
814 3862 1007 3905 montes
1036 3853 1164 3905 sicut
1191 3852 1401 3920 passer?

442 3940 498 3994 2.
531 3939 680 4013 [θεῖε.
707 3939 789 4012 5.]
819 3924 1074 4007 Quoniam
1096 3958 1209 3995 ecce
1233 3951 1523 4007 peccatores
1548 3943 1869 3998 intenderunt
1896 3962 1981 3996 ar-

368 4047 505 4095 cum,
535 4042 841 4103 paraverunt
871 4033 1083 4102 sagittas
1111 4049 1228 4086 suas
1256 4033 1306 4085 in
1345 4033 1584 4102 pharetra
1603 4074 1620 4099 ,
1654 4044 1708 4087 ut
1741 4035 1980 4106 sagittcut

368 4123 422 4175 in
455 4121 672 4183 obscura
711 4123 835 4176 luna
863 4132 1023 4175 rectos
1044 4122 1218 4177 corde.
1258 4123 1518 4177 Tet'rores
1549 4125 1634 4178 isti
1675 4135 1801 4180 sunt
1826 4141 1977 4180 com-

368 4213 684 4266 minantium
715 4213 869 4267 nobis
895 4212 963 4267 de
993 4213 1366 4283 peccatoribus
1386 4253 1401 4278 ,
1442 4224 1497 4267 ιιι
1529 4214 1596 4269 ad
1633 4231 1692 4270 se
1725 4225 1973 4286 tanquam

367 4302 434 4355 ad
459 4303 637 4372 justus
666 4313 1022 4357 transeamus.
1056 4301 1209 4368 Ecce,
1239 4304 1519 4373 inquiunt,
1560 4314 1848 4374 peccatores
1888 4307 1974 4359 in-

367 4396 632 4449 tenderunt
658 4412 833 4448 arcum
859 4411 880 4450 :
908 4394 1094 4460 credo,
1141 4395 1477 4465 Scripturas,
1511 4411 1644 4465 quas
1674 4397 1749 4450 illi
1786 4412 1973 4451 carna-

366 4487 490 4540 liter
529 4486 955 4554 interpretando,
1000 4496 1293 4540 venenatas
1334 4486 1458 4541 inde
1496 4487 1788 4542 sententias
1816 4488 1971 4541 emit-

363 4586 502 4631 tunt.
549 4575 871 4629 Paraverunt
919 4577 1131 4647 sagittas
1175 4593 1299 4630 suas
1341 4577 1398 4629 in
1447 4579 1688 4645 pharetra
1723 4592 1744 4630 :
1780 4577 1969 4633 eadem

361 4667 522 4720 verba
552 4666 792 4730 scilicet,
839 4683 957 4734 quae
985 4666 1384 4734 Scripturarum
1425 4667 1744 4722 auctoritate
1773 4667 1970 4736 jaeula-

361 4759 466 4813 turi
489 4767 635 4822 sunt,
662 4758 712 4811 in
743 4759 922 4812 cordis
946 4759 1157 4812 occulto
1188 4768 1533 4828 paraverunt.
1562 4757 1630 4813 Ut
1648 4759 1889 4829 sagittam
1912 4761 1966 4814 in

360 4851 574 4903 obscura
599 4848 723 4902 luna
747 4858 909 4903 rectos
937 4849 1089 4902 corde
1112 4865 1131 4902 :
1160 4859 1218 4904 ut
1241 4853 1363 4904 eum
1395 4850 1683 4914 senserint,
1709 4851 1963 4907 Ecclesiae

361 4939 564 4994 lumine
605 4948 826 5008 propter
865 4940 1259 5009 multitudinem
1305 4940 1671 5010 imperitorum
1700 4952 1754 4996 ει
1781 4957 1963 4998 carna-

357 5034 484 5085 lintn
516 5032 822 5098 obscurato,
866 5046 972 5084 non
1017 5047 1077 5086 se
1118 5047 1277 5101 posse
1303 5028 1580 5097 convinci,
1615 5045 1962 5105 corrumpant

355 5123 529 5176 honos
577 5137 755 5177 mores
799 5122 1082 5192 colloquiis
1123 5123 1280 5176 malis
1319 5122 1533 5192 (ICor.
1566 5141 1658 5191 xv,
1703 5128 1818 5196 55).
1852 5126 1958 5183 Sed

354 5224 540 5266 contra
564 5228 751 5268 omnes
778 5213 910 5268 istos
937 5223 1170 5268 terrores
1189 5214 1472 5269 dicendum
1498 5223 1580 5270 est
1604 5234 1618 5269 :
1648 5215 1713 5270 In
1736 5216 1957 5271 Domino

352 5324 445 5360 con
452 5308 577 5374 ﬁdo.

423 5399 477 5452 5.
508 5397 657 5452 Luna
685 5411 814 5452 vero
852 5413 1014 5468 quam
1062 5409 1424 5470 congruenter
1459 5393 1723 5470 signiﬁcet
1770 5403 1956 5458 Eccle-

352 5490 486 5543 siam
506 5529 523 5552 ,
555 5488 774 5542 memini
804 5504 889 5542 me
919 5489 1232 5558 promisisse
1271 5491 1323 5543 in
1356 5491 1458 5545 hoc
1484 5493 1689 5561 psalmo
1714 5493 1954 5549 conside.

351 5589 591 5633 raturum
618 5577 716 5646 (ὁ).
750 5578 877 5633 Dua:
904 5588 1030 5633 sunt
1054 5579 1121 5633 de
1143 5580 1266 5634 luna
1293 5580 1580 5650 Opiniones
1606 5584 1908 5652 probabiles
1933 5601 1947 5638 :

352 5665 543 5723 harum
573 5677 752 5724 autem
782 5685 902 5738 qua:
930 5686 1055 5724 vera
1085 5671 1174 5737 sit,
1207 5681 1300 5726 aut
1324 5687 1432 5727 non
1461 5687 1702 5741 omnino,
1723 5683 1819 5729 aut
1841 5677 1947 5731 uii-

436 5779 489 5832 α)
512 5779 754 5830 Adversus
786 5783 1070 5832 Donatistas.

436 5790 467 5826 a
512 5779 754 5830 Adversus
786 5783 1070 5832 Donatistas.

413 5779 489 5903 Eb;
509 5847 656 5904 Supra
677 5843 726 5892 in
753 5849 890 5891 utar.
917 5844 1086 5893 Its-dm.
1113 5857 1210 5905 vin.
1234 5857 1285 5895 ιι.
1309 5844 1360 5896 9.

1659 405 1718 464 s.
1765 403 2134 466 AUGUSTINI
2174 395 2506 484 EPlSCOPl_

3638 426 3743 482 139.

2133 525 2370 581 ﬁcillime
2413 528 2646 584 arbitror
2693 545 2854 600 posse
2897 531 3168 590 hominem
3213 537 3371 592 scire.
3418 539 3556 594 Cum
3588 544 3739 597 enim

2125 619 2386 685 quaeritur
2421 619 2563 675 unde
2603 621 2783 676 lumen
2825 622 3052 690 habeat,
3084 627 3174 680 alii
3218 628 3404 684 dicunt
3442 645 3599 686 suum
3636 633 3740 686 ha-

2125 707 2274 775 bere,
2297 709 2394 765 sed
2413 712 2626 781 globum
2657 715 2775 783 ejus
2800 715 3079 771 dimidium
3102 719 3302 786 lucere,
3333 722 3614 778 dimidium
3641 742 3744 780 au.

2127 809 2232 854 tem
2265 801 2551 856 obscurum
2599 819 2751 870 esse;
2784 806 2910 861 dum
2938 818 3117 864 autem
3161 825 3408 868 movetur
3439 817 3490 869 in
3524 816 3741 872 circulo

2123 905 2254 958 suo,
2300 895 2542 949 eamdem
2571 909 2775 966 partem
2806 914 2907 966 qua
2953 902 3128 968 lucet,
3175 905 3428 974 paulatim
3458 908 3524 961 ad
3558 920 3745 966 terras

2121 986 2384 1049 converti,
2419 996 2475 1040 ιιι
2501 987 2667 1042 videri
2694 1005 2724 1043 a
2753 990 2907 1044 nobis
2935 995 3138 1060 possit,
3171 1007 3227 1050 et
3255 997 3375 1052 ideo
3400 1000 3550 1067 prius
3572 1003 3735 1070 quasi

2121 1076 2505 1130 corniculatam
2533 1093 2813 1148 apparere.
2841 1080 2974 1136 Nam
3013 1093 3070 1138 et
3093 1085 3137 1138 si
3166 1084 3328 1140 facias
3366 1089 3526 1157 pilam
3557 1106 3623 1146 ex
3652 1093 3726 1146 di-

2123 1166 2284 1220 midia
2325 1178 2473 1236 parte
2511 1171 2830 1238 candidam,
2876 1181 3023 1230 ctex
3066 1175 3286 1231 dimidia
3315 1179 3639 1249 obscuram;
3685 1186 3734 1240 si

2121 1271 2240 1311 eam
2275 1270 2477 1327 partem
2511 1278 2629 1329 quae
2658 1262 2885 1318 obscura
2913 1275 2996 1320 εει
3020 1277 3147 1323 ante
3171 1271 3357 1325 oculos
3384 1270 3607 1339 habeas,
3645 1275 3734 1328 ni-

2117 1345 2190 1401 hil
2233 1349 2481 1404 candoris
2508 1352 2690 1414 vides,
2735 1366 2936 1409 etcum
2982 1360 3212 1428 coeperis
3257 1361 3401 1416 illam
3437 1348 3730 1421 candidam

2118 1446 2324 1506 partem
2373 1439 2441 1494 ad
2490 1443 2676 1496 oculos
2719 1457 3072 1512 convertere,
3127 1455 3173 1503 si
3213 1452 3469 1520 paulatim
3519 1454 3726 1519 facias,

2117 1527 2292 1596 primo
2339 1545 2544 1584 cornua
2599 1533 2849 1588 candoris
2910 1537 3157 1605 videbis,
3214 1539 3410 1598 deinde
3465 1545 3728 1614 paulatim

2115 1621 2344 1682 crescit.
2395 1622 2567 1678 donec
2598 1633 2706 1679 tota
2750 1641 2872 1694 pars
2896 1629 3130 1687 candens
3173 1643 3483 1702 opponatur
3508 1636 3723 1704 oculis,

2113 1718 2170 1764 et
2213 1710 2348 1765 nihil
2392 1712 2636 1770 obscurae
2677 1715 2897 1772 alterius
2942 1729 3110 1789 partis
3148 1722 3441 1780 videatur:
3490 1729 3636 1797 quod
3676 1730 3726 1784 si

2115 1815 2434 1870 perseveres
2474 1805 2650 1863 adhuc
2694 1810 2945 1877 paulatim
2995 1824 3339 1884 convertere,
3390 1819 3577 1890 incipit
3621 1821 3726 1877 ob-

2113 1896 2343 1952 scuritas
2394 1912 2693 1968 apparere,
2747 1912 2802 1957 et
2851 1904 3055 1959 candor
3110 1907 3316 1974 minui,
3375 1909 3547 1967 donec
3615 1913 3726 1969 ite-

2112 2001 2230 2040 rum
2257 1987 2322 2042 ad
2368 2004 2564 2045 cornua
2596 1993 2781 2048 redeat
2802 2037 2816 2059 ,
2850 2005 2905 2051 et
2954 2008 3228 2067 postremo
3263 2011 3408 2058 totus
3448 2004 3517 2060 ab
3543 2006 3724 2062 oculis

2111 2087 2405 2145 avertatur,
2448 2096 2512 2136 ac
2541 2098 2726 2137 rursus
2750 2085 2975 2140 obscura
3008 2089 3094 2142 illa
3125 2106 3248 2159 pars
3290 2093 3403 2148 sola
3433 2083 3602 2164 possit
3625 2098 3714 2153 vi-

2111 2169 2272 2225 deri:
2319 2171 2460 2241 quod
2505 2173 2621 2228 ﬁeri
2660 2175 2881 2245 dicunt,
2926 2194 3048 2234 cum
3093 2180 3272 2239 lumen
3314 2185 3455 2241 lunae
3496 2187 3717 2245 videtur

2110 2276 2366 2320 crescere
2395 2281 2564 2336 usque
2589 2268 2654 2322 ad
2685 2271 3195 2339 quintamdecimam
3220 2277 3422 2345 lunam,
3451 2291 3505 2336 et
3530 2298 3724 2343 rursus

2109 2369 2277 2426 usque
2304 2356 2370 2410 ad
2407 2351 2732 2435 tricesimam
2761 2363 2952 2431 minui,
2980 2376 3034 2420 et
3066 2369 3243 2425 redire
3269 2371 3336 2426 ad
3362 2388 3587 2442 cornua»,
3610 2376 3720 2431 do-

2107 2461 2207 2500 nec
2235 2447 2447 2515 penitus
2469 2448 2601 2503 nihil
2622 2451 2673 2505 in
2696 2468 2757 2506 ea
2779 2454 2912 2509 lucis
2935 2469 3212 2526 appareat.
3240 2459 3546 2519 Secundum
3574 2465 3722 2524 hanc

2105 2538 2417 2604 opinionem
2447 2539 2568 2596 luna
2594 2543 2644 2594 in
2667 2545 2920 2614 allegoria
2940 2549 3206 2618 signiﬁcat
3226 2551 3544 2624 Ecclesiam,
3568 2562 3720 2631 quod

2105 2643 2170 2682 ex
2199 2639 2350 2698 parte
2372 2631 2636 2700 spirituali
2665 2635 2808 2690 lucet
2832 2637 3090 2708 Ecclesia,
3116 2657 3184 2697 ex
3208 2654 3359 2712 parte
3383 2656 3561 2703 autem
3591 2665 3718 2706 caro

2105 2719 2216 2773 nali
2243 2721 2472 2776 obscura
2503 2733 2587 2779 est
2616 2741 2630 2780 :
2661 2737 2715 2782 et
2745 2728 3031 2799 aliquando
3055 2734 3349 2803 Spiritualis
3375 2753 3501 2810 pars
3526 2741 3578 2795 in
3607 2742 3715 2798 bo-

2104 2811 2186 2866 nis
2217 2812 2474 2883 operibus
2502 2827 2722 2888 apparet
2764 2820 3108 2893 hominibus;
3137 2827 3427 2898 aliquando
3447 2843 3625 2889 autem
3654 2837 3714 2893 in

2099 2905 2428 2961 conscientia
2456 2906 2605 2972 latet,
2639 2925 2704 2966 ac
2738 2911 2853 2968 Deo
2897 2918 3266 2974 tantummodo
3293 2931 3419 2978 nota
3447 2934 3551 2993 est,
3579 2942 3710 2984 cum
3796 2975 3800 2978 «

2099 2995 2220 3051 solo
2241 3011 2471 3069 corpore
2495 3012 2721 3072 apparet
2741 3003 3084 3075 hominibus;
3115 3011 3253 3066 sicut
3279 3016 3556 3089 contingit,
3581 3035 3712 3078 cum

2100 3099 2318 3142 oramus
2348 3089 2401 3142 in
2436 3090 2625 3156 corde,
2664 3101 2719 3147 et
2744 3097 2896 3165 quasi
2938 3096 3070 3152 nihil
3098 3116 3256 3172 agere
3283 3103 3710 3176 videinur,'dum

2097 3191 2204 3232 non
2227 3177 2293 3234 ad
2326 3188 2547 3246 terram,
2578 3185 2671 3239 scd
2694 3201 2908 3242 sursum
2943 3192 3105 3247 corda
3139 3193 3338 3252 habere
3356 3197 3612 3268 jubemur
3635 3204 3710 3259 ad

2098 3269 2405 3328 Dominum.
2435 3275 2540 3330 Alii
2568 3287 2746 3334 autem
2779 3279 2965 3337 dicunt
3006 3300 3113 3340 non
3149 3287 3346 3346 habere
3393 3292 3570 3349 lunam
3615 3279 3711 3351 lu;

2097 3377 2219 3417 men
2244 3367 2541 3435 proprium,
2570 3370 2665 3424 sed
2694 3385 2722 3424 a
2751 3372 2867 3427 sole
2894 3373 3181 3445 illustrari;
3212 3380 3305 3436 sed
3335 3385 3548 3453 quando
3577 3402 3707 3444 cum

2094 3453 2189 3507 illo
2216 3465 2319 3522 est,
2351 3471 2469 3511 eam
2502 3469 2706 3528 partem
2733 3461 2800 3517 ad
2829 3478 2926 3518 nos
2953 3464 3155 3524 habere
3193 3485 3296 3540 qua
3328 3487 3434 3529 non
3459 3475 3708 3532 illustra-

2096 3554 2203 3612 tur,
2227 3555 2283 3601 et
2308 3546 2427 3602 ideo
2455 3547 2586 3604 nihil
2619 3551 2669 3605 in
2696 3567 2759 3606 ea
2791 3552 2927 3608 lucis
2957 3554 3159 3624 videri;
3188 3577 3309 3616 cum
3349 3573 3528 3620 autem
3567 3567 3708 3624 inci-

2091 3637 2170 3706 pit
2194 3638 2263 3692 ab
2285 3638 2378 3695 illo
2408 3642 2681 3710 recedere,
2710 3645 2963 3702 illustrari
2991 3648 3058 3705 ab
3084 3666 3148 3706 ea
3173 3654 3334 3710 etiam
3357 3665 3510 3727 parte
3535 3675 3703 3730 quam

2095 3727 2253 3783 habet
2281 3729 2348 3785 ad
2396 3739 2616 3799 terram,
2658 3745 2713 3790 et
2739 3739 3045 3795 necessario
3086 3741 3325 3814 incipere
3350 3761 3381 3801 a
3420 3727 3704 3819 cornibus,

2089 3821 2265 3875 donec
2292 3821 2386 3876 ﬁat
2407 3823 2803 3893 quintadecima
2829 3840 3015 3886 contra
3034 3832 3237 3901 solem;
3261 3846 3387 3892 tunc
3413 3839 3554 3894 enim
3581 3841 3705 3898 sole

2086 3913 2370 3967 occidente
2413 3915 2585 3970 oritur
2608 3956 2623 3983 ,
2657 3928 2715 3972 ut
2755 3918 3002 3990 quisquis
3029 3925 3365 3984 occidentem
3395 3929 3564 3986 solem
3591 3932 3700 3988 ob-

2085 4004 2404 4072 servaverit,
2438 4022 2559 4060 cum
2591 4024 2714 4064 eum
2762 4013 2990 4081 coeperit
3019 4030 3124 4071 non
3164 4017 3368 4087 videre,
3399 4005 3700 4082 conversus

2083 4095 2149 4146 ad
2193 4095 2491 4163 Orientem,
2516 4097 2696 4154 lunam
2743 4115 2968 4174 surgere
3008 4105 3222 4174 videat;
3253 4118 3416 4182 atque
3455 4113 3580 4171 inde
3623 4133 3696 4173 ex

2081 4187 2182 4239 alia
2215 4196 2362 4256 parte
2385 4204 2509 4244 cum
2535 4190 2585 4246 ei
2616 4193 2845 4262 cmperit
2888 4197 3273 4269 propinquare,
3304 4203 3452 4260 illam
3479 4216 3692 4277 partem

2081 4278 2147 4331 ad
2179 4294 2278 4332 nos
2305 4291 2644 4349 convertere,
2673 4300 2777 4354 qua
2805 4302 2911 4342 non
2937 4289 3251 4358 illustratur,
3277 4294 3450 4352 donec
3475 4297 3542 4353 ad
3566 4315 3694 4356 cor-

2081 4387 2183 4423 nua
2231 4371 2417 4425 redcat
2461 4383 2622 4444 atque
2661 4377 2786 4432 inde
2833 4383 3053 4435 omnino
3095 4399 3203 4439 non
3242 4399 3530 4457 appareat;
3561 4394 3689 4462 quia

2079 4471 2202 4516 tunc
2244 4478 2368 4532 pars
2394 4463 2482 4517 illa
2513 4481 2634 4534 quae
2661 4467 2978 4538 illustratur,
3007 4488 3220 4529 sursum
3249 4488 3332 4533 est
3354 4481 3422 4534 ad
3460 4482 3683 4553 cmlum,

2075 4554 2141 4608 ad
2177 4565 2372 4611 terram
2404 4568 2583 4614 autem
2631 4560 2722 4614 illa
2769 4578 2928 4633 quam
2960 4567 3169 4624 radiare
3205 4571 3284 4625 sol
3329 4587 3435 4628 non
3481 4586 3679 4645 potest.

2077 4648 2217 4719 Ergo
2248 4661 2301 4704 ct
2341 4652 2636 4706 secundum
2666 4653 2803 4711 hanc
2833 4656 3140 4727 opinionem
3161 4704 3178 4727 ,
3209 4663 3334 4718 luna
3363 4665 3683 4740 intelligitur

2075 4740 2332 4805 Ecclesia,
2361 4742 2502 4810 quod
2543 4759 2695 4798 suum
2727 4746 2905 4803 iumen
2937 4765 3042 4805 non
3086 4751 3299 4823 habeat,
3327 4757 3422 4812 sed
3453 4761 3522 4814 ab
3552 4764 3675 4817 uni-

2070 4832 2249 4902 genito
2277 4833 2368 4886 Dei
2402 4835 2552 4900 Filio,
2579 4838 2669 4906 qui
2701 4839 2880 4894 multis
2912 4842 3042 4898 locis
3072 4845 3124 4898 in
3151 4850 3352 4904 sanctis
3371 4851 3669 4923 Scripturis

2068 4921 2354 4992 allegorice
2391 4924 2471 4979 sol
2513 4928 2814 4996 appellatus
2863 4940 2987 5000 est,
3027 4935 3344 4996 illustratur.
3379 4921 3546 5011 Quem
3575 4963 3673 5005 ne-

2066 5013 2300 5110 scientes
2325 5025 2380 5070 ct
2409 5031 2634 5074 cernere
2658 5035 2765 5074 non
2791 5022 3034 5081 valentes
3060 5027 3297 5088 hazretici
3325 5032 3401 5110 (a)
3427 5038 3667 5109 quidam,

2004 5117 2010 5122 '
2064 5105 2130 5159 ad
2161 5106 2320 5160 istum
2350 5108 2523 5164 solem
2564 5124 2889 5188 corporeum
2930 5127 2985 5171 et
3015 5119 3304 5191 visibilem,
3332 5105 3478 5197 quod
3517 5105 3669 5188 com;

2064 5211 2226 5252 mune
2271 5198 2453 5254 lumen
2497 5209 2582 5255 est
2608 5204 2787 5258 carnis
2815 5205 3092 5264 hominum
3141 5223 3304 5284 atque
3331 5233 3664 5292 muscarum,

2061 5302 2254 5343 sensus
2299 5290 2622 5360 simplicium
2665 5306 2928 5352 conantur
2969 5309 3254 5371 avertere,
3287 5316 3344 5362 et
3375 5290 3666 5368 nonnullo-

2062 5395 2180 5433 rum
2224 5392 2489 5445 avertunt,
2522 5386 2610 5455 qui
2641 5388 2893 5455 quamdiu
2944 5408 3049 5448 non
3077 5409 3301 5466 possunt
3344 5401 3659 5464 interiorem

2061 5471 2235 5526 lucem
2268 5475 2504 5530 veritatis
2541 5489 2719 5534 mente
2747 5485 3021 5552 contueri,
3063 5488 3296 5562 simplici
3338 5493 3445 5551 ﬁde
3468 5499 3657 5556 catho-

2122 5603 2474 5686 ίίέἶιέίωῖκὶηθῖ.
2506 5610 2748 5686 Quid“?!
2779 5614 2974 5686 qui...“
3005 5617 3090 5686 lib-
3123 5626 3138 5669 ι
3169 5621 3233 5686 de
3266 5629 3445 5678 Genesi
3482 5639 3652 5686 contra

2057 5665 2336 5756 Ξέῗὲῗὲξχρῖ·
2507 5665 2830 5756 ‘9..“2:_llz.§‘:
2952 5665 3657 5756 ξοξ¹έιὶιέέδτὲτῖζέἶ<ιιῖἕῖἒ¹θῗ

2055 5726 2404 5806 {inﬂectere-in
2427 5729 2510 5778 lib.
2538 5731 2603 5806 de
2620 5726 2828 5806 Moribus
2861 5726 3656 5806 Daniel—13's.—

2056 5793 2232 5868 ttulit
2258 5793 2722 5868 oratiotiesldemum
2745 5798 2803 5846 ad
2826 5800 2998 5868 solem,
3009 5793 3422 5868 quaquaééjisdﬁf,

2058 5851 2116 5910 it,
2139 5862 2229 5912 per
2251 5851 2383 5900 diem
2408 5854 2616 5906 tundere
2642 5867 2896 5910 narrantur
2918 5864 2967 5911 in
2987 5851 3072 5915 lib.
3097 5851 3462 5924 d‘e'iiéiééiiiis‘
