3956 6364
523 366 623 421 135

519 497 661 544 tenet
697 495 750 543 te
790 500 939 540 reum
969 481 1225 554 quidquid
1273 497 1367 552 per
1409 480 1648 552 singulos
1693 478 1810 535 dies
1855 479 1908 533 in
1959 487 2111 549 parte

518 588 694 633 vestra
723 586 775 632 to
800 576 1072 630 nesciente
1100 574 1472 636 committitur,
1513 574 1893 637 imperatorum
1916 568 2116 623 consti-

520 669 753 723 tutiones
782 665 860 737 (a)
891 667 1083 719 frustra
1128 665 1468 732 obiicientem
1501 665 1517 695 ¹
1561 661 1870 726 Catholicis,
1899 675 2021 721 cum
2062 661 2115 713 in

519 760 714 814 vestris
734 758 924 814 castris
947 757 1132 827 privati
1161 757 1326 812 fustes
1347 758 1600 827 ignesque
1622 757 1697 808 sie
1715 756 1954 809 saeviant.
1978 753 2118 809 Ecce

521 867 630 921 quo
658 851 793 920 lapsi
825 860 970 914 sunt,
1001 849 1090 919 qui
1122 865 1245 902 cum
1275 849 1532 903 viderent.
1551 848 1602 901 in
1629 847 1900 901 Catholica
1927 860 2117 916 pecca-

520 953 689 1007 tores,
736 956 840 996 non
883 949 1172 1011 potuerunt
1215 941 1412 1005 dicere,
1447 939 1514 994 In
1553 939 1774 993 Domino
1810 939 2033 1007 conﬁdo,
2062 945 2118 991 et

518 1049 670 1104 spem
699 1048 850 1087 suam
882 1034 934 1087 in
963 1032 1179 1086 homine
1208 1041 1519 1102 posuerunt.
1551 1030 1701 1097 Quod
1725 1031 1947 1084 omnino
1973 1028 2118 1083 dice-

519 1133 662 1192 rent,
693 1125 737 1179 si
769 1140 874 1178 non
899 1133 992 1178 aut
1031 1123 1164 1194 ipsi,
1195 1130 1287 1176 aut
1311 1132 1367 1177 et
1410 1122 1508 1191 ipsi
1543 1121 1677 1175 tales
1707 1130 1906 1184 essent,
1935 1118 2118 1189 quales

519 1218 641 1272 illos
687 1218 964 1287 putabant,
1005 1232 1037 1270 a
1078 1216 1271 1286 quibus
1317 1214 1574 1285 sacrilega
1604 1213 1848 1281 superbia
1879 1209 2118 1281 separari

517 1323 578 1361 se
603 1309 738 1362 velle
764 1306 1052 1361 ﬁnxerunt.

593 1401 643 1454 (ἱ.
667 1397 689 1471 [
711 1415 839 1453 vers.
859 1397 938 1472 4.]
961 1400 1105 1453 Dicat
1127 1413 1256 1469 ergo
1281 1399 1455 1453 anima
1477 1397 1771 1452 catholica:
1800 1395 1865 1449 In
1899 1393 2117 1449 Domino

517 1491 722 1560 conﬁdo
745 1506 765 1555 ,°
788 1491 1040 1561 quomodo
1080 1492 1248 1545 dicitis
1283 1491 1470 1544 animle
1511 1505 1676 1542 mete:
1708 1487 2034 1556 Transmigra
2062 1488 2116 1540 in

518 1593 713 1636 montes
755 1584 886 1636 sicut
930 1599 1102 1651 passer
1123 1581 1149 1635 .9
1190 1582 1446 1650 Quoniam
1483 1598 1596 1636 ecce
1629 1591 1911 1652 peccatores
1949 1581 2116 1633 inten-

518 1676 700 1729 derunt
728 1692 922 1740 arcum,
953 1685 1257 1746 paraverunt
1284 1675 1496 1745 sagittas
1529 1690 1648 1728 suas
1673 1674 1726 1728 itt
1751 1674 1992 1744 pharetra
2013 1713 2030 1738 ,
2061 1682 2117 1725 ut

518 1765 759 1835 sagittent
784 1767 837 1818 in
867 1766 1080 1819 obscura
1119 1765 1242 1818 luna
1270 1775 1433 1819 rectos
1470 1765 1622 1818 corde
1654 1777 1675 1818 :
1713 1775 1767 1818 et
1808 1779 2116 1819 sermonem

519 1855 589 1907 ab
627 1855 757 1924 ipsis
783 1864 1061 1910 convertat
1097 1854 1164 1909 ad
1193 1854 1478 1909 Dominum
1506 1894 1522 1919 ,
1567 1862 1623 1907 et
1647 1853 1790 1908 dicat
1813 1895 1828 1916 ,
1863 1853 2117 1919 Quoniam

517 1962 632 2015 qua:
662 1947 917 2016 perfecisti
952 1948 1327 2000 destruxerunt.
1369 1946 1436 2000 Et
1473 1947 1574 2001 hoc
1609 1945 1773 2011 dicat,
1801 1961 1904 1999 uon
1931 1954 2113 2001 contra

518 2035 648 2090 istos
673 2037 838 2101 solos,
866 2037 959 2092 sed
986 2047 1171 2091 contra
1197 2051 1384 2092 omnes
1413 2038 1711 2092 hmreticos.
1735 2035 1937 2092 Omnes
1962 2038 2110 2092 enim

517 2139 773 2199 quantum
804 2129 857 2184 in
890 2129 1019 2199 ipsis
1047 2139 1151 2193 est,
1180 2130 1564 2184 destruxerunt
1594 2130 1826 2194 laudem,
1857 2145 2016 2199 quam
2046 2146 2112 2184 ex

517 2237 611 2275 ore
641 2211 920 2276 infantium
951 2231 1006 2275 et
1033 2220 1344 2276 lactentitnm
1373 2219 1596 2290 perfecit
1626 2221 1764 2274 Deus
1798 2219 1970 2292 (Psal.
1997 2236 2110 2286 vut,

517 2304 604 2384 3),
633 2311 761 2366 dum
789 2311 1175 2382 quaestionibus
1203 2312 1357 2366 vanis
1395 2319 1450 2365 et
1488 2311 1813 2382 scrupulosis
1847 2311 2116 2382 exagitant

518 2401 797 2472 parvulos,
827 2409 882 2456 et
907 2416 1002 2456 eos
1032 2401 1222 2456 nutriri
1251 2400 1372 2456 ﬁdei
1402 2401 1539 2456 lacte
1569 2417 1676 2455 nou
1706 2402 1909 2455 sinunt.
1950 2401 2112 2467 Quasi

515 2508 643 2563 ergo
671 2493 869 2548 dictum
900 2493 971 2548 sit
999 2493 1124 2548 huic
1154 2493 1347 2547 anima!
1367 2532 1384 2560 ,
1416 2494 1592 2559 Quare
1638 2493 1721 2547 isti
1765 2492 1858 2547 tibi
1903 2493 2108 2558 dicunt,

518 2584 847 2656 Transmigra
869 2585 923 2640 in
950 2593 1142 2639 montes
1166 2586 1295 2639 sicut
1319 2602 1491 2653 passer
1510 2585 1536 2639 .’
1561 2599 1728 2655 quare
1755 2593 1808 2640 te
1833 2583 1900 2639 dc
1927 2598 2115 2654 pecca-

516 2677 721 2730 toribus
748 2685 972 2741 terrent,
1003 2677 1092 2746 qui
1119 2675 1462 2730 intenderunt
1484 2690 1667 2729 arcum
1695 2675 1762 2728 ad
1784 2673 2112 2745 saginandus

516 2767 569 2821 in
593 2765 819 2821 obscura
842 2766 967 2820 luna
991 2776 1168 2821 rectos
1187 2766 1386 2821 corde?
1407 2765 1715 2835 Respondet
1737 2783 1749 2818 :
1777 2765 1901 2820 Ideo
1927 2766 2110 2834 utique

517 2873 604 2914 me
634 2867 871 2926 terrent,
896 2859 1137 2926 quoniam
1161 2874 1275 2929 qua:
1300 2857 1551 2928 ρει-[εεὶειί
1574 2857 1949 2911 destruxerunt.
1979 2855 2106 2921 Ubi,

517 2953 618 3007 nisi
658 2952 711 3007 in
749 2953 1141 3008 conventiculis
1171 2951 1317 3016 suis,
1345 2951 1435 3005 ubi
1463 2950 1711 3018 parvulos
1745 2958 1799 3004 et
1839 2948 2110 3004 interioris

514 3043 650 3098 lucis
672 3042 907 3114 ignaros,
934 3060 1037 3096 non
1064 3045 1197 3096 lacte
1226 3043 1485 3108 nutriunt,
1514 3039 1610 3095 sed
1634 3039 1856 3094 venenis
1881 3039 2108 3096 necant?

508 3133 691 3190 Justus
719 3145 887 3189 autem
923 3135 1044 3202 quid
1073 3135 1232 3204 ferit?
1271 3132 1328 3188 Si
1355 3147 1452 3187 vos
1476 3131 1734 3187 Macarius
1753 3172 1768 3197 ,
1801 3132 1844 3186 si
1867 3145 1964 3186 vos
1989 3129 2109 3186 Cte-

511 3227 737 3281 cilianus
763 3224 1018 3288 offendit;
1049 3225 1295 3279 Christus
1321 3223 1447 3295 quid
1480 3222 1604 3279 fecit
1632 3223 1805 3286 vobis,
1833 3223 1922 3294 qui
1949 3223 2104 3288 dixit,

515 3319 706 3374 Pacem
749 3337 912 3373 nteant
956 3319 1022 3373 do
1062 3321 1228 3383 vobis,
1280 3334 1455 3387 pacem
1491 3333 1655 3370 meam
1697 3316 1927 3387 relinquo
1969 3315 2108 3370 vobis

513 3410 695 3484 (Joau.
722 3426 818 3466 XIV
838 3451 854 3477 ,
885 3410 978 3481 9.7)
1010 3428 1022 3462 :
1052 3425 1210 3480 quam
1240 3424 1336 3465 vos
1365 3409 1592 3464 nefanda
1629 3409 1967 3478 dissensione
1991 3411 2110 3463 vio-

513 3502 703 3557 lastis?
724 3501 970 3558 Christus
994 3501 1121 3571 quid
1148 3500 1298 3555 vobis
1326 3500 1470 3566 fecit,
1498 3500 1584 3569 qui
1614 3499 1921 3553 traditorem
1949 3514 2104 3554 suum

513 3601 657 3647 tanta
704 3593 957 3663 patientia
1008 3591 1252 3659 pertulit,
1283 3601 1341 3644 ut
1369 3591 1418 3645 ei
1459 3591 1684 3660 primam
1714 3589 2103 3644 Eucharistiam

507 3680 806 3736 confectam
851 3683 1097 3735 manibus
1143 3681 1254 3735 suis
1299 3689 1354 3734 ct
1393 3697 1487 3735 ore
1520 3695 1624 3733 suo
1651 3679 2103 3745 commendatam,

508 3774 646 3828 sicut
673 3773 882 3828 caeteris
910 3773 1181 3842 Apustolis
1212 3771 1447 3826 traderet
1480 3770 1632 3843 (Luc.
1662 3787 1814 3837 χχιι,
1851 3772 1946 3838 19,
1974 3772 2106 3842 2|)?

509 3864 646 3929 Quid
685 3865 835 3919 vobis
885 3864 1005 3917 fecit
1050 3863 1327 3928 Chrisms,
1374 3863 1464 3932 qui
1509 3861 1758 3918 eumdem
1792 3862 2103 3916 traditorem

509 3973 688 4023 suum,
717 3973 876 4026 quem
905 3956 1178 4009 diabolum
1211 3955 1502 4009 nominavit
1537 3955 1716 4024 (Joan.
1744 3970 1819 4021 vn,
1845 3956 1936 4026 τι)
1956 3996 1972 4020 ,
2013 3956 2103 4022 qui

511 4061 635 4104 ante
667 4049 1004 4102 traditionem
1047 4047 1255 4101 Domini
1288 4061 1386 4100 nec
1417 4047 1604 4100 loculis
1633 4046 1916 4100 dominicis
1945 4045 2102 4102 fidem

512 4139 683 4210 potuit
705 4138 961 4195 exhibere
990 4137 1101 4210 (Id.
1135 4153 1224 4198 xu,
1254 4138 1333 4207 6),
1357 4152 1477 4191 cum
1505 4139 1714 4192 ueteris
1739 4138 2012 4207 discipulis
2037 4137 2102 4192 ad

513 4229 911 4300 prmdicandum
953 4245 1173 4297 regnum
1205 4229 1466 4284 caelorum
1498 4229 1643 4283 misit
1671 4227 1886 4302 (Matth.
1917 4246 1976 4295 κ,
2004 4229 2100 4301 5);

506 4333 564 4377 ιιι
589 4321 981 4376 demonstraret
1008 4322 1144 4374 dona
1177 4321 1274 4375 Dei
1307 4320 1586 4391 pervenire
1623 4321 1691 4375 ad
1726 4335 1821 4375 eos
1859 4323 1947 4391 qui
1977 4337 2099 4376 cum

507 4414 614 4470 lide
636 4413 942 4484 accipiunt,
974 4415 1180 4467 etiamsi
1212 4411 1330 4468 talis
1367 4412 1438 4467 sit
1472 4427 1570 4484 per
1608 4428 1767 4482 quem
1805 4413 2098 4483 accipiunt,

504 4507 676 4576 qualis
701 4505 865 4560 Judas
893 4503 1030 4558 fuit?

576 4597 628 4649 7.
660 4596 812 4668 [vers.
834 4593 915 4668 5.]
961 4595 1211 4648 Dominus
1235 4595 1284 4648 in
1313 4593 1499 4664 templo
1521 4605 1693 4649 sancto
1713 4613 1823 4649 suo.
1853 4597 1924 4650 Ita
1947 4611 2096 4664 vero,

501 4688 641 4742 sicut
666 4688 955 4756 Apostolus
983 4687 1133 4751 dicit,
1163 4687 1430 4754 Templum
1457 4688 1591 4741 enim
1621 4688 1714 4742 Dei
1741 4700 1972 4743 sanctum
2000 4701 2094 4755 est,

501 4780 638 4847 quod
662 4779 779 4833 estis
807 4795 913 4832 vos.
956 4779 1192 4844 Quisquis
1221 4789 1387 4832 autent
1420 4780 1663 4851 templum
1700 4779 1791 4833 Dei
1817 4781 2094 4846 violaverit,

498 4870 754 4942 disperdet
801 4869 947 4923 illum
995 4870 1132 4923 Deus
1179 4870 1228 4940 (Ι
1253 4869 1372 4926 Cor.
1407 4886 1500 4935 ιιι,
1542 4871 1652 4941 l7).
1685 4871 1965 4939 Templum
2001 4873 2094 4928 Dei

497 4961 698 5024 violat,
747 4961 837 5032 qui
889 4962 1054 5015 violat
1100 4963 1352 5015 unitatem
1386 4977 1533 5016 :non
1578 4963 1720 5017 enim
1765 4971 1910 5018 tenet
1938 4976 2097 5034 caput

499 5051 718 5118 (Coloss.
750 5067 816 5119 ιι,
845 5051 972 5123 l9),
1005 5067 1069 5106 ex
1101 5067 1205 5122 quo
1245 5060 1412 5106 totum
1461 5068 1656 5123 corpus
1701 5069 2000 5109 connexum
2040 5067 2098 5111 et

499 5155 836 5216 compactum
864 5162 961 5216 per
988 5163 1200 5202 omnem
1231 5157 1429 5202 tactum
1459 5148 1538 5220 (b)
1563 5148 2093 5216 subministrationis,

499 5236 788 5292 secundum
819 5239 1183 5308 operationem
1231 5241 1281 5293 in
1325 5255 1630 5295 mensuram
1673 5241 2094 5312 uniuscujusque

499 5329 665 5398 partis
694 5329 1078 5383 incrementum
1111 5331 1350 5400 Corporis
1392 5331 1548 5395 facit,
1593 5330 1644 5385 in
1685 5330 2090 5387 aedificationem

495 5419 576 5474 sui
606 5420 656 5472 in
684 5418 946 5474 charitate
974 5419 1192 5489 (Epltes.
1222 5437 1292 5481 tv.
1327 5422 1434 5490 16).
1470 5420 1524 5475 In
1551 5420 1653 5476 hoc
1679 5422 1878 5491 templo
1905 5434 2091 5478 sancto

559 5551 577 5583 ι
601 5550 674 5618 sic
698 5555 808 5618 Uss.
832 5557 894 5618 at
911 5551 1029 5618 editi
1053 5549 1310 5602 ferebant:
1342 5562 1460 5602 Tene
1497 5565 1633 5618 reum
1667 5547 1810 5614 facit,

498 5620 590 5676 per
608 5612 819 5675 singulos
841 5611 945 5663 dies
966 5611 1016 5676 in
1040 5619 1177 5676 parte
1199 5624 1356 5663 vestra
1399 5621 1443 5663 te
1482 5611 1717 5676 nesciente
1739 5611 2049 5666 committitur
2066 5616 2092 5666 Ρ

493 5671 519 5719 l
528 5671 847 5737 mperdtorum
866 5671 1219 5737 constitutiones
1238 5676 1421 5735 ﬂustra
1442 5673 1669 5737 objicitis,
1695 5683 1790 5727 etc.

555 5735 632 5860 (ag
653 5737 1030 5786 constitutiones
1047 5736 1122 5786 hic
1144 5737 1300 5799 tangit
1322 5737 1479 5786 editas
1496 5735 1578 5786 an.
1602 5739 1712 5788 403.

555 5795 605 5857 tb
642 5803 812 5857 Graec,
830 5795 994 5860 ophis.

555 5795 627 5860 (b)
642 5803 812 5857 Graec,
830 5795 994 5860 ophis.

1721 364 1780 419 S.
1824 360 2193 419 AUGUSTINI
2236 362 2534 419 EPISCOPI

3712 373 3806 430 I36

2222 493 2320 532 suo
2349 479 2602 534 Dominus
2626 489 2742 547 est;
2773 480 2915 552 quod
2945 491 3156 539 constat
3183 484 3367 540 multis
3392 486 3653 544 membris
3675 493 3801 550 suis.

2220 583 2316 624 sua
2341 585 2565 641 qumque
2587 570 2761 627 oflicia
2782 573 3110 643 gerentibus,
3139 576 3190 629 in
3217 591 3374 630 unam
3401 577 3807 636 aedificationem

2221 661 2481 717 charitate
2504 663 2522 694 ⁸
2551 665 2910 731 constructis;
2955 667 3095 735 quod
3141 667 3331 732 violat,
3370 670 3611 741 quisquis
3652 685 3808 727 causa

2216 753 2552 823 principatus
2575 756 2659 810 sui
2689 770 2720 809 a
2747 756 3009 812 catholica
3038 759 3292 814 societate
3325 760 3669 832 disiungitur.
3703 761 3809 816 Do-

2223 845 2389 898 minus
2411 845 2462 898 in
2484 848 2670 916 templo
2691 857 2865 902 sancto
2884 864 2998 914 suo,
3028 848 3276 904 Dominus
3299 851 3351 904 in
3372 853 3496 905 mlo
3517 854 3662 908 sedes
3683 857 3808 925 ejus.

2222 935 2278 989 Si
2307 935 2503 991 coelum
2531 939 2802 1007 acceperis
2829 939 3050 1007 iustum,
3079 940 3220 996 sicut
3245 951 3444 996 terram
3469 944 3670 1014 accipis
3689 959 3802 1015 pee-

2223 1035 2487 1087 catorem.
2518 1029 2603 1084 cui
2631 1029 2832 1084 dictum
2861 1040 2979 1096 est,
3008 1030 3169 1085 Terra
3209 1049 3261 1087 es
3279 1075 3295 1095 ,
3323 1043 3371 1087 et
3408 1035 3462 1088 in
3505 1045 3691 1088 terram
3720 1037 3812 1089 ibis

2225 1114 2379 1186 (Gen.
2409 1133 2498 1184 ιιι,
2530 1117 2656 1189 l9);
2695 1119 2836 1190 quod
2867 1119 3067 1175 dictum
3095 1131 3212 1187 est,
3255 1122 3503 1178 Dominus
3539 1126 3592 1178 in
3629 1129 3812 1196 tempto

2223 1217 2396 1262 sancto
2421 1224 2514 1263 suo
2531 1251 2548 1274 ,
2575 1211 2861 1280 repetitum
2900 1212 3164 1284 intelliges
3191 1213 3318 1268 dum
3345 1215 3545 1271 dictum
3573 1227 3673 1280 cst,
3711 1217 3812 1270 Do-

2225 1299 2394 1351 minus
2420 1300 2473 1352 in
2502 1300 2628 1353 catlo
2656 1301 2798 1356 sedes
2825 1302 2955 1372 ejus.

2294 1390 2350 1444 8.
2383 1388 2532 1444 Oculi
2577 1392 2687 1456 eius
2735 1393 2790 1446 in
2835 1410 3108 1464 pauperem
3155 1396 3450 1466 respiciunt.
3492 1397 3699 1470 Quippe
3725 1401 3809 1454 cui

2223 1481 2511 1537 derelictus
2535 1492 2620 1538 est
2643 1499 2861 1554 pauper,
2885 1494 2940 1540 et
2967 1488 3056 1556 qui
3085 1486 3256 1542 factus
3282 1501 3368 1544 est
3391 1489 3651 1561 refugium
3685 1509 3807 1561 pau-

2223 1574 2335 1640 peri
2381 1571 2551 1641 (Psnl.
2583 1590 2669 1641 ix,
2704 1575 2819 1645 10).
2850 1576 2918 1631 Ει
2949 1578 3069 1633 ideo
3106 1579 3396 1635 seditiones
3429 1598 3617 1637 omnes
3643 1593 3699 1638 et
3727 1593 3810 1637 tu-
3865 1655 3868 1657 Α

2224 1665 2420 1719 multus
2450 1666 2585 1720 intra
2617 1669 2716 1723 ista
2743 1670 2874 1723 retia
2893 1709 2908 1732 ,
2946 1669 3120 1726 donec
3159 1673 3519 1742 perducantur
3544 1675 3613 1731 ad
3644 1677 3807 1737 littus.

2222 1755 2290 1810 de
2316 1756 2508 1825 quibus
2535 1757 2689 1812 nobis
2714 1759 2766 1814 in
2790 1761 3078 1828 perniciem
3101 1778 3250 1817 suam
3273 1773 3328 1819 et
3349 1765 3414 1819 ad
3441 1777 3675 1822 nostram
3697 1785 3814 1824 cor-

2221 1849 2513 1904 rectionem
2545 1851 2803 1907 insultant
2844 1853 3111 1920 hatretici,
3144 1871 3242 1925 per
3275 1873 3370 1912 eos
3411 1858 3656 1916 homines
3683 1862 3812 1917 fiunt

2221 1940 2310 2008 qui
2337 1955 2598 2012 pauperes
2622 1942 2817 1998 Christi
2843 1960 2965 2000 esse
2991 1947 3195 2001 nolunt.
3225 1949 3333 2003 Sed
3361 1951 3614 2021 numquid
3645 1953 3715 2008 ab
3737 1957 3813 2008 eis

2219 2029 2309 2099 qui
2341 2029 2442 2086 hoc
2468 2046 2587 2087 esse
2614 2033 2818 2099 volunt,
2845 2047 3092 2090 avertunt
3121 2039 3306 2094 oculos
3333 2039 3468 2096 Dei?
3496 2039 3646 2096 Oculi
3670 2046 3812 2100 enim

2220 2120 2332 2189 ejus
2359 2121 2411 2174 in
2440 2138 2710 2192 pauperem
2736 2126 3032 2196 respiciunt.
3064 2127 3329 2200 Numquid
3362 2133 3704 2188 metuendum
3732 2140 3814 2188 c‘st.

2220 2225 2288 2262 ne
2318 2211 2370 2264 in
2398 2212 2552 2266 turba
2583 2213 2804 2268 divitum
2831 2231 3029 2285 paucos
3059 2233 3321 2288 pauperes
3347 2221 3530 2277 videre
3558 2238 3663 2279 non
3692 2239 3816 2294 pos-

2220 2301 2307 2362 sit,
2332 2317 2468 2370 quos
2489 2303 2540 2357 in
2565 2304 2817 2360 Ecclesia:
2837 2307 3114 2364 catholica:
3133 2312 3340 2379 gremio
3363 2313 3659 2370 custoditos
3677 2331 3802 2370 enu.

2219 2392 2381 2446 triat?
2417 2391 2681 2462 Palpebras
2707 2397 2816 2466 ejus
2855 2399 3165 2469 interrogant
3208 2402 3344 2469 ﬁlios
3385 2403 3669 2458 hominum.
3706 2407 3803 2461 llic

2219 2484 2353 2550 filios
2382 2485 2662 2553 Itotttittum,
2689 2488 2776 2544 illa
2802 2492 2982 2561 regula
3016 2492 3246 2548 libenter
3270 2497 3590 2565 acceperim.
3619 2498 3688 2554 de
3713 2515 3803 2553 ve-

2220 2575 2418 2629 teribus
2451 2589 2793 2647 regeneratos
2831 2596 2929 2651 per
2968 2583 3146 2638 fidem.
3175 2585 3238 2639 lli
3265 2587 3463 2657 quippe
3489 2590 3812 2658 quihusdam

2219 2665 2609 2734 Scripturarum
2645 2669 2774 2724 locis
2813 2672 3093 2740 obscuris,
3124 2683 3375 2745 tanquam
3412 2679 3610 2735 clausis
3637 2682 3817 2738 oculis

2221 2755 2333 2822 Dei,
2365 2771 2685 2815 exercentur
2709 2773 2765 2815 ut
2788 2773 3032 2832 quaerant
3058 2783 3071 2818 :
3101 2775 3155 2820 et
3176 2781 3362 2823 rursus
3385 2768 3704 2839 quibusdam
3733 2773 3820 2826 lo-

2216 2847 2294 2900 cis
2323 2848 2640 2915 manifestis,
2673 2861 2922 2923 tanquam
2947 2856 3147 2930 apertis
3167 2858 3338 2912 oculis
3360 2859 3474 2923 Dei,
3505 2861 3820 2916 illuminan-

2217 2948 2303 2993 tur
2328 2950 2387 2995 ut
2408 2941 2694 3011 gaudeant.
2731 2945 2797 2999 Et
2825 2947 2926 3000 ista
2957 2946 3009 3001 in
3038 2951 3236 3006 sanctis
3263 2951 3413 3007 libris
3436 2954 3623 3009 crebra
3649 2970 3820 3026 cper-

2215 3030 2290 3085 tio
2320 3042 2478 3102 atque
2505 3035 2781 3104 adapertio
2811 3047 3062 3110 tanquam
3094 3042 3359 3112 palpebra:
3384 3055 3508 3100 sunt
3533 3046 3652 3112 Dei,
3688 3065 3816 3119 qua:

2216 3121 2568 3195 interrogant,
2603 3127 2654 3181 id
2687 3139 2789 3193 est,
2819 3146 2938 3196 qua:
2965 3133 3194 3201 probant
3222 3134 3361 3190 filios
3387 3135 3686 3207 hominum,
3718 3143 3814 3210 qui

2215 3228 2387 3284 neque
2420 3219 2704 3288 fatigantur
2742 3237 2920 3277 rerum
2951 3225 3314 3294 obscuritate,
3342 3228 3438 3282 sed
3463 3241 3811 3298 exercentur,

2215 3323 2388 3377 neque
2417 3309 2668 3365 inﬂantur
2691 3313 3017 3382 cognitione,
3050 3315 3143 3370 sed
3172 3319 3573 3375 confirmantur.

2283 3397 2338 3454 9.
2380 3397 2529 3471 [vers.
2555 3398 2635 3473 6.]
2687 3401 2935 3458 Dominus
2973 3405 3250 3477 interrogat
3269 3409 3468 3477 justum
3495 3421 3542 3466 et
3570 3413 3812 3482 impium.

2212 3491 2349 3560 Quid
2378 3508 2508 3564 ergo
2537 3495 2823 3550 metuimus
2854 3512 2921 3552 ne
2946 3498 3143 3568 aliquid
3175 3503 3329 3556 nobis
3353 3503 3532 3560 obsint
3561 3506 3734 3577 impii,
3763 3511 3815 3563 si

2214 3581 2353 3638 forte
2373 3584 2648 3639 nobiscum
2671 3596 3002 3642 sacramenta
3026 3605 3131 3644 non
3152 3594 3364 3647 sincero
3383 3595 3546 3650 corde
3567 3611 3816 3653 commu-

2211 3675 2412 3738 nicant,
2441 3675 2655 3743 quando
2681 3676 2770 3732 ille
2796 3668 3090 3748 interrogat
3111 3680 3311 3751 justum
3339 3694 3392 3739 et
3418 3686 3678 3757 impium?
3706 3691 3818 3757 Qui

2210 3773 2375 3817 autent
2396 3765 2564 3836 diligit
2586 3766 2923 3838 iniquitatem,
2946 3771 3052 3824 odit
3073 3773 3294 3827 animant
3316 3792 3462 3830 suam
3482 3775 3559 3849 (a)
3585 3797 3600 3833 :
3624 3780 3676 3834 id
3697 3794 3812 3842 est,

2211 3867 2316 3907 non
2341 3854 2387 3908 ei
2417 3855 2506 3923 qui
2533 3856 2707 3910 credit
2731 3858 2840 3913 Deo
2863 3868 2918 3912 et
2945 3874 3095 3929 spem
3125 3876 3275 3916 suam
3307 3881 3412 3920 non
3447 3868 3594 3934 ponit
3622 3868 3676 3923 in
3712 3871 3818 3926 Ito~

2211 3945 2353 4000 mine
2373 3985 2389 4009 ,
2420 3945 2513 3999 sed
2547 3956 2749 4001 tantum
2780 3950 2970 4005 animm
3002 3967 3113 4006 sum
3151 3965 3307 4010 nocet
3345 3955 3573 4013 dilector
3613 3960 3816 4032 iniqui-

2213 4037 2354 4089 tatis.

2282 4127 2368 4183 l0.
2401 4126 2550 4200 [vers.
2581 4130 2644 4194 7,
2675 4130 2755 4204 8.]
2811 4131 2966 4188 Pluet
2992 4132 3461 4208 super-peccatores
3489 4143 3714 4215 laqueos.
3751 4148 3814 4203 Si

2208 4217 2381 4272 nubes
2409 4220 2730 4288 generaliter
2760 4222 3043 4292 Propheta:
3073 4227 3470 4300 intelliguntur,
3509 4236 3622 4290 sive
3651 4237 3810 4302 boui,

2206 4308 2322 4362 sive
2348 4309 2495 4376 mali,
2523 4311 2612 4381 qui
2640 4313 2801 4366 etiam
2828 4316 3307 4387 pseud0prophetze
3333 4324 3700 4392 appellantur;
3728 4334 3818 4385 sic

2206 4397 2521 4454 ordinantur
2549 4404 3030 4474 pseudoprophetzc
3058 4423 3089 4462 a
3118 4409 3346 4467 Domino
3376 4413 3509 4479 Deo,
3539 4425 3596 4471 ut
3622 4418 3694 4473 de
3721 4420 3813 4476 his

2208 4492 2426 4562 laqueos
2455 4509 2616 4563 super
2646 4506 2952 4565 peccatores
2982 4500 3127 4569 pluat
3160 4520 3176 4557 :
3214 4519 3321 4559 nou
3348 4506 3490 4561 enim
3517 4509 3809 4579 quisquam

2208 4582 2259 4635 in
2289 4597 2383 4637 eos
2411 4584 2697 4639 sectandos
2727 4586 2913 4642 incidit
2941 4589 3042 4645 nisi
3073 4602 3354 4661 peccator;
3399 4598 3512 4653 sive
3551 4600 3617 4655 ad
3654 4619 3809 4672 prae-

2207 4673 2534 4739 parationem
2565 4677 2790 4730 extremi
2833 4680 3110 4749 supplicii,
3137 4683 3182 4736 si
3213 4699 3557 4754 perseverare
3587 4691 3637 4760 in
3673 4707 3814 4761 pec-

2203 4765 2374 4820 cando
2416 4766 2700 4833 maluerit;
2731 4769 2845 4824 sive
2889 4771 2954 4824 ad
2993 4771 3388 4832 desuadendam
3419 4780 3440 4811 ⁸
3468 4784 3812 4853 superbiant,

2203 4857 2247 4909 si
2279 4856 2562 4924 aliquando
2591 4857 2760 4914 Deum
2788 4876 2914 4915 cura
2942 4863 3234 4921 sinceriore
3259 4870 3581 4938 quaesiverit.
3611 4875 3668 4930 Si
3699 4892 3800 4931 au»

2203 4954 2309 5000 tem
2338 4949 2505 5002 nubes
2537 4951 2745 5004 nonnisi
2787 4951 2913 5006 boni
2947 4963 3001 5007 et
3027 4957 3139 5010 veri
3166 4956 3448 5029 PrOphettc
3489 4964 3807 5037 intelligun-

2202 5047 2322 5105 tur;
2344 5038 2484 5094 etde
2506 5039 2588 5094 his
2605 5042 2944 5099 manifestum
2965 5057 3048 5100 est
3067 5062 3228 5116 super
3249 5063 3555 5120 peccatores
3573 5055 3812 5126 laqueos

2200 5128 2397 5198 pluere
2425 5131 2588 5184 Demu
2609 5172 2623 5193 ,
2653 5133 2895 5201 quamvis
2923 5134 2991 5189 de
3023 5136 3105 5192 his
3135 5139 3296 5194 etiam
3329 5142 3444 5209 pios
3471 5144 3538 5199 ad
3569 5145 3802 5205 fructiﬁ-

2202 5219 2428 5293 candum
2460 5221 2643 5291 irriget
2671 5238 2683 5273 :
2715 5223 3051 5293 Quibusdam,
3085 5229 3253 5298 inquit
3281 5233 3588 5301 Apostolus,
3619 5254 3812 5294 sumus

2199 5311 2326 5364 odor
2353 5311 2465 5364 vita:
2492 5313 2542 5365 in
2572 5314 2725 5367 vitam
2745 5357 2760 5380 ,
2797 5317 3097 5386 quibusdant
3137 5323 3263 5376 odor
3290 5327 3467 5379 mortis
3494 5328 3548 5382 in
3577 5342 3814 5388 mortem

2203 5400 2267 5471 (ll
2294 5400 2412 5455 Cor.
2439 5419 2496 5467 ιι,
2530 5403 2638 5474 lli).
2669 5405 2784 5460 Non
2811 5407 2952 5461 enim
2981 5409 3258 5480 Propheta:
3290 5423 3514 5479 tantum,
3546 5418 3644 5472 sed
3669 5436 3803 5476 omo

2263 5599 2276 5628 ³
2305 5598 2442 5660 Editi,
2467 5598 2732 5650 charitatis.
2769 5609 2825 5651 At
2847 5610 2935 5652 MSS
2957 5640 2971 5660 ,
3001 5603 3251 5658 charitate.

2258 5661 2280 5691 ’
2304 5657 2472 5710 Plures
2491 5668 2620 5719 uss,
2645 5657 2981 5715 desudandum
3000 5679 3019 5716 :
3044 5657 3635 5731 aliqui,idissuadendam.
3659 5723 3664 5728 ,

2195 5817 2228 5852 n
2485 5755 2750 5853 τὸεῖναι-ς.
2775 5745 2808 5795 6
2829 5755 3060 5800 tractatur
3085 5753 3236 5804 etiam
3256 5756 3304 5804 in
3327 5761 3464 5806 Euar.
3500 5756 3620 5808 Psal.
3646 5771 3805 5818 mm.

2233 5841 2244 5852 ο
2274 5840 2464 5864 ιρνδνν
2499 5840 2543 5854 ΙΙΙ
2564 5840 2611 5855 ’.ο
