3956 6324
169 328 262 382 l3?

164 457 255 496 nes
285 441 452 494 verbo
481 440 576 494 Dei
607 441 822 500 mimus
847 445 1147 517 irrigantes,
1179 447 1347 505 nubes
1375 450 1480 506 dici
1511 465 1765 522 possunt:

163 532 396 600 quicum
426 532 570 585 male
597 534 1000 606 intelliguntur,
1034 539 1166 607 pluit
1209 540 1348 595 Deus
1388 557 1550 611 super
1575 558 1768 611 pecca-

163 636 302 679 tores
335 624 596 694 laqueos;
627 643 749 681 cum
779 641 954 684 autem
988 633 1124 686 bene
1150 633 1538 704 intelliguntur,
1567 636 1768 690 Recon-

161 718 244 768 dat
301 726 520 784 pectora
578 719 788 785 piorum
833 731 992 788 atque
1041 723 1292 777 lidelium.
1344 724 1492 778 Sicut
1536 709 1764 796 exempli

156 808 346 876 gratia,
375 806 520 874 quod
550 813 808 877 scriptum
837 819 939 874 est,
972 811 1035 864 Et
1074 824 1221 865 erunt
1264 816 1365 867 duo
1399 816 1453 867 in
1487 832 1638 871 carne
1664 834 1767 871 una

163 896 313 963 (lien.
346 913 415 960 tt,
447 897 545 966 24)
567 940 581 962 ,
613 899 657 952 si
690 899 756 954 ad
789 901 1060 956 libidinem
1105 905 1329 974 quisque
1365 906 1761 975 interpretetur,

157 987 409 1054 laqueum
462 988 596 1056 pluit
637 1003 802 1057 super
832 1001 1206 1059 peccatorem;
1239 994 1320 1046 sin
1350 1003 1528 1049 autent
1564 997 1764 1051 intelli-

153 1091 266 1145 gas,
298 1076 445 1130 sicut
477 1077 568 1132 ille
595 1079 686 1147 qui
713 1079 806 1140 ait,
842 1079 950 1150 Ego
976 1092 1144 1134 autem
1174 1083 1286 1136 dico
1324 1084 1377 1137 in
1412 1084 1611 1138 Christo
1636 1097 1683 1140 et
1711 1089 1765 1141 in

155 1165 391 1220 Ecclesia
425 1167 645 1239 (Ephes.
675 1186 723 1235 ι’,
758 1170 874 1238 ΞΞ),
910 1171 1132 1227 imbrem
1167 1175 1300 1243 pluit
1335 1190 1495 1245 super
1535 1177 1762 1234 fertilem

153 1268 354 1314 terram
388 1277 403 1313 :
435 1261 625 1315 eadem
653 1272 829 1317 autem
862 1264 1030 1329 nube,
1063 1266 1114 1320 id
1152 1276 1234 1320 est
1261 1267 1438 1321 divina
1466 1269 1760 1339 Scriptura,

151 1358 448 1420 utrumque
478 1352 673 1407 factum
705 1362 807 1406 est.
839 1353 964 1407 Item
995 1351 1252 1411 Dominus
1273 1358 1403 1412 dicit
1431 1376 1445 1410 :
1480 1357 1603 1412 Non
1628 1361 1764 1428 quod

148 1440 305 1492 intrat
355 1441 410 1493 in
459 1458 516 1496 os
572 1453 818 1509 uestrum,
867 1461 952 1499 vos
1000 1448 1322 1515 coinquinat,
1357 1450 1446 1503 sed
1487 1451 1622 1520 quod
1661 1453 1764 1506 exit

149 1531 375 1602 (Matth.
409 1549 502 1598 xv,
536 1534 652 1604 ll).
685 1535 847 1589 Audit
876 1536 978 1592 hoc
1004 1550 1274 1606 peccator,
1305 1551 1360 1595 et
1397 1541 1573 1611 gulam
1615 1551 1765 1611 parat

149 1623 440 1676 voracitati
465 1639 481 1676 :
509 1625 659 1678 audit
691 1625 792 1679 hoc
819 1626 1014 1696 justus,
1043 1637 1098 1682 et
1121 1644 1151 1681 a
1179 1629 1418 1684 ciborum
1447 1630 1760 1687 discernen-

149 1713 347 1768 dorum
402 1716 786 1784 superstitione
838 1719 1096 1773 munitur.
1143 1721 1210 1775 Et
1252 1722 1338 1776 hic
1375 1722 1536 1792 igitur
1573 1723 1760 1779 eadem

145 1806 556 1878 Scripturarum
583 1809 746 1874 nube,
777 1826 873 1879 pro
898 1827 996 1866 suo
1020 1813 1280 1884 cujusque
1309 1815 1524 1881 merito,
1556 1823 1611 1870 et
1637 1831 1764 1886 pec-

151 1898 325 1952 catori
357 1898 538 1967 pluvia
569 1899 905 1970 laqueorum,
936 1911 991 1957 et
1012 1902 1160 1973 justo
1189 1905 1362 1975 pluvia
1387 1907 1649 1962 ubertatis
1676 1907 1760 1962 in-

148 1989 263 2043 fusa
291 1999 402 2043 est.

223 2079 315 2133 H.
359 2078 510 2149 Ignis
539 2089 586 2134 et
615 2081 832 2149 sulphur
859 2092 908 2136 et
936 2083 1147 2153 spiritus
1177 2085 1413 2153 procella:
1441 2103 1561 2156 pars
1589 2088 1761 2143 calicis

149 2185 350 2223 cornua.
382 2170 514 2225 Hzec
544 2186 700 2240 paena
735 2187 922 2226 eorum
958 2183 1042 2227 est
1075 2184 1238 2244 atque
1269 2177 1474 2242 exitus,
1506 2193 1600 2247 per
1626 2194 1760 2249 quos

151 2261 563 2332 blasphematur
591 2279 787 2318 nomen
818 2265 906 2319 Dei
929 2308 944 2328 ,
981 2276 1037 2320 ut
1067 2269 1237 2335 primo
1261 2259 1605 2338 cupiditatum
1633 2287 1760 2326 sua-

150 2371 266 2409 rum
299 2355 427 2425 igne
459 2363 765 2422 vastentur,
791 2355 988 2412 deinde
1019 2359 1278 2413 malorum
1310 2376 1532 2430 operum
1574 2372 1761 2432 putore

151 2460 178 2498 a
204 2455 352 2500 metu
381 2447 664 2501 beatorum
694 2447 1034 2517 alijiciaotur,
1065 2459 1340 2520 postremo
1366 2452 1570 2524 abrepti
1602 2464 1760 2524 atque

150 2537 448 2605 submersi,
479 2539 778 2594 inell'abiles
802 2555 986 2609 poenas
1018 2542 1185 2596 luant.
1217 2542 1341 2598 Haec
1363 2545 1504 2598 enim
1533 2559 1656 2615 pars
1679 2555 1762 2600 est

151 2626 336 2682 calieis
373 2644 604 2695 eorum;
647 2631 788 2685 sicut
828 2631 1094 2698 justorum
1137 2634 1275 2687 calix
1323 2643 1443 2688 tuus
1491 2634 1761 2690 inebrians

149 2736 306 2792 quam
336 2722 634 2791 pne-clarus
664 2720 833 2794 (Psal.
864 2739 973 2777 xxu
994 2765 1008 2787 ,
1037 2725 1129 2794 5)!
1173 2725 1579 2782 lnebriabuntur
1606 2727 1751 2782 enim

150 2813 216 2866 ab
232 2813 481 2868 ubertate
495 2812 690 2867 domus
705 2823 806 2868 tuae
823 2813 842 2885 (
853 2814 994 2869 l’sal.
1025 2832 1186 2883 xxxv,
1214 2815 1293 2887 9).
1320 2815 1556 2873 Calicem
1581 2825 1760 2872 autem

152 2918 444 2976 propterea
492 2919 623 2975 puto
661 2906 1026 2975 appellatum,
1058 2923 1128 2962 ne
1164 2908 1292 2977 quid
1323 2919 1518 2979 praeter
1542 2907 1761 2964 modum

151 3008 311 3065 atque
353 3012 698 3062 mensuram,
733 2997 819 3052 vel
850 2998 902 3052 in
935 2999 1064 3068 ipsis
1091 3009 1430 3070 peccatorum
1464 3001 1758 3071 suppliciis,

151 3102 246 3157 per
272 3088 514 3141 divinam
549 3086 937 3156 providentiam
987 3090 1100 3143 ﬁeri
1149 3089 1493 3146 arbitremur.
1537 3091 1605 3146 Et
1639 3090 1762 3146 ideo

154 3188 410 3248 tanquam
457 3178 718 3233 rationem
764 3178 992 3234 reddens
1036 3195 1202 3249 quare
1247 3180 1298 3235 id
1343 3182 1461 3247 liat,
1493 3180 1758 3250 subjecit:

156 3268 414 3337 Quoniam
445 3270 618 3338 justus
647 3267 897 3323 Dontinus
917 3310 931 3335 ,
963 3278 1009 3324 et
1027 3271 1257 3341 justitias
1281 3270 1477 3326 dilexit.
1502 3271 1617 3327 Non
1653 3271 1761 3327 fru-

152 3368 260 3415 stra
295 3360 596 3430 pluraliter,
631 3359 732 3413 nisi
761 3363 880 3430 quia
911 3361 1156 3415 homines
1179 3361 1341 3427 dicit,
1373 3371 1430 3415 ut
1458 3378 1552 3431 pro
1575 3363 1756 3431 justis,

151 3450 375 3520 justitia:
429 3451 796 3519 intelligantur
843 3451 1066 3520 posite;
1101 3452 1154 3505 in
1200 3452 1380 3506 multis
1423 3452 1564 3507 enim
1600 3453 1761 3522 justis

156 3543 310 3612 quasi
343 3542 528 3597 multa:
551 3541 772 3610 justitim
802 3542 1044 3596 videntur
1074 3558 1216 3609 esse,
1244 3559 1366 3598 cum
1401 3545 1470 3598 sit
1511 3561 1612 3598 una
1641 3545 1756 3611 Dei,

153 3633 305 3702 cujus
333 3648 530 3687 omnes
559 3633 877 3702 participant
911 3651 924 3687 :
959 3642 1208 3703 tanquam
1249 3635 1295 3688 si
1335 3650 1436 3687 una
1480 3634 1641 3690 facies
1680 3635 1760 3689 in-

156 3734 368 3778 tueatur
398 3724 548 3792 plura
580 3725 797 3792 specula
820 3766 834 3786 ,
862 3725 1002 3793 quod
1036 3726 1085 3778 in
1120 3725 1206 3780 illa
1246 3727 1510 3796 singulare
1544 3739 1658 3791 est,
1691 3729 1759 3784 de

155 3815 260 3870 illis
289 3814 537 3885 pluribus
569 3815 841 3884 pluraliter
867 3816 1126 3871 redditur.
1162 3817 1450 3888 Propterea
1480 3835 1662 3873 rursus
1691 3820 1756 3874 ad

154 3907 582 3977 singularitatem
608 3923 668 3961 se
694 3907 875 3969 refert,
907 3907 1155 3972 dicendo,
1187 3909 1503 3982 .Eqnitatem
1528 3912 1652 3966 uidit
1680 3915 1760 3982 {a-

153 4001 256 4052 cies
282 3999 393 4068 ejus
417 4013 438 4051 :
463 4001 686 4053 fortasse
715 4015 812 4069 pro
834 4015 900 4054 eo
927 3999 996 4054 sit
1022 4001 1274 4070 positum,
1297 4001 1616 4073 .Equitatem
1637 4006 1760 4058 vidit

155 4089 316 4158 [acies
345 4089 456 4157 ejus
475 4130 492 4154 ,
521 4103 583 4143 ac
613 4089 656 4143 si
695 4087 964 4144 diceretur
982 4131 998 4158 ,
1021 4089 1269 4161 Equitas
1292 4094 1406 4148 visa
1432 4104 1514 4148 est
1543 4096 1593 4149 in
1623 4095 1760 4152 facie

153 4182 295 4249 ejus,
327 4180 380 4233 id
405 4188 489 4233 est
516 4179 568 4233 in
595 4179 712 4250 ejus
737 4182 959 4245 notitia;
992 4181 1154 4237 iacies
1180 4184 1324 4240 enim
1349 4185 1440 4240 Dei
1469 4197 1551 4241 est
1573 4198 1760 4256 poten-

153 4273 226 4325 tia
257 4287 362 4341 qua
392 4271 571 4342 dignis
601 4273 927 4327 innotescit:
959 4284 1052 4328 aut
1087 4283 1263 4340 certe,
1295 4274 1610 4347 tiquitatem
1635 4279 1759 4332 vidit

156 4363 313 4432 facies
350 4364 461 4434 ejus
482 4403 497 4426 ,
529 4363 648 4433 quia
678 4379 782 4417 non
811 4379 870 4419 se
898 4366 1099 4435 praebet
1123 4369 1552 4439 cognoscendum
1579 4371 1754 4436 malis,

153 4453 249 4508 sed
280 4453 469 4520 bonis;
497 4464 551 4508 et
580 4453 694 4523 ipsa
726 4464 808 4508 est
833 4456 1078 4526 aequitas.

229 4541 318 4596 12.
361 4542 562 4612 Siquis
596 4554 774 4599 autem
817 4546 992 4600 lunam
1037 4562 1360 4618 synagogam
1400 4549 1514 4604 vult
1558 4550 1759 4605 intelli-

155 4649 318 4706 gere,
348 4633 418 4689 ad
457 4637 760 4704 passionem
796 4637 1003 4692 Domini
1037 4639 1233 4694 referat
1264 4641 1531 4696 Psalmum
1551 4684 1567 4708 ,
1609 4654 1661 4698 et
1693 4643 1759 4698 de

157 4725 360 4780 ludatis
385 4725 550 4791 dicat,
579 4726 832 4793 Quoniam
861 4744 974 4798 qua:
1000 4731 1255 4800 perfecisti
1279 4730 1669 4796 destruxerunt;
1696 4749 1760 4788 ac

159 4817 223 4870 de
259 4817 380 4886 ipso
415 4817 673 4880 Domino,
703 4817 883 4873 Justus
912 4831 1080 4874 autem
1117 4821 1241 4890 quid
1269 4823 1428 4892 fecit?
1455 4839 1614 4893 quem
1643 4834 1762 4880 tan-

157 4924 315 4978 quam
338 4907 735 4964 destrucmrem
758 4910 916 4981 Legis
936 4914 1229 4982 arguebant
1254 4932 1266 4966 :
1290 4915 1444 4983 cujus
1469 4927 1755 4988 prtecepta,

159 5015 412 5068 perverse
439 5000 686 5066 vivendo,
711 5013 766 5056 et
784 5018 845 5057 ea
867 5005 1282 5068 contemnendo.
1309 5024 1372 5062 ac
1398 5025 1490 5063 sua
1518 5019 1759 5065 statuen-

156 5092 244 5151 do,
273 5090 686 5156 destruxerant,
717 5103 771 5145 ιιι
803 5093 914 5162 ipse
954 5094 1208 5150 Dominus
1243 5099 1536 5152 secundum
1581 5101 1758 5155 homi-

157 5197 276 5234 nem
306 5181 560 5250 loquatur
580 5221 596 5247 ,
626 5191 683 5235 ut
717 5183 892 5248 solet,
923 5184 1137 5248 dicens,
1169 5185 1234 5239 In
1274 5186 1490 5241 Domino
1518 5191 1720 5257 con/ida
1737 5206 1758 5255 ,°

155 5272 410 5340 quomodo
453 5273 626 5325 dicitis
671 5274 856 5327 anima:
899 5292 1025 5328 metu
1055 5291 1073 5328 :
1105 5275 1431 5348 Transmigra
1474 5281 1527 5331 in
1567 5291 1758 5336 montes

157 5367 283 5416 sicut
313 5380 492 5436 passer
513 5365 539 5417 2’
566 5375 785 5434 propter
819 5376 1052 5422 terrores
1093 5370 1298 5424 scilicet
1324 5387 1506 5424 eorum
1530 5413 1544 5434 ,
1573 5373 1660 5441 qui
1691 5374 1758 5427 il-

158 5457 267 5509 lum
327 5455 738 5525 apprehendere
787 5468 841 5512 et
883 5460 1197 5530 crucifigere
1242 5462 1530 5531 cupiebant
1575 5481 1587 5515 :
1637 5481 1757 5519 cum

158 5558 473 5615 peccatores
497 5549 749 5618 sagittare
778 5551 1018 5608 volentes
1056 5563 1215 5607 rectos
1254 5554 1438 5620 corde,
1482 5557 1531 5610 id
1562 5565 1644 5609 est
1667 5556 1758 5626 qui

161 5639 377 5694 Christo
401 5640 774 5705 crediderant,
803 5642 853 5696 in
893 5644 1102 5698 obscura
1138 5646 1291 5709 luna,
1337 5646 1387 5700 id
1427 5657 1509 5702 est
1555 5648 1756 5714 repleta

164 5730 538 5800 peccatoribus
567 5746 829 5803 synagoga
855 5775 869 5798 ,
903 5749 1008 5789 non
1040 5733 1269 5790 absurde
1300 5736 1628 5806 intelligitur.
1661 5737 1756 5793 Cui

164 5823 409 5894 congruit
427 5833 480 5878 et
500 5823 640 5891 quod
661 5823 873 5889 dicitur,
902 5825 1148 5884 Dominus
1169 5845 1218 5882 ιη
1241 5829 1425 5900 templo
1445 5842 1618 5885 sancto
1637 5847 1752 5899 suo,

408 5918 680 5980 Ps'ntoL.
720 5919 1008 5983 XXXVI.

1315 338 1714 397 ENARRATIO
1755 343 1819 398 IN
1862 345 2184 403 PSALMUM
2228 348 2318 404 ΧΙ.

3373 372 3475 427 158

1880 456 2130 513 Dominus
2165 461 2217 514 in
2260 464 2383 516 coelo
2427 466 2567 519 sedes
2602 469 2749 538 ejus?
2780 471 2828 525 id
2871 484 2989 538 est,
3024 474 3255 532 Verbum
3290 481 3340 534 in
3375 483 3473 534 lm-

1878 549 2042 610 mine.
2078 551 2158 604 vel
2204 552 2316 618 ipse
2359 553 2522 608 Filius
2551 557 2782 613 hominis
2810 565 2895 631 qui
2930 565 2981 617 in
3008 567 3160 622 emlis
3189 581 3288 623 est.
3324 573 3471 625 Uruh

1875 637 1987 706 ejus
2015 640 2064 692 in
2095 657 2364 710 pauperem
2388 647 2658 714 respiciunt
2681 666 2698 702 :
2723 660 2814 702 attt
2839 670 2994 720 quem
3018 661 3250 726 suscepit
3273 677 3465 715 SCl'llll-

1876 728 2000 782 dum
2037 729 2201 784 Deum
2223 775 2235 790 .
2269 747 2355 786 aut
2397 747 2612 805 propter
2647 756 2804 807 quem
2839 759 3024 810 passus
3066 759 3144 800 est
3177 753 3467 803 secundum

1877 819 2167 876 hominem.
2208 825 2476 896 Palpebra:
2516 832 2624 900 eius
2667 833 2977 904 interrogant
3019 840 3151 905 ﬁlios
3191 842 3467 894 hominum.

1875 914 2219 982 Opertionr-m
2247 929 2406 990 atque
2437 923 2839 992 adapertionem
2873 931 3173 993 oculorum,
3203 936 3342 1002 quod
3381 955 3474 987 ιι‹›-.

1874 1006 2017 1060 mine
2068 1009 2439 1077 palpebrarum
2491 1017 2765 1082 probabile
2810 1030 2892 1073 est
2935 1024 3200 1087 positum,
3243 1040 3469 1081 mortem

1873 1105 2426 1174 reSIIrrectionemque
2460 1109 2574 1177 ejus
2606 1112 2846 1179 accipere
2873 1130 3190 1184 possumus,
3222 1121 3308 1173 ubi
3343 1137 3470 1188 pro-

1873 1191 2014 1244 bavit
2045 1193 2180 1248 filios
2208 1195 2480 1251 hominum
2523 1200 2811 1270 discipulos
2852 1219 3008 1268 suos,
3041 1216 3096 1262 et
3133 1211 3341 1264 territos
3372 1228 3465 1266 sua

1871 1284 2146 1352 passione,
2179 1296 2231 1340 et
2269 1293 2661 1346 resurrectione
2692 1294 3002 1360 lmtilicatos.
3035 1298 3284 1356 Dominus
3312 1303 3468 1356 inter-

1867 1387 2014 1446 rogat
2047 1379 2247 1448 justum
2281 1393 2326 1434 et
2364 1384 2574 1451 impium
2603 1401 2621 1439 :
2643 1387 2753 1454 jam
2779 1387 2846 1441 de
2872 1393 3010 1446 rcelo
3034 1393 3337 1462 gubernans
3361 1397 3462 1452 Ec-

1868 1467 2108 1524 clesium.
2147 1471 2246 1538 Qui
2283 1484 2449 1527 autem
2496 1477 2661 1548 diligit
2703 1479 3043 1550 iniquitatem,
3095 1487 3200 1540 odit
3241 1490 3461 1541 animam

1865 1574 2012 1612 suam
2042 1575 2060 1614 :
2085 1577 2251 1632 quare
2282 1563 2382 1617 hoc
2410 1565 2478 1619 ita
2506 1567 2606 1632 sit,
2640 1575 3023 1641 consequentia
3051 1575 3276 1642 docent;
3308 1578 3462 1633 Pluct

1866 1650 2008 1704 enim
2035 1669 2188 1721 super
2215 1665 2499 1724 peccatores
2530 1656 2764 1728 laqueos,
2804 1665 3096 1720 secundum
3129 1669 3459 1737 superiorem

1865 1743 2253 1810 expositionem
2278 1747 2672 1817 accipiendum,
2700 1759 2754 1806 et
2778 1755 2956 1809 omnia
2983 1765 3174 1812 caetera
3201 1774 3372 1830 usque
3394 1760 3459 1814 ad

1866 1831 2026 1886 linem
2051 1832 2272 1888 Psalmi.

1869 1962 3442 1994 —_____________________

2306 2045 2387 2105 IN
2416 2046 2801 2111 PSALMUM
2849 2052 2935 2113 X1

2397 2168 2818 2228 ENARRATIO.
2861 2235 2864 2237 λ

2119 2273 2185 2328 In
2211 2276 2382 2344 finem,
2415 2295 2507 2347 pro
2534 2290 2727 2343 octavo,
2759 2281 3001 2339 Psalmus
3027 2287 3209 2342 David.

1940 2408 1992 2462 l.
2025 2407 2175 2482 [uers.
2219 2408 2296 2484 1.]
2335 2411 2589 2467 Octavum
2630 2415 2771 2470 diem
2813 2417 2997 2487 judicii
3030 2435 3186 2489 posse
3215 2421 3465 2494 intelligi,

1865 2497 1917 2552 in
1947 2509 2098 2554 sexto
2124 2502 2331 2570 psalmo
2361 2503 2559 2559 dictum
2586 2514 2668 2560 est
2696 2525 2711 2562 :
2745 2519 2918 2576 potest
2954 2520 3007 2564 et
3037 2530 3130 2583 pro
3151 2522 3355 2577 octavo,
3380 2515 3459 2568 in-

1866 2589 2028 2659 trlligi
2059 2606 2156 2661 pro
2183 2600 2384 2646 teterno
2409 2595 2638 2660 sarculo;
2667 2597 2789 2666 quia
2816 2610 2935 2668 post
2961 2599 3062 2656 hoc
3085 2611 3296 2673 tempus
3320 2605 3460 2675 quod

1865 2687 2070 2747 septem
2097 2679 2285 2735 diebus
2311 2681 2562 2751 volvitur,
2590 2683 2804 2740 dabitur
2827 2690 3046 2745 sanctis.

1935 2768 1992 2822 2.
2019 2767 2169 2843 [uers.
2193 2769 2274 2844 2.]
2327 2771 2543 2827 Salvum
2569 2791 2649 2828 me
2677 2780 2790 2847 fac,
2824 2777 3039 2834 Domine
3056 2822 3070 2845 ,
3102 2786 3340 2851 quoniam
3367 2784 3460 2839 de-

1865 2861 1982 2930 fecit
2017 2870 2223 2916 sanctus
2251 2878 2271 2916 :
2301 2863 2352 2916 id
2382 2875 2464 2918 est
2506 2880 2610 2919 non
2657 2866 2959 2935 invenitur;
3006 2871 3144 2926 sicut
3192 2872 3461 2943 loquimur

1865 2965 1987 3005 cum
2016 2951 2266 3018 dicimus,
2301 2953 2507 3010 Deiecit
2535 2954 2884 3026 frumentum,
2916 2973 3030 3026 aut,
3064 2962 3269 3018 Deiecit
3296 2981 3458 3035 pecu-

1865 3044 1973 3099 nia.
2008 3044 2259 3110 Quoniam
2286 3046 2551 3103 diminuta:
2575 3059 2691 3103 sunt
2715 3051 2944 3106 veritates
2973 3071 3006 3106 a
3029 3054 3150 3123 ﬁliis
3179 3057 3457 3111 hominum.

1869 3133 2079 3190 Veritas
2109 3151 2212 3190 una
2242 3145 2346 3204 est,
2378 3153 2480 3208 qua
2510 3139 2843 3195 illustrantur
2870 3142 3063 3198 auium
3092 3155 3289 3201 sancta:
3321 3165 3335 3202 :
3365 3149 3458 3202 sed

1864 3227 2116 3296 quoniam
2145 3231 2326 3284 multa:
2358 3238 2482 3285 sunt
2511 3232 2726 3298 animm,
2759 3233 2812 3286 in
2842 3234 2970 3303 ipsis
2998 3238 3178 3291 multa:
3207 3238 3460 3292 veritates

1865 3318 1968 3372 dici
2009 3331 2276 3389 possunt;
2325 3321 2464 3376 sicut
2499 3324 2567 3377 ab
2600 3339 2702 3378 una
2750 3323 2885 3381 facie
2924 3327 3109 3383 multa:
3142 3329 3192 3382 in
3223 3332 3459 3400 speculis

1865 3409 2127 3480 imagines
2151 3421 2430 3480 apparent.

1934 3501 1988 3555 5.
2020 3499 2171 3573 [νει-ε.
2200 3501 2280 3577 3.]
2337 3501 2478 3558 Vana
2531 3503 2725 3561 locutus
2770 3517 2840 3561 est
2870 3510 3210 3583 unusquisque
3237 3515 3304 3566 ad
3334 3532 3456 3584 pro-

1861 3595 2054 3648 ximum
2094 3612 2262 3649 suum.
2289 3594 2293 3599 ’
2319 3596 2626 3651 Proximum
2660 3615 2875 3654 omnem
2929 3601 3199 3658 hominem
3246 3616 3458 3677 oportet

1865 3683 2087 3756 intelligi
2132 3703 2146 3739 :
2193 3687 2316 3757 quia
2366 3703 2525 3743 nemo
2569 3697 2654 3744 est
2696 3705 2819 3745 cum
2865 3708 2972 3762 quo
3010 3694 3080 3748 sit
3126 3699 3454 3765 operandam

1864 3775 2107 3840 malum;
2156 3784 2212 3830 et
2259 3777 2475 3833 dilectio
2521 3780 2749 3850 proximi
2801 3782 3001 3837 malum
3050 3800 3154 3839 non
3203 3800 3458 3857 operatur

1864 3863 2042 3938 (Rom.
2073 3883 2188 3930 xm,
2223 3868 2329 3939 l0).
2360 3867 2520 3922 Labia
2554 3870 2732 3924 dolosa
2751 3912 2766 3936 ,
2798 3873 2847 3925 in
2871 3875 3022 3928 corde
3054 3885 3099 3929 et
3127 3879 3281 3933 corde
3303 3881 3460 3936 locuti

1861 3968 1978 4012 sunt
2009 3960 2145 4012 ntala
2171 3960 2212 4012 ί.
2243 3960 2396 4027 Quod
2426 3960 2506 4015 bis
2549 3962 2643 4027 ait,
2687 3963 2739 4016 in
2781 3965 2934 4019 cordo
2971 3975 3020 4019 et
3047 3969 3225 4033 corde,
3258 3970 3452 4042 duplex

1861 4062 1957 4102 cor
1991 4048 2274 4119 signiﬁcat.

1933 4140 1987 4193 4.
2019 4137 2170 4211 [vers.
2199 4139 2277 4213 4.]
2309 4141 2581 4212 Disperdat
2613 4143 2861 4198 Dominus
2913 4148 3144 4202 universa
3186 4149 3320 4205 labia
3362 4154 3456 4206 do-

1864 4235 1992 4288 losa.
2023 4234 2291 4299 Universa,
2317 4235 2473 4301 dixit,
2501 4254 2564 4290 ne
2587 4239 2706 4308 quis
2732 4254 2790 4293 se
2817 4249 3099 4309 exceptum
3129 4253 3295 4313 putet,
3321 4247 3458 4302 sicut

1865 4329 2154 4397 Apostolus
2180 4329 2310 4383 dicit
2341 4349 2354 4384 :
2384 4327 2449 4382 In
2477 4347 2672 4384 omnem
2711 4333 2931 4386 animam
2959 4335 3175 4390 hominis
3203 4345 3458 4407 aperantis

1863 4419 2056 4471 malum
2077 4460 2092 4484 ,
2118 4416 2291 4473 λιιάωὶ
2333 4420 2553 4488 primunt
2580 4433 2626 4474 et
2659 4419 2826 4475 (ἕτωοί
2856 4421 2964 4495 (Id.
2993 4441 3052 4489 tt,
3081 4426 3161 4492 9).
3206 4426 3456 4500 Linguam

1863 4509 2242 4579 magniloquam
2268 4527 2286 4564 :
2316 4510 2547 4580 linguam
2578 4513 2885 4582 superbam.

1935 4601 1987 4655 5.
2020 4599 2169 4672 [vers.
2195 4599 2275 4674 5.]
2314 4601 2414 4666 Qui
2457 4603 2691 4656 dixerunt
2720 4620 2740 4657 :
2769 4603 3022 4676 Linguam
3077 4620 3301 4663 nostram
3346 4630 3455 4665 ma-

1863 4694 2237 4762 gniﬁcabimus,
2273 4694 2406 4747 labia
2453 4705 2624 4749 nostra
2667 4697 2808 4767 apud
2837 4715 2928 4751 nos
2966 4711 3117 4766 sunt,
3148 4706 3258 4772 quis
3287 4715 3455 4759 noster

1865 4783 2117 4838 Dominus
2167 4787 2287 4840 est?
2339 4785 2569 4856 Superbi
2617 4788 2906 4859 hypocrita:
2953 4792 3354 4860 signiﬁcantur,
3403 4796 3455 4849 in

1865 4892 2116 4931 sermone
2146 4891 2243 4932 suo
2272 4892 2420 4946 spem
2447 4888 2706 4948 ponentes
2732 4880 2796 4935 ad
2823 4880 3066 4937 homines
3090 4883 3454 4954 decipiendos,

1865 4975 1920 5020 et
1952 4966 2061 5020 Deo
2089 4982 2192 5018 non
2226 4965 2445 5020 subditi.

1939 5057 1990 5113 6.
2022 5055 2171 5130 [vers.
2202 5056 2280 5130 6.]
2333 5056 2553 5127 Propter
2583 5059 2839 5113 miseriam
2876 5076 3082 5131 inapum
3125 5072 3171 5117 et
3217 5069 3456 5135 gemitum

1865 5162 2166 5216 pauperum,
2217 5165 2351 5201 nunc
2401 5165 2694 5220 amurgam,
2742 5150 2866 5204 dicit
2913 5150 3162 5207 Dominus
3203 5153 3281 5226 (a)
3324 5173 3337 5209 :
3386 5158 3455 5210 ita

1864 5240 2006 5292 enim
2040 5239 2291 5310 populum
2321 5255 2476 5294 suum
2520 5242 2633 5310 ipse
2659 5242 2916 5298 Dominus
2947 5245 2998 5298 in
3033 5245 3321 5316 Evangelia
3353 5248 3455 5303 mi-

1865 5338 2073 5383 seratus
2099 5342 2199 5394 est,
2231 5332 2373 5402 quod
2417 5343 2682 5388 rectorem
2714 5349 2820 5388 non
2862 5335 3112 5396 haberet,
3153 5353 3273 5392 cum
3320 5339 3456 5393 bene

1865 5431 2049 5490 posset
2073 5423 2466 5493 obtemperare.
2491 5423 2648 5480 Unde
2677 5426 2836 5480 etiam
2863 5424 3065 5480 dictum
3095 5437 3177 5482 est
3206 5429 3254 5482 in
3284 5429 3456 5483 Evan.

1865 5512 2006 5582 gelio
2033 5531 2047 5567 :
2077 5513 2259 5567 Messis
2289 5516 2464 5577 multa,
2494 5517 2716 5584 aperarii
2751 5527 2919 5570 autem
2951 5519 3105 5585 pauci
3135 5519 3348 5585 (Matth.
3381 5537 3452 5579 ιιι,

1867 5601 1982 5674 37).
2014 5602 2129 5658 Hoc
2165 5614 2343 5658 autem
2383 5619 2450 5660 ex
2482 5620 2709 5675 persona
2741 5606 2834 5662 Dei
2874 5607 3046 5662 Patris
3085 5609 3453 5678 accipiendum:

1930 5781 1946 5812 ι
1970 5777 2106 5836 edd.,
2128 5791 2267 5828 vana.
2289 5789 2344 5829 At
2363 5787 2489 5839 Mss,
2522 5782 2670 5832 mala.

1933 5841 2009 5904 (a)
2035 5841 2164 5890 Idem
2191 5854 2318 5891 vers.
2346 5842 2378 5892 6
2403 5843 2674 5905 explicatur
2702 5845 2749 5893 in
2773 5850 2911 5893 Enar.
2939 5844 3059 5894 Psal.
3081 5859 3209 5906 xciu,
3235 5861 3284 5898 ιι.
3310 5847 3363 5899 'l.

2863 5928 3120 5996 (Ciam)
