3956 6326
447 453 564 505 est,
593 441 681 511 qui
713 446 930 508 propter
977 436 1166 505 inopes
1188 435 1203 465 ¹
1231 442 1283 487 et
1328 447 1620 503 pauperes,
1656 432 1706 486 id
1734 441 1818 487 est
1860 430 2039 501 inopia

450 544 502 583 et
528 538 841 599 paupertate
870 528 1133 581 bonorum
1163 525 1521 598 spiritualium
1561 534 1800 594 egentes,
1843 522 2040 578 Filium

445 638 597 675 suum
631 621 879 689 dignatus
902 629 986 671 est
1011 618 1257 683 mittere;
1292 617 1415 671 inde
1443 624 1621 671 autem
1650 614 1836 684 incipit
1859 629 2040 669 sermo

444 712 562 775 eius
610 710 751 781 apud
797 709 1103 763 Mattbzenm
1149 710 1199 762 iu
1250 716 1455 772 monte,
1501 722 1624 761 cum
1671 706 1801 761 dicit
1842 724 1856 761 :
1896 704 2041 759 Beati

448 819 695 871 pauperrs
719 802 921 872 spiritu,
948 800 1188 870 quoniam
1214 800 1441 868 ipsorum
1468 810 1539 853 est
1563 815 1775 870 regnum
1795 799 2037 852 striarum

449 895 557 964 (ιιι.
592 911 640 957 v,
670 896 746 963 5).
780 892 979 947 Ponant
1016 893 1069 945 in
1095 892 1332 945 salutari.
1365 890 1480 945 Non
1519 890 1653 945 dixit
1677 888 1802 959 quid
1829 898 1992 959 ponat
2018 904 2034 955 ;

442 989 535 1042 sed
563 988 617 1041 in
644 987 882 1051 salutari,
913 988 963 1040 in
982 986 1199 1040 Christo
1220 984 1590 1054 accipiendum
1615 993 1715 1049 est,
1740 981 2034 1037 secundum

376 1084 381 1101 ‘
444 1078 593 1140 illud,
625 1078 880 1144 Quoniam
907 1078 1138 1131 viderunt
1166 1076 1304 1129 oculi
1335 1076 1431 1127 mei
1456 1076 1685 1128 salutare
1708 1084 1849 1127 tuum
1879 1072 2033 1141 (Luc.

442 1187 506 1234 ιι,
535 1170 646 1242 50)
674 1189 686 1222 :
719 1178 773 1224 et
794 1170 915 1225 ideo
938 1168 1249 1238 intelligitur
1276 1166 1330 1221 in
1374 1168 1468 1221 illo
1508 1167 1750 1237 posuisse
1787 1165 1929 1236 quod
1968 1164 2035 1218 ad

444 1261 717 1315 miseriam
745 1264 964 1331 inopum
991 1258 1338 1314 auferendum
1368 1268 1423 1312 et
1449 1257 1831 1312 consolandum
1866 1256 2036 1325 gemi-

438 1361 551 1406 tum
578 1367 870 1422 pauperum
897 1352 1149 1422 pertinet.
1183 1338 1521 1403 Fiducialiter
1545 1366 1696 1420 agam
1733 1349 1786 1402 in
1814 1362 1911 1412 eo;
1948 1361 2036 1403 se-

438 1444 671 1497 cundum
714 1443 843 1497 illud
891 1443 942 1497 in
990 1441 1282 1512 Evangelio
1327 1458 1340 1494 :
1386 1439 1513 1493 Erat
1552 1441 1685 1492 enim
1727 1439 1912 1495 docens
1952 1455 2036 1493 eos

439 1546 681 1603 tanquam
700 1542 994 1605 potestatem
1014 1532 1223 1599 habens,
1250 1548 1350 1585 non
1378 1542 1616 1601 tanquam
1640 1530 1837 1586 Scrist
1862 1547 2036 1584 eorum

443 1626 655 1693 (Matth.
687 1642 779 1685 vn.
807 1624 923 1696 29).
1098 1690 1101 1693 ν

510 1714 739 1788 7.[vers.
768 1715 847 1788 7.]
892 1716 1111 1783 Eloquia
1164 1716 1411 1780 Domini,
1458 1715 1658 1785 eloquia
1702 1724 1861 1768 casta.
1910 1712 2038 1769 Hinc

440 1820 667 1875 persona
698 1807 866 1875 ipsius
894 1806 1175 1875 Pr0pbctze
1204 1816 1306 1867 est.
1340 1805 1556 1875 Eloquia
1580 1804 1809 1871 Domini,
1834 1804 2037 1875 eloquia

436 1905 575 1949 casta
615 1913 633 1949 :
684 1904 826 1949 casta
875 1896 1045 1959 dicit,
1093 1896 1208 1951 sine
1260 1896 1605 1965 corruptione
1651 1894 2032 1949 simulationis.

438 1985 588 2040 Multi
652 1986 796 2040 cnim
853 1986 1148 2057 praedicant
1200 1986 1479 2040 veritatem
1524 2002 1632 2042 non
1677 1996 1864 2054 caste,
1910 1988 2033 2058 quia

440 2076 679 2130 vendunt
718 2075 863 2129 illam
908 2070 1081 2146 pretio
1120 2076 1558 2131 commoditatum
1603 2076 1768 2145 hujus
1809 2078 2031 2133 saeculi:

435 2166 502 2222 de
531 2167 725 2221 talibus
764 2167 895 2221 dicit
923 2166 1237 2237 Apostolus,
1266 2167 1407 2237 quod
1434 2168 1705 2223 Christum
1749 2169 2037 2223 annuntia-

434 2266 553 2311 rent
579 2273 683 2309 non
714 2266 861 2311 caste
887 2256 1146 2327 (Philipp.
1176 2273 1212 2318 ι.
1248 2258 1358 2327 17).
1390 2257 1669 2329 Argentum
1704 2258 1824 2329 igne
1842 2259 2036 2312 exami-

433 2358 609 2401 natum
636 2356 804 2402 terrte.
850 2348 967 2419 Ipsa
1015 2348 1226 2418 eloquia
1270 2348 1480 2403 Domini
1520 2364 1619 2420 per
1658 2348 2035 2404 tribulationes

432 2440 653 2509 probata
677 2439 1070 2509 peccatoribus.
1094 2438 1385 2510 Purgalum
1404 2440 1696 2509 septuplum
1717 2454 1737 2493 :
1757 2454 1854 2509 per
1874 2438 2035 2494 timo-

432 2546 544 2585 rem
574 2531 692 2595 Dei,
732 2547 830 2601 per
857 2531 1134 2600 pietatem,
1164 2545 1262 2600 per
1290 2530 1594 2596 scientiam,
1640 2544 1738 2599 per
1765 2530 2031 2584 fortitudi-

432 2638 574 2685 nem,
605 2638 703 2692 pcr
727 2622 1035 2689 consilium,
1066 2637 1161 2688 per
1188 2621 1519 2677 intellectum
1541 2662 1556 2685 ,
1584 2636 1682 2691 per
1711 2620 2028 2689 sapientiam

435 2711 587 2782 (lsai.
618 2728 693 2779 ιι,
720 2712 824 2783 2).
868 2710 1001 2767 Nam
1049 2722 1253 2780 septem
1300 2720 1428 2767 sunt
1474 2711 1636 2766 etiam
1686 2710 2029 2766 beatitudinis

428 2803 653 2872 gradus,
704 2817 840 2873 quos
894 2802 947 2856 in
996 2801 1186 2856 eodem
1238 2815 1490 2856 sermone
1531 2817 1689 2872 quem
1742 2799 1925 2854 habuit
1973 2800 2026 2854 in

428 2904 610 2947 monte
658 2893 916 2947 Dominus
963 2892 1273 2961 exsequitur
1320 2898 1446 2946 κατὰ
1488 2890 1842 2946 Matthteum:
1882 2887 2028 2943 Beati

429 3002 677 3057 pauperes
704 2985 886 3057 spiritu
905 3027 921 3050 ,
953 2983 1085 3038 beati
1114 2982 1256 3036 mites
1274 3026 1290 3050 ,
1320 2982 1451 3037 beati
1489 2983 1717 3053 lugentes
1736 3024 1749 3047 ,
1783 2981 1915 3035 beati
1939 2982 2028 3052 qui

427 3081 655 3130 esuriant
683 3085 729 3129 et
773 3075 950 3128 sitiunt
985 3074 1274 3144 justitiam,
1315 3072 1448 3127 beati
1471 3072 1818 3125 misericordes
1839 3112 1856 3137 ,
1897 3072 2028 3126 beati

425 3168 616 3224 mundo
642 3167 814 3233 corde,
850 3166 982 3221 beati
1020 3166 1220 3238 paciﬁci
1272 3163 1487 3236 (Matth.
1511 3180 1566 3228 v,
1595 3161 1728 3235 3—9)
1756 3181 1771 3219 :
1795 3163 1863 3219 de
1902 3164 2023 3235 qui-

423 3261 526 3316 bus
554 3259 838 3314 sententiis
866 3266 1071 3327 septem
1107 3264 1275 3311 totum
1319 3256 1467 3310 illum
1512 3252 1817 3310 ser'monem
1860 3256 2024 3325 proli-

422 3368 548 3407 xum
593 3350 793 3406 dictum
840 3364 962 3404 esse
991 3347 1341 3403 animadverti
1374 3354 1589 3417 potest;
1644 3361 1769 3400 nam
1809 3356 2019 3416 octava,

422 3443 513 3497 ubi
539 3442 742 3496 dictum
770 3448 872 3505 est,
899 3438 1048 3493 Beati
1076 3439 1164 3510 qui
1192 3438 1585 3508 persecutionem
1614 3436 1878 3508 patiuntur
1898 3453 2021 3508 pro-

419 3543 529 3603 pter
547 3532 841 3603 justitiam,
873 3530 1047 3601 ipsum
1086 3528 1263 3599 ignem
1294 3527 1560 3595 significat
1583 3568 1599 3593 ,
1632 3541 1740 3597 quo
1786 3536 2024 3595 septem-

420 3625 629 3697 pticiter
669 3623 923 3693 probatur
958 3629 1262 3693 argentum.
1310 3621 1411 3690 Qui
1450 3636 1633 3677 sermo
1674 3634 1795 3675 cum
1840 3622 2023 3675 termi-

417 3724 769 3781 natus‘esset,
793 3717 995 3771 dictum
1020 3724 1125 3779 est,
1151 3712 1279 3768 Erat
1306 3716 1440 3768 enim
1467 3714 1650 3768 docens
1674 3728 1758 3767 eos
1781 3724 2021 3783 tanquam

415 3817 711 3882 potestatem
758 3808 968 3873 habens,
1012 3823 1113 3860 non
1162 3815 1403 3876 tanquam
1448 3805 1644 3859 Scrist
1686 3804 1906 3872 eorum(
1929 3803 2017 3857 1d.

414 3918 511 3967 vn,
539 3900 685 3971 29):
719 3899 862 3970 quod
902 3899 1135 3969 pertinet
1175 3897 1240 3952 ad
1288 3897 1340 3951 id
1386 3895 1530 3967 quod
1572 3897 1624 3951 in
1664 3895 1767 3951 hoc
1811 3897 2019 3966 psalmo

413 3994 615 4049 dictum
641 4002 745 4054 est,
781 3989 1120 4045 Fiducialiter
1147 4005 1295 4060 agam
1323 3990 1375 4042 in
1402 3976 1484 4042 eo.

486 4087 537 4140 8.
574 4085 725 4157 (vers.
754 4081 835 4156 8.]
895 4082 990 4145 Tu,
1022 4080 1259 4144 Domine,
1289 4079 1510 4134 servabis
1539 4095 1631 4132 nos
1651 4120 1665 4139 ,
1695 4088 1741 4131 et
1765 4079 2018 4132 custodies

413 4194 505 4231 nos
530 4194 563 4229 a
589 4176 908 4246 generatione
954 4173 1050 4225 hac
1098 4182 1143 4225 ct
1172 4173 1193 4203 ’
1223 4172 1276 4224 in
1310 4180 1556 4225 infernum
1584 4185 1603 4224 :
1632 4170 1719 4223 hic
1759 4178 2014 4238 tanquam

413 4271 603 4339 inopes
650 4278 706 4322 et
747 4279 1037 4336 pauperes,
1090 4264 1159 4319 ibi
1212 4274 1463 4334 tauquam
1508 4262 1792 4332 opulentos
1833 4272 1888 4316 et
1928 4260 2014 4315 di-

410 4363 565 4416 vites.

478 4456 533 4510 9.
564 4452 717 4525 [vers.
748 4447 831 4522 9.]
881 4450 950 4503 In
976 4449 1190 4503 circuitu
1216 4448 1364 4517 impii
1387 4446 1648 4500 ambulant
1676 4444 1753 4517 (a)
1787 4462 1801 4498 :
1831 4445 1883 4499 id
1908 4454 2007 4512 est,

411 4544 463 4600 in
509 4543 883 4613 temporalium
929 4555 1110 4595 rerum
1150 4539 1463 4609 cupiditate,
1493 4553 1613 4606 quae
1654 4544 1862 4605 septem
1892 4535 2011 4591 die-

414 4650 530 4689 rum
581 4634 809 4704 repetito
850 4631 1078 4687 circuitu
1112 4670 1126 4695 ,
1170 4638 1421 4698 tauquam
1472 4636 1588 4681 rota
1634 4627 1866 4681 volvitur
1900 4642 1916 4692 ;
1958 4636 2011 4681 et

417 4726 535 4783 ideo
567 4743 671 4781 non
713 4723 1033 4795 perveniunt
1062 4723 1117 4776 in
1146 4732 1415 4783 octavum,
1447 4717 1499 4773 id
1526 4727 1611 4773 est
1640 4719 1691 4773 in
1722 4727 2008 4784 aeternum,

418 4834 510 4891 pro
537 4833 644 4889 quo
673 4816 776 4871 iste
820 4813 1058 4883 psalmus
1101 4812 1342 4866 titulatus
1374 4819 1479 4865 est.
1520 4809 1598 4863 lta
1642 4817 1697 4863 et
1732 4823 1826 4877 per
1859 4807 2009 4863 Salo-

409 4924 624 4965 monem
668 4905 916 4961 dicitur:
957 4900 1244 4958 Ventilator
1293 4900 1426 4955 enim
1478 4908 1549 4954 est
1596 4899 1869 4967 impiorum
1919 4914 2011 4951 rex

406 5002 630 5070 sapiens,
659 5008 706 5053 et
734 4996 960 5051 immittit
987 4993 1093 5048 illis
1116 5002 1281 5047 rotam
1304 4992 1558 5045 malorum
1589 4990 1767 5061 (Prov.
1796 5005 1890 5052 xx,
1913 4989 2001 5052 26,

408 5109 507 5145 sec.
532 5088 722 5160 LXX).
772 5086 1067 5142 Secundum
1106 5083 1428 5137 altitudinem
1470 5091 1609 5134 tuam
1652 5079 2010 5149 rnultiplicasti

411 5182 545 5248 ﬁlios
574 5178 855 5232 hominum.
889 5175 1022 5243 Quia
1071 5182 1157 5228 est
1202 5182 1259 5227 et
1300 5171 1351 5224 in
1404 5169 1786 5239 temporalibus
1826 5167 2007 5222 multi-

405 5270 643 5343 pliCatio,
688 5283 807 5339 quae
850 5264 1045 5319 avertit
1080 5263 1150 5316 ab
1194 5261 1396 5315 unitate
1442 5260 1575 5324 Dei;
1626 5258 1766 5313 unde
1810 5272 2007 5326 corpus

406 5365 549 5435 quod
597 5360 999 5430 eorrmnpitur,
1046 5362 1300 5427 aggravat
1346 5353 1604 5417 animam,
1655 5360 1703 5404 et
1755 5350 2007 5419 deprimit

465 5562 481 5592 ι
506 5567 622 5609 Octo
645 5566 771 5614 Mm,
797 5560 1051 5619 pr0pterea
1079 5550 1144 5601 ad
1168 5552 1347 5619 inopes.
1545 5608 1575 5619 Α
1694 5608 1706 5619 .
1802 5607 1827 5619 ,η

464 5624 485 5654 ι
508 5608 579 5669 Sic
599 5608 814 5683 [artiores
834 5608 943 5665 Mss.
966 5616 1106 5676 juxta
1132 5608 1259 5660 LXX.
1290 5612 1339 5672 [a
1357 5608 1664 5676 generatione
1686 5608 1778 5658 hac
1794 5608 1844 5659 in
1864 5614 2007 5658 teter-

400 5685 694 5824 Ἧίῗλᾷιωθω
718 5774 847 5812 vers.
872 5760 903 5810 9
921 5764 1153 5808 tractatur
1177 5756 1226 5807 in
1245 5762 1384 5805 mar.
1408 5753 1530 5805 Psal.
1554 5768 1763 5817 canus,
1782 5768 1836 5805 ιι.
1860 5754 1939 5805 15.

1699 316 1757 373 S.
1800 313 2170 374 AUGUSTINI
2210 314 2515 371 EPISCOPl

3649 318 3760 377 1ιο

2161 441 2371 485 terrena
2416 429 2731 486 inbabitatio
2756 444 2973 487 sensum
3017 430 3183 486 multa
3220 431 3543 502 cogitantem
3588 432 3757 505 (Sep.

2149 542 2223 590 Ix,
2252 526 2340 601 15)
2368 544 2383 581 :
2412 527 2835 597 multiplicantur
2863 538 3041 582 autem
3073 527 3201 597 justi
3237 526 3532 582 secundum
3570 528 3760 582 altitu-

2147 617 2325 672 dinem
2351 618 2468 684 Dei,
2489 617 2704 689 quando
2730 618 2882 673 ibunt
2901 616 2970 672 de
2994 618 3189 672 virtute
3212 618 3265 672 in
3288 618 3535 673 virtutem
3567 616 3751 690 (Psal.

2150 724 2376 777 LXXXIII,
2409 707 2497 781 8).

2584 915 2667 977 IN
2706 914 3092 977 PSALMUM
3135 913 3257 976 XII

2779 1030 3199 1088 ENARRATIO.

2579 1145 2643 1201 In
2670 1147 2843 1217 ﬁnetn,
2876 1145 3119 1201 Psalmus
3148 1144 3334 1202 David.

2218 1260 2270 1315 1.
2314 1258 2480 1334 [vers.
2525 1257 2613 1333 1.]
2659 1258 2805 1314 Finis
2852 1258 2987 1314 enim
3022 1257 3175 1331 Legis
3214 1258 3440 1314 Christus
3475 1259 3547 1313 ad
3588 1259 3751 1332 justi-

2142 1350 2266 1403 tiam
2304 1350 2445 1405 omni
2485 1350 2709 1405 credenti
2734 1351 2923 1421 (lieni.
2947 1366 3013 1416 ι,
3034 1350 3069 1406 4
3096 1350 3137 1420 ).
3170 1348 3464 1421 Usquequo,
3507 1349 3753 1417 Domine,

2142 1440 2447 1496 obliviscaris
2476 1458 2555 1495 me
2578 1442 2632 1495 in
2657 1442 2807 1512 ﬁnem
2827 1442 2852 1494 .’
2890 1440 2941 1495 id
2966 1450 3068 1504 est,
3094 1440 3279 1497 dill‘crs
3322 1456 3407 1495 me
3431 1439 3498 1495 ad
3542 1440 3750 1496 intelli—

2141 1534 2373 1603 gendum
2394 1533 2668 1589 Christum
2695 1533 3061 1605 spiritualiter,
3091 1532 3179 1605 qui
3205 1540 3289 1588 est
3316 1533 3409 1587 Dei
3436 1531 3740 1603 Sapientia,

2141 1633 2197 1679 et
2240 1634 2417 1679 rectus
2459 1626 2579 1678 linis
2618 1624 2795 1677 omnis
2838 1624 3152 1677 intentionis
3188 1626 3402 1677 animm.
3438 1621 3551 1687 Quo
3580 1638 3744 1693 usque

2142 1717 2327 1771 avertis
2352 1716 2534 1787 {aciem
2560 1725 2698 1769 tuam
2718 1732 2752 1769 a
2772 1732 2851 1769 me
2867 1717 2894 1771 ?
2921 1715 3068 1771 Sicut
3087 1731 3192 1770 non
3216 1715 3553 1771 obliviscitur
3574 1716 3743 1781 Deus,

2142 1807 2221 1862 sic
2264 1821 2365 1862 nec
2404 1806 2595 1861 faciem
2633 1806 2865 1873 avertit;
2910 1806 3007 1861 sed
3044 1821 3196 1862 more
3235 1816 3422 1861 nostro
3465 1805 3745 1878 Scriptura

2142 1897 2377 1967 loquitur
2407 1914 2420 1952 :
2451 1906 2696 1953 avertere
2737 1906 2915 1952 autem
2946 1898 3086 1955 Deus
3132 1899 3319 1954 faciem
3350 1898 3579 1965 dicitur,
3610 1899 3746 1955 dum

2141 2002 2247 2040 non
2270 1987 2362 2041 dat
2382 1988 2575 2041 animte
2597 1987 2841 2044 notitiam
2868 1989 2970 2057 sui,
2994 2004 3113 2059 qua:
3136 1989 3310 2047 adhuc
3330 2005 3521 2061 purum
3546 1991 3747 2046 mentis

2140 2078 2352 2130 oculum
2387 2092 2492 2131 non
2527 2077 2707 2131 habet.

2211 2168 2266 2221 2.
2302 2166 2453 2241 [vers.
2477 2167 2557 2242 2.]
2618 2168 2874 2234 Quamdiu
2924 2185 3108 2239 ponam
3157 2170 3425 2224 consilium
3471 2170 3527 2224 in
3566 2171 3745 2225 anima

2140 2260 2297 2313 mea?
2322 2258 2562 2314 Consilio
2588 2274 2694 2314 non
2725 2275 2863 2329 opus
2906 2269 3009 2327 est,
3039 2260 3144 2315 nisi
3185 2261 3237 2315 in
3281 2261 3544 2315 adversis.
3574 2262 3740 2332 Ergo,

2143 2348 2400 2414 Quamdiu
2444 2366 2632 2418 ponam
2658 2350 2927 2403 consilium
2953 2350 3005 2403 in
3045 2352 3217 2404 anima
3258 2366 3369 2404 mea
3391 2390 3407 2416 ,
3437 2354 3508 2405 ita
3536 2350 3743 2406 dictum

2138 2449 2220 2494 est
2241 2481 2256 2504 ,
2283 2440 2550 2508 Quamdiu
2580 2456 2676 2495 ero
2704 2442 2756 2495 in
2801 2441 3088 2497 adversis?
3128 2443 3234 2500 Aut
3275 2454 3423 2497 certe
3458 2442 3744 2511 responsio

2139 2541 2241 2595 est,
2274 2542 2331 2584 ut
2361 2532 2464 2586 iste
2492 2534 2563 2586 sit
2592 2548 2804 2598 sensus,
2835 2533 3081 2599 Tamdiu,
3121 2534 3366 2599 Domine,
3400 2535 3743 2591 Oblivisceris

2137 2639 2224 2678 me
2255 2624 2307 2676 in
2350 2624 2532 2689 finem,
2576 2633 2632 2678 et
2673 2623 2873 2679 tamdiu
2916 2626 3113 2680 avertis
3154 2625 3343 2681 faciem
3387 2636 3529 2681 tuam
3558 2642 3588 2681 a
3627 2642 3739 2693 me,

2134 2715 2392 2785 quamdiu
2434 2731 2629 2786 ponam
2672 2716 2954 2771 consilium
2995 2718 3047 2771 in
3094 2718 3271 2772 anima
3326 2734 3445 2773 mea
3482 2735 3497 2771 :
3537 2728 3594 2773 ut
3634 2720 3741 2775 nisi

2133 2804 2359 2875 quisque
2392 2806 2628 2874 posuerit
2653 2806 2937 2861 consilium
2966 2808 3018 2860 in
3066 2808 3244 2862 anima
3280 2823 3376 2863 sua
3420 2818 3477 2862 ut
3503 2809 3743 2878 perfecte

2132 2908 2389 2965 operetur
2434 2896 2881 2964 misericordiam,
2934 2912 3042 2952 non
3088 2912 3211 2953 eum
3260 2898 3449 2969 dirigat
3498 2900 3638 2956 Dens
3682 2899 3740 2956 in

2133 2987 2315 3054 finein,
2347 3005 2523 3059 neque
2548 2991 2793 3045 notitiam
2838 2993 2919 3045 sui
2954 2992 3166 3061 plenam
3191 2992 3333 3063 quod
3379 3001 3465 3047 est
3504 2992 3639 3048 facie
3666 2993 3740 3062 ad

2126 3075 2347 3146 faciem,
2378 3082 2615 3151 praebeat
2646 3083 2745 3136 illi.
2775 3080 3018 3136 Dolorem
3043 3083 3098 3136 in
3126 3083 3280 3137 corde
3303 3099 3414 3137 meo
3440 3099 3530 3153 per
3555 3083 3690 3139 diem
3713 3085 3742 3140 .’

2129 3173 2466 3241 subauditur,
2493 3175 2747 3245 quamdiu
2776 3175 3018 3245 ponam?
3064 3173 3168 3230 Per
3193 3176 3325 3229 diem
3349 3184 3526 3243 autem
3553 3216 3569 3241 ,
3597 3190 3739 3231 con-

2131 3264 2479 3319 tinuationem
2522 3266 2809 3334 signiﬁcat,
2838 3274 2897 3320 ut
2921 3265 3035 3321 dies
3064 3280 3161 3336 pro
3189 3274 3431 3335 tempore
3461 3265 3739 3337 intelliga-

2128 3363 2253 3421 tur;
2304 3370 2334 3410 a
2383 3371 2491 3426 quo
2538 3371 2598 3412 se
2641 3360 2866 3427 quisque
2913 3357 3224 3413 desiderans
3272 3356 3441 3425 exui,
3489 3358 3737 3413 dolorem

2134 3447 2284 3515 ponit
2328 3446 2380 3503 in
2410 3448 2572 3503 corde
2597 3489 2613 3513 ,
2643 3447 2942 3518 deprecans
2985 3449 3051 3502 ad
3097 3456 3297 3502 acterna
3342 3447 3735 3519 censceuderc,

2128 3546 2181 3591 et
2212 3537 2506 3592 humanum
2538 3537 2679 3593 diem
2712 3553 2817 3593 non
2844 3539 2977 3609 pati.

2199 3630 2252 3684 5.
2307 3628 2470 3702 [rers.
2512 3630 2605 3701 5.]
2649 3628 2918 3700 Usquequo
2960 3629 3266 3683 exaltabitur
3312 3629 3546 3684 inimicus
3586 3645 3737 3685 meus

2125 3734 2282 3787 super
2308 3735 2386 3772 me
2408 3719 2434 3772 ἵ
2473 3720 2557 3774 vel
2596 3718 2861 3783 diabolus,
2890 3719 2973 3772 vel
3000 3717 3332 3773 consuetudo
3362 3720 3617 3773 carnalis.

2197 3809 2252 3863 4.
2293 3806 2456 3880 [vers.
2483 3806 2578 3882 4.]
2621 3808 2835 3879 Respice
2876 3819 2921 3862 et
2968 3808 3157 3861 exaudi
3193 3824 3293 3871 me,
3337 3807 3555 3864 Domine
3589 3807 3736 3866 Deus

2125 3916 2288 3954 meus.
2318 3900 2554 3971 Respice,
2578 3900 2812 3954 refertur
2830 3898 2897 3953 ad
2924 3898 2974 3953 id
3002 3898 3143 3969 quod
3164 3897 3366 3953 dictum
3393 3906 3498 3966 est,
3531 3898 3737 3971 Usque-

2124 4006 2225 4060 qno
2251 3990 2434 4043 avertis
2463 3991 2644 4060 faciem
2672 4001 2811 4043 tuam
2837 4006 2869 4043 a
2893 3990 3016 4044 me?
3048 3989 3254 4059 Exaudi
3270 4031 3287 4057 ,
3316 3989 3550 4045 refertur
3573 3991 3642 4045 ad
3673 3991 3731 4047 id

2123 4081 2266 4150 quod
2312 4080 2514 4135 dictum
2554 4092 2636 4136 est
2657 4125 2672 4147 ,
2708 4081 2977 4152 Usquequo
3006 4083 3312 4139 Oblivisceris
3341 4100 3421 4137 nte
3444 4084 3496 4138 in
3527 4085 3734 4154 linem?

2127 4168 2374 4225 litamina
2396 4172 2570 4225 oculos
2592 4188 2749 4235 meos,
2772 4187 2837 4225 ne
2855 4188 3081 4243 unquam
3102 4171 3417 4227 obdurmiam
3436 4173 3488 4227 in
3510 4184 3671 4229 morte
3685 4176 3728 4227 ⁸.

2122 4259 2321 4316 Oculos
2358 4261 2540 4315 cordis
2565 4270 2779 4331 oportet
2812 4262 3057 4333 intelligi,
3090 4277 3159 4317 nc
3180 4262 3483 4319 delectabili
3508 4265 3729 4322 defectu

2122 4352 2325 4419 peccati
2353 4351 2695 4407 claudantur.

2192 4442 2245 4495 5.
2290 4439 2453 4514 [vers.
2483 4440 2573 4514 5.]
2609 4440 2661 4495 Ν
2668 4442 2897 4513 cquando
2927 4443 3063 4497 dicat
3089 4444 3325 4499 inimicus
3353 4462 3492 4500 meus
3518 4463 3538 4501 :
3570 4446 3725 4504 Prte-

2119 4534 2260 4587 valui
2295 4534 2537 4587 adversus
2562 4550 2695 4587 cum.
2730 4534 2937 4589 Diaboli
2984 4535 3262 4590 insultatio
3306 4540 3588 4593 metuenda
3614 4550 3723 4597 est.

2123 4623 2224 4688 Qui
2249 4621 2493 4677 tribulant
2521 4640 2600 4677 me
2624 4622 2969 4688 exsultabant,
2998 4626 3044 4679 si
3073 4636 3242 4680 motus
3265 4628 3431 4699 fuero.
3462 4629 3726 4687 Diabolus

2119 4727 2174 4770 ct
2210 4716 2386 4787 angeli
2428 4716 2546 4785 ejus
2573 4733 2589 4772 :
2616 4717 2707 4786 qui
2754 4732 2861 4771 non
2902 4719 3303 4774 essuitaverunt
3340 4720 3409 4775 de
3434 4720 3578 4792 justo
3603 4725 3729 4777 viro

2116 4807 2239 4872 Job,
2265 4823 2390 4862 cum
2414 4823 2536 4862 eum
2578 4808 2929 4874 tribularent;
2973 4810 3093 4878 quia
3118 4824 3222 4864 non
3248 4820 3331 4864 est
3368 4822 3545 4867 motus
3595 4812 3723 4887 (Job

2117 4914 2153 4961 ι,
2181 4895 2300 4968 22),
2325 4897 2376 4951 id
2400 4906 2503 4963 est,
2545 4896 2614 4953 de
2653 4898 2941 4953 stabilitate
2982 4900 3104 4954 fidei
3147 4917 3252 4955 non
3290 4906 3535 4960 recessit.

2188 4993 2240 5043 6.
2278 4989 2438 5061 [vers.
2470 4988 2549 5062 6.]
2577 4987 2686 5060 Ego
2712 5001 2880 5042 autem
2910 4993 2965 5043 in
3001 5001 3088 5044 tua
3115 4993 3466 5047 misericordia
3493 4999 3719 5065 speravi.

2114 5080 2249 5147 Quia
2296 5080 2526 5147 illipsum
2566 5078 2708 5147 quod
2755 5095 2862 5132 non
2912 5090 3149 5135 movetur
3198 5082 3358 5137 homo
3388 5096 3441 5139 et
3484 5088 3621 5141 ﬁsus
3661 5091 3721 5146 in

2118 5173 2342 5225 Domino
2377 5182 2669 5239 permanet,
2707 5187 2811 5225 non
2854 5172 2953 5227 sibi
2996 5173 3153 5228 debet
3183 5175 3443 5241 tribuere,
3486 5196 3552 5233 ne
3589 5196 3718 5235 cum

2115 5280 2174 5318 se
2195 5263 2454 5331 gloriatur
2482 5277 2587 5315 non
2611 5278 2730 5317 esse
2753 5273 2974 5326 motum,
3004 5265 3113 5333 ipsa
3136 5268 3383 5335 superbia
3412 5282 3717 5328 moveatur.

2117 5354 2408 5408 Exsultabit
2451 5370 2538 5406 cor
2569 5370 2731 5405 meum
2773 5354 2825 5406 in
2870 5355 3081 5407 salutari
3119 5367 3205 5407 tuo
3231 5374 3250 5410 :
3282 5358 3332 5411 in
3374 5358 3615 5421 Christo.
3660 5365 3717 5417 in

2115 5446 2383 5514 Sapientia
2416 5445 2529 5497 Dei.
2571 5442 2794 5496 Cantabo
2828 5443 3045 5497 Domino
3073 5447 3159 5512 qui
3187 5450 3313 5499 bona
3343 5451 3514 5503 tribuit
3548 5453 3720 5509 mihi:

2119 5535 2261 5592 bona
2290 5534 2607 5604 spiritualia,
2637 5548 2744 5587 non
2772 5534 2837 5587 ad
2866 5537 3153 5589 humanum
3185 5538 3325 5592 diem
3367 5544 3714 5610 pertinentia.

2117 5668 2534 5805 h'ggietus
2555 5690 2733 5755 codex,
2752 5691 2893 5754 juxta
2916 5697 3053 5742 LXX:
3096 5706 3151 5746 ne
3181 5708 3386 5757 unquam
3418 5697 3722 5755 obdo-mium
