3956 6390
175 353 240 413 illi

175 471 217 523 l-It
239 465 414 528 psallam
443 457 638 512 nomini
671 453 875 508 Domini
905 452 1141 506 altissimi
1165 467 1182 504 :
1216 451 1266 504 id
1293 459 1398 510 est,
1429 463 1549 501 cum
1578 460 1705 514 gau-

176 563 239 612 dio
257 553 423 623 gratias
445 565 569 618 agn,
592 560 647 601 et
673 545 1070 600 ordinatissime
1097 553 1218 594 utor
1245 553 1493 608 corpore,
1518 539 1606 607 qui
1631 545 1713 588 est

173 641 515 702 t‘antttsauinltc
545 636 856 708 Spiritualis.
899 634 956 688 Si
995 642 1172 686 autem
1215 632 1392 700 aliqua
1436 630 1520 682 hic
1559 625 1711 680 dill'e-

178 735 303 791 rcntia
326 727 707 784 consideranda
739 743 840 781 (οι.
872 722 1089 776 ..αηιαὺο
1120 720 1299 783 corde,
1334 717 1563 772 Psallam
1586 731 1713 784 ope-

173 829 283 880 ribus
325 821 563 881 Domino,
609 816 753 888 quod
792 816 810 846 ί
849 815 995 868 solus
1038 811 1185 866 videt
1226 828 1241 865 :
1285 807 1499 864 Nomini
1537 815 1716 860 autem

174 913 346 974 Domini,
364 908 506 978 quod
529 906 666 977 apud
700 907 944 960 homines
970 902 1254 958 innotescit
1279 917 1295 955 ε
1317 901 1459 971 quod
1484 912 1591 953 non
1619 896 1717 962 illi,

174 1010 246 1061 sed
270 1002 401 1057 nobis
433 1001 564 1054 utile
587 1009 691 1054 est.

175 1119 1724 1151 ______________.__________.__.

562 1207 646 1268 IN
688 1201 1070 1266 PSALMUM
1107 1200 1263 1261 XIII

741 1319 1155 1378 ENARRATIO.

489 1439 556 1494 In
580 1440 754 1508 ﬁnem,
788 1435 1026 1490 Psalmus
1051 1434 1149 1504 ipsi
1180 1430 1366 1486 David.

231 1560 272 1615 1.
298 1555 448 1630 [νινε.
486 1552 578 1624 1.]
621 1547 766 1619 Ὀιιίά
804 1550 875 1606 sit
913 1549 969 1603 in
1016 1547 1188 1617 ﬁnem,
1247 1559 1352 1599 non
1398 1552 1479 1599 est
1532 1543 1729 1610 smpius

172 1648 499 1720 repetendum.
535 1644 681 1698 Finis
705 1643 840 1697 enim
870 1639 1017 1711 Legis
1054 1637 1321 1700 Christus,
1369 1633 1436 1686 ad
1471 1634 1728 1704 justitiam

172 1744 284 1798 omni
307 1740 519 1795 credenti
563 1737 738 1809 (Rom.
762 1750 818 1797 ι,
845 1733 926 1800 4),
959 1732 1099 1786 sicut
1127 1728 1417 1797 Apostolus
1459 1726 1606 1778 dicit.
1649 1723 1728 1778 illi

173 1835 419 1895 credimus,
465 1828 686 1900 quando
730 1827 1012 1894 incipimus
1055 1823 1197 1876 viam
1240 1819 1437 1874 bonam
1485 1817 1727 1886 ingredi;

174 1931 316 1998 ipsum
353 1922 671 1983 videbimus,
712 1933 833 1974 cum
881 1914 1286 1985 pervenerimus
1314 1929 1328 1965 :
1361 1919 1416 1963 et
1455 1908 1576 1962 ideo
1618 1907 1737 1975 ipse

173 2019 288 2074 linis.

227 2109 276 2164 2.
299 2107 427 2160 Dixit
450 2102 752 2172 imprudens
780 2101 832 2154 in
858 2097 1010 2153 corde
1033 2111 1126 2150 suo
1148 2110 1168 2150 :
1197 2092 1319 2148 Non
1339 2102 1413 2147 est
1437 2091 1592 2146 Deus.
1622 2089 1735 2145 Nec

172 2202 253 2270 ipsi
286 2199 419 2254 enim
447 2192 697 2263 sacrilegi
724 2201 779 2246 et
817 2187 1117 2244 detestandi
1145 2185 1361 2256 quidam
1403 2179 1730 2254 philosophi,

174 2291 248 2361 qui
289 2301 533 2360 perversa
571 2292 626 2340 et
673 2282 802 2336 falsa
861 2279 931 2334 de
977 2279 1087 2332 Deo
1125 2275 1396 2339 sentiunt,
1455 2273 1570 2326 ausi
1612 2279 1738 2326 sunt

169 2385 320 2437 dicere
338 2424 353 2449 ,
378 2380 493 2434 Non
524 2386 609 2433 est
628 2377 772 2432 Deus
801 2391 816 2428 :
844 2372 967 2427 ideo
993 2385 1122 2441 ergo
1141 2411 1157 2434 ,
1181 2368 1327 2423 Dixit
1354 2368 1406 2421 in
1428 2365 1579 2421 corde
1607 2380 1737 2428 suo;

171 2477 272 2544 quia
307 2474 403 2528 hoc
444 2484 609 2526 nemo
649 2467 813 2521 audet
847 2465 1070 2520 dicere-
1094 2461 1258 2516 etiam
1295 2459 1340 2513 si
1383 2471 1548 2513 ausus
1579 2453 1740 2510 fuerit

167 2567 390 2635 cogitare.
432 2559 677 2629 Corrupti
721 2564 838 2611 sunt
877 2565 923 2609 et
965 2552 1327 2608 abominabiles
1369 2549 1490 2621 facti
1532 2547 1648 2602 sunt
1685 2547 1739 2600 in

169 2653 484 2722 aﬂ'cctionibus
530 2651 635 2705 suis
657 2665 676 2703 :
707 2647 761 2703 id
789 2655 891 2710 est,
933 2645 1060 2700 dum
1100 2651 1283 2698 amant
1322 2642 1424 2697 hoc
1461 2641 1742 2713 saeculum,

166 2758 212 2801 et
233 2762 326 2799 non
353 2750 538 2799 amant
565 2741 734 2796 Deum
763 2755 777 2792 :
810 2738 941 2808 ipsae.
965 2743 1088 2790 sunt
1126 2733 1440 2788 aﬂ'ectiones
1469 2747 1588 2802 qum
1614 2744 1738 2784 cor-

169 2844 392 2905 rutupuut
433 2832 697 2901 animam,
741 2837 797 2883 et
835 2828 913 2881 sic
951 2833 1246 2883 exerceant,
1291 2831 1347 2874 ut
1387 2820 1554 2890 possit
1579 2818 1739 2872 etiam

165 2929 320 2982 dicere
342 2923 658 2996 imprudens
684 2921 736 2975 in
760 2918 922 2975 corde
959 2931 1100 2972 suo:
1128 2913 1256 2969 Non
1279 2924 1351 2967 est
1381 2911 1556 2974 Deus;
1603 2910 1743 2964 sicut

171 3020 294 3070 enim
321 3031 422 3069 non
453 3014 820 3083 probaverunt
842 3010 1010 3064 Deum
1036 3006 1232 3060 habere
1254 3003 1305 3057 in
1329 3002 1572 3067 uotitia’,
1594 3000 1744 3055 dedit

166 3109 268 3164 illos
310 3109 446 3162 Deus
497 3106 551 3159 in
605 3101 890 3172 reprohum
921 3111 1139 3154 sensum
1181 3091 1308 3164 (Id.
1347 3110 1408 3159 ι,
1446 3092 1572 3161 28).
1622 3088 1744 3144 Non

165 3209 226 3251 cst
252 3199 330 3268 qui
355 3199 510 3268 faciat
538 3193 834 3255 bonitatem,
866 3206 967 3243 non
991 3197 1064 3242 est
1093 3201 1251 3255 usque
1274 3184 1343 3238 ad
1369 3200 1545 3237 unum.
1576 3179 1746 3250 Usque

164 3293 221 3341 ad
248 3305 396 3342 unum
419 3300 440 3342 :
466 3287 554 3340 vel
585 3298 710 3338 cum
739 3283 856 3351 ipso
883 3293 988 3333 uno
1014 3286 1192 3348 potest
1213 3274 1464 3344 intelligi,
1490 3281 1548 3326 ut
1571 3272 1745 3326 nullus

164 3380 420 3433 hominum
450 3376 819 3442 intelligatur:
853 3371 933 3425 vel
981 3376 1176 3437 prmter
1202 3380 1403 3431 unum,
1433 3375 1490 3418 ut
1519 3362 1748 3432 accipia-

164 3480 237 3523 tur
260 3469 513 3523 Dominus
538 3464 790 3519 Christus
813 3478 828 3528 ;
862 3461 1001 3515 sicut
1020 3458 1268 3523 dicimus,
1302 3455 1405 3510 Iste
1432 3469 1561 3521 ager
1580 3467 1749 3524 usque

159 3564 216 3615 ad
242 3576 384 3616 mare
412 3569 500 3614 est
527 3576 542 3622 ;
575 3572 682 3611 non
713 3555 897 3623 utique
925 3549 1086 3606 simul
1110 3557 1484 3617 computamus
1504 3553 1559 3599 et
1579 3559 1745 3598 mare.

163 3653 220 3708 Et
259 3655 355 3706 istc
395 3663 479 3708 est
531 3648 730 3704 melior
770 3643 1070 3700 intellectus
1117 3649 1176 3695 ut
1221 3653 1379 3694 nemo
1427 3637 1752 3705 intelligatur

159 3745 332 3798 iecisse
354 3742 662 3796 bonitatem
691 3751 858 3805 usque
879 3735 946 3788 ad
964 3731 1235 3787 Christum
1255 3746 1273 3794 _;
1302 3729 1424 3797 quia
1448 3743 1552 3780 non
1578 3736 1754 3794 potest

159 3837 429 3905 quisquam
454 3831 741 3886 hominum
765 3826 938 3879 facere
969 3823 1282 3886 bonitatem,
1315 3819 1416 3874 nisi
1457 3819 1569 3888 ipse
1598 3832 1753 3871 mou-

157 3927 432 3981 straverit:
464 3936 524 3978 et
567 3918 700 3975 illud
741 3931 922 3971 verum
963 3922 1084 3979 est;
1131 3913 1254 3982 quia
1292 3922 1572 3979 usquequo
1609 3909 1754 3978 quis—

155 4036 250 4089 que
285 4025 588 4089 cognoscat
630 4025 792 4066 unum
835 4009 1038 4072 Deum,
1084 4019 1190 4058 non
1227 4010 1402 4073 potest
1442 4000 1617 4056 facere
1655 3999 1752 4054 bo-

155 4114 387 4166 nitatem.

218 4205 269 4260 5.
306 4201 463 4274 [νει-ε.
492 4194 586 4270 2.]
629 4192 877 4248 Dominus
905 4188 968 4242 de
1001 4187 1125 4242 cozlo
1157 4183 1412 4255 prospexit
1442 4198 1595 4248 super
1619 4179 1755 4274 ﬁlios

154 4271 440 4356 hominum,
501 4297 562 4343 ut
622 4284 790 4340 videat
838 4280 883 4337 si
925 4287 996 4334 est
1039 4276 1322 4346 intelligens
1368 4281 1456 4326 aut
1503 4271 1758 4340 requirens

158 4385 327 4440 Datin.
371 4383 567 4450 Super
597 4374 813 4432 Judzeos
842 4379 1018 4443 potest
1047 4363 1306 4437 intelligi,
1346 4372 1407 4418 ιιι
1448 4360 1760 4416 honoratius

153 4493 238 4532 eos
275 4468 651 4546 appellaverit
686 4465 826 4520 ﬁlios
855 4459 1167 4524 hominum,
1213 4461 1434 4546 propter
1469 4452 1640 4546 unius
1663 4451 1758 4504 Dei

153 4543 368 4632 cultum,
392 4565 450 4619 in
477 4555 891 4630 comparatione
912 4550 1201 4608 Gentilium
1223 4546 1292 4602 de
1312 4545 1507 4618 quibus
1529 4543 1762 4598 arbitror

153 4658 386 4728 superius
422 4653 644 4710 dictum
676 4666 692 4702 :
724 4646 869 4702 Dixit
896 4640 1191 4713 imprudens
1219 4639 1274 4693 in
1307 4636 1458 4728 corde
1480 4651 1606 4700 suo,
1640 4633 1762 4728 Non

157 4759 216 4802 est
245 4747 378 4801 Deus
400 4788 416 4810 ,
445 4753 506 4800 et
535 4751 763 4797 caetera.
798 4733 1060 4804 Prospicit
1087 4739 1267 4787 autem
1293 4727 1572 4791 Dominus,
1603 4738 1659 4780 ut
1684 4727 1758 4778 ιίο

155 4843 264 4895 deat
289 4857 386 4910 per
410 4836 642 4894 animas
668 4839 880 4887 sanctas
906 4843 1031 4884 suas
1056 4844 1068 4878 :
1092 4823 1232 4895 quod
1255 4821 1516 4894 significat
1541 4820 1595 4874 id
1618 4820 1762 4889 quod

155 4935 338 4986 dictum
385 4940 520 4992 est,
574 4926 645 4978 de
687 4923 848 4985 cwlo;
889 4935 1011 4974 nam
1059 4933 1153 4988 per
1193 4915 1430 4985 seipsum
1473 4913 1603 4967 nihil
1638 4928 1760 4967 eum

154 5027 286 5078 latet.

214 5119 266 5172 4.
306 5115 483 5188 [νινε.
537 5107 640 5180 3.]
682 5105 867 5160 Omnes
914 5102 1321 5160 declinaverunt,
1364 5097 1514 5151 simul
1563 5095 1765 5149 inutiles

153 5211 260 5280 {acti
291 5216 411 5263 sunt
445 5221 464 5260 :
497 5202 555 5258 id
599 5208 721 5265 est,
760 5196 929 5252 Judaei
963 5195 1096 5248 tales
1133 5191 1256 5245 facti
1295 5200 1450 5280 sunt,
1497 5189 1766 5280 quales‘et

151 5277 370 5365 ﬁctiles,
412 5297 485 5351 de
513 5291 721 5364 quibus
755 5301 915 5356 supra
944 5285 1144 5338 dictum
1176 5289 1277 5335 est.
1323 5277 1443 5332 Non
1471 5288 1544 5332 est
1571 5278 1657 5346 qui
1687 5278 1766 5344 fa-

151 5393 238 5445 ciat
267 5391 458 5446 bonum
483 5430 499 5453 ,
537 5399 654 5439 non
684 5391 755 5434 est
787 5393 943 5448 usque
970 5375 1038 5428 ad
1074 5388 1228 5426 unum
1263 5387 1280 5424 :
1308 5369 1554 5425 similiter
1584 5377 1640 5421 ut
1671 5383 1763 5421 su-

152 5498 234 5549 pra
278 5472 712 5547 intelligendum
758 5483 861 5523 esu
914 5465 1219 5535 Sepulcrum
1263 5470 1439 5530 patens
1481 5467 1552 5511 est
1595 5468 1765 5526 guttur

151 5591 331 5628 eorum.
386 5573 502 5627 Aut
535 5562 816 5621 voracitas
846 5555 1171 5627 signiﬁcatur
1201 5551 1454 5606 iuhiautis
1479 5551 1649 5618 guhe;
1676 5559 1765 5602 aut

485 5682 515 5733 ἰ.
547 5690 614 5731 ΑΙ.
634 5683 712 5725 ετ.
733 5683 788 5724 et
804 5680 930 5733 MSS,
953 5669 1099 5733 quod.

206 5691 223 5722 ⁸
249 5697 382 5746 ων..
547 5691 614 5731 ΑΙ.
634 5691 788 5747 ΕΓ..οι
805 5691 934 5744 355.,
953 5691 1099 5741 quau.
1570 5721 1579 5731 .
1734 5720 1743 5728 .

206 5753 226 5784 ’
249 5752 481 5815 Plerique
509 5751 632 5793 Mss.
679 5738 757 5786 hic
789 5743 841 5784 et
875 5732 987 5782 alibi
1026 5736 1305 5784 commnter
1338 5724 1537 5783 habent,
1563 5733 1612 5771 in
1646 5727 1764 5771 noti—

153 5821 273 5864 Ml.

1229 335 1623 393 ENARRATIO
1665 334 1728 388 XN
1769 334 2089 390 PSALMUM
2130 332 2267 388 XIII.

3300 340 3414 396 414⁵2

1829 447 1880 499 in
1912 445 2183 513 allegoria,
2212 443 2300 511 qui
2333 443 2578 499 occidunt
2604 456 2659 502 et
2686 449 2834 518 quasi
2867 449 3125 504 devorant
3175 450 3396 508 interie-

1825 547 1941 587 ctos
1965 550 2079 598 eos,
2103 536 2293 603 quibus
2312 552 2526 589 suorum
2543 554 2750 593 morum
2777 547 3176 610 perversitatem
3197 559 3417 614 persua-

1827 627 1978 679 dent.
2025 627 2118 680 Cui
2151 627 2324 681 simile
2352 640 2432 682 est
2462 644 2492 682 e
2516 631 2785 684 contrario
2833 634 2970 700 quod
3012 635 3168 689 Petro
3213 638 3411 691 dictum

1827 727 1926 780 est,
1965 716 2135 770 :llacta
2163 729 2208 770 et
2239 721 2489 772 manduca
2517 719 2648 790 (Act.
2676 738 2730 784 ι,
2765 723 2882 791 15);
2917 735 2970 776 ιιι
3002 727 3051 778 in
3081 742 3228 780 suam
3260 729 3414 782 ﬁdem

1827 816 1880 861 et
1908 808 2076 861 bonos
2105 823 2282 862 mores
2326 809 2529 865 Gentes
2556 823 2918 867 converteret.
2951 813 3158 885 Linguis
3187 821 3290 870 suis
3322 822 3415 871 do-

1831 893 1935 950 lose
1955 899 2167 965 agebant
2189 915 2208 953 :
2231 914 2411 955 comes
2431 911 2512 955 est
2544 903 2820 956 voracibus
2846 904 3078 960 adulatio
3100 916 3155 960 et
3175 909 3423 963 omnibus

1832 989 2005 1043 malis.
2044 989 2299 1044 Venenum
2329 991 2564 1059 aspidum
2592 992 2683 1045 sub
2707 992 2861 1047 labiis
2880 1012 3050 1048 eorum
3075 1011 3095 1050 :
3133 995 3410 1065 Venenum,

1832 1082 2012 1136 dolum
2042 1081 2202 1147 dicit;
2227 1084 2460 1154 aspidum
2484 1096 2683 1152 autem,
2713 1089 2834 1156 quia
2862 1090 3048 1142 uolunt
3074 1091 3258 1144 audire
3281 1109 3420 1158 pra:-

1833 1184 1984 1244 cepta
2017 1175 2178 1245 legis,
2212 1177 2349 1231 sicut
2377 1178 2591 1246 aspidcs
2618 1180 2804 1232 nolunt
2832 1181 3016 1235 audire
3043 1183 3204 1237 verba
3233 1185 3420 1239 incau-

1836 1269 1997 1322 tautis
2022 1268 2192 1339 (Psal.
2224 1287 2325 1324 Lvn
2347 1315 2361 1335 ,
2393 1271 2470 1344 5),
2501 1274 2640 1340 quod
2675 1276 2724 1326 in
2755 1275 2859 1327 alio
2891 1277 3095 1344 psalmo
3120 1279 3423 1334 evidentius

1835 1358 2048 1414 dicitur.
2081 1361 2308 1428 Quorum
2334 1379 2389 1416 as
2416 1364 2766 1417 maledictione
2791 1377 2836 1418 et
2857 1370 3194 1422 anturitudine
3220 1371 3425 1439 plenum

1835 1459 1907 1502 est
1941 1467 1960 1504 :
1988 1451 2087 1505 hoc
2115 1462 2197 1508 est
2220 1494 2235 1516 ,
2265 1471 2504 1508 venenum
2541 1456 2794 1534 aspiciunt.
2851 1456 3051 1513 Veloces
3076 1460 3224 1529 pedes
3251 1477 3423 1516 eortina

1835 1542 1904 1594 ad
1941 1543 2302 1609 e/fundendum
2345 1548 2642 1616 sanguinem
2667 1566 2686 1601 :
2711 1551 3102 1605 consuetudine
3140 1556 3155 1585 ⁸
3199 1553 3426 1610 malefa-

1835 1636 2031 1690 cieudi.
2077 1635 2324 1692 Contritio
2366 1647 2411 1693 et
2439 1639 2710 1711 infelicitas
2750 1642 2803 1695 in
2842 1643 2933 1695 viis
2963 1660 3134 1696 eorum
3170 1659 3190 1698 :
3236 1661 3424 1701 omnes

1838 1730 1978 1782 enim
2005 1730 2261 1785 malorum
2296 1730 2570 1786 hominum
2596 1733 2696 1787 viae
2729 1734 2898 1803 plenae
2926 1745 3049 1789 sunt
3084 1736 3352 1791 laboribus
3373 1747 3427 1792 et

1840 1820 2083 1885 miseria;
2107 1821 2226 1876 ideo
2247 1822 2497 1878 Dominus
2517 1824 2713 1877 Clamat
2732 1842 2744 1878 :
2760 1822 2933 1878 Venite
2951 1826 3017 1876 ad
3039 1843 3136 1891 me,
3159 1843 3331 1881 omnes
3346 1830 3430 1896 qui

1840 1916 2079 1968 laboratis
2102 1924 2152 1968 et
2171 1915 2366 1969 onerati
2392 1916 2530 1978 estis,
2557 1926 2606 1970 et
2632 1933 2722 1987 ego
2747 1917 2972 1986 reﬁciam
2995 1935 3101 1970 vos.
3133 1918 3316 1973 Tollite
3334 1921 3431 1989 juo

1838 2021 1956 2075 gum
1986 2021 2173 2068 ineunt,
2201 2015 2248 2058 et
2278 2005 2454 2059 discite
2479 2023 2511 2058 a
2539 2022 2618 2058 me
2636 2046 2650 2070 ,
2678 2008 2916 2075 quoniam
2946 2009 3077 2061 mitis
3103 2026 3212 2062 sum
3248 2020 3296 2062 et
3338 2016 3431 2061 Itu-

1839 2094 1974 2148 mitis
2003 2095 2170 2147 corde.
2196 2094 2389 2166 Jugum
2414 2097 2548 2148 enim
2576 2114 2742 2150 meum
2770 2097 2880 2152 lene
2902 2108 2994 2163 est,
3017 2109 3062 2152 et
3091 2102 3290 2154 sarcina
3320 2118 3432 2156 mea

1841 2185 1960 2240 levis
1990 2196 2062 2240 est
2093 2186 2308 2256 (Matth.
2339 2204 2419 2251 xl,
2447 2187 2672 2258 28-50).
2702 2187 2770 2242 Et
2798 2189 2928 2242 viam
2955 2191 3095 2258 pacis
3118 2208 3220 2245 non
3243 2209 3434 2261 cogno-

1840 2287 2015 2330 verunt
2037 2292 2055 2329 :
2088 2278 2222 2331 hanc
2250 2277 2432 2348 utique
2458 2293 2617 2347 quam
2651 2278 2929 2346 Dominus,
2959 2289 3015 2334 ut
3041 2282 3168 2346 dixi,
3199 2297 3432 2337 comme-

1839 2377 2035 2432 morat,
2063 2369 2113 2420 in
2136 2369 2263 2439 jugo
2293 2369 2399 2424 leni
2427 2379 2480 2423 et
2519 2370 2725 2423 sarcina
2757 2370 2881 2427 levi.
2913 2369 3036 2425 Non
3061 2382 3130 2425 est
3158 2374 3307 2426 timor
3340 2372 3432 2427 Dei

1843 2467 1958 2510 ante
1979 2475 2029 2511 oc
2041 2462 2150 2512 ulos
2173 2475 2348 2512 eorum
2373 2474 2390 2512 :
2414 2459 2498 2512 isti
2532 2474 2635 2512 non
2657 2458 2862 2525 dicunt,
2888 2461 3003 2516 Non
3026 2471 3110 2517 cst
3138 2464 3308 2527 Deus;
3340 2463 3433 2519 sed

1845 2556 2019 2602 tamen
2052 2565 2158 2602 non
2190 2549 2380 2604 timent
2403 2549 2590 2602 Deum.

1914 2639 1967 2693 5.
2012 2638 2162 2710 [vers.
2191 2639 2269 2711 4.]
2311 2638 2497 2693 Nonne
2519 2652 2819 2710 cognoscent
2847 2658 3019 2696 omnes
3044 2643 3129 2712 qui
3157 2655 3435 2714 aperantur

1844 2730 2198 2800 iniquitatem?
2219 2731 2476 2802 judicium
2505 2733 2757 2788 minatur.
2797 2735 2898 2800 Qui
2930 2734 3168 2788 devorarat
3194 2736 3437 2804 papulum

1845 2837 2009 2874 meum
2030 2823 2157 2874 sicut
2177 2825 2343 2877 cibum
2363 2825 2384 2855 ⁸
2414 2823 2560 2892 panis
2582 2839 2602 2877 :
2633 2823 2681 2877 id
2712 2833 2794 2879 est
2814 2825 3086 2894 quotidie;
3115 2827 3268 2880 cibus
3293 2828 3436 2881 enim

1848 2911 1999 2981 panis
2023 2914 2364 2978 quotidianus
2413 2924 2516 2968 est.
2546 2914 2811 2968 Devoraut
2837 2926 3015 2969 autem
3045 2916 3320 2984 pupulum,
3349 2918 3437 2986 qui

1848 3016 1939 3056 Sua
1963 3005 2244 3059 commoda
2265 3020 2330 3059 ex
2357 3005 2446 3058 illo
2469 3006 2704 3073 capiunt,
2733 3022 2836 3058 non
2871 3004 3164 3060 referentes
3194 3007 3437 3061 ministe-

1849 3097 1985 3151 rium
2012 3110 2165 3150 suum
2193 3097 2257 3150 ad
2286 3097 2510 3163 gloriam
2540 3098 2633 3150 Dei
2651 3140 2666 3160 ,
2700 3106 2754 3151 et
2782 3097 2846 3149 ad
2875 3113 3060 3152 eorum
3091 3099 3283 3168 quibus
3309 3116 3441 3167 pm-

1849 3196 1974 3241 suut
1997 3188 2244 3242 salutem.

1921 3279 1974 3334 ϐ.
2017 3278 2167 3350 [‘vers.
2195 3277 2274 3351 5.]
2317 3278 2589 3332 Dominum
2619 3294 2719 3331 non
2744 3279 3100 3332 invomvcrunt
3125 3295 3143 3333 :
3165 3296 3268 3333 non
3297 3281 3440 3335 enim

1850 3385 1977 3423 vere
2020 3369 2163 3425 hunc
2201 3369 2447 3434 invocat,
2483 3369 2572 3438 qui
2627 3384 2688 3422 ea
2740 3368 3010 3424 desiderat
3049 3385 3168 3438 quin
3220 3371 3296 3425 illi
3335 3372 3444 3425 dis.

1853 3444 2071 3529 plicent.
2109 3459 2223 3516 Illic
2248 3461 2621 3529 trepidauerunt
2643 3461 2839 3518 timore.
2868 3460 2956 3513 ubi
2978 3476 3076 3513 non
3103 3470 3210 3514 erat
3236 3464 3388 3515 timor
3425 3478 3443 3517 :

1855 3550 1905 3604 id
1937 3560 2039 3616 est,
2063 3551 2116 3604 in
2139 3551 2336 3605 damno
2354 3566 2530 3605 rerum
2552 3552 2943 3619 temporalium.
2965 3551 3220 3605 Dixerunt
3249 3552 3390 3607 enim
3426 3571 3438 3605 :

1856 3640 1916 3693 Si
1941 3639 2284 3709 relinquamus
2312 3656 2424 3694 eum
2447 3639 2551 3706 sic,
2592 3639 2792 3692 credent
2829 3639 2882 3691 in
2911 3655 3023 3692 eum
3049 3657 3217 3693 omnes
3237 3683 3252 3707 ,
3283 3651 3330 3694 et
3358 3658 3444 3695 ve-

1856 3734 1996 3786 nient
2023 3734 2260 3798 Montani,
2290 3743 2336 3786 et
2366 3732 2542 3786 tollent
2564 3733 2706 3786 nobis
2728 3743 2773 3786 ct
2801 3734 2964 3786 locum
2987 3744 3031 3787 et
3051 3744 3243 3804 gentem
3263 3733 3443 3806 (Joan.

1857 3842 1910 3883 XI
1932 3868 1945 3886 ,
1974 3827 2043 3880 48
2065 3831 2105 3894 ).
2138 3826 2452 3880 Timueruut
2478 3841 2700 3896 regnum
2741 3836 3006 3880 terrenum
3049 3828 3322 3893 amittere,
3357 3829 3445 3882 ubi

1860 3932 1965 3968 non
1991 3925 2103 3968 erat
2132 3915 2324 3977 timor;
2356 3925 2410 3969 et
2432 3917 2720 3970 amiserunt
2748 3930 2970 3985 regnum
3001 3917 3276 3982 cmiorum,
3305 3917 3444 3986 quod

1860 4005 2049 4059 timere
2078 4005 2372 4060 debuerant
2414 4022 2428 4058 :
2475 4013 2530 4059 et
2558 4006 2660 4060 hoc
2686 4004 2752 4059 de
2791 4007 3039 4059 omnibus
3070 4008 3449 4077 temporalibus

1859 4097 2155 4151 commodis
2177 4097 2579 4165 intelligendum
2601 4105 2702 4160 est,
2723 4112 2948 4165 quorum
2969 4098 3308 4152 amissionem
3328 4114 3448 4153 cum

1863 4187 2052 4241 timent
2081 4188 2342 4253 homines,
2369 4188 2436 4241 ad
2465 4197 2666 4240 mterua
2693 4201 2797 4239 non
2821 4190 3055 4240 veniunt.

1936 4278 1985 4332 7.
2030 4276 2179 4350 [vcrs.
2206 4275 2286 4350 6.]
2328 4277 2581 4344 Quoniam
2607 4276 2740 4330 Deus
2762 4277 2813 4328 in
2835 4277 3155 4346 generatione
3169 4277 3312 4346 jnsta
3329 4287 3404 4330 est
3430 4293 3454 4332 ι·

1864 4370 1917 4424 id
1945 4379 2047 4435 est,
2074 4385 2177 4423 non
2202 4379 2284 4425 est
2315 4369 2364 4422 in
2394 4369 2473 4422 eis
2497 4369 2586 4437 qui
2616 4367 2842 4435 diligunt
2873 4368 3147 4439 Surculum.
3193 4366 3447 4436 lnjustum

1864 4473 1949 4517 est
1967 4462 2109 4517 enim
2132 4462 2434 4529 relinquere
2454 4460 2771 4514 szeculorum
2797 4458 3148 4520 conditorem,
3168 4467 3220 4512 et
3235 4458 3456 4528 diligere

1866 4553 2158 4616 smculum,
2195 4561 2251 4606 et
2277 4551 2477 4605 servire
2506 4560 2767 4618 creaturae
2809 4550 2983 4618 potius
3023 4565 3178 4618 quam
3216 4550 3454 4603 Creatori

1869 4643 2044 4712 (Rom.
2077 4657 2129 4704 ι,
2168 4641 2286 4711 25).
2332 4639 2610 4693 Consilium
2647 4639 2812 4707 inopis
2841 4640 3174 4708 confudistis,
3217 4641 3458 4707 quoniam

1869 4734 2118 4788 Dominus
2147 4749 2260 4800 spes
2286 4732 2394 4800 ejus
2423 4741 2493 4784 est
2521 4745 2540 4784 :
2570 4732 2620 4784 id
2647 4741 2748 4794 est,
2776 4733 3172 4800 contempsistis
3204 4732 3456 4786 humi'eni

1869 4825 2153 4878 adventum
2183 4823 2299 4878 Filii
2335 4822 2469 4886 Dei,
2509 4821 2628 4890 quia
2659 4821 2709 4874 in
2739 4836 2804 4876 eo
2843 4837 2947 4875 uou
2978 4821 3181 4876 vidistis
3208 4839 3457 4892 pompam

1869 4917 2049 4972 Saeculi
2083 4933 2094 4966 :
2129 4925 2182 4967 ιιι
2215 4915 2264 4966 lii
2292 4928 2428 4982 quos
2459 4913 2679 4966 vocabat
2701 4954 2714 4975 ,
2747 4913 2795 4966 iu
2833 4913 2939 4966 lico
2971 4914 3086 4966 solo
3111 4931 3258 4978 silem
3289 4931 3457 4982 pene-

1871 5017 2009 5070 rent,
2040 5022 2143 5058 non
2173 5005 2223 5057 in
2249 5006 2407 5058 rebus
2437 5003 2848 5057 transeuntibus.

1943 5101 1994 5152 8.
2039 5098 2201 5170 [vers.
2244 5095 2323 5166 7.]
2367 5096 2494 5163 Quis
2535 5097 2673 5148 dabit
2719 5112 2782 5149 ea:
2824 5095 2952 5150 Sion
2994 5099 3216 5149 salutare
3258 5095 3462 5152 Israel?

1871 5191 2204 5254 subauditur,
2229 5189 2328 5242 nisi
2354 5189 2465 5257 ipse
2486 5188 2636 5258 cujus
2659 5187 3009 5242 humilitatem
3033 5188 3462 5259 contempsistis?

1875 5283 1991 5349 Ipse
2021 5281 2161 5335 enim
2192 5285 2242 5332 in
2270 5279 2513 5334 claritate
2543 5290 2798 5333 venturus
2825 5287 2908 5333 est
2936 5278 3001 5332 ad
3026 5278 3280 5348 judicium
3314 5281 3464 5334 vivo.-

1873 5389 1988 5425 rum
2034 5381 2088 5424 et
2131 5380 2496 5433 mortuorum,
2542 5383 2871 5439 regnumque
2908 5370 3207 5438 jusmrum;
3242 5380 3295 5422 ut
3325 5387 3460 5437 quo-

1875 5465 2014 5516 niam
2056 5464 2156 5515 isto
2186 5461 2369 5515 humili
2403 5460 2630 5514 adventu
2666 5457 2801 5513 iacta
2840 5471 2922 5513 est
2951 5463 3161 5513 caecitas
3199 5477 3260 5515 ex
3309 5471 3458 5526 parte

1940 5658 1956 5687 ί
1989 5656 2061 5703 sic
2079 5653 2215 5716 juxta
2244 5664 2334 5700 am.
2363 5660 2415 5701 et
2438 5659 2543 5716 Mss.
2570 5651 2680 5712 [uie
2712 5650 2912 5702 ostendit
2938 5650 3366 5716 consuetudinem]

1939 5719 1958 5747 ¹
1987 5711 2130 5763 vatic.
2155 5716 2329 5771 codex,
2356 5722 2407 5762 et
2425 5711 2586 5762 Gallic.
2611 5722 2805 5773 septem
2827 5722 2950 5775 δίει,
2980 5712 3205 5776 populum
3228 5711 3386 5762 meum
3409 5711 3458 5762 in

1876 5778 1981 5829 cibo
1999 5777 2156 5838 pam's.
2180 5783 2324 5825 l-‘avet
2345 5782 2489 5824 (πως.
2519 5781 2644 5822 Lxx.
