3956 6324
480 284 593 344 163

484 402 643 459 Israel
666 445 679 467 ,
717 409 769 455 ut
802 397 1073 470 plenitudo
1101 395 1349 451 Gentium
1382 394 1603 448 intraret
1636 388 1829 461 (Rom.
1862 405 1921 452 ιι,
1955 386 2074 454 25),

481 500 531 549 in
564 497 656 549 illo
684 495 789 547 alio
821 495 909 546 liat
933 490 1073 562 quod
1104 488 1365 557 sequitur,
1396 498 1448 540 et
1479 487 1556 539 sic
1586 484 1761 538 omnis
1786 480 1944 535 Israel
1976 480 2083 534 sal-

478 601 577 639 vus
617 586 767 638 fieret
810 600 823 636 :
870 564 966 652 pro
1006 580 1207 635 Judmis
1244 579 1387 631 enim
1438 574 1729 645 Apostolus
1758 574 1918 627 etiam
1952 570 2079 625 illud

480 677 628 731 Isaim
672 673 1041 729 testimonium
1083 671 1314 740 accipit,
1350 667 1493 738 quod
1524 666 1720 722 dictum
1748 674 1863 727 est,
1907 662 2082 717 Veniet

477 785 542 820 ea:
565 768 692 822 Sion
719 768 805 836 qui
826 773 1016 818 avertat
1043 763 1347 833 impietatem
1371 760 1433 812 ab
1461 758 1621 812 Jacob
1647 755 1798 829 (lsai.
1824 771 1937 819 ιιι,
1958 753 2076 824 20);

486 858 623 911 sicut
652 857 741 911 hic
768 856 997 925 positum
1023 863 1126 917 est,
1162 853 1289 920 Quis
1315 851 1453 903 dabit
1485 866 1548 903 ex
1579 849 1707 903 Sion
1736 849 1961 902 salutare
1993 844 2078 900 ls-

480 948 631 1001 roel?
660 948 785 1003 Cum
824 946 1055 998 arerterit
1087 944 1331 996 Dominus
1356 942 1699 1010 captivitatem
1738 939 1896 1005 plebis
1936 952 2079 1001 sum;

480 1039 751 1091 exsultabit
769 1033 953 1097 Jacob,
976 1046 1025 1090 et
1046 1034 1299 1089 lwtobitur
1321 1030 1487 1085 Israel
1511 1048 1528 1083 :
1553 1030 1797 1098 repetitio
1818 1038 1917 1089 cst,
1942 1029 2082 1083 sicut

476 1128 652 1192 solet;
686 1143 806 1181 nam
840 1127 978 1179 idem
1010 1136 1136 1196 puto
1165 1140 1286 1178 esse
1313 1122 1569 1176 lwtabitur
1599 1119 1797 1184 Israel,
1826 1118 1966 1190 quod
1997 1128 2082 1173 est

477 1220 750 1272 exsultabit
774 1216 960 1271 Iacob.

475 1364 2082 1389 Μ

916 1466 999 1527 1N
1042 1464 1180 1526 PSA
1190 1463 1424 1526 LMUM
1467 1462 1617 1525 XIV

1009 1585 1408 1641 ENARRATIO
1446 1584 1545 1658 (α).

965 1701 1205 1755 Psalmus
1256 1703 1358 1771 ipsi
1410 1700 1597 1754 David.

547 1819 600 1872 l.
643 1816 793 1889 [vers.
832 1813 909 1887 1.]
951 1814 1027 1868 De
1057 1813 1159 1868 hoc
1198 1814 1353 1867 titulo
1385 1812 1531 1867 nulla
1571 1812 1795 1883 quaestio
1824 1820 1927 1867 est.
1971 1810 2078 1865 Do-

475 1909 642 1972 mine,
667 1907 779 1973 quis
816 1903 1218 1976 peregrinabitur
1257 1904 1313 1957 in
1356 1902 1683 1957 tabernaculo
1730 1902 1864 1955 tuo!
1891 1902 2076 1967 Quan—

474 2012 634 2067 quam
663 1994 951 2065 aliquando
983 2005 1211 2063 portatur
1236 1991 1639 2047 tabernaculum
1665 1991 1823 2046 etiam
1858 2006 1954 2061 pro
1983 1991 2078 2044 ha-

476 2088 734 2142 bitatione
769 2086 1132 2154 sempiterna,
1181 2092 1357 2137 tamen
1397 2097 1517 2135 cum
1564 2082 1779 2151 proprie
1820 2080 2078 2150 accipitur

476 2177 878 2233 tabernaculum
900 2216 916 2240 ,
961 2174 1084 2229 belli
1127 2189 1218 2228 res
1246 2182 1330 2227 est
1367 2191 1381 2227 :
1412 2172 1555 2227 unde
1583 2180 1639 2226 et
1665 2171 2074 2226 contubernales

476 2269 673 2323 milites
713 2267 985 2331 dicuntur,
1030 2276 1280 2334 tanquam
1324 2263 1484 2318 simul
1524 2261 1781 2317 habentes
1822 2262 2072 2316 taberna-

473 2359 617 2413 cula.
666 2358 762 2411 llic
804 2372 997 2412 sensus
1039 2354 1319 2425 adiuvatur
1346 2370 1411 2408 cx
1450 2369 1517 2409 eo
1544 2353 1684 2421 quod
1713 2352 1912 2407 dictum
1953 2360 2070 2418 est,

471 2450 584 2516 quis
614 2445 1017 2518 peregrinabitur
1046 2461 1064 2500 :
1091 2444 1156 2500 ad
1186 2454 1396 2514 tempus
1425 2444 1566 2499 enim
1596 2459 1715 2497 cum
1747 2442 1958 2499 diabolo
1987 2442 2073 2497 di-

470 2540 753 2606 micamus,
783 2548 839 2593 et
865 2545 994 2593 tunc
1021 2552 1156 2606 Opus
1183 2546 1267 2591 est
1291 2536 1658 2601 tabernaculo,
1686 2550 1795 2605 quo
1826 2550 1923 2589 nos
1948 2537 2071 2590 relic

468 2630 710 2693 ciamus;
759 2628 901 2697 quod
953 2627 1219 2698 significat
1268 2628 1501 2681 maxime
1549 2626 1708 2681 fidem
1764 2626 2071 2697 temporalis

467 2719 921 2789 dispensationis,
963 2734 1084 2788 qua:
1112 2732 1213 2786 pro
1254 2718 1409 2771 nobis
1449 2725 1566 2771 acta
1595 2727 1678 2772 est
1705 2717 2070 2787 temporaliter

471 2826 569 2882 per
593 2810 1015 2864 incarnationem
1040 2808 1274 2862 Domini.
1318 2806 1383 2861 Et
1402 2809 1521 2874 quis
1538 2808 1809 2877 requiescet
1829 2808 1880 2860 in
1902 2817 2070 2861 monte

466 2913 646 2958 sancto
676 2914 762 2958 tuo
782 2902 809 2956 ?
836 2901 928 2956 hic
953 2900 1183 2956 fortasse
1207 2899 1317 2970 jam
1362 2899 1531 2969 ipsam
1572 2907 1825 2954 {sternam
1859 2898 2069 2952 habita-

468 2996 671 3050 tionem
704 2993 995 3064 signilicat,
1028 3000 1085 3045 ut
1117 3000 1357 3046 montem
1389 2988 1747 3059 intelligamus
1771 3004 2068 3059 superenn-

464 3089 700 3146 nentiam
730 3085 1007 3141 charitatis
1032 3083 1233 3139 Christi
1265 3082 1317 3137 in
1356 3083 1463 3136 vita
1491 3092 1692 3137 aeterna
1718 3082 1759 3137 ⁸.

536 3182 593 3235 2.
635 3179 803 3254 [vers.
846 3177 928 3251 2.]
970 3177 1072 3246 Qui
1111 3176 1396 3246 ingreditur
1437 3175 1550 3230 sine
1591 3174 1827 3241 macula,
1867 3183 1915 3227 et
1943 3189 2066 3245 ape-

464 3282 616 3328 ratur
644 3271 902 3344 justitiam
938 3285 959 3324 :
990 3269 1076 3324 hic
1102 3270 1124 3301 '
1168 3266 1483 3339 proposuit,
1516 3265 1767 3337 deinceps
1812 3265 1864 3319 id
1907 3280 2066 3321 exse-

464 3362 666 3434 quitur.

536 3459 593 3514 3.
634 3456 789 3531 [vers.
830 3454 911 3529 5.]
954 3455 1055 3523 Qui
1089 3455 1316 3525 loquitur
1357 3454 1616 3508 veritatem
1657 3454 1712 3508 in
1747 3451 1900 3507 corde
1927 3468 2019 3506 suo
2047 3469 2067 3509 :

466 3548 715 3604 nonnulli
750 3546 893 3602 enim
923 3547 975 3600 in
1006 3545 1161 3600 labiis
1189 3545 1388 3599 habent
1412 3546 1713 3611 veritatem,
1744 3553 1798 3598 et
1828 3544 1881 3598 in
1906 3544 2067 3599 corde

461 3655 573 3695 non
594 3638 795 3693 habent
817 3654 831 3690 :
857 3645 1112 3706 tanquam
1139 3635 1183 3689 si
1206 3634 1401 3704 aliquis
1424 3634 1612 3689 dolose
1633 3632 1883 3690 ostendat
1902 3634 2062 3701 viam,

463 3732 640 3787 sciens
669 3732 721 3785 in
748 3745 810 3784 ea
839 3744 962 3783 esse
993 3729 1250 3792 latrones,
1280 3739 1336 3782 et
1357 3726 1520 3789 dicat,
1544 3725 1601 3781 Si
1623 3725 1725 3782 hac
1750 3726 1894 3789 ieris,
1924 3741 1953 3779 a
1985 3725 2064 3779 la-

458 3822 709 3877 tronibus
736 3828 882 3875 tutus
922 3821 1066 3883 eris;
1099 3826 1152 3873 et
1188 3818 1466 3889 contingat
1499 3827 1562 3871 ut
1596 3833 1723 3873 vere
1751 3834 1857 3872 non
1890 3818 1959 3872 ibi
1987 3818 2067 3872 la-

458 3923 647 3968 trones
675 3911 1036 3975 inveniantur,
1070 3923 1256 3963 verum
1287 3907 1377 3963 ille
1417 3908 1628 3963 locutos
1662 3916 1775 3971 est,
1819 3907 1915 3963 sed
1958 3923 2063 3961 non

458 4006 515 4060 in
546 4002 710 4059 corde
734 4016 867 4066 suo;
899 3999 1042 4055 aliud
1069 3999 1215 4053 enim
1245 3997 1493 4068 putabat,
1521 4007 1577 4052 et
1602 3998 1849 4052 nesciens
1876 4012 2063 4051 verum

458 4094 595 4150 dixit
636 4112 650 4149 :
691 4107 821 4163 ergo
862 4105 1049 4162 parum
1088 4099 1172 4145 est
1220 4105 1408 4144 verum
1439 4088 1616 4160 loqui,
1660 4087 1765 4143 nisi
1804 4088 1963 4142 etiam
2011 4087 2061 4141 in

457 4186 625 4241 corde
650 4184 723 4240 ita
750 4184 840 4265 sit.
874 4181 975 4247 Qui
1002 4198 1105 4235 non
1126 4180 1225 4252 egit
1247 4179 1425 4234 dolum
1451 4181 1504 4233 in
1530 4180 1708 4250 lingua
1726 4196 1819 4233 sua
1842 4194 1861 4233 :
1888 4179 2062 4248 lingua

456 4281 634 4349 agitur
661 4275 851 4339 dolus,
880 4290 1001 4330 cum
1030 4274 1173 4328 aliud
1212 4287 1308 4328 ore
1350 4271 1641 4342 profertur,
1672 4272 1814 4327 aliud
1848 4282 2064 4341 pectore

456 4373 675 4442 tegitur.
732 4368 847 4424 Nec
892 4350 1010 4441 fecit
1054 4367 1287 4437 proximo
1325 4381 1419 4419 suo
1460 4366 1655 4419 malum
1696 4381 1714 4420 :
1760 4366 2062 4435 proximum

457 4479 677 4519 omnem
704 4462 979 4516 hominem
1010 4459 1178 4529 accipi
1210 4468 1463 4528 oportere
1493 4468 1677 4512 notum
1720 4468 1824 4514 est.
1872 4457 1935 4512 Et
1962 4476 2059 4529 op-

458 4554 719 4626 probrium
746 4568 849 4605 non
878 4551 1070 4620 accepit
1096 4550 1338 4603 adversus
1362 4550 1646 4617 proximum
1670 4565 1819 4602 suum
1841 4563 1863 4604 :
1885 4548 1936 4603 id
1958 4560 2060 4616 est,

460 4662 565 4701 non
597 4644 828 4699 libenter
851 4650 947 4694 aut
976 4650 1181 4695 temere
1211 4639 1439 4694 credidit
1468 4638 1821 4694 criminatori.

530 4748 584 4797 4.
628 4739 780 4813 [vers.
812 4735 892 4809 4.]
933 4736 1012 4789 Ad
1056 4735 1270 4789 nihilum
1302 4735 1548 4789 deductus
1587 4742 1661 4787 est
1703 4734 1755 4788 in
1793 4744 2063 4806 conspectu

456 4837 569 4904 ejus
594 4830 868 4900 malignus.
904 4825 1007 4881 ista
1038 4824 1294 4896 perfectio
1322 4833 1425 4891 est,
1455 4834 1514 4879 ut
1545 4824 1677 4879 nihil
1705 4823 1758 4879 in
1787 4823 2059 4881 hominem

459 4927 635 4978 valeat
671 4920 975 4990 malignus;
1008 4930 1062 4973 et
1095 4926 1152 4971 ut
1180 4916 1283 4971 hoc
1320 4915 1390 4970 sit
1423 4917 1476 4969 in
1513 4925 1783 4986 conspectu
1820 4916 1960 4985 ejus,
2008 4915 2060 4970 id

458 5028 563 5079 est,
592 5014 891 5071 certissime
921 5011 1131 5067 noverit
1163 5010 1454 5082 malignum
1484 5024 1591 5064 non
1635 5023 1775 5075 esse,
1806 5009 1907 5064 nisi
1937 5024 2059 5064 cum
2128 5003 2131 5006 ’

457 5108 672 5161 animus
710 5120 741 5158 a
772 5104 955 5173 specie
984 5102 1064 5157 sui
1092 5101 1367 5156 Creatoris
1392 5108 1591 5155 aeterna
1621 5109 1675 5154 et
1702 5099 2060 5154 incommuta-

456 5196 586 5263 bili,
628 5195 695 5251 ad
740 5204 1000 5255 creatura:
1041 5195 1278 5262 speciem
1323 5193 1605 5258 avertitur,
1636 5206 1757 5261 qua:
1785 5190 1853 5245 de
1893 5191 2060 5245 nihilo

457 5290 594 5343 facta
620 5298 722 5342 est.
761 5286 1011 5340 Timentes
1036 5295 1207 5339 autem
1241 5281 1521 5337 Dominum
1549 5283 1803 5353 gloriﬁcat
1829 5298 1848 5336 :
1878 5283 2059 5352 utique

456 5385 571 5451 ipse
600 5379 877 5434 Dominus.
913 5376 1123 5430 Initium
1150 5386 1328 5429 autem
1353 5374 1628 5444 Sapientiae
1662 5373 1820 5427 timor
1846 5373 2055 5428 Domini

517 5534 533 5562 ¹
570 5540 662 5581 sex
693 5540 818 5590 atas,
838 5530 890 5580 in
913 5528 1059 5580 vitam
1078 5535 1329 5590 aeternam.

515 5596 535 5655 ξ
561 5600 610 5641 ιιι
630 5602 753 5655 Mss.,
778 5586 856 5643 hic
878 5589 1141 5655 proposuit.
1173 5596 1311 5655 forte
1334 5586 1527 5655 melius.

515 5654 590 5714 (α)
622 5648 785 5705 altera
829 5648 1044 5705 hunc'in
1088 5648 1209 5701 l’sal.
1258 5658 1394 5701 Enar.
1441 5651 1661 5715 adjicitur
1698 5650 1759 5702 ad
1798 5649 2056 5703 voluminis

468 5718 671 5769 calcem.

1732 277 1791 330 S.
1835 269 2205 332 AUGUSTINI
2245 272 2544 333 EPlSCOPI

3700 286 3799 344 ιιι

2191 383 2363 441 lPsal.
2388 404 2475 453 cx,
2506 392 2608 460 10;
2638 391 2800 448 Eccli.
2828 410 2865 455 I.
2898 395 2986 455 i6)
3019 414 3033 451 :
3066 397 3205 453 sicut
3228 412 3361 469 ergo
3398 398 3488 454 illa
3514 401 3799 470 superiora

2192 478 2460 547 pertinent
2499 483 2563 535 ad
2597 483 2885 553 perfectos,
2919 489 2989 542 ita
3021 503 3085 545 ea
3109 505 3230 557 qua:
3272 506 3415 545 nunc
3440 491 3687 547 dicturus
3715 502 3802 548 cst

2191 568 2459 635 pertinent
2487 571 2552 624 ad
2594 573 2931 642 incipientes.

2262 658 2315 759 .5.
2358 657 2510 759 [vers
2535 661 2615 737 5.]
2658 664 2758 731 Qui
2774 668 2922 735 jurot
2952 671 3183 737 proximo
3203 687 3317 733 suo,
3348 682 3398 725 et
3424 689 3527 727 non
3556 673 3750 743 decipit
3783 690 3802 729 :

2188 752 2274 818 qui
2303 752 2562 820 pecuniam
2603 771 2745 808 suam
2775 774 2875 811 non
2912 759 3051 812 dedit
3092 762 3162 813 ad
3200 779 3410 817 usuram
3433 805 3449 827 ,
3495 776 3546 818 et
3582 782 3803 820 munera

2188 856 2342 911 super
2369 843 2653 899 innocentes
2682 850 2697 879 ²
2730 866 2830 902 non
2857 854 3052 919 accepit
3095 854 3194 925 (α).
3238 854 3342 908 Ista
3384 871 3492 910 non
3523 868 3651 911 sunt
3683 873 3803 911 ma~

2187 945 2330 998 gna:
2362 933 2456 987 sed
2484 936 2571 1004 qui
2604 952 2702 991 nec
2728 940 2825 993 ista
2858 951 3059 1010 potest,
3104 943 3275 999 multo
3299 945 3478 999 minus
3504 955 3686 1016 potest
3717 948 3802 1001 lo-

2184 1022 2277 1098 qui
2306 1026 2583 1082 veritatem
2630 1030 2682 1082 in
2722 1032 2885 1086 corde
2910 1048 3009 1087 suo
3033 1074 3048 1098 ,
3096 1044 3153 1089 et
3196 1051 3304 1091 non
3343 1037 3528 1091 dolum
3554 1053 3718 1109 agere
3748 1040 3802 1093 in

2192 1114 2366 1183 lingua
2396 1134 2513 1184 sua,
2544 1120 2637 1174 sed
2667 1132 2721 1175 ut
2752 1134 2832 1178 est
2860 1126 2911 1178 in
2935 1126 3099 1182 corde
3124 1143 3312 1182 verum
3345 1129 3417 1182 ita
3448 1130 3717 1201 proferre,
3746 1139 3804 1187 et

2191 1206 2391 1266 habere
2422 1213 2472 1265 in
2500 1227 2618 1279 ore,
2649 1213 2743 1269 Est
2768 1226 2859 1279 est,
2893 1217 3015 1272 Non
3054 1237 3156 1274 non
3197 1220 3425 1293 (Matth.
3470 1238 3526 1289 ν,
3560 1224 3710 1294 57);
3746 1233 3804 1278 et

2188 1314 2295 1354 non
2326 1300 2502 1357 facere
2528 1305 2773 1373 proximo
2802 1323 2901 1362 suo
2930 1309 3152 1375 malum,
3184 1311 3235 1367 id
3267 1322 3351 1367 est
3385 1313 3517 1367 nulli
3550 1313 3799 1382 homini;

2187 1401 2242 1443 et
2292 1392 2637 1461 opprobrium
2692 1412 2798 1451 non
2866 1400 3111 1470 accipere
3162 1401 3426 1458 adversus
3483 1406 3800 1475 proximum

2191 1497 2346 1536 suum
2375 1500 2388 1537 :
2421 1499 2540 1554 qua:
2567 1496 2697 1540 sunt
2722 1488 3101 1557 perfectorum,
3146 1491 3197 1545 in
3229 1509 3455 1563 quorum
3494 1508 3801 1568 conspectu

2184 1572 2250 1627 ad
2280 1574 2503 1629 nihilum
2533 1575 2795 1633 deductus
2824 1589 2910 1635 est
2936 1581 3224 1651 malignus.
3257 1583 3461 1640 Tamen
3493 1587 3658 1641 etiam
3692 1588 3801 1642 ism

2187 1667 2403 1722 minora
2450 1669 2519 1723 ita
2563 1671 2832 1727 concludit
2869 1691 2883 1728 :
2933 1673 3034 1741 Qui
3051 1677 3181 1747 'facit
3208 1677 3349 1745 hac,
3381 1694 3483 1733 non
3508 1696 3803 1736 commove-

2183 1758 2319 1845 bitur
2340 1761 2394 1815 in
2433 1774 2677 1817 aternum
2705 1779 2726 1818 :
2750 1762 2802 1819 id
2828 1775 2930 1831 est,
2960 1769 3238 1836 perveniet
3263 1768 3330 1824 ad
3363 1770 3453 1824 illa
3481 1772 3713 1841 majora,
3742 1773 3801 1828 in

2182 1850 2375 1920 quibus
2413 1862 2496 1907 est
2533 1867 2725 1925 magna
2769 1865 2825 1909 et
2872 1857 3186 1912 inconcussa
3234 1860 3520 1914 stabilitas.
3571 1860 3709 1916 Nam
3742 1872 3803 1917 et

2185 1939 2300 2009 ipsa
2323 1950 2565 2011 tempora
2590 1960 2695 1998 non
2722 1946 2840 2001 sine
2865 1962 3024 2001 causa
3053 1946 3285 2005 fortasse
3311 1951 3390 2006 sic
3411 1952 3615 2006 variata
3644 1963 3799 2019 sunt,

2182 2039 2240 2084 ut
2268 2031 2320 2085 in
2348 2033 2629 2101 superiore
2656 2035 3002 2093 conclusione
3029 2041 3360 2108 praeteritum
3384 2052 3597 2112 tempus
3620 2058 3797 2112 pone—

2180 2132 2352 2189 retur,
2382 2124 2434 2177 in
2466 2124 2567 2179 hac
2588 2135 2764 2180 autem
2795 2126 3029 2183 futurum
3058 2150 3071 2184 :
3096 2146 3219 2186 nam
3252 2132 3321 2186 ibi
3344 2132 3548 2188 dictum
3576 2135 3801 2200 cst,-Ad

2181 2212 2396 2267 nihilum
2431 2213 2678 2270 deductus
2711 2227 2783 2272 est
2823 2218 2876 2271 in
2915 2231 3185 2290 conspectu
3229 2225 3344 2297 eius
3373 2226 3676 2295 malignus;
3707 2226 3800 2281 hic

2179 2312 2379 2370 autem,
2412 2305 2533 2361 Non
2558 2311 2950 2365 commovebitur
2975 2313 3028 2366 in
3048 2324 3315 2370 attentum.

2180 2436 3796 2469 ..__...______________________

2620 2533 2699 2595 IN
2744 2533 3128 2600 PSALMUM
3162 2540 3285 2602 XV

2782 2656 3206 2717 ENARRATIO.

2576 2765 2731 2825 Tituli
2756 2771 3040 2845 inscriptio,
3068 2776 3171 2847 ipsi
3191 2774 3381 2834 David.

2248 2880 2301 2934 Ι.
2343 2879 2456 2935 Rex
2487 2890 2673 2938 noster
2702 2883 2755 2938 in
2788 2883 2891 2941 hoc
2917 2886 3128 2956 psalmo
3165 2888 3405 2961 loquitur
3440 2909 3507 2948 ex
3553 2910 3792 2966 persona

2173 2972 2531 3042 susceptionis
2562 2973 2832 3044 humanm,
2860 2978 3062 3049 dequo
3090 2981 3276 3039 titulus
3307 2986 3503 3055 regalis
3535 2997 3792 3060 tempore

2172 3064 2439 3135 passionis
2468 3066 2760 3136 inscriptus
2785 3070 3011 3126 eminuit
3033 3074 3081 3127 '.

2241 3155 2297 3209 2.
2329 3155 2483 3229 [vers.
2512 3159 2538 3213 1
2567 3200 2582 3225 ,
2607 3158 2690 3233 2.]
2714 3161 2850 3218 Dicit
2876 3172 3055 3220 autem
3077 3165 3193 3223 haec
3221 3212 3235 3223 .
3263 3167 3517 3227 Conserva
3541 3190 3652 3243 me,
3677 3174 3795 3232 Do-

2171 3246 2340 3315 mine,
2367 3249 2610 3319 quoniam
2634 3252 2687 3305 in
2713 3261 2762 3307 te
2783 3256 3025 3324 speravi:
3051 3258 3160 3313 dixi
3187 3258 3406 3319 Domino
3423 3304 3439 3331 ,
3470 3263 3612 3320 Deus
3637 3284 3793 3325 meus

2172 3355 2225 3394 es
2267 3349 2321 3393 tu
2344 3382 2359 3407 ,
2388 3343 2627 3412 quoniam
2657 3342 2904 3400 bonorum
2940 3363 3165 3403 meorum
3192 3367 3293 3406 non
3338 3369 3451 3424 eges
3487 3353 3565 3429 (lt)
3598 3373 3619 3412 :
3646 3374 3792 3429 quo-

2173 3428 2315 3483 niam
2343 3430 2500 3485 bonis
2520 3432 2654 3487 meis
2681 3449 2787 3489 non
2819 3448 3101 3506 exspectas
3129 3448 3185 3494 tu
3209 3440 3322 3496 fieri
3352 3428 3563 3501 beatus.

2243 3520 2296 3575 5.
2342 3519 2495 3594 [verm
2537 3520 2615 3596 5.]
2645 3523 2853 3580 Sanctis
2878 3528 2965 3598 qui
2988 3539 3109 3584 sunt
3146 3530 3199 3585 in
3228 3542 3364 3587 terra
3391 3535 3505 3605 ejus
3532 3552 3553 3590 :
3579 3539 3795 3598 sanctis

2172 3610 2261 3678 qui
2284 3610 2336 3664 in
2364 3620 2503 3666 terra
2526 3612 2816 3670 viventium
2848 3632 2997 3687 spem
3021 3636 3173 3676 suam
3206 3638 3539 3692 posuerunt,
3569 3631 3790 3687 civibus

2172 3699 2465 3756 Jerusalem
2511 3704 2779 3771 ctelcstis,
2827 3723 3054 3778 quorum
3102 3716 3441 3771 conversatio
3485 3717 3787 3788 spiritualis

2170 3806 2269 3863 per
2292 3793 2581 3854 anchoram
2622 3797 2734 3866 spei
2766 3797 2820 3852 in
2866 3799 2953 3853 illa
2999 3805 3169 3869 patria
3201 3803 3419 3875 ﬂgitur,
3465 3822 3587 3876 qua:
3632 3822 3787 3868 recte

2174 3882 2267 3938 llei
2296 3890 2436 3938 terra
2466 3886 2802 3954 nominatur;
2832 3892 3076 3960 quamvis
3104 3893 3283 3950 adhuc
3300 3905 3365 3955 .et
3393 3896 3446 3952 in
3490 3900 3575 3955 his
3622 3903 3789 3959 terris

2170 3988 2334 4028 carne
2358 3986 2661 4031 versentur.
2712 3977 3005 4047 lliriﬁcavit
3042 3981 3064 4014 ⁸
3103 4000 3277 4041 onmes
3318 3989 3599 4045 voluntates
3639 4010 3789 4051 meas

2170 4064 2223 4117 in
2248 4064 2370 4118 illis.
2397 4065 2491 4119 llis
2519 4082 2648 4138 ergo
2682 4071 2883 4126 sanctis
2908 4073 3071 4129 miras
3093 4073 3223 4131 fecit
3252 4093 3445 4135 omnes
3471 4082 3786 4143 voluntates

2170 4170 2318 4211 meas
2344 4157 2395 4210 in
2426 4168 2678 4227 provectu
2710 4175 2918 4229 eorum,
2940 4178 3048 4234 quo
3076 4180 3363 4223 senserunt
3390 4173 3518 4241 quid
3541 4175 3621 4229 eis
3643 4192 3781 4246 pro-

2172 4247 2329 4302 fuerit
2367 4259 2421 4302 et
2461 4248 2766 4306 humanitas
2806 4268 2941 4308 mem
2974 4255 3267 4314 divinitatis
3310 4272 3370 4316 ut
3408 4278 3688 4335 morerer,
3727 4278 3789 4326 et

2169 4339 2419 4394 divinitas
2445 4340 2789 4398 humanitatis
2819 4354 2877 4398 ut
2902 4361 3263 4419 resurgerem.

2240 4434 2296 4487 4.
2321 4430 2469 4505 [vers.
2493 4433 2571 4506 4.]
2603 4434 2957 4507 Multiplicatte
2979 4451 3093 4494 sunt
3115 4442 3434 4512 inﬁrmitates
3462 4465 3635 4503 eorum
3656 4451 3737 4524 (e)
3764 4472 3780 4510 :

2172 4542 2277 4580 non
2307 4527 2371 4581 ad
2404 4529 2717 4597 perniciem,
2744 4532 2837 4587 sed
2865 4542 2922 4586 ut
2948 4535 3214 4591 medicum
3236 4538 3627 4599 desiderarent.
3662 4544 3783 4602 Po-

2168 4628 2276 4671 stea
2301 4619 2705 4675 acceleraverunt
2732 4638 2752 4676 :
2779 4623 2954 4693 itaque
2984 4637 3107 4696 post
3140 4630 3522 4702 multiplicatas
3550 4636 3784 4696 infirmi-

2170 4718 2305 4764 tates
2335 4710 2772 4768 acceleraverunt
2795 4756 2810 4778 ,
2840 4725 2898 4769 ut
2923 4731 3258 4776 sanarentur.
3293 4721 3416 4778 Non
3456 4734 3779 4801 congregabo

2168 4802 2512 4854 conventicula
2552 4818 2728 4857 eorum
2770 4804 2833 4859 de
2869 4810 3201 4880 sanguinibus
3229 4829 3248 4867 :
3270 4825 3431 4871 erunt
3457 4819 3602 4874 enim
3644 4837 3782 4877 con-

2169 4891 2435 4947 venticula
2482 4907 2669 4949 earum
2713 4910 2820 4951 non
2867 4902 3132 4970 carnalia,
3177 4920 3277 4961 nec
3312 4906 3382 4963 de
3423 4913 3782 4981 sanguinibus

2233 5072 2250 5105 ί
2275 5072 2499 5145 Quinque
2514 5077 2621 5121 Mss.
2647 5085 2758 5145 cum
2782 5074 3002 5145 Vulgata,
3019 5091 3165 5145 super
3182 5078 3500 5136 innocentem.
3526 5093 3583 5138 At
3604 5093 3782 5142 ueteri

2168 5133 2515 5205 Mss._et_edd.,
2528 5133 3153 5205 .supergimtocer'itesgjuita
3180 5150 3332 5195 Graec.
3358 5133 3489 5197 LXX.

2240 5197 2260 5265 ξ
2276 5194 2423 5265 rod,
2443 5194 2653 5265 mugiit.
2680 5203 2735 5265 _At
2756 5204 2883 5258 uss,
2910 5194 3126 5252 eminuit.

2231 5257 2253 5289 ³
2275 5254 2411 5313 ald,
2436 5255 2712 5329 miri/icavi,
2738 5267 2791 5307 et
2810 5254 3194 5329 consequenter,
3218 5264 3371 5329 miras
3393 5268 3505 5329 feci.
3532 5272 3628 5322 Sed
3652 5271 3779 5324 alte.-

2165 5331 2287 5391 ram,
2309 5329 2455 5391 quam
2594 5316 2705 5391 Mss-.7
2728 5316 3365 5391 auctoritat'erestituimns,
3393 5316 3779 5386 léeiioiuéinl'é.

2164 5382 2330 5453 quitur
2355 5382 2649 5453 augustinus
2685 5382 2734 5430 in
2773 5384 2919 5453 Epist.
2946 5385 3054 5446 149,
3079 5388 3139 5437 ad
3178 5382 3442 5451 Paulinum,
3477 5395 3562 5444 ubi
3604 5382 3778 5449 Psaluti

2163 5440 2310 5503 hujus
2331 5440 2461 5489 vers.
2487 5441 2519 5489 5
2544 5448 2597 5490 et
2614 5440 2647 5488 4
2668 5440 2887 5505 exponit.

2164 5604 2196 5640 η
2228 5526 2302 5638 (ἕ)
2338 5526 2470 5577 Idem
2495 5538 2628 5578 vers.
2652 5529 2685 5579 3
2702 5537 2934 5581 tractatur
2956 5532 3005 5582 in
3029 5537 3165 5582 Enar.
3191 5534 3314 5585 t’sal.
3340 5550 3512 5601 xxxvi,
3542 5554 3696 5592 serm.
3722 5543 3776 5607 5,

2325 5657 2397 5701 De
2422 5648 2597 5720 eodem
2622 5664 2756 5702 vers.
2781 5651 2813 5720 f2
2835 5652 2946 5720 vide
2970 5661 3109 5705 utar.
3135 5657 3256 5707 Psal.
3281 5672 3413 5720 ιςιχ,
3441 5676 3490 5710 ιι.
3516 5662 3564 5713 7.

2231 5712 2301 5775 (ε)
2337 5720 2405 5765 De
2426 5712 2744 5767 eodemvers.
2767 5714 2798 5764 4
2815 5716 2925 5768 vide
2949 5723 3088 5767 Enar.
3114 5720 3235 5769 Psal.
3252 5736 3379 5782 ινιιι.
3578 5723 3625 5784 3.
3646 5738 3698 5775 ιι.
3719 5724 3774 5778 8.
