3956 6324
138 412 217 466 με
1213 403 1608 458 ΕΝᾹῐὶιὶᾹΤΙΟ
1651 400 1712 454 ΙΝ
1755 399 2080 456 l’S.\LMUM
2121 401 2258 455 XVI.

137 537 348 589 petor-nn
381 520 694 588 propitiatus
726 519 1055 588 catagrrgaho
1100 533 1214 572 eos.
1251 517 1358 570 Nec
1388 534 1575 568 ntrtnor
1602 532 1688 568 ero

134 631 352 663 mnttmmtt
391 614 594 664 illorum
626 630 714 679 per
741 614 874 664 labia
906 629 1012 664 mea
1042 629 1058 663 .'
1088 611 1180 664 sed
1228 612 1486 678 spirituali
1522 618 1690 661 muta—

133 715 249 756 tione
288 705 670 758 obliviscantur
700 705 826 774 quid
858 703 1078 761 iuerint:
1132 720 1229 757 nec
1259 719 1286 754 a
1334 718 1418 757 me
1454 703 1563 770 jam
1609 700 1690 754 vel

131 807 420 865 peccaturos,
455 796 537 849 vel
574 797 796 860 inimici,
830 796 908 848 vel
943 793 1206 857 homines,
1237 793 1332 847 sed
1356 793 1483 860 justi
1509 801 1563 846 et
1588 790 1692 844 l'ra-

131 900 216 940 tres
242 890 332 940 mei
361 897 411 939 et
445 887 538 939 lilii
571 888 662 941 ltei
686 887 1016 940 vocabuntur
1048 901 1141 953 per
1175 900 1357 949 pacem
1390 898 1583 938 meam.

184 980 228 1034 5.
259 978 397 1046 [rem
425 977 505 1049 5.]
547 978 793 1031 Dominus
821 995 937 1047 pars
968 976 1275 1029 liceretlitatis
1313 990 1463 1039 mea,
1506 983 1551 1026 et
1578 973 1693 1026 cali-

126 1073 183 1125 cis
211 1072 292 1123 mei
317 1072 412 1139 (a).
447 1070 804 1124 Possidehunt
846 1070 988 1124 enim
1033 1076 1242 1122 m'ceum
1286 1065 1650 1120 lmreditatem
1673 1105 1688 1129 ,

127 1167 270 1235 ip~tnn
297 1165 599 1216 Dominum.
627 1164 836 1233 Eligam
857 1163 955 1216 sibi
977 1161 1065 1215 alii
1095 1171 1274 1229 partes
1300 1159 1492 1229 quibus
1514 1157 1694 1212 lruan-
1764 1210 1767 1212 _

126 1267 223 1318 tur,
242 1264 468 1308 terrenas
485 1263 545 1307 et
567 1253 890 1322 temporales
920 1271 932 1305 :
970 1251 1142 1320 portio
1172 1260 1480 1303 sanctorum
1506 1248 1691 1302 Domi-

125 1361 208 1401 nus
244 1354 465 1400 :cternus
509 1355 615 1398 est.
650 1345 840 1398 Bibant
879 1344 968 1395 alii
1018 1340 1318 1396 mortiferas
1345 1340 1644 1410 voluptates
1675 1353 1690 1392 :

123 1437 271 1503 portio
297 1435 473 1488 ealicis
503 1436 611 1488 mei
655 1435 910 1488 Dominus
936 1442 1035 1486 est.
1065 1432 1214 1500 Quod
1243 1431 1398 1496 dico,
1431 1432 1530 1484 mei
1554 1470 1571 1495 ,
1600 1429 1692 1483 ad-

121 1526 259 1596 jungo
287 1526 582 1580 Ecclesiaut
607 1543 620 1589 ;
649 1526 770 1594 quia
801 1525 889 1578 ubi
910 1507 1100 1593 caput,
1131 1524 1199 1576 ibi
1226 1531 1282 1577 et
1308 1536 1539 1591 corpus:
1569 1536 1692 1574 nam

124 1619 165 1670 in
203 1618 560 1672 hmreditatem
591 1617 932 1687 congregaho
975 1614 1342 1670 conventicula
1385 1628 1570 1667 eorum
1593 1653 1607 1678 ,
1641 1620 1697 1666 et

125 1722 202 1776 per
234 1708 405 1762 ealicis
431 1709 754 1762 ebriemteut
794 1707 1078 1762 obliviscar
1121 1706 1333 1758 nomina
1377 1712 1559 1758 vetera
1603 1716 1696 1756 eo-

123 1814 238 1853 rum.
288 1797 360 1852 Tu
400 1816 452 1852 es
481 1799 576 1868 qui
618 1799 845 1851 restitues
875 1797 999 1850 mihi
1037 1796 1378 1850 Itwreditatem
1407 1811 1566 1847 meam
1593 1809 1612 1846 :
1637 1799 1696 1846 ut

123 1901 222 1944 nota
249 1891 312 1944 sit
340 1899 396 1944 et
436 1888 530 1943 his
555 1906 690 1960 quos
723 1890 920 1952 libero,
952 1889 1168 1942 claritas
1212 1904 1315 1957 qua
1361 1902 1508 1942 eram
1553 1885 1692 1954 apud

125 1993 192 2046 te,
235 1983 370 2050 prius
398 1997 561 2050 quam
607 1981 835 2036 mundus
865 1980 1017 2035 ﬁeret
1046 1979 1226 2051 (Joan.
1259 1995 1365 2032 xvu
1386 2020 1399 2039 .
1443 1978 1502 2047 5)
1538 1995 1552 2032 :
1585 1993 1691 2030 non

124 2075 240 2127 enim
285 2075 531 2128 restitues
578 2073 709 2127 mihi
759 2073 898 2142 quod
936 2088 1039 2126 non
1074 2070 1262 2131 amisi.
1307 2071 1400 2122 sed
1444 2070 1694 2122 restitues

125 2166 190 2218 his
214 2166 290 2236 qui
317 2169 618 2219 amiserunt
645 2166 762 2233 ejus
786 2164 1044 2217 claritatis
1075 2163 1314 2215 notitiam
1341 2177 1355 2224 ;
1407 2162 1457 2212 in
1500 2159 1693 2228 quibus

124 2257 220 2324 quia
247 2271 336 2324 ego
363 2271 482 2309 sum
500 2297 515 2318 ,
544 2255 672 2308 milii
705 2255 958 2308 restitues.

180 2347 224 2400 6.
249 2345 388 2417 [κη.
421 2344 501 2417 6.]
554 2343 727 2398 Fmtes
769 2344 1054 2397 ceciderunt
1095 2341 1222 2395 mihi
1264 2341 1317 2392 in
1364 2337 1624 2410 praeclaris
1673 2353 1692 2392 :

125 2436 286 2489 limites
315 2436 671 2504 possessionis
713 2451 844 2488 meze
886 2435 937 2488 in
985 2444 1070 2488 tua
1116 2435 1394 2496 claritate,
1440 2443 1688 2500 tanquam

124 2538 242 2581 sorte
265 2527 569 2582 ceciderunt
591 2569 606 2591 ,
635 2527 779 2580 velut
809 2527 1075 2594 possessio
1097 2524 1432 2579 sacerdotum
1457 2533 1510 2576 et
1535 2524 1688 2576 Levi-

126 2629 269 2670 tarunt
314 2619 449 2671 Deus
493 2627 604 2672 est.
651 2617 850 2670 Etenim
889 2616 1158 2670 Ita'retlitas
1187 2632 1296 2668 mea
1337 2613 1583 2684 prwclara
1618 2622 1691 2665 est

128 2713 228 2764 mihi
250 2730 267 2764 :
291 2713 480 2766 etenim
513 2711 802 2765 luet-editas
830 2725 945 2764 mea
971 2710 1220 2779 pra-clara
1243 2718 1346 2773 est,
1379 2723 1484 2761 non
1512 2707 1689 2760 omni-

124 2802 221 2864 bus,
247 2803 331 2858 sed
357 2803 667 2857 videntibus
688 2819 700 2854 :
745 2801 794 2854 iu
821 2801 1012 2869 quibus
1026 2800 1148 2870 quia
1166 2815 1267 2869 ego
1283 2815 1422 2860 sum,
1447 2798 1571 2850 mihi
1595 2808 1686 2851 est.

180 2896 223 2948 7.
250 2893 389 2966 [σεῖε.
416 2894 497 2966 7.]
540 2893 846 2948 Benediram
888 2891 1192 2951 Dominum,
1232 2892 1319 2959 qui
1355 2889 1475 2941 mihi
1520 2889 1689 2942 tribuit

123 2989 386 3042 intellectum
413 3005 431 3042 :
457 3004 568 3058 quo
599 2989 694 3042 ista
726 2985 1009 3040 Increditas
1031 2982 1200 3038 videri
1221 2994 1270 3036 et
1302 2983 1560 3050 possideri
1591 2997 1688 3051 po-

125 3089 224 3133 tt'sl.
268 3079 480 3150 Insuper
507 3090 680 3132 autem
716 3087 762 3131 et
793 3092 948 3144 usque
976 3076 1044 3128 ad
1085 3085 1278 3127 noctem
1305 3074 1689 3127 emendavcrunt

124 3188 186 3224 me
221 3189 349 3226 renes
391 3173 491 3225 mei
538 3188 560 3226 :
605 3155 769 3238 super
810 3169 1134 3222 intellectum
1180 3175 1355 3219 autem
1407 3181 1574 3231 usque
1621 3164 1686 3216 ad

125 3273 316 3315 mortem
344 3278 428 3316 me
457 3261 700 3317 erudivit
749 3258 969 3313 inferior
1011 3273 1134 3326 pars
1179 3271 1293 3308 mea
1320 3296 1335 3319 ,
1381 3255 1558 3310 carnis
1605 3269 1690 3307 as-

124 3353 340 3420 sumptio;
374 3362 430 3404 ut
453 3351 736 3422 experirer
763 3348 1010 3404 tenebras
1039 3346 1376 3400 mortalitatis
1395 3385 1409 3409 ,
1438 3361 1570 3415 quas
1599 3345 1690 3398 ille

124 3444 389 3499 intellectus
413 3459 521 3498 non
558 3443 744 3496 habet.

178 3535 223 3588 3.
271 3532 416 3608 [uers.
468 3532 551 3605 8.]
611 3531 950 3586 Providebam
999 3528 1274 3582 Dominum
1317 3529 1370 3580 iu
1421 3535 1689 3597 conspectu

123 3641 210 3678 meo
244 3642 430 3696 semper
459 3624 536 3698 (ὁ)
589 3639 608 3678 :
651 3622 744 3677 sed
786 3622 1005 3676 veniens
1035 3621 1087 3673 in
1117 3635 1179 3673 ea
1219 3635 1338 3687 qua:
1369 3626 1649 3672 transeunt
1671 3659 1686 3684 ,

124 3734 208 3769 non
227 3719 406 3772 abstuli
437 3716 658 3771 oculunt
683 3715 750 3769 ab
775 3730 841 3769 eo
860 3713 948 3784 qui
970 3728 1183 3780 semper
1212 3719 1413 3777 manet,
1443 3710 1545 3764 hoc
1569 3725 1692 3778 pro-

123 3811 279 3865 \‘idcus
305 3820 358 3864 ut
385 3811 434 3864 in
458 3825 587 3864 eum
617 3818 736 3878 post
757 3805 1066 3875 temporalia
1092 3815 1300 3874 peracta
1334 3819 1685 3858 recurrerem.

126 3900 342 3963 Quoniam
373 3919 403 3953 a
428 3900 627 3955 dextris
654 3909 726 3953 est
753 3897 877 3951 mihi
897 3940 913 3962 ,
951 3913 1014 3950 ne
1051 3911 1360 3949 commoveor
1388 3911 1408 3950 :
1437 3894 1688 3963 quoniam

124 3991 237 4044 lavet
262 3992 380 4045 mihi
404 4034 418 4055 ,
451 4000 509 4044 ut
539 3990 803 4044 stabiliter
830 3989 880 4041 itt
912 4004 977 4041 eo
1010 4001 1372 4056 permaneant.

179 4085 222 4139 9.
257 4083 399 4156 [rem
427 4084 508 4156 9.]
544 4082 763 4151 Propter
789 4082 881 4135 hoc
911 4081 1253 4150 jucundatum
1281 4087 1351 4132 est
1375 4093 1464 4131 cor
1487 4093 1687 4141 meum,

123 4187 158 4229 et
183 4177 426 4231 exsultavit
453 4179 635 4249 lingua
676 4193 786 4228 mea
813 4191 832 4228 :
862 4183 1079 4244 propter
1119 4171 1221 4226 hoc
1247 4183 1302 4226 et
1333 4172 1384 4225 in
1414 4171 1694 4240 cogitatio-

125 4270 254 4323 nibus
279 4271 404 4325 meis
425 4268 737 4340 jueunditas
761 4309 776 4331 ,
815 4275 870 4320 et
911 4265 963 4318 in
993 4265 1169 4319 verbis
1199 4263 1508 4317 exsultatio.
1539 4261 1693 4316 Insu-

127 4377 198 4429 per
221 4373 258 4414 et
287 4378 399 4416 caro
420 4377 532 4413 mea
563 4359 834 4430 requiescet
861 4357 913 4409 in
941 4372 1030 4423 spe
1059 4371 1076 4408 :
1107 4355 1324 4422 insuper
1343 4365 1396 4407 et
1423 4369 1552 4408 caro
1575 4367 1691 4406 mea

127 4469 211 4507 non
236 4453 436 4508 deﬁciet
480 4453 539 4506 in
585 4451 891 4514 interitum,
924 4447 1021 4502 sed
1063 4447 1113 4500 in
1160 4461 1256 4516 spe
1285 4445 1693 4500 resurrectionis

128 4543 409 4598 obdormiet.

187 4636 260 4691 l0.
306 4635 452 4710 [vers.
503 4631 619 4706 10.]
668 4632 919 4700 Quoniam
967 4647 1069 4684 non
1114 4629 1426 4701 derelinques
1471 4629 1695 4681 animant

131 4743 264 4780 nteant
286 4729 336 4781 in
363 4729 568 4798 inferno
596 4727 613 4757 ⁸
642 4743 655 4778 :
679 4725 928 4794 quoniam
970 4737 1140 4793 neque
1159 4722 1391 4776 animam
1423 4736 1593 4774 meam
1618 4724 1699 4774 in-

134 4820 236 4876 ieris
273 4822 646 4893 possidendam
690 4820 858 4874 dabis.
895 4817 1075 4889 Neque
1105 4817 1248 4871 dabis
1287 4826 1516 4870 sanctum
1555 4826 1697 4870 tuum

132 4914 270 4968 ridere
291 4915 666 4982 corruptionem
697 4927 715 4965 :
744 4926 915 4980 neque
937 4909 1324 4964 sanctiﬁcatum
1357 4923 1572 4977 corpus,
1606 4924 1700 4975 per

133 5003 247 5068 quod
268 5015 318 5060 et
337 5004 422 5059 alii
451 5001 820 5059 sanctiﬁeaudi
849 5009 996 5065 sunt,
1027 4999 1297 5068 corrumpi
1320 4998 1556 5068 patieris.
1584 4996 1697 5050 Νο-

135 5105 196 5147 las
218 5098 329 5156 mihi
357 5096 521 5167 fecisti
552 5096 660 5148 vias
689 5094 804 5147 vita:
833 5108 852 5145 :
877 5101 1033 5145 notas
1062 5089 1231 5144 fecisti
1275 5104 1370 5158 per
1395 5103 1482 5142 me
1524 5088 1700 5141 humi-

136 5186 268 5243 litatis
290 5190 396 5244 vias
421 5232 434 5254 ,
469 5200 530 5244 ut
573 5185 639 5240 ad
667 5186 827 5238 vitam
858 5183 1096 5239 redirent
1124 5182 1399 5242 homines,
1429 5179 1569 5233 unde
1609 5195 1702 5248 per

135 5281 400 5347 superbiam
427 5277 775 5339 ceciderant;
807 5275 858 5328 in
899 5273 1091 5343 quibus
1112 5273 1235 5342 quia
1265 5286 1364 5340 ego
1390 5285 1508 5323 sum
1531 5309 1547 5333 ,
1578 5269 1702 5321 mihi

137 5372 288 5437 fecisti.
313 5369 623 5438 Adimplebis
652 5385 729 5421 me
757 5367 934 5421 latitia
958 5381 1071 5418 cum
1097 5364 1237 5417 cultu
1271 5370 1356 5414 tuo
1396 5377 1416 5414 :
1446 5358 1703 5428 adimple-

139 5461 204 5516 bis
223 5478 309 5518 eos
329 5463 506 5521 Malitia
528 5503 544 5524 ,
570 5470 628 5514 ιιι
651 5474 757 5513 non
781 5459 916 5513 ultra
949 5464 1192 5526 qu:erant
1216 5450 1416 5521 aliquid
1437 5489 1450 5513 ,
1481 5464 1602 5504 cum
1629 5447 1704 5502 la-

139 5553 203 5607 cie
221 5554 277 5608 ad
299 5557 478 5610 faciem
509 5560 564 5605 te
595 5551 846 5612 viderint;
872 5549 923 5602 in
954 5546 1148 5616 quibus
1177 5544 1296 5615 quia
1318 5558 1420 5612 ego
1441 5555 1559 5596 sum
1585 5582 1598 5607 ,
1625 5556 1706 5593 me

140 5643 424 5714 sdimplebis.
467 5640 749 5698 Delectatio
780 5639 832 5691 in
857 5641 1062 5692 dextera
1089 5647 1176 5689 tua
1213 5651 1369 5706 usque
1408 5635 1462 5686 in
1491 5633 1646 5702 ﬁnem
1687 5644 1706 5686 :

192 5779 205 5808 ¹
228 5786 336 5827 “nes
356 5785 482 5834 llas,
508 5774 560 5824 in
584 5773 845 5836 infernum.
869 5776 1016 5818 (irate.
1040 5774 1170 5824 LXX,
1195 5779 1267 5816 ets
1289 5765 1432 5813 adea.

204 5823 334 5890 alid:
355 5823 482 5890 vers:
509 5823 542 5886 3
566 5823 798 5886 tractatur
818 5835 865 5884 in
888 5838 1022 5879 Enar.
1050 5838 1121 5877 t’s.
1149 5823 1477 5883 Sumserm.
1502 5825 1610 5890 l.__n.
1629 5823 1702 5873 19..

204 5854 230 5886 a
271 5840 329 5888 td.
355 5851 482 5890 vers.
509 5839 542 5886 3
566 5843 798 5886 tractatur
818 5839 865 5884 in
888 5839 1022 5879 Enar.
1050 5839 1121 5877 Ps.
1149 5840 1477 5883 xxxtv,serm.
1502 5839 1545 5878 ι.
1562 5839 1610 5872 n.
1629 5839 1701 5873 ιιι..

186 5839 250 5965 ibi
279 5908 342 5954 De
364 5901 538 5953 eodem
564 5911 700 5950 vers.
725 5897 933 5958 Ssupra,
955 5891 1046 5944 col.
1078 5891 1182 5952 103,
1207 5905 1256 5940 ιι.
1291 5891 1361 5951 11,
1388 5891 1514 5938 circa
1538 5886 1701 5936 linem.

3307 408 3410 464 με

1799 530 2082 587 delectatio
2111 543 2193 586 est
2220 534 2270 586 iu
2295 533 2472 588 favore
2502 536 2626 589 etin
2653 538 3025 606 propitiatione
3051 547 3136 598 tua
3166 539 3217 593 itt
3249 539 3404 609 hujus

1799 623 1922 675 vita:
1949 623 2157 684 itinere,
2193 624 2491 691 perducens
2533 641 2697 695 usque
2741 629 2804 681 ad
2835 628 2994 682 liuent
3038 631 3224 699 glori-.e
3269 648 3399 684 ωηο

1799 723 2012 782 Spectus
2039 715 2133 767 tui.

2245 838 2321 898 IN
2368 839 2748 900 PSALMUM
2796 839 2943 902 XVI

2409 939 2827 994 ENAliliATll).

2343 1031 2520 1086 Oratio
2549 1034 2650 1100 ipsi
2676 1032 2864 1085 David.

1877 1123 1925 1176 l.
1959 1121 2108 1194 [νει-δ.
2144 1123 2205 1187 1,
2237 1123 2316 1196 2.]
2351 1123 2472 1176 llwc
2499 1135 2580 1177 est
2601 1140 2842 1193 persona:
2869 1127 3072 1179 Domini
3099 1127 3404 1190 tribuenda,

1801 1213 2047 1281 adjuncta
2077 1214 2335 1279 Ecclesia,
2363 1231 2481 1283 quae
2504 1230 2695 1284 corpus
2726 1217 2841 1284 ejus
2869 1227 2970 1271 est.

1869 1305 1923 1358 2.
1956 1304 2159 1357 Exaudi
2185 1346 2199 1371 ,
2229 1303 2366 1358 Deus
2384 1348 2399 1370 ,
2427 1306 2673 1370 iustitiam
2698 1324 2860 1359 meam
2881 1350 2894 1372 ,
2924 1308 3126 1360 intende
3155 1309 3398 1375 depreca-

1799 1396 1924 1449 tioni
1963 1411 2105 1448 metu.
2147 1397 2367 1450 Auribus
2407 1398 2607 1467 percipe
2643 1399 2918 1452 orationem
2964 1417 3122 1452 meam
3147 1441 3161 1463 ,
3203 1419 3303 1453 non
3348 1403 3398 1453 in

1801 1485 1946 1540 labiis
1974 1486 2161 1539 dolosis
2191 1501 2208 1539 .'
2250 1501 2352 1539 non
2385 1485 2451 1538 ad
2495 1495 2545 1540 te
2590 1487 2640 1539 in
2686 1488 2836 1540 labiis
2867 1487 3067 1541 dolosis
3100 1489 3397 1559 procedet:-

1801 1585 1928 1630 tem.
1959 1576 2002 1631 Α
2033 1579 2172 1630 vultu
2205 1587 2287 1630 tuo
2323 1579 2582 1647 judicium
2619 1596 2788 1632 meum
2818 1581 3028 1650 prodeat
3060 1597 3077 1633 :
3110 1598 3170 1634 rx
3203 1582 3394 1633 illumi-

1801 1670 2013 1723 natioue
2043 1669 2246 1722 notitia:
2282 1679 2384 1723 tua;
2410 1685 2592 1724 verum
2620 1657 2854 1738 judicem
2881 1688 2895 1734 ;
2927 1684 3017 1725 aut
3063 1684 3208 1727 certe.
3233 1715 3246 1730 .
3292 1692 3395 1726 non

1799 1759 1851 1812 itt
1882 1759 2033 1814 labiis
2055 1759 2256 1813 dolosis
2293 1778 2321 1812 a
2355 1761 2497 1813 vulto
2527 1769 2616 1814 tuo
2641 1761 2897 1830 judicium
2929 1779 3105 1815 meum
3137 1763 3355 1829 prodeat
3381 1807 3394 1828 ,

1800 1859 1856 1903 ut
1901 1849 2107 1903 scilicet
2149 1864 2254 1902 nou
2309 1851 2574 1919 proferant
2614 1850 2859 1917 judicans
2890 1853 3032 1906 aliud
3061 1870 3217 1922 quam
3265 1855 3314 1907 in
3348 1867 3396 1909 te

1799 1940 2053 2010 intelligo.
2087 1938 2234 1994 Oculi
2261 1943 2357 1995 ntei
2395 1943 2595 1996 rideant
2637 1944 2923 2014 tequitaten:
2954 1962 2971 1997 :
3000 1945 3177 1998 cordis
3218 1945 3398 2015 utique

1797 2032 1954 2086 oculi.

1869 2125 1920 2179 3.
1965 2123 2116 2197 [vers.
2160 2123 2237 2196 5.]
2285 2124 2524 2178 Probasti
2571 2143 2657 2177 cor
2689 2143 2849 2178 meum
2880 2137 2924 2179 et
2967 2127 3177 2180 visitasti
3208 2137 3395 2182 nocte:

1795 2219 1918 2287 quia
1951 2219 2121 2287 ipsum
2149 2231 2243 2271 eor
2265 2234 2441 2271 meum
2472 2217 2775 2272 visitatione
2800 2218 3157 2271 tribulationis
3199 2219 3393 2286 proba-

1799 2321 1906 2365 lttm
1933 2319 2036 2365 est.
2065 2309 2194 2382 Igne
2234 2327 2310 2364 me
2336 2311 2635 2363 nominasti
2659 2352 2672 2374 ,
2703 2321 2748 2362 et
2785 2326 2884 2362 non
2912 2321 2982 2362 est
3009 2313 3208 2361 inventa
3237 2311 3289 2362 in
3319 2327 3396 2363 me

1796 2404 2034 2472 iniquitas
2059 2418 2078 2458 :
2107 2419 2211 2457 nou
2240 2411 2420 2456 autem
2447 2419 2550 2455 nox
2574 2411 2800 2466 tantum,
2824 2402 2945 2470 quia
2969 2403 3280 2470 perturbare
3308 2417 3396 2454 as-

1796 2495 1933 2547 solet
1957 2537 1971 2556 ,
1996 2494 2089 2548 sed
2115 2494 2273 2548 etiam
2299 2493 2433 2563 ignis
2463 2495 2581 2562 quia
2612 2493 2751 2555 urit,
2781 2491 3019 2544 vocanda
3046 2501 3127 2546 est
3157 2491 3268 2561 ipsa
3295 2490 3395 2544 tri-

1795 2586 2013 2651 bulatio,
2037 2602 2139 2655 qua
2164 2587 2497 2640 examinatus
2523 2627 2536 2650 ,
2562 2585 2732 2654 justus
2766 2585 3010 2638 inventus
3037 2599 3175 2637 sum.

1867 2680 1920 2732 Δ.
1964 2679 2113 2752 [t'ers.
2159 2676 2238 2750 4.]
2285 2677 2352 2731 Ut
2378 2694 2476 2730 non
2501 2677 2734 2746 loquatur
2759 2694 2813 2729 os
2844 2693 3007 2728 meum
3036 2693 3188 2744 Opera
3232 2675 3394 2728 Itami-

1795 2788 1918 2824 num
1949 2786 1967 2823 :
1994 2782 2050 2824 ut
2092 2770 2231 2823 aliud
2266 2786 2368 2823 non
2398 2770 2652 2840 procedat
2699 2784 2762 2823 ex
2810 2784 2904 2822 ore
2953 2783 3094 2832 meo,
3138 2784 3294 2837 quam
3342 2767 3393 2820 id

1795 2865 1934 2931 quod
1977 2863 2206 2930 pertinet
2243 2862 2309 2916 ad
2350 2863 2574 2933 gloriam
2616 2872 2669 2916 et
2716 2861 2924 2916 laudem
2961 2870 3143 2920 tuam;
3179 2876 3281 2914 non
3327 2860 3392 2914 ad

1795 2970 1955 3021 opera
1981 2953 2277 3014 hominum.
2300 2971 2417 3022 qua:
2435 2954 2630 3008 faciunt
2654 2963 2848 3023 prarter
2868 2953 3193 3007 voluntatem
3224 2966 3388 3006 tuam.

1799 3044 2018 3113 PrOpter
2056 3045 2208 3099 verba
2253 3045 2502 3098 labiormn
2543 3059 2740 3097 tuorum
2769 3062 2786 3097 :
2816 3055 3031 3114 propter
3057 3045 3215 3098 verba
3251 3046 3392 3113 pacis

1797 3146 1900 3190 tua:
1921 3179 1934 3196 .
1961 3137 2043 3190 vel
2070 3137 2455 3207 Prophetarum
2485 3148 2716 3191 tuorum.
2749 3135 2857 3206 Ego
2889 3137 3134 3190 custodivi
3167 3139 3268 3189 vias
3298 3137 3393 3189 du-

1793 3245 1878 3282 ras
1916 3245 1934 3281 :
1962 3245 2061 3298 ego
2108 3229 2372 3284 custodiri
2414 3229 2526 3282 vias
2575 3229 2866 3282 labet-iosas
2912 3229 3247 3282 nmrtalitatis
3291 3229 3391 3282 hu-

1794 3336 1967 3374 matur,
1988 3331 2147 3390 atque
2174 3322 2457 3389 passionis.

1866 3411 1919 3464 5.
1947 3408 2097 3481 [vers.
2131 3409 2208 3482 5.]
2234 3410 2314 3462 Ad
2351 3409 2682 3479 perﬁciendos
2722 3426 2921 3479 gressus
2953 3425 3087 3462 meos
3125 3409 3177 3460 in
3204 3409 3393 3462 sentitis

1793 3502 1893 3556 tuis
1932 3519 1951 3557 :
1992 3513 2048 3557 ιιι
2089 3503 2436 3573 perﬁceretur
2461 3500 2692 3555 charitas
2733 3501 2992 3555 Ecclesia:
3033 3500 3083 3554 in
3115 3501 3392 3554 itineribus

1793 3595 2072 3666 angustis.
2103 3595 2295 3665 quibus
2335 3595 2547 3648 venitur
2583 3593 2649 3646 ad
2693 3595 2929 3662 requiem
2972 3602 3137 3646 tuam.
3183 3591 3251 3645 Ut
3291 3609 3392 3645 non

1795 3696 2088 3740 moveantur
2115 3685 2322 3756 uestigia
2343 3702 2453 3738 mea
2481 3701 2499 3739 :
2523 3694 2579 3738 ut
2604 3701 2707 3738 non
2733 3695 3046 3737 moveantur
3065 3685 3212 3753 signa
3238 3684 3392 3740 itine-

1796 3778 1870 3832 ris
1905 3777 2010 3831 ntei
2035 3820 2050 3841 ,
2091 3793 2210 3847 quae
2241 3786 2488 3846 tanquam
2533 3776 2749 3845 vestigia
2794 3776 3144 3830 Sacramcutis
3172 3785 3225 3830 et
3251 3775 3394 3829 Scri-

1799 3869 1964 3939 pturis
1989 3868 2298 3937 apostolicis
2338 3869 2596 3937 impressa
2625 3876 2782 3931 sunt,
2826 3882 2945 3936 qu:e
2991 3867 3296 3920 intueantur
3340 3878 3394 3919 et

1795 3961 2081 4013 observent
2104 3960 2192 4028 qui
2226 3974 2311 4012 me
2337 3958 2487 4027 sequi
2530 3957 2751 4021 volunt;
2791 3966 2882 4009 aut
2910 3966 3055 4011 certe
3080 4000 3094 4022 ,
3140 3966 3196 4010 ut
3233 3957 3392 4010 etiam

1796 4054 1894 4104 stal
1917 4051 2057 4105 ilitcr
2079 4052 2128 4103 in
2152 4051 2449 4104 a-tcrnitate
2483 4065 2843 4118 permancam,
2871 4061 3052 4119 postea
3079 4065 3238 4119 quam
3273 4066 3394 4116 per-

1797 4142 1878 4212 egi
1911 4142 2022 4195 vias
2080 4142 2280 4205 duras,
2326 4154 2378 4194 et
2421 4140 2472 4194 iu
2513 4141 2780 4210 angustiis
2827 4141 3136 4194 semitaruut
3185 4150 3394 4194 tuarum

1796 4251 2015 4306 gressus
2042 4237 2256 4305 perfeci.

1870 4327 1923 4381 6.
1969 4324 2119 4399 [vers.
2169 4325 2246 4398 6.]
2283 4325 2390 4396 Ego
2417 4327 2630 4380 clamavi
2654 4369 2667 4391 ,
2709 4327 2949 4393 qttoniunt
2978 4327 3228 4380 exaudiin
3277 4344 3391 4389 me.

1798 4416 1938 4471 Deus
1985 4433 2002 4471 :
2039 4434 2140 4488 ego
2181 4417 2342 4470 libera
2391 4427 2444 4470 et
2491 4418 2663 4471 valida
2697 4417 2992 4471 intentione
3023 4433 3205 4485 preces
3232 4416 3298 4470 ad
3345 4426 3397 4470 te

1799 4509 1988 4572 direxi;
2020 4507 2270 4578 quoniam
2295 4516 2349 4560 ut
2372 4507 2510 4561 hanc
2540 4507 2736 4560 habere
2759 4522 2991 4576 possem,
3022 4506 3279 4559 exaudisti
3310 4522 3395 4559 me.

1802 4599 2062 4654 inﬁrmius
2109 4610 2400 4653 orantem.
2436 4597 2643 4651 Incliua
2695 4615 2869 4652 aurem
2926 4611 3063 4651 tuam
3120 4599 3246 4650 mihi
3273 4639 3287 4660 ,
3352 4609 3397 4651 et

1801 4694 1986 4748 exaudi
2016 4695 2161 4747 verba
2189 4710 2299 4745 mea
2324 4709 2342 4746 :
2370 4708 2473 4744 non
2500 4691 2711 4745 deserat
2741 4692 3009 4746 exauditio
3052 4701 3136 4744 tua
3181 4690 3398 4744 humili—

1804 4797 1964 4841 tatem
1997 4802 2188 4840 meam.

1875 4878 1927 4930 7.
1976 4874 2126 4949 [vers.
2304 4875 2527 4942 Miriﬁsa
2572 4874 2945 4928 misericordias
2975 4884 3088 4928 tuas
3119 4892 3136 4928 :
3169 4891 3272 4928 nott
3319 4877 3400 4930 vi-

1804 4969 2008 5022 lescant
2036 4966 2420 5021 misericordia:
2449 4975 2548 5018 tua:
2573 5007 2586 5029 ,
2616 4981 2682 5020 ne
2712 4966 2888 5019 minus
2914 4978 3181 5018 amentur.

1875 5061 1928 5115 8.
1961 5058 2111 5133 [vers.
2156 5058 2236 5131 8.]
2268 5060 2368 5123 Qui
2410 5059 2576 5112 salvos
2617 5059 2744 5128 facis
2782 5071 3041 5124 sperantes
3086 5059 3138 5111 in
3168 5069 3233 5122 te,
3269 5075 3300 5110 a
3325 5074 3401 5112 re-

1804 5152 2089 5208 sistentibus
2133 5153 2352 5205 dextera
2393 5161 2496 5204 tute
2537 5166 2555 5203 :
2593 5166 2623 5204 a
2670 5149 3040 5204 resistentibus
3090 5148 3255 5203 litvori
3300 5167 3405 5216 quo

1806 5246 1934 5300 mihi
1968 5244 2129 5300 faves.
2173 5242 2382 5296 Custodi
2424 5260 2536 5307 me,
2568 5242 2815 5304 Domine,
2848 5253 2902 5293 ut
2941 5242 3192 5308 pupillam
3219 5240 3355 5294 oculi
3389 5256 3403 5295 :

1808 5352 1926 5407 qua:
1966 5344 2188 5405 apparet
2213 5349 2469 5404 perparva
2493 5343 2546 5386 et
2575 5333 2793 5402 exigua;
2825 5348 2920 5400 per
2957 5347 3074 5384 eam
3122 5343 3299 5385 tamen
3323 5331 3404 5384 di-

1809 5427 1995 5498 rigitur
2021 5427 2167 5479 acies
2194 5425 2410 5479 luminis
2439 5440 2544 5493 quo
2572 5424 2661 5476 lux
2682 5433 2738 5478 et
2767 5424 3000 5476 tenebrae
3024 5421 3404 5491 dijudicautur,

1808 5517 1948 5571 sicut
1991 5530 2088 5586 per
2128 5514 2322 5568 Christi
2348 5513 2731 5567 humanitatem
2777 5512 3027 5565 divinitas
3065 5512 3250 5579 judicii
3301 5512 3408 5564 dis-

1811 5623 2040 5665 cernens
2091 5606 2230 5660 iuter
2251 5605 2426 5674 justos
2452 5614 2504 5658 et
2531 5615 2859 5675 peccatores.
2887 5604 2951 5657 In
2974 5605 3188 5674 tegmine
3212 5605 3413 5656 alarum

1810 5707 2011 5751 tuarum
2047 5705 2248 5766 protege
2275 5697 2290 5727 ³
2321 5712 2398 5748 me
2426 5714 2445 5749 :
2477 5695 2527 5749 itt
2561 5696 2893 5750 munimento
2928 5694 3204 5749 cltaritatis
3230 5704 3284 5748 et
3316 5695 3414 5747 tui-

1814 5789 2123 5848 sericordite
2154 5797 2258 5842 tua:
2303 5797 2522 5860 protege
2560 5803 2646 5843 me
2673 5789 2716 5841 Α
2756 5789 2886 5860 facie
2911 5789 3184 5860 impiorum
3221 5787 3306 5860 qui
3337 5801 3417 5842 me

1879 5885 1893 5916 ί
1922 5881 2054 5944 add,
2084 5886 2318 5946 proteges.
2347 5886 2401 5930 At
2424 5886 2550 5943 Mss,
2573 5885 2785 5946 prologo.
