3956 6334
454 439 549 494 ιιι

450 554 752 623 afﬂixerunt.

526 650 581 701 υ.
611 642 762 715 [vers.
788 640 822 695 9
841 680 857 705 ,
885 635 999 694 10.]
1028 634 1234 689 Inimici
1261 632 1358 685 mei
1378 629 1601 683 animam
1628 641 1789 678 meam
1827 625 2046 676 circuat-

455 710 703 789 dederitut
726 774 741 797 ,
771 730 972 799 adipem
996 741 1144 781 suum
1173 723 1525 778 concluserunt
1551 732 1570 771 :
1599 714 1782 770 l:etitia
1813 727 1909 767 sua
1935 710 2049 778 pin-

457 827 544 896 gui
588 821 826 893 coeperti
864 829 1025 883 sunt,
1071 826 1249 885 postea
1281 828 1439 883 quam
1469 807 1732 880 cupiditas
1759 818 1943 859 eorum
1984 800 2051 852 dc

459 916 665 971 scelere
700 914 885 967 satiata
914 920 1016 965 est.
1043 908 1112 962 Os
1146 921 1319 960 eorum
1347 904 1569 957 locutum
1606 909 1679 954 est
1722 895 2007 966 superbiam
2033 908 2052 946 :

458 1017 514 1063 et
564 1014 839 1076 propterea
875 1020 935 1057 os
978 1016 1163 1057 eorum
1194 998 1427 1052 locutum
1457 1001 1540 1048 est
1579 989 1924 1059 superbiam,
1971 983 2054 1037 di-

459 1096 634 1154 cendo
699 1097 819 1159 Ave,
852 1093 1257 1148 rerJudworum
1279 1084 1490 1158 (Matth.
1516 1094 1663 1136 xxvu
1682 1121 1699 1146 ,
1728 1075 1847 1148 9.9),
1875 1085 1928 1130 et
1949 1089 2053 1130 ete—

460 1200 574 1245 tera
598 1188 743 1241 talia.

532 1278 622 1334 10.
678 1275 830 1349 [uers.
875 1269 989 1343 11.]
1042 1269 1379 1340 Projicientes
1426 1282 1507 1319 me
1542 1279 1677 1317 nunc
1713 1254 2057 1325 circumdede-

459 1380 577 1423 runt
602 1384 681 1421 me
708 1382 728 1422 :
753 1364 1089 1437 projicientes
1129 1375 1219 1415 me
1254 1367 1403 1414 extra
1430 1355 1699 1413 civitatem
1720 1395 1736 1417 ,
1779 1365 1922 1406 nunc
1952 1349 2057 1405 cir-

459 1460 850 1517 cumdederunt
890 1470 974 1511 me
1001 1455 1052 1508 in
1080 1466 1260 1508 cruce.
1292 1448 1483 1503 Oculos
1507 1462 1626 1502 suos
1650 1450 1930 1500 statuerunt
1967 1441 2056 1495 tle-

460 1554 653 1609 clinare
690 1550 745 1604 in
788 1559 973 1603 terram
998 1563 1017 1601 :
1044 1543 1395 1599 intentionem
1421 1537 1603 1595 cordis
1629 1535 1712 1591 sui
1756 1539 2058 1589 statuerunt

462 1646 733 1701 declinare
776 1641 829 1695 in
864 1640 965 1693 ista
992 1648 1243 1698 terrena;
1284 1639 1535 1704 putantes
1562 1641 1812 1698 magnum
1857 1624 2057 1678 malum

463 1740 671 1810 perpeti
697 1753 818 1791 eum
845 1734 932 1805 qui
954 1729 1320 1791 occidebatur,
1343 1734 1399 1780 et
1426 1739 1487 1780 se
1506 1720 1708 1778 nullum
1737 1718 1829 1790 qui
1850 1715 2057 1772 occide-

464 1831 614 1886 bant.

540 1912 629 1974 11.
662 1916 813 1991 [νει-ι.
852 1912 965 1988 12.]
998 1912 1344 1983 Susceperunt
1382 1921 1463 1960 me
1498 1903 1627 1958 sicut
1652 1900 1733 1957 leo
1759 1906 1966 1968 paratus
1993 1896 2061 1948 ad

465 1988 693 2081 prwdam
720 2024 739 2062 :
776 2012 1130 2073 susceperunt
1177 2014 1263 2055 me
1290 1997 1430 2053 sicut
1470 1994 1561 2051 ille
1591 1989 1928 2047 adversarius
1952 1988 2059 2042 cir-

467 2079 744 2159 cumiens,
786 2110 1032 2167 quaerens
1072 2108 1231 2165 quem
1274 2091 1498 2146 devoret
1540 2085 1585 2152 (l
1632 2083 1853 2147 Petr.v,
1885 2080 1962 2147 8).
1999 2079 2061 2132 lit

468 2196 597 2248 sicut
623 2192 817 2246 catulus
842 2191 1001 2245 leonis
1041 2185 1273 2241 habitans
1301 2184 1357 2237 in
1392 2179 1623 2235 occultis.
1652 2176 1721 2231 Et
1749 2175 1886 2230 sicut
1912 2181 2063 2227 catu-

468 2286 550 2340 lus
577 2284 692 2352 ejus
714 2325 728 2346 ,
764 2282 986 2351 populus
1029 2279 1113 2333 cui
1142 2278 1339 2331 dictum
1366 2280 1452 2328 est
1482 2289 1496 2325 ε
1535 2270 1636 2324 Vos
1678 2285 1740 2322 ea:
1766 2277 1910 2337 patre
1946 2265 2062 2318 dia-

471 2374 584 2432 bolo
616 2375 735 2429 estis
760 2372 939 2443 (Joan.
971 2386 1061 2424 vm
1086 2412 1102 2435 ,
1132 2369 1245 2439 4t),
1276 2366 1516 2436 cogitans
1542 2361 1609 2417 de
1639 2358 1845 2415 insidiis
1870 2356 2064 2428 quibus

468 2468 669 2538 justum
697 2465 1109 2521 circumveniret
1134 2472 1189 2516 et
1228 2458 1490 2530 perderet.

543 2558 629 2614 12.
661 2556 814 2630 [υειεδ.
849 2552 963 2629 15.]
995 2551 1259 2623 Exsurge.
1294 2544 1513 2603 Domine
1536 2587 1551 2608 ,
1598 2542 1817 2614 prteveni
1855 2557 1972 2602 eos.
2018 2549 2064 2592 et

472 2654 697 2706 subverte
723 2666 806 2704 eos
827 2665 846 2702 :
876 2659 1102 2716 exsurge
1124 2684 1141 2710 ,
1171 2640 1394 2696 Domine
1414 2679 1430 2703 ,
1476 2652 1634 2708 quem
1662 2633 1897 2689 dormire
1922 2630 2066 2685 arbi-

474 2752 682 2797 trantur
706 2750 760 2795 et
783 2738 1091 2805 iniquitates
1119 2730 1391 2786 hominum
1420 2742 1525 2781 non
1547 2740 1775 2788 curare;
1805 2731 1931 2777 ante
1967 2736 2065 2776 ex-

473 2841 744 2889 caecentur
767 2830 964 2885 malitia
993 2842 1120 2889 sua,
1150 2836 1205 2878 ιιι
1227 2823 1424 2876 faetum
1451 2835 1637 2878 eorum
1671 2817 1899 2871 vindicta
1931 2829 2067 2884 pra:-

473 2925 653 2981 veniat
672 2965 685 2985 ,
713 2932 767 2977 et
787 2922 858 2975 ita
894 2918 1145 2973 subverte
1170 2927 1283 2968 eos.

546 3015 634 3070 15.
666 3012 818 3086 [verm
852 3007 965 3082 14.]
995 3006 1129 3062 Erue
1152 3006 1377 3059 animam
1406 3016 1566 3055 meam
1606 2998 1669 3052 ab
1697 2997 1865 3063 impiis
1892 3011 1912 3048 :
1938 3008 2066 3048 erue

472 3084 708 3163 annuam
748 3116 921 3157 meam
949 3095 1317 3154 resuscitando
1348 3108 1433 3147 me
1471 3107 1501 3146 a
1538 3100 1744 3150 morte,
1777 3086 1897 3159 qua:
1935 3084 2065 3139 mihi

473 3197 545 3254 ab
571 3194 748 3265 impiis
788 3193 1018 3262 irrogata
1048 3197 1151 3244 est.
1182 3184 1457 3242 Frameam
1496 3192 1635 3237 tuam
1666 3181 1742 3253 (a)
1765 3181 1826 3233 ab
1853 3179 2067 3233 inimicis

474 3306 655 3348 manus
693 3298 794 3342 tute
823 3301 838 3341 :
868 3285 1045 3340 anima
1070 3281 1214 3337 enim
1244 3294 1363 3335 mea
1396 3279 1591 3331 framea
1620 3284 1705 3329 tua
1746 3281 1866 3335 est,
1907 3288 2065 3340 quam

473 3377 762 3450 assumpsit
792 3389 979 3431 manus
1025 3382 1113 3428 tua
1133 3412 1149 3437 ,
1177 3371 1227 3426 id
1259 3382 1374 3433 est,
1406 3378 1604 3422 mtcrna
1633 3368 1802 3418 virtus
1839 3374 1923 3416 tua
1950 3402 1964 3423 ,
2010 3369 2068 3414 ut

475 3487 573 3546 per
600 3471 768 3540 ipsam
793 3481 957 3537 regna
983 3462 1215 3520 debellet
1248 3458 1541 3529 iniquitatis
1567 3462 1621 3511 et
1661 3452 1864 3508 dividat
1897 3453 2069 3520 justus

476 3562 546 3617 ab
574 3560 771 3631 impiis;
796 3557 936 3613 hanc
959 3570 1088 3625 ergo
1116 3567 1236 3607 erue
1260 3550 1322 3604 ab
1349 3547 1566 3602 inimicis
1594 3561 1773 3598 manus
1798 3552 1898 3597 tua:
1920 3582 1934 3603 ,
1969 3540 2069 3594 hoc

474 3664 561 3711 est
599 3652 809 3707 virtutis
841 3661 945 3705 tua:
967 3688 983 3715 ,
1013 3650 1117 3702 hoc
1139 3657 1223 3699 est
1249 3645 1318 3698 ah
1346 3639 1576 3696 inimicis
1618 3636 1771 3691 meis.
1810 3634 2028 3688 Domine
2050 3674 2067 3698 ,

478 3744 692 3821 perdens
721 3745 783 3805 de
806 3753 957 3803 terra,
984 3740 1252 3809 dispertire
1276 3752 1359 3790 eos
1385 3734 1437 3787 in
1458 3733 1559 3786 vita
1578 3746 1752 3786 eorum
1780 3744 1800 3783 :
1826 3728 2069 3791 Domine,

479 3819 711 3908 perdens
732 3849 826 3888 eos
849 3832 917 3887 de
942 3841 1082 3887 terra
1109 3843 1267 3899 quam
1296 3823 1592 3881 inhabitant
1614 3862 1631 3883 .
1673 3819 1955 3889 diSpertirc
1979 3833 2073 3872 eos

483 3948 577 4002 per
604 3931 787 3985 orbem
820 3939 1084 3984 terrarum
1116 3924 1167 3977 in
1198 3924 1295 3976 ista
1341 3920 1445 3973 vita
1471 3959 1485 3981 ,
1513 3930 1672 3986 quam
1713 3912 1880 3966 solam
1922 3912 2073 3963 suam

479 4024 641 4077 vitam
669 4029 851 4091 putant
885 4018 973 4085 qui
1001 4025 1256 4071 mternam
1282 4011 1591 4079 desperant.
1622 4002 1690 4059 Et
1718 4004 1783 4058 de
1808 4002 2075 4056 abscondi-

480 4114 545 4169 tis
569 4113 667 4164 tuis
696 4108 999 4179 adimpletus
1020 4116 1092 4159 est
1120 4112 1286 4158 venter
1305 4116 1475 4154 eorum
1507 4113 1526 4153 :
1554 4110 1658 4152 non
1687 4094 1857 4149 solum
1897 4102 2074 4146 autem

482 4203 583 4258 ista
608 4215 763 4269 poena
786 4214 879 4253 eos
903 4202 1259 4263 consequetur
1277 4186 1521 4253 visibilis;
1546 4186 1639 4241 sed
1667 4185 1827 4240 etiam
1854 4182 1922 4237 de
1951 4197 2077 4250 pec-

484 4296 618 4352 ratis
643 4338 658 4360 ,
688 4309 808 4362 qua:
840 4286 1087 4357 tn'nquam
1121 4284 1356 4339 tenebrm
1384 4277 1784 4334 ahscondnntnr
1821 4289 1849 4326 a
1877 4273 2080 4327 lumine

484 4387 724 4444 veritatis
750 4394 875 4446 tum,
907 4377 1195 4448 adimpleta
1223 4383 1304 4430 est
1326 4370 1582 4428 memoria
1604 4383 1790 4423 etirtun
1814 4408 1830 4431 ,
1862 4374 1923 4420 ut
1944 4364 2083 4418 obli-

485 4480 758 4533 viscantur
784 4474 973 4530 Deum.
1004 4468 1235 4524 Saturatr
1274 4473 1388 4529 sunt
1429 4462 1638 4533 porcina
1658 4474 1678 4513 :
1709 4456 1929 4512 saturati
1958 4463 2081 4509 sunt

487 4569 819 4627 immunditia
838 4608 851 4630 ,
882 4563 1260 4620 conculcantes
1284 4554 1598 4625 margaritas
1624 4564 1931 4606 sermonum
1964 4546 2081 4602 Dei.

492 4661 555 4721 Et
580 4661 885 4729 reliquerunt
910 4653 1149 4721 reliquias
1178 4647 1402 4718 parvulis
1430 4644 1577 4697 suis:
1604 4641 1920 4702 clamantes,
1951 4636 2083 4691 Pec-

490 4764 658 4804 ratum
688 4728 795 4800 illoc
837 4762 988 4815 super
1037 4758 1127 4795 nos
1169 4748 1217 4794 et
1256 4754 1410 4807 super
1455 4734 1588 4805 filios
1628 4741 1826 4787 nostros
1869 4728 2082 4802 (Matth.

495 4856 637 4896 xxvn
656 4881 670 4902 ,
699 4839 817 4905 25).

564 4931 651 4987 14.
694 4928 713 5001 [
740 4944 869 4981 vers.
901 4921 1012 4995 15.]
1055 4922 1165 4994 Ego
1208 4930 1377 4975 autem
1405 4918 1459 4971 in
1488 4926 1577 4969 tua
1608 4913 1809 4985 justitia
1836 4911 2089 4982 apparebo

493 5023 544 5073 in
571 5028 841 5087 conspectu
868 5026 953 5068 tuo
976 5029 995 5067 :
1036 5028 1135 5083 ego
1162 5021 1337 5065 autem
1367 5008 1455 5078 qui
1495 5021 1600 5062 non
1639 5003 1859 5074 apparui
1890 5007 1970 5058 eis
1999 5004 2087 5071 qui

493 5110 658 5164 ('0de
687 5106 904 5162 sordido
939 5115 993 5160 et
1041 5104 1325 5158 tenebroso
1375 5102 1543 5154 lucem
1590 5095 1865 5165 sapientiae
1907 5094 2091 5148 videre

496 5218 600 5255 non
624 5208 865 5271 pOSsunt,
891 5201 944 5253 in
971 5207 1053 5251 tua
1074 5196 1273 5264 justitia
1296 5191 1565 5262 apparebo
1586 5190 1636 5243 in
1657 5195 1948 5255 conspectu
1978 5196 2088 5240 tuo.

497 5292 737 5350 Satiabor
775 5290 897 5343 dum
936 5286 1340 5358 ntauifestabitnr
1384 5280 1548 5354 gloria
1589 5289 1673 5331 tua
1697 5293 1717 5331 :
1759 5288 1813 5330 ct
1852 5292 1971 5329 cum
2018 5276 2090 5331 illi

498 5382 719 5439 Suturati
747 5389 872 5435 sunt
913 5376 1244 5433 immunditia
1270 5389 1362 5428 sua
1390 5413 1405 5435 ,
1439 5380 1496 5425 ut
1540 5384 1625 5423 me
1650 5368 1949 5437 intelligere
1986 5383 2092 5421 non

498 5472 726 5548 possint,
757 5486 855 5535 ego
884 5469 1117 5523 satiahor
1156 5466 1282 5520 dum
1324 5460 1749 5517 manifestabitur
1783 5458 1951 5529 gloria
1983 5467 2093 5524 tua,

500 5566 552 5622 in
588 5564 668 5617 his
713 5561 801 5632 qni
846 5578 929 5614 me
958 5561 974 5592 ι
1024 5558 1345 5627 intelligunt.
1392 5553 1535 5607 Sane
1582 5550 1634 5604 in
1681 5550 1773 5603 illo
1817 5565 1974 5604 versu
2007 5549 2094 5616 ubi

499 5657 700 5713 dictum
728 5662 811 5705 est
838 5650 1069 5705 Saturati
1090 5660 1203 5702 sunt
1235 5644 1465 5715 porcina,
1498 5640 1748 5696 nonnulla
1772 5640 2096 5711 exemplaria

563 5772 578 5799 ³
609 5766 738 5823 Apud
764 5770 892 5821 l.ov.,
917 5770 979 5813 te.
1020 5761 1150 5823 Apud
1172 5766 1249 5811 Er.
1274 5768 1327 5807 et.
1344 5765 1474 5815 ωδε..
1497 5754 1591 5807 me.
1634 5819 1666 5823 _
1854 5732 1857 5733 ν

502 5809 637 5944 ,ϐίῃ
647 5809 892 5941 licet???
906 5809 1038 5874 vers.
1059 5809 1120 5873 '18
1148 5809 1380 5875 tractatur
1402 5809 1548 5872 etiam
1566 5835 1615 5872 tu
1630 5819 1773 5870 Euar.
1789 5809 1908 5867 Vsa].
1930 5831 2098 5881 xxxiv,

639 5924 651 5941 .
709 5922 739 5944 ,_
788 5922 801 5939 .
862 5923 873 5936 .

1700 419 1760 475 S.
1805 411 2167 473 AUGUSTINI
2209 409 2506 469 EPISCOPI

3645 407 3751 464 M8

2157 566 2385 623 Saturati
2403 576 2520 619 sunt
2543 562 2663 630 ﬁliis
2690 563 2906 616 habent.
2933 559 3008 615 Ex
3031 558 3280 629 ambiguo
3305 559 3446 614 enim
3470 573 3651 627 greco
3674 562 3752 623 tu)

2157 656 2521 725 interpretatio
2543 654 2736 724 duplex
2763 652 2960 707 evenit.
2988 649 3154 703 Filius
3180 660 3377 714 autem,
3400 664 3563 717 opera
3592 647 3755 700 intel-

2157 748 2400 816 ligimus;
2443 755 2499 800 et
2524 746 2661 798 sicut
2691 743 2824 798 bona
2855 756 3015 812 opera
3046 739 3217 795 bonos
3255 740 3388 794 lilios
3410 782 3427 807 ,
3468 739 3537 792 ita
3586 738 3762 793 malos

2157 838 2315 891 mala.

2160 917 3747 947 ,___.______._—__.___.———-—-———-—-

2566 957 2646 1019 IN
2690 954 3071 1018 PSALMUM
3114 953 3296 1020 XVII

2728 1053 3154 1113 ENARRATIO.

2231 1150 2283 1204 1.
2326 1148 2494 1222 [ειη.
2525 1145 2607 1221 1.]
2638 1145 2706 1201 In
2733 1147 2886 1216 ﬁnem
2909 1184 2927 1212 ,
2960 1160 3117 1211 puero
3159 1142 3361 1198 Domini
3386 1183 3401 1203 .
3425 1142 3525 1212 ipsi
3560 1142 3755 1204 Dauid.

2159 1241 2266 1296 hoc
2292 1248 2396 1307 est,
2418 1254 2589 1295 manu.
2606 1238 2727 1293 forti
2752 1235 2967 1292 Christo
2986 1234 3278 1291 secundum
3304 1234 3598 1290 hominem.
3630 1233 3766 1299 ρυω

2158 1334 2356 1388 locutus
2382 1341 2459 1387 est
2486 1330 2711 1385 Domino
2738 1334 2888 1383 verba
2915 1328 3096 1382 cantici
3122 1327 3298 1399 hujus,
3328 1327 3384 1380 in
3420 1327 3502 1380 die
3532 1341 3635 1396 qua
3661 1326 3769 1379 eri-

2161 1422 2269 1495 puit
2293 1438 2407 1477 eum
2438 1419 2688 1475 Dominus
2723 1418 2787 1473 de
2829 1433 2983 1471 manu
3010 1416 3236 1471 omnium
3262 1415 3581 1469 inimicorum
3608 1416 3724 1484 ejus
3743 1450 3765 1480 ,

2160 1524 2209 1568 et
2232 1513 2296 1568 de
2319 1529 2479 1566 manu
2508 1510 2660 1573 Saril,
2691 1519 2739 1563 et
2767 1508 2899 1563 dixit
2927 1506 2996 1579 (Il
3025 1507 3152 1578 Reg.
3179 1522 3287 1561 χιιι
3309 1546 3325 1570 ,
3358 1506 3432 1576 1).
3464 1503 3533 1558 In
3558 1506 3641 1559 die
3658 1520 3767 1571 qua

2161 1607 2346 1678 eripuit
2372 1621 2487 1660 eum
2534 1602 2785 1658 Dominus
2837 1598 2902 1656 de
2950 1616 3105 1654 ntanu
3140 1598 3382 1653 .omnium
3435 1597 3763 1651 inimicorum

2162 1700 2292 1766 ejus,
2319 1706 2366 1751 et
2383 1696 2446 1750 de
2470 1711 2625 1748 manu
2647 1692 2799 1756 Sail,
2823 1692 2926 1746 hoc
2952 1700 3056 1753 est,
3087 1689 3227 1758 regis
3245 1686 3577 1751 Iudaeorum,
3598 1699 3768 1756 quem
3850 1692 3854 1694 ⁷

2163 1792 2264 1845 sibi
2296 1791 2395 1860 ipsi
2423 1790 2739 1859 petiverant.
2762 1784 2896 1840 Nam
2926 1786 3064 1838 sicut
3094 1780 3279 1845 David,
3307 1780 3462 1835 Manu
3492 1780 3666 1845 tortis,
3693 1778 3771 1834 its

2164 1879 2325 1945 Saul,
2356 1878 2550 1936 Petilio
2580 1875 2915 1948 interpretari
2956 1873 3185 1929 dicitur:
3217 1881 3402 1926 notum
3427 1877 3514 1926 est
3538 1879 3721 1924 autem
3749 1908 3770 1935 ,

2165 1971 2434 2045 quomodo
2474 1969 2563 2025 ille
2610 1967 2837 2038 populus
2879 1978 3062 2034 regem
3117 1962 3217 2019 sibi
3263 1960 3510 2032 petiverit
3561 1957 3607 2031 (Ι
3632 1957 3767 2030 Reg.

2167 2079 2262 2118 vni
2286 2104 2301 2127 ,
2331 2062 2387 2131 5)
2418 2069 2470 2115 et
2496 2057 2801 2129 acceperit,
2832 2071 2941 2111 non
2967 2052 3262 2110 secundum
3294 2051 3424 2118 Dei,
3451 2051 3545 2107 sed
3568 2060 3772 2106 secun-

2166 2154 2296 2209 dum
2325 2166 2474 2217 suam
2498 2150 2851 2204 voluntatem.

2236 2246 2292 2300 2.
2332 2243 2482 2316 [vers.
2511 2240 2593 2314 2.]
2625 2239 2761 2296 Dicit
2806 2252 2935 2309 ergo
2960 2235 3049 2292 hic
3071 2235 3316 2292 Christus
3337 2242 3393 2290 et
3420 2230 3680 2296 Ecclesia,
3713 2230 3772 2286 id

2169 2346 2271 2400 est,
2305 2343 2444 2389 totus
2472 2331 2738 2395 Christus,
2761 2336 2923 2399 caput
2954 2334 3009 2383 et
3034 2340 3232 2396 corpus
3256 2340 3273 2380 :
3308 2322 3532 2395 Diligam
3557 2332 3606 2375 te
3623 2362 3638 2385 ,
3659 2320 3775 2375 Do-

2170 2427 2322 2489 mine,
2337 2425 2496 2479 virtus
2521 2439 2631 2478 mea
2656 2437 2675 2476 :
2702 2420 2918 2491 diligam
2940 2425 3013 2480 te,
3044 2415 3292 2481 Domine,
3307 2429 3401 2483 per
3427 2426 3589 2483 quem
3611 2410 3774 2466 fortis

2146 2580 2147 2583 η
2169 2530 2308 2570 sum.

2240 2606 2296 2661 3.
2336 2603 2504 2679 [verm
2535 2599 2618 2673 3.]
2645 2600 2878 2664 Domine,
2909 2592 3283 2667 ﬁrmamentum
3310 2610 3477 2651 meum
3496 2635 3512 2658 ,
3544 2604 3591 2648 et
3618 2597 3772 2663 refu-

2169 2697 2309 2769 giunt
2326 2710 2515 2759 Μαι,
2531 2700 2577 2746 et
2596 2691 2835 2747 liberator
2852 2704 2993 2745 meus
3009 2704 3028 2743 :
3046 2686 3291 2748 Domine.
3305 2684 3399 2755 qui
3418 2700 3503 2740 me
3520 2684 3771 2750 ﬁrmasti,

2170 2786 2293 2858 quia
2335 2783 2504 2856 refugi
2538 2780 2605 2837 ad
2644 2788 2731 2846 te;
2774 2775 2947 2848 refugi
2996 2787 3175 2832 autem
3218 2774 3343 2845 quia
3372 2773 3605 2829 liberasti
3653 2788 3771 2828 me.

2173 2876 2310 2931 Deus
2350 2890 2491 2928 meus
2528 2869 2739 2939 adiutor
2784 2884 2944 2933 meus,
2976 2876 3023 2921 et
3067 2865 3280 2935 sperabo
3322 2865 3375 2938 in
3416 2879 3530 2917 eum
3556 2875 3578 2918 :
3622 2862 3776 2918 Deus

2171 2981 2344 3031 mens,
2372 2965 2462 3036 qui
2487 2962 2618 3018 mihi
2645 2958 2966 3031 adjutorium
2995 2956 3142 3027 prius
3170 2953 3462 3010 vocationis
3496 2962 3599 3009 tua:
3627 2968 3776 3022 pra:-

2170 3058 2372 3122 stitisti,
2418 3067 2471 3111 ut
2521 3067 2741 3126 sperare
2790 3053 2842 3106 in
2890 3058 2942 3105 te
2998 3048 3223 3118 possim.
3256 3045 3515 3101 Protector
3557 3058 3698 3098 meus
3726 3052 3778 3100 et

2173 3164 2331 3202 cornu
2354 3146 2534 3201 salutis
2554 3158 2696 3207 mea,
2719 3152 2765 3196 et
2792 3148 3076 3209 redanptor
3097 3154 3236 3193 meus
3256 3152 3275 3191 :
3302 3145 3570 3207 protector
3592 3149 3773 3199 meus,

2171 3244 2293 3313 quia
2327 3257 2432 3296 non
2471 3239 2540 3294 de
2570 3253 2657 3292 me
2684 3235 2996 3306 praesumpsi
3018 3275 3033 3296 ,
3065 3233 3217 3303 quasi
3246 3234 3458 3301 erigens
3486 3230 3776 3285 adversum

2174 3346 2227 3388 te
2249 3347 2416 3388 cornu
2463 3327 2767 3397 superbiae;
2816 3325 2911 3380 sed
2965 3333 3018 3379 te
3045 3324 3263 3394 ‘ipsum
3306 3337 3496 3386 cornu,
3547 3320 3649 3375 hoc
3689 3331 3782 3376 est

2175 3428 2380 3481 firmam
2420 3418 2791 3478 celsitudinem
2828 3416 3015 3474 salutis
3045 3416 3261 3479 inveni;
3289 3412 3432 3483 quod
3474 3422 3533 3467 ut
3562 3411 3777 3468 inveni-

2174 3531 2311 3580 rem,
2339 3510 2613 3568 redemisti
2639 3523 2746 3565 me.

2244 3609 2299 3662 3.
2340 3604 2506 3678 [oers.
2538 3601 2622 3675 4.]
2655 3601 2897 3655 Laudans
2924 3598 3163 3653 invocabo
3196 3596 3490 3653 Dominum.
3518 3605 3564 3649 et
3588 3592 3649 3647 ab
3675 3594 3785 3647 ini-

2175 3698 2318 3753 micis
2341 3697 2463 3751 meis
2480 3692 2657 3749 salous
2682 3708 2768 3747 ero
2788 3707 2809 3745 :
2839 3707 2944 3745 non
2971 3704 3144 3743 meam
3171 3687 3419 3758 gloriam,
3443 3685 3537 3740 sed
3563 3683 3781 3738 Domini

2177 3804 2425 3856 qui-mens
2444 3828 2458 3845 .
2505 3783 2769 3840 invocabo
2792 3797 2916 3836 eum
2940 3820 2956 3846 ,
2982 3788 3038 3835 et
3066 3794 3173 3834 non
3201 3777 3303 3833 erit
3330 3776 3473 3831 unde
3512 3774 3640 3829 mihi
3674 3791 3782 3827 nn-

2177 3890 2329 3937 ceant
2357 3875 2645 3947 impietatis
2675 3886 2912 3929 errores.
3472 3940 3475 3941 ν

2249 3972 2321 4027 5.
2343 3970 2495 4042 [υεη.
2521 3964 2604 4040 5.]
2651 3963 3096 4021 Circumdederunt
3121 3976 3200 4015 me
3228 3960 3434 4014 dolores
3463 3958 3640 4012 mortis
3662 3972 3682 4010 :
3730 3955 3785 4011 id

2180 4071 2262 4115 est
2284 4058 2479 4115 carnis.
2510 4056 2577 4112 Et
2618 4064 2862 4109 torrentes
2889 4051 3164 4123 iniquitatis
3211 4049 3631 4103 conturbauerunt
3660 4062 3747 4099 me
3767 4060 3791 4098 :

2183 4150 2352 4205 turbae
2396 4149 2590 4217 iniqua:
2639 4144 2707 4201 ad
2753 4153 2962 4213 tempus
2993 4149 3310 4202 commotae,
3356 4138 3515 4193 veluti
3562 4135 3790 4192 ﬂumina

2186 4241 2431 4313 pluvialia
2460 4241 2567 4295 cito
2596 4237 2828 4292 desitum
2850 4277 2867 4301 ,
2897 4241 3124 4305 egerunt
3148 4241 3205 4287 ut
3247 4232 3630 4287 canturharent
3671 4244 3788 4284 me.

2256 4328 2311 4388 6.
2352 4328 2517 4405 [νεα.
2564 4325 2649 4400 6.]
2682 4325 2893 4381 Dolores
2916 4323 3105 4394 inferni
3131 4320 3566 4376 circumdederunt
3594 4335 3670 4371 me
3694 4334 3712 4370 :
3734 4320 3791 4373 in

2186 4423 2271 4479 his
2296 4422 2386 4492 qui
2415 4435 2505 4475 me
2544 4414 3012 4474 circumdederunt
3050 4420 3110 4467 ut
3155 4411 3441 4481 perderent
3479 4423 3594 4472 me,
3631 4415 3795 4463 erant

2186 4514 2401 4568 dolores
2450 4506 2780 4567 invidentia,
2837 4503 2929 4575 qui
2975 4510 3204 4557 mortem
3251 4508 3543 4570 operantur
3586 4496 3793 4567 perdu-

2188 4612 2422 4671 cuntque
2447 4598 2514 4654 ad
2543 4595 2810 4653 infernum
2834 4593 3062 4666 peccati.
3111 4591 3471 4646 Ρι-ωιιεηειιυηι
3502 4597 3581 4644 me
3619 4589 3797 4658 laquei

2189 4694 2368 4748 mortis
2394 4708 2413 4746 :
2459 4695 2833 4761 praevenerunt
2870 4701 2992 4753 me,
3020 4694 3079 4740 ut
3104 4684 3306 4753 priores
3346 4697 3541 4735 nocere
3571 4680 3792 4748 vellent,

2192 4784 2335 4857 quod
2360 4785 2439 4839 eis
2467 4791 2652 4852 postea
2677 4779 3011 4836 redderetur.
3040 4777 3199 4832 Tales
3224 4786 3400 4829 autem
3431 4773 3677 4829 homines
3703 4788 3800 4829 ca-

2196 4878 2346 4947 piunt
2365 4876 2416 4931 in
2438 4872 2791 4945 perditionem
2811 4869 3004 4941 quibus
3026 4868 3163 4923 male
3183 4869 3203 4899 ¹
3228 4875 3607 4937 persuaserunt
3625 4864 3801 4933 jacta-

2197 4969 2341 5022 tione
2385 4965 2637 5035 iustitiae;
2677 4962 2831 5032 cujus
2870 4976 2978 5016 non
3006 4975 3087 5026 re,
3126 4956 3220 5015 sed
3259 4957 3496 5023 nomine,
3539 4955 3801 5011 adversus

2196 5058 2395 5113 Gentes
2419 5054 2735 5125 gloriantur.

2271 5150 2322 5201 7.
2362 5146 2533 5219 [oers.
2563 5142 2644 5215 7.]
2677 5140 2742 5195 Et
2763 5142 2816 5195 in
2844 5156 3080 5210 pressura
3104 5154 3214 5192 mea
3241 5136 3469 5192 invocavi
3496 5135 3799 5200 Dominum,

2199 5249 2245 5294 et
2290 5237 2359 5291 ad
2390 5235 2553 5290 Deum
2592 5249 2758 5287 meum
2801 5230 3036 5285 clamaui.
3089 5227 3158 5282 Et
3202 5228 3453 5282 exaudiuit
3502 5226 3566 5280 de
3609 5230 3802 5297 templo

2265 5369 2283 5401 ¹
2311 5367 2535 5431 Plerique
2559 5374 2689 5424 Mss,
2712 5369 2799 5431 sed
2820 5363 2981 5430 ipsum
3009 5375 3161 5413 cornu
3188 5374 3207 5412 :
3229 5374 3325 5412 nec
3348 5360 3553 5421 habent,
3576 5366 3641 5411 te.

2265 5432 2287 5463 ⁸
2313 5425 2480 5480 Plures
2503 5436 2631 5487 Mss.,
2661 5425 2808 5477 maltt.
2841 5425 2851 5430 ⁷
3087 5484 3099 5487 Α
3342 5480 3378 5487 __
3465 5432 3501 5487 ,ξ

2243 5491 2338 5565 ,(α)
2364 5479 3184 5565 δοίίιιοφιὲπξόρςιξςὲρυξειψξξιψῐπι
3209 5493 3286 5535 εει
3305 5480 3433 5555 πάθει
3624 5483 3675 5531 in
3689 5481 3801 5565 :“i'

2202 5544 2518 5617 acamas;
2541 5551 2628 5600 aut
2663 5547 2822 5606 ueibn,
2854 5544 3081 5617 poi-citus,
3114 5548 3224 5617 sive
3252 5544 3587 5617 ⁸ρος-ςιξιιιὶκιξιε
3622 5544 3805 5617 eodem

2204 5604 2346 5685 vers:
2366 5675 2376 5685 _
2397 5612 2464 5685 14Δ
2478 5604 2652 5662 tractat
2662 5604 2966 5685 Augustinus
3002 5610 3050 5657 in
3068 5604 3299 5685 'ncpistgla
3322 5605 3506 5685 iwnad
3529 5604 3799 5685 Paulinum,

2203 5676 2313 5725 data
2335 5675 2529 5723 circiter
2550 5686 2629 5722 an.
2650 5667 2768 5731 411ζ
2784 5672 2967 5734 ibique,
2994 5684 3041 5719 ιι.
3066 5667 3306 5734 5,ξεει·ἱι)ἰι
3330 5682 3342 5717 :
3370 5686 3396 5734 ς
3413 5668 3646 5734 Βεεθηωὶ
3686 5667 3803 5717 bre-

2213 5754 2239 5783 ι
2262 5736 2506 5808 ι’ἱδείιιιᾳηι
2520 5729 2776 5808 qpamdam
2796 5729 3016 5808 ejusdem
3040 5729 3209 5808 [διιιωὶ
3230 5730 3585 5808 θκίιοξίιὶοηξῖιη
3603 5762 3618 5781 .
3656 5739 3803 5808 qurum

2215 5815 2238 5843 ιι
2254 5799 2353 5857 jam
2386 5796 2500 5846 olim
2519 5788 2841 5857 dictaveramf
2858 5811 2882 5840 ι
2912 5802 3020 5844 inec
3042 5788 3190 5857 igitur
3217 5788 3459 5855 expositio
3496 5788 3687 5841 dictan
3713 5788 3802 5842 fuit

2209 5854 2355 5924 louge
2379 5867 2492 5910 ante
2528 5870 2706 5908 auium
2731 5855 2785 5907 -11
2796 5854 2841 5907 «1.
