3956 6362
232 431 312 484 149

229 561 375 606 sancto
399 566 490 602 suo
533 564 703 602 vocem
733 563 891 601 meam
916 562 929 596 :
962 543 1234 600 exaudivit
1263 542 1329 595 de
1355 540 1515 594 corde
1546 555 1663 592 meo
1685 578 1697 598 ,
1730 536 1781 589 in

228 660 317 713 quo
355 641 574 705 habitat,
616 656 801 695 vocem
835 653 1025 692 meam.
1069 637 1132 689 Et
1180 637 1370 688 clamor
1414 650 1552 686 meus
1577 635 1629 683 in
1672 647 1791 682 con-

229 742 374 804 spectu
420 733 570 802 ejus:
608 741 663 786 et
701 732 900 785 clamor
948 744 1118 791 meus,
1148 741 1304 795 quem
1347 740 1454 777 non
1492 723 1542 776 in
1577 723 1792 774 auribus

230 825 477 878 hominum
505 864 519 886 ,
551 824 644 877 scd
671 837 849 877 coram
883 821 996 889 ipso
1025 821 1162 872 intus
1204 817 1372 870 haben
1393 858 1406 881 ,
1437 815 1661 867 introibit
1694 814 1709 843 ¹
1742 814 1794 865 in

229 930 354 968 aures
378 915 505 982 ejus.

287 1007 332 1059 8.
371 1003 534 1075 [νει-ε.
561 1002 645 1076 8.]
680 1002 743 1056 Ει
768 1013 1015 1056 commota
1035 1010 1107 1054 est
1133 1009 1178 1053 et
1207 998 1505 1052 contremuit
1528 1006 1659 1049 terra
1682 1010 1700 1048 :
1727 996 1796 1048 ita

229 1097 497 1152 clariﬁcato
525 1096 633 1150 lilio
661 1094 893 1150 hominis
912 1136 925 1158 ,
952 1093 1202 1148 commoti
1226 1100 1348 1145 sunt
1377 1099 1431 1144 et
1457 1099 1795 1143 contremue-

229 1198 334 1244 runt
359 1201 683 1256 peceatores.
730 1187 796 1241 Et
841 1187 1172 1256 fundamenta
1213 1183 1458 1237 montium
1499 1181 1801 1235 conturbata

232 1291 325 1334 sunt
347 1295 363 1333 :
388 1290 440 1335 ct
465 1296 590 1349 Spes
617 1280 964 1349 superborum
992 1321 1004 1342 ,
1039 1292 1158 1346 qua:
1187 1276 1208 1306 ¹
1241 1276 1292 1329 in
1321 1276 1420 1328 hoc
1464 1274 1659 1326 sa'culo
1689 1272 1803 1326 fne-

231 1380 353 1432 runt,
397 1368 730 1424 conturbata:
769 1380 908 1421 sunt.
964 1366 1029 1420 Et
1073 1376 1322 1419 commota
1369 1373 1504 1418 sunt.
1561 1362 1800 1430 quoniam

229 1463 368 1516 iratus
413 1469 488 1515 est
537 1463 607 1515 eis
660 1461 796 1515 Deus
827 1477 845 1513 :
902 1469 955 1513 ut
1001 1459 1204 1513 scilicet
1244 1457 1352 1527 jam
1408 1456 1801 1509 ﬁrmamentum

229 1569 320 1607 non
346 1552 567 1607 haberet
595 1552 646 1605 in
678 1552 927 1606 cordibus
971 1550 1243 1603 hominum
1275 1561 1400 1617 spes
1433 1545 1801 1615 temporalium

230 1645 493 1700 bonorum.

289 1736 335 1790 9.
375 1735 536 1808 [vers
567 1735 648 1808 9.]
686 1735 920 1788 Ascendit
966 1736 1135 1804 fumus
1172 1732 1224 1785 in
1251 1732 1328 1783 ira
1373 1731 1482 1798 ejus
1519 1746 1537 1782 :
1565 1727 1807 1783 ascendit

229 1828 506 1898 lacrymosa
527 1827 832 1895 deprecatio
856 1825 1221 1894 ptenitentium
1244 1865 1257 1887 ,
1285 1838 1403 1877 cum
1435 1823 1808 1891 cognovissent

227 1919 338 1988 quid
365 1918 598 1973 minetur
630 1918 768 1971 Deus
807 1915 1004 1984 impiis.
1037 1915 1102 1968 Et
1131 1914 1262 1986 ignis
1301 1930 1331 1966 a
1362 1914 1492 1983 facie
1517 1914 1624 1982 ejus
1663 1929 1811 1966 επαν-

227 2011 402 2064 descit:
453 2019 512 2064 et
545 2008 820 2078 ﬂagrantia
861 2007 1134 2062 charitatis
1178 2014 1298 2076 post
1337 2005 1702 2076 penitentiam
1743 2003 1808 2059 de

229 2101 395 2154 notitia
422 2100 540 2169 ejus
585 2099 887 2153 inardescit.
916 2095 1168 2153 Carboncs
1211 2095 1436 2149 succensi
1479 2104 1596 2147 sunt
1624 2095 1687 2146 ab
1716 2110 1810 2151 eo:

228 2193 305 2260 qui
325 2190 428 2261 jam
459 2191 657 2244 mortui
679 2198 832 2244 erant
860 2188 1055 2241 deserti
1082 2188 1149 2241 ab
1176 2186 1296 2251 igne
1322 2185 1444 2240 boni
1474 2185 1724 2240 desiderii
1748 2199 1811 2241 ac

229 2283 333 2336 luce
368 2282 625 2350 justitiae,
678 2290 731 2334 et
774 2278 946 2349 frigidi
1001 2277 1376 2346 tenebrosique
1419 2286 1810 2343 remanserant,

229 2387 396 2426 rursus
421 2372 637 2426 accensi
666 2380 721 2425 et
751 2370 1032 2424 illuminati
1062 2369 1387 2423 revixerunt.

294 2463 376 2517 10.
417 2461 587 2534 [vers
620 2458 733 2532 10.]
769 2460 828 2514 Et
854 2459 1109 2513 inclinavit
1139 2459 1338 2524 caelum,
1369 2466 1413 2510 ct
1442 2457 1695 2510 descendit
1720 2471 1737 2510 :
1758 2465 1814 2512 et

228 2552 514 2606 lutmitiavit
535 2552 734 2619 justum
756 2593 772 2614 ,
803 2559 863 2606 ut
887 2549 1233 2605 descenderet
1258 2549 1324 2602 ad
1355 2547 1628 2601 hominum
1661 2546 1814 2601 intir-

228 2645 465 2700 mitatem.
518 2645 585 2698 Et
633 2645 796 2714 caligo
836 2643 926 2697 sub
965 2642 1173 2713 pedibus
1224 2641 1351 2712 ejus.
1413 2639 1480 2694 Et
1527 2641 1676 2710 impii
1723 2641 1813 2710 qui

224 2748 420 2793 terrena
448 2738 704 2806 sapiunt,
733 2736 961 2807 caligine
990 2733 1208 2788 malitia:
1247 2748 1359 2786 sua:
1397 2747 1502 2786 non
1545 2747 1666 2786 eum
1716 2747 1780 2786 eo

222 2839 546 2898 gnoverunt;
598 2837 735 2882 terra
781 2828 924 2884 enim
969 2826 1069 2881 sub
1118 2824 1340 2895 pedibus
1379 2823 1513 2893 ejus,
1564 2834 1811 2894 tanquam

221 2921 502 2974 scabellum
535 2921 726 2988 pedum
758 2919 894 2986 ejus.

289 3011 369 3064 11.
412 3009 582 3080 iners.
617 3007 734 3080 11.]
773 3006 842 3061 Et
875 3005 1098 3061 ascendit
1124 3022 1275 3075 super
1305 3003 1573 3060 Cherubin:
1598 3046 1613 3069 ,
1651 3015 1697 3057 et
1723 3021 1814 3057 vo-

222 3101 349 3156 lavit.
380 3103 444 3156 Et
469 3102 736 3156 exaltatus
761 3111 846 3155 est
871 3114 1033 3168 super
1061 3097 1440 3167 plenitudinem
1472 3097 1730 3162 scientiae,
1757 3105 1816 3150 ut

221 3208 368 3248 nemo
397 3194 462 3247 ad
491 3209 617 3248 eum
648 3191 968 3262 perveniret,
1001 3189 1098 3243 nisi
1129 3205 1223 3258 per
1252 3189 1564 3243 charitatem
1591 3207 1604 3241 :
1644 3188 1815 3257 pleni-

221 3284 338 3337 tudo
362 3284 508 3339 euim
557 3284 689 3351 legis
721 3283 953 3335 charitas
984 3278 1161 3342 (Rom.
1207 3295 1334 3343 xm,
1367 3278 1474 3348 10).
1526 3279 1588 3331 Et
1627 3278 1732 3331 cito
1757 3293 1816 3332 se

221 3373 815 3444 iucomprebensibilem
865 3387 984 3426 esse
1029 3371 1416 3424 demonstravit
1469 3369 1815 3423 dilectoribus

218 3466 340 3528 suis,
372 3482 440 3520 ne
483 3465 636 3519 illum
686 3463 958 3532 corporeis
999 3460 1462 3532 imaginationibus
1505 3461 1527 3491 ³
1564 3475 1813 3530 compre-

220 3555 368 3610 hendi
409 3556 831 3610 arbitrarentur.
884 3551 1081 3604 Volavit
1122 3567 1276 3619 super
1308 3567 1497 3616 pennas
1531 3559 1812 3603 ventorum.

220 3643 299 3701 llla
330 3642 510 3701 autem
542 3644 828 3709 celeritas,
855 3657 957 3711 qua
989 3655 1046 3696 se
1073 3639 1666 3709 incomprehensibilem
1695 3654 1816 3694 esse

216 3740 572 3803 monstravit,
607 3751 768 3803 super
805 3735 1026 3788 virtutes
1055 3732 1352 3786 animarUm
1381 3740 1497 3798 est,
1527 3731 1717 3801 quibus
1757 3747 1818 3785 se

216 3831 349 3886 velut
377 3831 578 3900 pennis
619 3842 650 3880 a
690 3825 914 3880 terrenis
957 3823 1233 3878 timoribus
1273 3821 1326 3876 in
1361 3837 1518 3876 auras
1559 3821 1817 3876 libertatis

213 3924 476 3975 attollunt.

286 4014 365 4066 12.
408 4010 585 4085 [vers.
624 4006 735 4081 12.]
767 4007 828 4060 Et
855 4007 1020 4078 posuit
1046 4006 1271 4059 tenebras
1295 4005 1557 4058 latibulum
1606 4021 1755 4058 suum
1797 4021 1811 4059 :

213 4116 262 4158 ct
309 4106 488 4174 posuit
534 4102 923 4156 obscuritatem
952 4106 1428 4159 sacramentorum,
1469 4107 1522 4152 et
1552 4099 1814 4152 occultam

212 4212 352 4261 spem
387 4197 441 4248 in
469 4190 645 4248 corde
674 4190 1037 4252 credentium,
1070 4189 1155 4242 ubi
1186 4188 1374 4240 lateret
1405 4187 1515 4255 ipse
1539 4228 1554 4252 ,
1588 4203 1694 4241 non
1723 4203 1816 4242 eos

210 4287 494 4346 deserens;
529 4285 590 4336 in
626 4281 707 4335 his
734 4281 892 4334 etiam
922 4278 1155 4333 tenebris
1179 4278 1242 4346 (ll
1275 4276 1390 4330 (ἔον.
1420 4293 1454 4331 v
1475 4319 1488 4340 ,
1522 4278 1578 4343 7)
1605 4278 1690 4332 ubi
1724 4294 1817 4346 per

213 4379 361 4431 tidem
391 4377 582 4431 adhuc
611 4372 943 4427 ambulamus
963 4413 978 4435 ,
1010 4386 1112 4424 non
1144 4386 1238 4439 per
1265 4370 1496 4438 speciem
1523 4411 1536 4431 ,
1564 4371 1816 4439 quamdiu

210 4472 342 4540 quod
372 4487 480 4525 non
513 4467 767 4522 videmus
790 4477 1066 4533 speramus
1092 4472 1144 4516 et
1173 4477 1266 4529 per
1295 4462 1599 4530 patientiam
1628 4477 1817 4530 empe-

212 4574 420 4632 ctantus
448 4561 638 4629 (Rom.
672 4573 763 4610 vm
784 4597 800 4622 ,
827 4555 942 4624 9.5).
976 4554 1043 4608 In
1073 4553 1287 4607 circuitu
1308 4554 1416 4623 ejus
1445 4553 1818 4606 tabernaculum

210 4655 345 4723 ejus.
381 4650 642 4707 conversi
691 4658 866 4701 tamen
891 4646 957 4699 ad
990 4646 1162 4714 ipsum
1191 4643 1431 4696 ambiunt
1469 4644 1556 4711 qui
1602 4644 1820 4697 credunt

208 4749 254 4796 ei
279 4763 292 4806 ;
319 4746 444 4814 quia
477 4745 533 4797 in
569 4739 754 4795 medio
777 4752 962 4793 eorum
994 4746 1095 4802 est,
1125 4750 1245 4789 cum
1273 4733 1520 4787 omnibus
1547 4734 1821 4801 aequaliter

211 4835 364 4900 lavet,
400 4838 453 4888 in
483 4832 694 4902 quibus
738 4839 986 4896 tanquam
1016 4827 1067 4880 in
1113 4824 1456 4878 tabernaculo
1488 4823 1687 4876 habitat
1717 4823 1821 4877 hoc

214 4938 470 4995 tempore.
507 4923 805 4978 Tenebrosa
829 4935 960 4987 aqua
998 4919 1050 4970 in
1099 4917 1310 4969 nubibus
1356 4915 1526 4967 aeris:
1559 4930 1657 4968 nec
1696 4930 1820 4984 pro-

215 5033 386 5089 ptrrea
415 5019 716 5092 quisquam
749 5012 799 5065 in
832 5011 918 5064 illa
967 5012 1102 5072 luce,
1134 5023 1252 5075 qua:
1284 5006 1455 5059 futura
1488 5016 1569 5059 est
1606 5021 1725 5058 cum
1755 5023 1818 5060 ex

213 5113 306 5167 title
335 5113 400 5166 ad
429 5110 683 5179 speciem
711 5103 1037 5162 venerimus,
1063 5099 1170 5167 jam
1203 5114 1258 5151 se
1289 5113 1408 5151 esse
1437 5097 1743 5159 arbitretur,
1776 5097 1818 5150 si

212 5205 517 5273 Scripturas
549 5205 704 5251 recte
731 5192 966 5261 intelligit
991 5207 1005 5255 °,
1036 5191 1086 5245 in
1118 5189 1396 5255 PrOphetis
1419 5187 1558 5240 enim
1588 5187 1819 5254 atquein

210 5298 457 5348 omnilms
484 5287 663 5344 divini
693 5284 838 5339 verbi
867 5280 1303 5351 prtcdicatoribus
1333 5277 1556 5331 obscura
1579 5277 1819 5331 doctrina

209 5402 304 5442 est.

279 5480 362 5533 15.
409 5469 704 5548 [vers.15].
732 5467 847 5520 Prae
864 5467 1062 5535 fulgore
1086 5464 1136 5515 iu
1159 5471 1426 5528 conspectu
1443 5461 1588 5525 ejus:
1609 5461 1658 5512 in
1679 5475 1823 5513 com-

212 5550 484 5640 paratiOne
512 5561 766 5631 fulgoris,
790 5557 879 5628 qui
899 5567 982 5619 est
1001 5556 1050 5607 in
1069 5563 1358 5622 conspectu
1382 5550 1823 5604 inaniiestationis

270 5748 286 5779 ι
311 5747 386 5794 sic
411 5733 649 5792 noun-uilli
675 5733 839 5796 probte
868 5737 993 5796 noue
1019 5736 1123 5796 ttss.
1145 5727 1280 5793 juxta
1303 5729 1430 5772 LXX.
1460 5721 1728 5784 [introivit]

269 5809 291 5840 ι
314 5789 820 5860 ίίίερμεξιιῆ-Μδδ.
848 5789 1129 5860 ,Αινίιιρόᾳν
1156 5801 1188 5855 q_
1219 5789 1251 5834 ι.

271 5870 292 5900 s
478 5843 799 5922 ἷῆιὶὶξὶιιίυιεδ.
825 5853 991 5903 Ceteri
1019 5850 1149 5909 edd.,
1169 5843 1599 5909 "imaginationibus.

1303 413 1695 474 ENARRATIU
1736 411 1800 464 IN
1842 409 2164 464 PSALMUM
2206 410 2366 465 XVII.

3393 427 3494 485 150

1898 534 2031 604 ejus.
2062 535 2230 592 Nubes
2250 539 2407 606 ipsius
2433 541 2737 594 transierunt
2765 559 2781 594 :
2810 545 3184 609 prmdicatores
3208 550 3350 603 verbi
3369 551 3493 621 ejus

1898 645 2002 682 non
2021 629 2128 697 jam
2158 631 2208 683 in
2230 630 2428 685 Judmm
2459 634 2647 685 linibus
2674 633 3030 702 euntittcntur,
3053 639 3143 693 sed
3167 645 3490 700 transierum

1899 719 1963 770 ad
2004 718 2222 774 Gentes.
2269 718 2476 774 Grande
2520 733 2565 775 et
2603 725 2843 777 carbones
2884 728 3032 796 ignis.
3085 729 3489 801 Obiurgationes

1900 809 2137 879 ligni-alte
2168 812 2207 875 ¹,
2233 812 2426 880 quibus
2459 815 2602 866 velut
2631 815 2888 883 grandine
2911 818 3070 870 corda
3095 819 3222 871 dura
3258 823 3490 875 tundun-

1904 906 2024 952 tur:
2057 903 2102 953 si
2146 912 2322 954 autem
2366 911 2505 955 terra
2533 905 2673 956 culta
2721 916 2773 957 et
2802 907 2972 970 ruitis,
3003 907 3053 961 id
3077 919 3176 973 est,
3219 911 3338 979 pius
3384 915 3492 965 ani-

1903 1008 2022 1046 mus
2064 995 2351 1062 exceperit,
2401 993 2593 1048 duritia
2642 997 2912 1063 grandinis
2964 1000 3013 1052 in
3061 1015 3272 1068 aquam,
3321 1004 3368 1056 id
3415 1015 3500 1058 est

1907 1093 2078 1138 terror
2105 1083 2381 1154 fulgurata:
2411 1095 2463 1139 et
2485 1087 2631 1153 quasi
2661 1090 2952 1157 congelatm
2981 1090 3362 1160 objurgationis
3393 1096 3411 1125 ³
3445 1095 3495 1147 in

1905 1174 2200 1228 doctrinam
2222 1177 2503 1231 Satiantem
2525 1179 2809 1232 resolvitur
2834 1203 2844 1231 :
2881 1182 2999 1249 igne
3021 1195 3196 1238 autem
3221 1185 3502 1239 cbaritatis

1905 1281 2126 1320 accensa
2175 1268 2334 1323 corda
2383 1270 2725 1324 reviviscunt.
2775 1271 2898 1326 [lare
2941 1275 3115 1327 omnia
3170 1279 3217 1328 in
3271 1277 3496 1330 nubibus

1909 1359 2072 1427 ipsius
2097 1359 2162 1412 ad
2192 1357 2390 1414 Gentes
2416 1361 2758 1415 transierunt.

1984 1451 2068 1504 14.
2113 1450 2426 1525 [vers.14.]
2467 1453 2534 1507 Et
2578 1456 2799 1509 intonuit
2842 1456 2905 1509 de
2942 1460 3064 1510 cmlo
3109 1458 3389 1514 (tabanus:
3443 1472 3500 1515 et

1912 1541 2226 1612 Erangclica
2257 1542 2446 1598 ﬁducia
2472 1545 2538 1599 de
2564 1547 2728 1601 corde
2750 1547 2879 1616 justi
2906 1550 3082 1601 sonuit
3128 1551 3398 1604 Dominus.
3435 1552 3500 1605 Et

1912 1636 2195 1690 Altissimus
2218 1637 2352 1690 dedit
2379 1654 2542 1691 uocem
2563 1656 2705 1692 suam
2729 1656 2747 1693 :
2785 1649 2840 1693 ιιι
2868 1641 3183 1694 Imber-cutus
3207 1661 3346 1708 cam,
3371 1653 3425 1699 et
3449 1648 3499 1699 in

1912 1726 2175 1796 profundo
2201 1745 2379 1782 rerum
2408 1729 2754 1784 humanarum
2783 1733 3085 1787 audiremus
3114 1738 3374 1790 etelcstia.

1986 1819 2072 1874 15.
2114 1817 2286 1890 [vers.
2317 1818 2426 1891 15.]
2470 1820 2534 1874 Et
2574 1822 2736 1874 emisit
2764 1824 2972 1892 sagittas
3011 1842 3161 1889 suas,
3196 1838 3240 1880 et
3269 1828 3505 1898 dispersit

1913 1925 2036 1964 eos:
2086 1920 2140 1964 et
2183 1911 2360 1965 emisit
2412 1911 2773 1982 Evangt-listas
2819 1915 3006 1982 pennis
3057 1917 3305 1971 virtutum
3357 1931 3503 1974 recta

1914 2001 2100 2054 itinera
2132 2002 2153 2032 ³
2175 2002 2585 2070 transvolantcs,
2619 2020 2721 2056 non
2748 2005 2879 2066 suis,
2904 2005 2997 2060 sed
3028 2006 3144 2076 ejus
3169 2023 3198 2060 a
3225 2024 3330 2078 quo
3355 2010 3502 2064 missi

1912 2100 2036 2145 sunt
2067 2090 2299 2145 viribus:
2331 2103 2384 2148 ct
2421 2093 2672 2163 dispersit
2697 2109 2790 2148 eos
2820 2094 2885 2148 ad
2927 2111 3061 2166 quos
3087 2098 3232 2151 missi
3259 2107 3414 2165 sunt,
3448 2110 3506 2155 ut

1914 2183 2031 2237 aliis
2077 2199 2259 2236 eorum
2305 2192 2482 2238 essent
2533 2184 2668 2238 odor
2719 2186 2839 2240 vitae
2880 2186 2930 2239 in
2979 2187 3159 2254 vitam,
3205 2190 3324 2243 aliis
3372 2190 3507 2244 odor

1916 2274 2102 2328 mortis
2146 2274 2200 2328 in
2245 2283 2469 2329 mortem
2517 2275 2583 2347 (ll
2611 2274 2729 2330 Cor.
2761 2293 2831 2341 tt,
2863 2277 2975 2349 16).
3023 2277 3090 2330 Et
3135 2281 3504 2334 coruscationes

1915 2369 2265 2439 multiplicauit
2288 2410 2302 2433 ,
2332 2379 2379 2423 et
2406 2369 2714 2423 conturbavit
2741 2387 2824 2424 eos
2842 2386 2861 2425 :
2885 2380 2940 2426 et
2965 2372 3217 2426 miracula
3245 2373 3504 2442 multipli-

1913 2464 2072 2527 cavit,
2100 2473 2153 2517 et
2175 2463 2508 2517 conturbavit
2531 2479 2644 2517 eos.

1989 2554 2075 2608 16.
2117 2553 2280 2626 [vers.
2313 2553 2428 2626 16.]
2472 2554 2539 2607 Et
2566 2565 2906 2626 apparuerunt
2934 2561 3096 2626 fontes
3123 2575 3370 2627 aquarum
3401 2575 3419 2611 :
3451 2569 3505 2612 et

1916 2656 2275 2724 apparuerunt
2311 2649 2399 2718 qui
2427 2650 2547 2703 lacti
2590 2658 2741 2703 erant
2784 2649 2835 2702 in
2880 2650 3290 2720 praedicantibus
3332 2651 3503 2705 latntes

1916 2754 2168 2810 aquarum
2195 2740 2495 2794 salientium
2525 2739 2578 2794 in
2603 2740 2764 2795 vitam
2794 2751 3046 2794 atteruatn
3077 2740 3254 2812 (Joan.
3288 2758 3358 2808 tv,
3392 2745 3499 2811 Η).

1918 2827 1984 2882 Ει
2012 2829 2230 2883 revelata
2254 2840 2370 2882 sunt
2392 2829 2723 2900 fundamenta
2747 2830 2879 2883 orbis
2901 2841 3147 2884 tetrarum
3165 2848 3184 2884 :
3210 2843 3262 2885 et
3288 2833 3504 2886 revoluti

1917 2915 2044 2974 sunt
2067 2919 2383 2988 PrOphetae,
2417 2919 2504 2988 qui
2532 2935 2637 2973 non
2679 2920 3140 2990 intelligebantur,
3183 2937 3342 2991 super
3370 2938 3507 2990 quos

1918 3010 2272 3065 aedificaretur
2322 3010 2464 3064 orbis
2515 3019 2771 3063 terrarqu
2819 3011 3045 3064 credi-ns
3091 3011 3314 3064 Domino
3345 3010 3385 3060 ⁸.
3434 3013 3508 3063 Ab

1918 3101 2260 3172 increpatione
2286 3109 2396 3165 tua,
2430 3098 2647 3153 Domine
2671 3115 2689 3152 :
2713 3099 2992 3154 clamantis
3018 3142 3032 3162 ,
3072 3101 3507 3170 Appropinquavit

1919 3210 2069 3262 super
2092 3209 2178 3246 vos
2206 3209 2416 3262 regnum
2449 3190 2538 3245 Dei
2564 3191 2712 3262 (Luc.
2747 3207 2780 3244 χ
2801 3232 2814 3253 ,
2843 3190 2919 3259 9).
2950 3192 3024 3244 Ab
3054 3193 3384 3260 inspiratione
3403 3193 3512 3258 spi-

1918 3288 2046 3340 ritus
2087 3287 2178 3339 εγω
2224 3293 2323 3338 tua:
2351 3299 2370 3338 :
2417 3284 2670 3349 dicentis,
2729 3282 2846 3338 Nisi
2895 3283 3237 3353 preuiteutiam
3291 3285 3508 3353 egeritis,

1920 3394 2090 3432 omnes
2118 3377 2348 3430 similiter
2371 3375 2650 3428 moriemini
2671 3373 2779 3445 (Id.
2811 3391 2901 3428 xm
2923 3416 2937 3438 ,
2968 3374 3044 3444 5).

1992 3470 2079 3524 17.
2113 3468 2262 3543 [vers.
2297 3467 2408 3540 17.]
2453 3467 2591 3522 Misit
2617 3468 2677 3520 de
2701 3483 2917 3530 summo,
2971 3477 3019 3520 et
3046 3470 3238 3535 accepit
3267 3483 3345 3520 me
3364 3482 3385 3521 :
3417 3484 3510 3519 vo-

1919 3561 2090 3616 cando
2125 3576 2190 3615 ex
2232 3559 2492 3615 Gentibus
2535 3559 2585 3612 in
2637 3558 3022 3624 hmreditatcm,
3069 3560 3355 3628 gloriosam
3401 3559 3507 3613 Ec-

1920 3651 2136 3707 clesiam
2165 3667 2267 3704 non
2297 3650 2582 3705 habentem
2608 3651 2868 3705 maculam
2892 3667 3063 3720 neque
3085 3667 3265 3720 rugam
3289 3650 3506 3720 (Ep/tes.

1922 3760 1952 3796 v
1976 3785 1992 3808 ,
2019 3742 2137 3811 27).
2181 3742 2464 3810 Assumpsit
2492 3758 2572 3796 me
2628 3741 2691 3794 de
2728 3741 3048 3794 multitudine
3087 3757 3335 3809 aquarum
3359 3756 3393 3795 ει
3420 3757 3510 3796 as-

1921 3835 2149 3904 sumpsit
2175 3850 2258 3888 mc
2284 3833 2352 3888 de
2380 3833 2716 3887 multitudine
2741 3832 3080 3902 pOpulorum.

1993 3927 2080 3980 18.
2123 3924 2286 3997 [vers.
2319 3922 2433 3995 18.]
2457 3921 2604 3976 Emit
2620 3940 2698 3976 me
2720 3922 2782 3976 de
2806 3923 3022 3977 inimicis
3039 3925 3157 3977 meis
3180 3925 3504 3994 fortissimis:

1920 4016 2060 4072 eruit
2078 4033 2163 4071 me
2175 4016 2240 4070 dc
2261 4015 2489 4070 inimicis
2512 4014 2762 4084 meis,qui
2788 4015 3184 4084 przevalucrunt
3209 4017 3511 4085 adattligen-

1921 4108 2043 4162 dam
2060 4117 2112 4161 et
2138 4106 2539 4176 pervertcndam
2559 4107 2580 4137 ⁸
2594 4105 2938 4175 temporalem
2957 4109 3109 4161 istam
3131 4109 3290 4162 vitam
3317 4126 3510 4162 meam.

1922 4200 1989 4255 Et
2015 4201 2074 4253 ab
2102 4200 2178 4254 Itis
2193 4200 2278 4268 qui
2295 4198 2507 4251 oderunt
2533 4216 2629 4260 me,
2669 4198 2907 4268 quoniam
2923 4201 3196 4270 confortati
3218 4213 3332 4254 sunt
3361 4219 3513 4270 super

1923 4309 2000 4346 me
2019 4310 2038 4348 :
2079 4292 2328 4362 quamdiu
2355 4290 2452 4345 sub
2481 4291 2608 4356 ipsis
2635 4306 2750 4343 sum
2782 4292 3029 4360 ignorans
3063 4293 3223 4345 Deum
3256 4295 3294 4345 ⁸.

1995 4383 2084 4436 19.
2130 4380 2280 4454 [vers.
2338 4378 2471 4451 19.]
2517 4380 2872 4434 Prteveuerunt
2915 4398 2993 4435 me
3021 4382 3070 4434 in
3099 4382 3181 4434 die
3231 4385 3513 4453 a/ﬂictiouis

1922 4491 2047 4529 mete
2071 4491 2088 4528 :
2115 4475 2319 4543 priores
2349 4473 2477 4525 mihi
2511 4481 2837 4533 nocuerunt,
2868 4475 2918 4524 in
2944 4482 3182 4541 tempore
3221 4492 3324 4543 qtm
3362 4491 3510 4528 mor-

1924 4570 2027 4623 tale
2057 4578 2108 4620 et
2137 4567 2461 4621 laboriosum
2488 4580 2682 4632 corpus
2704 4580 2850 4634 gero.
2885 4563 2950 4616 Et
2973 4566 3136 4634 [actus
3162 4577 3234 4619 est
3265 4565 3513 4619 Dominus

1923 4660 2297 4728 ﬁrmamentum
2344 4665 2510 4709 meum
2537 4671 2555 4708 :
2585 4667 2639 4710 et
2675 4656 2925 4724 quoniam
2965 4657 3317 4710 amaritudine
3350 4661 3513 4711 misi:-

1926 4751 2123 4804 riarmn
2178 4748 2570 4802 ﬁrmamentum
2620 4757 2844 4799 terrena:
2890 4746 3175 4813 voluptatis
3227 4750 3518 4801 conturba-

1928 4852 2037 4894 tum
2078 4850 2234 4909 atque
2280 4838 2593 4892 convulsum
2648 4845 2750 4902 est,
2811 4836 2978 4890 factus
3006 4849 3087 4890 est
3119 4838 3374 4891 Dominus
3427 4841 3516 4891 tir-

1927 4941 2250 4986 tuamcntum
2281 4946 2478 4983 meum.

1999 5023 2089 5077 ‘20.
2118 5021 2268 5094 [vers.
2290 5019 2421 5093 9.0.]
2451 5019 2514 5072 Et
2540 5021 2711 5073 eduxit
2737 5037 2814 5072 me
2847 5019 2898 5072 in
2929 5020 3247 5073 latitudinem
3277 5037 3295 5073 :
3316 5029 3368 5073 et
3399 5023 3518 5090 quia

1993 5225 2008 5255 ι
2040 5221 2221 5281 Aliquot
2240 5226 2365 5274 Mss,
2391 5215 2588 5281 figurat.

1991 5287 2010 5316 ³
2035 5275 2166 5334 ωδ..
2194 5275 2446 5339 eaafeperit
2464 5276 2693 5339 duritiam
2741 5275 3012 5339 grandinis,
3051 5275 3100 5323 in
3133 5288 3313 5339 {tat/ant
3334 5278 3524 5339 eadem

1927 5355 2057 5397 terra
2080 5335 2341 5407 fulguritae
2373 5347 2419 5388 et
2457 5338 2596 5400 amisi
2617 5335 2878 5407 congelant:
2903 5335 3264 5407 objurgatiouis,
3290 5336 3342 5384 id
3368 5344 3434 5384 est
3474 5338 3524 5384 in

1926 5399 2218 5458 doctrinam.
2240 5411 2331 5450 etc.
2355 5407 2522 5449 Lmum
2543 5399 2857 5449 emendaturus
2879 5401 2935 5447 ad
2975 5407 3078 5446 Mss.
3109 5414 3136 5445 e
3161 5401 3338 5458 quibus
3363 5407 3523 5446 tamen

1926 5471 2072 5532 aliqui
2102 5481 2187 5528 pro
2213 5465 2488 5532 fulgurata’,
2523 5464 2722 5519 habent,
2744 5457 2996 5525 ﬁguratae;
3023 5470 3073 5510 et
3096 5457 3288 5520 quidam
3313 5460 3527 5523 conliga-

1926 5529 2423 5591 ιωζυιηιεοηυιιίαιαξ.
2512 5593 2516 5594 7

1992 5595 2011 5624 ³
2035 5604 2046 5635 ι
2049 5601 2241 5649 ριιιιιυυι·
2265 5597 2392 5649 Mss,
2420 5593 2548 5649 recto
2572 5592 2760 5633 itinere.

1995 5640 2138 5700 δ’Ᾰιιι.
2167 5659 2238 5698 Er.
2279 5658 2329 5697 et
2353 5640 2575 5709 plerique
2601 5656 2726 5703 ωδε..
2751 5643 3019 5697 Dominum.
3049 5643 3181 5694 Colb.
3203 5650 3308 5705 Is»,
3342 5640 3394 5691 in
3431 5650 3524 5692 Do-

2011 5730 2072 5765 ιο.

1926 5731 2111 5825 "nitide
2135 5782 2240 5823 Mss.
2264 5781 2317 5821 At
2341 5771 2570 5840 edd.,.a.d
2594 5767 2911 5840 perdendam.

1995 5840 2016 5872 ⁸
2040 5846 2235 5899 Septem
2259 5842 2387 5896 Mss,
2412 5838 2495 5898 qui
2517 5838 2736 5898 ignorant
2767 5839 2933 5890 Dearti.
