3956 6318
470 362 568 422 151

463 479 705 535 carnales
726 477 965 549 patiebar
991 477 1289 549 angustias.
1314 478 1499 534 eduxit
1532 495 1617 533 tne
1645 479 1695 532 in
1719 479 2051 547 spiritualem

463 571 798 627 latitudinem
827 571 968 624 ﬁdei.
996 571 1144 626 Eruit
1165 589 1267 636 me,
1298 573 1536 640 quoniam
1569 573 1724 626 voluit
1754 589 1830 627 me
1857 587 1874 624 :
1899 582 2054 624 ante-

463 678 624 731 quam
673 663 818 716 illum
847 679 947 733 ego
987 663 1211 725 vellem,
1246 664 1384 717 eruit
1429 679 1516 717 me
1543 663 1608 717 ab
1641 663 1870 717 inimicis
1924 663 2056 718 meis

463 754 880 823 potentissimis,
914 756 1006 826 qui
1036 756 1164 808 mihi
1203 756 1507 810 invidebant
1532 755 1641 825 jam
1681 757 1877 810 volenti
1908 771 2054 820 eum,

462 857 516 900 et
541 845 610 900 ab
639 847 720 901 his
739 848 830 916 qui
859 848 1090 902 oderunt
1113 865 1221 915 me,
1248 849 1370 918 quia
1403 849 1527 903 volo
1553 865 1696 902 eum.

530 937 623 990 2t.
648 935 797 1011 [verm
823 937 940 1012 21.]
976 939 1038 992 Et
1075 941 1311 994 retribuet
1339 940 1463 992 mihi
1497 938 1747 993 Dominus
1779 941 2056 994 secundum

459 1027 709 1100 justitiam
727 1045 887 1082 meam
913 1045 930 1082 :
955 1039 1009 1083 et
1031 1030 1290 1084 retribuet
1315 1029 1444 1082 mihi
1475 1030 1732 1084 Dominus
1762 1029 2053 1084 secundum

463 1120 722 1190 justitiam
750 1122 903 1176 bona:
943 1122 1251 1190 voluntatis,
1279 1123 1366 1192 qui
1399 1123 1546 1193 prior
1577 1123 1800 1192 praebuit
1841 1123 2044 1177 miseri-

459 1212 719 1278 cordiam,
768 1225 1052 1286 antequam
1093 1215 1347 1270 haberem
1381 1215 1575 1269 bonam
1607 1215 1954 1271 voluntatem.
1986 1214 2056 1269 Et

461 1305 739 1358 secundum
767 1306 1036 1373 puritatem
1069 1323 1311 1360 manuum
1355 1323 1584 1359 mearum
1612 1307 1853 1360 retribuet
1879 1307 2007 1360 mihi
2035 1322 2054 1361 :

459 1396 828 1450 ctsecundum
873 1397 1158 1466 puritatem
1191 1397 1451 1452 factorum
1491 1413 1733 1452 meorum
1792 1397 2054 1452 retribuet

459 1486 611 1553 mihi,
636 1489 724 1558 qui
752 1488 941 1542 tribuit
963 1489 1090 1542 mihi
1124 1500 1180 1542 ut
1210 1489 1346 1544 bene
1371 1487 1626 1553 facerem,
1657 1488 1936 1544 educendo
1964 1503 2050 1544 me

459 1580 511 1634 in
539 1579 814 1634 latitudine
841 1581 985 1636 fidei.

529 1669 619 1724 22.
665 1669 812 1742 [vers
842 1669 958 1743 22.]
987 1671 1118 1738 Quia
1159 1671 1406 1726 custodivi
1439 1673 1545 1726 vias
1574 1672 1815 1730 Domini:
1846 1683 1904 1729 ut
1929 1673 2051 1729 lati-

459 1761 588 1816 tudo
618 1763 636 1793 ⁸
669 1763 927 1816 bonorum
950 1777 1195 1830 operum,
1225 1778 1346 1834 qua:
1367 1780 1460 1832 per
1490 1763 1648 1818 tidem
1681 1772 1824 1828 sunt,
1847 1775 1902 1820 et
1937 1764 2054 1820 lou-

459 1851 742 1923 gauimitas
765 1853 1144 1920 perseverandi
1173 1863 1553 1923 consequatur.

527 1941 617 1994 23.
664 1938 815 2012 [vers.
854 1939 969 2013 23.]
1020 1940 1130 1995 Nec
1163 1942 1317 2011 impie
1340 1942 1471 2011 gessi
1497 1959 1530 1995 a
1583 1941 1687 1996 Deo
1722 1958 1850 1996 meo.
1905 1943 2052 2010 Quo-

457 2031 594 2085 niam
645 2034 666 2064 ²
718 2032 888 2085 omnia
929 2032 1130 2102 judicia
1185 2033 1295 2095 eius
1338 2033 1393 2086 in
1446 2042 1715 2102 conspectu
1767 2050 1875 2088 meo
1907 2045 2048 2089 sunt.

458 2125 711 2190 Quoniam
761 2126 932 2179 omnia
969 2125 1171 2196 judicia
1221 2128 1329 2197 ejus
1398 2142 1419 2180 :
1461 2124 1513 2180 id
1571 2135 1673 2190 est,
1732 2135 1786 2181 et
1835 2128 2052 2196 prazmia

456 2216 739 2285 iustorum,
771 2225 824 2270 et
855 2231 1040 2286 pinnas
1069 2216 1375 2286 impiorum,
1403 2225 1458 2271 ct
1477 2216 1682 2287 ﬁagella
1707 2217 2051 2288 corrigendo-

456 2325 596 2371 rum,
638 2319 692 2365 et
721 2311 1042 2365 tentationes
1083 2309 1500 2380 probandorum,
1530 2310 1892 2379 perseveranti
1923 2325 2054 2365 con-

455 2402 802 2471 tetnplatione
829 2400 1136 2457 considero.
1184 2400 1252 2455 Et
1272 2401 1504 2472 justitias
1542 2401 1653 2473 ejus
1681 2418 1782 2455 non
1819 2401 1985 2471 repuli
2019 2419 2052 2456 a

455 2509 571 2548 me:
601 2493 741 2562 quod
789 2492 988 2548 faciunt
1027 2493 1340 2549 deﬁcientes
1369 2493 1470 2549 sub
1507 2491 1714 2549 sarcina
1745 2508 1929 2549 earutn
1951 2536 1966 2560 ,
1997 2504 2054 2548 et

454 2595 792 2640 revertuntur
819 2585 884 2640 ad
908 2586 1163 2640 vomitum
1197 2600 1373 2640 suum.

520 2677 612 2730 2t.
641 2675 707 2730 Et
735 2693 819 2730 ero
845 2677 1201 2732 immaculatus
1228 2692 1340 2730 cum
1365 2692 1424 2730 eo
1457 2717 1476 2743 ,
1499 2685 1547 2731 et
1573 2675 1844 2732 observabo
1873 2694 1954 2732 me
1981 2677 2047 2732 ab

452 2769 715 2838 iniquitate
742 2785 872 2822 mea.

528 2857 620 2913 25.
651 2857 806 2930 [vers.
832 2855 950 2930 25.]
975 2855 1042 2911 Et
1063 2856 1302 2912 retribuet
1347 2857 1474 2912 mihi
1496 2857 1748 2912 Dominus
1775 2857 2052 2912 secundum

453 2950 703 3020 iustitiam
717 2966 881 3003 meam
905 2965 922 3004 :
944 2950 1122 3018 itaque
1142 2962 1248 3003 non
1274 2947 1446 3002 solum
1477 2956 1697 3018 propter
1714 2947 2049 3003 latitudinem

460 3040 611 3108 ﬁdei,
637 3057 758 3112 qua:
782 3057 876 3111 per
899 3039 1240 3096 dilectionem
1258 3050 1513 3110 operatur
1543 3037 1685 3109 (Cal.
1723 3054 1778 3106 v,
1832 3039 1926 3108 6),
1955 3041 2051 3095 sed

452 3136 614 3192 etiam
643 3143 860 3205 propter
886 3133 1269 3205 longitudinem
1319 3131 1728 3202 perseverantia:
1749 3173 1763 3197 ,
1795 3132 2052 3188 retribuet

452 3227 586 3282 mihi
617 3226 873 3282 Dominus
911 3224 1206 3282 secundum
1231 3225 1493 3294 justitiam
1541 3239 1738 3278 meant.
1776 3222 1843 3277 Et
1868 3241 2052 3279 secun-

455 3316 582 3370 dum
617 3317 886 3387 puritatem
915 3332 1156 3371 manuum
1193 3331 1422 3370 mearum
1465 3316 1519 3369 in
1562 3324 1834 3384 conspectu
1875 3316 2052 3370 oculo-

453 3425 572 3464 rum
583 3409 729 3478 eius:
746 3424 852 3463 non
871 3406 1013 3478 quod
1033 3406 1054 3438 ⁸
1083 3406 1326 3461 homines
1346 3405 1546 3469 vident,
1566 3404 1660 3460 sed
1689 3405 1740 3460 in
1762 3417 2050 3476 conspectu

453 3501 732 3556 oculorum
774 3500 912 3568 ejus.
949 3499 1212 3566 Quoniam
1264 3513 1384 3568 quae
1426 3497 1706 3564 videntur,
1743 3498 2050 3566 temporalia

454 3601 614 3657 sunt;
664 3605 784 3661 quae
810 3599 990 3645 autem
1033 3604 1140 3644 non
1167 3589 1434 3655 videntur,
1465 3600 1662 3644 aeterna
1709 3589 1777 3660 (ll
1809 3589 1928 3644 Cor.
1957 3602 2010 3642 iv
2031 3629 2046 3653 ,

457 3681 550 3749 t8)
574 3699 587 3735 :
611 3696 719 3752 quo
753 3680 983 3752 pertinet
1026 3678 1248 3734 altitudo
1282 3680 1415 3748 Spei.

527 3771 621 3827 26.
648 3769 816 3844 [vers.
858 3769 980 3843 26.]
1012 3771 1137 3824 Cum
1166 3780 1341 3825 sancto
1385 3783 1591 3824 sanctus
1615 3771 1711 3824 eris
1744 3778 1866 3824 :est
1889 3771 2048 3823 etiam

454 3864 664 3919 occulta
714 3861 1082 3933 profunditas,
1140 3877 1242 3930 qua
1313 3861 1625 3931 intelligeris
1687 3877 1807 3916 cum
1863 3871 2049 3916 sancto

454 3964 695 4018 sanctus,
738 3953 860 4023 quia
906 3963 961 4007 tu
1013 3951 1332 4007 sanctiﬁcas.
1376 3950 1447 4005 Et
1492 3969 1606 4005 cum
1639 3953 1745 4005 viro
1786 3952 2053 4006 innocente

454 4044 696 4099 innocens
747 4043 847 4097 eris
877 4059 898 4098 :
922 4044 1043 4113 quia
1067 4051 1121 4097 tu
1145 4043 1274 4097 nulli
1307 4057 1490 4106 noces,
1513 4042 1607 4097 sed
1631 4043 1899 4097 criuiculis
1920 4059 2048 4113 pec-

453 4149 697 4193 catorum
751 4151 971 4192 suorum
1027 4135 1389 4206 unusquisque
1431 4133 1812 4206 constringitur
1848 4132 2048 4206 (Prov.

457 4246 513 4297 v,
543 4229 672 4303 se).
1873 4249 1879 4256 -

527 4323 621 4380 27.
669 4321 819 4396 [vers.
844 4319 962 4394 27.]
987 4318 1056 4373 Et
1081 4335 1196 4374 cum
1232 4320 1390 4375 electo
1425 4319 1608 4374 electus
1636 4320 1732 4372 eris
1765 4334 1784 4372 :
1812 4329 1867 4373 et
1891 4318 1960 4372 ab
1984 4334 2050 4372 eo

453 4432 615 4485 quem
669 4415 860 4488 eligis,
911 4412 1148 4486 eligeris.
1201 4411 1271 4466 Et
1319 4428 1432 4466 cum
1480 4428 1724 4482 perverso
1790 4427 2049 4478 perversus

457 4509 558 4565 eris
577 4505 655 4579 (α)
671 4507 726 4560 δε
756 4517 810 4561 et
829 4521 949 4560 cum
966 4519 1216 4575 perverso
1233 4501 1429 4556 videris
1458 4514 1738 4572 perversus
1763 4517 1774 4552 :
1799 4500 2048 4570 quoniam

461 4598 666 4660 dicunt.
701 4595 821 4652 Non
857 4605 930 4650 est
955 4605 1093 4649 recta
1121 4594 1216 4647 via'
1243 4593 1449 4646 Domini
1478 4590 1694 4662 (Ezeclt.
1727 4606 1874 4655 xvm,
1902 4590 2006 4660 25)
2031 4607 2045 4643 :

455 4698 510 4743 et
530 4688 765 4755 ipsorum
789 4686 868 4739 via
901 4702 1006 4739 non
1037 4693 1118 4738 est
1146 4695 1310 4738 recta.

527 4777 621 4831 28.
643 4774 794 4848 [vers.
820 4773 936 4847 28.]
965 4773 1216 4839 Quoniam
1247 4783 1300 4824 tu
1329 4770 1570 4839 populum
1593 4769 1830 4822 Immilem
1855 4769 2049 4821 salvum

459 4867 630 4935 facies.
658 4866 770 4920 Iloc
797 4877 972 4919 autem
1005 4879 1313 4933 perversum
1345 4862 1557 4916 videtur
1588 4862 1872 4930 perversis,
1906 4862 2046 4926 quod

456 4957 773 5026 conﬁtentes
801 4963 1013 5025 peccata
1039 4969 1131 5008 sua
1165 4954 1342 5007 salvos
1380 4951 1563 5006 facies.
1593 4949 1660 5004 Et
1687 4949 1858 5004 oculos
1879 4969 2049 5019 super-

457 5049 631 5101 borum
689 5046 979 5099 humiliabis
1013 5059 1032 5098 :
1083 5044 1390 5113 ignorantes
1435 5051 1610 5096 autem
1645 5042 1733 5094 Dei
1764 5041 2044 5110 justitiam,

458 5149 512 5192 et
539 5153 690 5194 suam
729 5139 968 5192 volentes
1006 5139 1334 5190 constituere
1357 5130 1377 5204 (
1400 5131 1550 5185 Rom.
1581 5148 1634 5195 ι,
1659 5130 1726 5201 5)
1753 5173 1768 5197 ,
1798 5130 2047 5185 humilia-

455 5230 592 5372 1,282.
607 5316 759 5391 [rers.
772 5313 887 5388 29.]
912 5315 1164 5383 Quoniam
1183 5323 1234 5367 tu
1257 5311 1567 5368 illuminabis
1585 5312 1841 5366 lucernam
1862 5327 2045 5380 meam,

519 5453 535 5484 ¹
561 5451 815 5500 ’t‘redecim
841 5458 966 5506 uss,
999 5457 1058 5497 tft
1075 5445 1394 5496 latitudinem.

518 5516 538 5545 ι
564 5520 610 5561 tn
636 5514 767 5568 edd.,
793 5509 1101 5571 Quoniam...
1119 5517 1226 5558 sunt
1249 5519 1437 5571 semper
1463 5518 1479 5555 :
1503 5520 1613 5569 (pne
1638 5519 1752 5566 vox,
1793 5517 2001 5569 semper,
2017 5519 2048 5557 ι

454 5574 668 5625 laetioris
686 5569 813 5622 aulai
839 5582 941 5621 Mss.
970 5579 1020 5620 et
1044 5586 1068 5618 a
1091 5579 1252 5618 Gram

519 5638 540 5668 ³
562 5643 691 5689 ων..
719 5643 814 5684 Non
838 5645 944 5693 quo.
971 5632 1142 5680 t‘mteri
1161 5630 1290 5685 libri,
1311 5637 1409 5678 Non
1431 5628 1578 5693 quod.

517 5698 539 5726 δ
565 5686 789 5757 t'rmeipui
820 5686 941 5757 usi...
971 5701 1020 5742 Et
1045 5705 1155 5757 cum
1178 5702 1399 5757 perverso
1417 5686 1721 5757 subveneris.

517 5759 592 5818 (ιι)
616 5751 745 5806 Idem
762 5770 888 5818 vers.
916 5755 976 5804 27
999 5751 1266 5817 explicatur
1292 5755 1341 5801 in
1360 5758 1494 5802 mar.
1523 5751 1642 5802 ml.
1670 5765 1797 5812 πυτ,
1816 5763 1864 5800 ιι.
1894 5751 1967 5813 t7,
1993 5758 2044 5804 ct

455 5817 577 5876 rgat.
602 5831 752 5880 usu,
773 5829 823 5868 ιι.
847 5817 897 5866 7.

1706 363 1764 421 8.
1808 363 2170 419 AUGUSTINI
2211 365 2514 425 EPlSCOPI

3647 381 3753 437 152

2167 477 2383 538 Domine
2417 499 2437 538 :
2457 487 2706 556 quoniam
2736 505 2840 543 non
2866 501 2950 546 est
2976 491 3152 548 lumen
3197 503 3430 550 nostrum
3457 513 3520 552 es
3552 500 3704 555 nobis
3727 516 3748 563 ;

2164 572 2258 626 sed
2301 582 2354 626 tu
2383 574 2706 632 illuminabis
2753 579 3021 636 lucernam
3077 598 3270 650 meam,
3317 585 3552 642 Domine.
3610 585 3751 643 Deus

2164 677 2324 725 meus,
2352 663 2664 720 illuminabis
2710 669 2936 724 tenebras
2981 687 3116 726 meas
3145 687 3164 726 :
3193 688 3290 729 nos
3328 674 3466 729 enim
3517 677 3748 745 peccatis

2167 754 2368 809 nnatris
2397 757 2632 812 tenebrae
2672 761 3030 826 sunms;sed,
3065 763 3206 820 Deus
3229 780 3398 832 meus,
3427 766 3749 824 illuminabis

2165 846 2412 900 tenebras
2442 863 2606 902 meas.

2233 936 2322 990 30.
2355 936 2506 1009 [vers.
2545 938 2659 1011 30.]
2693 941 2947 1006 Quoniam
2991 962 3021 996 a
3073 954 3120 999 te
3167 963 3320 1001 eruar
3357 964 3390 1000 α
3432 951 3700 1003 tentatione
3730 964 3754 1002 :

2161 1027 2410 1092 quoniam
2434 1043 2538 1082 non
2568 1045 2598 1082 a
2626 1046 2732 1090 me.
2760 1031 2852 1085 sed
2881 1048 2910 1086 a
2944 1043 2993 1088 te
3012 1049 3168 1090 eruar
3195 1052 3224 1090 a
3268 1039 3569 1094 tentatione.
3596 1037 3662 1093 Et
3693 1043 3752 1093 in

2163 1117 2270 1173 Deo
2317 1137 2425 1174 meo
2474 1124 2817 1191 transgredior
2855 1142 3053 1180 murum
3081 1144 3101 1181 :
3139 1139 3192 1184 et
3217 1145 3318 1184 non
3343 1131 3393 1185 in
3425 1146 3526 1196 me,
3554 1131 3646 1186 sed
3693 1132 3749 1185 in

2162 1211 2271 1265 Deo
2300 1226 2421 1266 meo
2464 1213 2823 1282 trausgrcdiar
2854 1230 3065 1270 murum
3091 1259 3106 1284 ,
3134 1234 3288 1284 quem
3320 1220 3454 1275 inter
3507 1220 3750 1276 homines

2159 1310 2214 1356 et
2237 1303 2509 1358 cmlesIem
2549 1303 2844 1359 Jerusalem
2875 1317 3088 1377 peccata
3117 1322 3419 1366 erexerunt.

2230 1395 2320 1448 3t.
2353 1393 2502 1466 [vers.
2531 1395 2644 1469 51]
2669 1397 2806 1454 Deus
2836 1417 2996 1466 meus,
3043 1401 3364 1456 immaculata
3389 1413 3461 1457 est
3489 1403 3566 1456 via
3581 1403 3694 1469 eius
3724 1419 3748 1457 :

2162 1481 2300 1538 Deus
2328 1502 2479 1540 meus
2522 1503 2626 1542 non
2655 1493 2802 1545 venit
2828 1492 2879 1546 in
2934 1492 3196 1557 homines.
3244 1494 3341 1548 nisi
3383 1496 3750 1551 mandaverint

2160 1573 2298 1629 viam
2332 1575 2451 1630 ﬁdei
2480 1592 2584 1647 qua
2614 1580 2791 1635 veniat
2839 1581 2906 1636 ad
2949 1596 3080 1647 eos;
3125 1583 3245 1653 quia
3302 1584 3630 1639 immaculata
3661 1594 3751 1641 est

2161 1665 2241 1719 via
2264 1665 2400 1736 ejus.
2428 1665 2650 1738 Eloquia
2682 1668 2885 1724 Domini
2905 1671 3022 1742 igne
3045 1673 3328 1727 exmuinata
3357 1689 3376 1728 :
3401 1673 3602 1744 eloquia
3628 1675 3744 1728 Do-

2157 1756 2286 1810 mini
2320 1757 2442 1827 igne
2489 1759 2844 1815 tribulationis
2893 1762 3202 1831 probantur.
3244 1761 3504 1818 Protector
3530 1775 3601 1818 est
3629 1781 3746 1818 om-

2158 1846 2297 1898 nium
2337 1849 2652 1916 sperantium
2694 1851 2748 1904 in
2771 1866 2826 1905 se
2852 1867 2872 1904 :
2895 1860 2951 1906 et
2977 1867 3165 1907 omnes
3191 1853 3280 1923 qui
3310 1869 3414 1908 non
3439 1854 3493 1908 in
3529 1854 3742 1923 seipsis,

2157 1936 2252 1991 sed
2287 1937 2338 1991 in
2377 1939 2470 1992 illo
2499 1949 2740 2009 sperant,
2787 1941 2976 1998 eadem
3026 1943 3368 2001 tribulatione
3395 1960 3501 2001 non
3547 1960 3746 2002 consu-

2157 2040 2409 2095 muntur;
2437 2047 2563 2101 spes
2583 2033 2725 2088 enim
2752 2036 2992 2106 sequitur
3020 2036 3198 2092 ﬁdem.

2227 2119 2314 2175 32.
2341 2118 2490 2193 [vers.
2507 2121 2621 2194 32.]
2644 2123 2896 2190 Quoniam
2921 2126 3034 2195 quis
3051 2125 3210 2191 Deus,
3234 2136 3414 2198 pra-ter
3434 2126 3704 2182 Dominum
3718 2128 3746 2181 .’

2156 2214 2239 2269 cui
2268 2218 2550 2270 servimus.
2581 2215 2651 2270 Et
2678 2219 2789 2285 quis
2824 2217 2959 2273 Deus
2987 2231 3172 2291 praeter
3192 2219 3355 2274 Deum
3393 2231 3616 2274 nostrum
3635 2222 3662 2276 2
3689 2231 3747 2276 et.

2155 2304 2275 2374 quis
2316 2305 2456 2361 Deus
2497 2315 2692 2374 praeter
2733 2307 3039 2375 Dominum,
3071 2325 3229 2380 quem
3253 2319 3369 2380 post
3393 2310 3578 2366 bonam
3628 2325 3746 2365 ser-

2156 2396 2398 2460 vitutem,
2429 2406 2678 2468 tauquam
2720 2394 3086 2456 haereditatcm
3131 2412 3395 2472 speratam
3439 2401 3529 2456 ﬁlii
3559 2401 3735 2472 possi-

2155 2487 2439 2544 debimus?

2227 2580 2315 2636 33.
2349 2577 2499 2652 [vers.
2529 2579 2652 2654 33.]
2679 2579 2818 2637 Deus
2845 2583 2931 2653 qui
2964 2585 3228 2654 pra’cinaat
3252 2601 3331 2638 me
3349 2587 3526 2639 virtute
3553 2600 3573 2638 :
3601 2585 3747 2640 Deus

2155 2669 2243 2740 qui
2272 2684 2360 2724 me
2403 2671 2680 2739 prmeinxit
2723 2682 2781 2726 ut
2805 2672 2958 2729 fortis
2981 2675 3104 2736 sim.
3163 2690 3233 2730 ne
3261 2675 3559 2730 difﬂuentes
3595 2676 3747 2730 sinus

2155 2760 2460 2830 cupiditatis
2482 2762 2773 2832 impediant
2818 2780 2980 2835 opera
3022 2775 3075 2820 et
3113 2780 3325 2836 gressus
3354 2781 3519 2821 meos.
3551 2764 3616 2819 Et
3645 2781 3744 2834 po-

2153 2851 2255 2903 suit
2285 2852 2666 2906 immaculatam
2691 2854 2824 2908 viam
2862 2872 3061 2910 meam:
3083 2865 3136 2911 et
3156 2857 3331 2924 posuit
3354 2857 3744 2913 immaculatam

2155 2942 2293 2996 viam
2321 2943 2618 3011 cbaritatis,
2648 2961 2750 3013 qua
2779 2945 2844 3000 ad
2869 2946 3014 3000 illum
3046 2948 3251 3002 veniam
3273 2988 3286 3012 ,
3313 2947 3451 3003 sicut
3476 2949 3737 3002 immacu-

2156 3029 2260 3086 lata
2284 3042 2368 3087 est
2391 3032 2533 3098 ﬁdei,
2557 3049 2660 3104 qua
2685 3035 2824 3090 venit
2851 3035 2915 3089 ad
2937 3051 3044 3090 me.

2225 3124 2313 3179 54.
2353 3121 2515 3197 [vers.
2545 3123 2674 3198 34.]
2727 3126 2826 3194 Qui
2874 3128 3082 3197 perfecit
3129 3128 3278 3197 pedes
3327 3143 3461 3182 meos
3504 3138 3749 3198 tanquam

2154 3215 2287 3267 cervi
2315 3228 2341 3290 ε.
2362 3215 2451 3285 qui
2475 3216 2696 3285 perfecit
2719 3231 2958 3272 amorem
2991 3233 3190 3284 meum,
3220 3217 3286 3271 ad
3317 3217 3741 3273 transcendenda

2154 3304 2369 3373 spinosa
2392 3313 2448 3360 et
2491 3305 2742 3361 umbrosa
2785 3307 3176 3378 implicamcnta
3223 3308 3377 3377 hujus
3427 3310 3624 3365 seculi.
3677 3309 3747 3364 Et

2152 3413 2306 3468 super
2331 3399 2530 3453 excelsa
2573 3408 2755 3454 statuet
2794 3417 2873 3454 me
2899 3417 2920 3454 :
2961 3410 3017 3456 et
3044 3417 3205 3471 super
3230 3403 3504 3458 ccelestem
3535 3401 3746 3457 habita-

2155 3487 2353 3543 tionem
2396 3488 2524 3560 ﬁget
2571 3490 2919 3546 intentionem
2960 3507 3132 3547 meam
3159 3534 3174 3557 ,
3206 3502 3264 3547 ut
3291 3493 3512 3564 implear
3540 3495 3592 3548 in
3620 3507 3748 3548 om-

2156 3593 2278 3633 nem
2308 3577 2690 3648 plenitudinem
2722 3581 2812 3636 Dei
2840 3581 2859 3652 (
2884 3580 3077 3652 Ephes.
3106 3599 3182 3648 tn,
3218 3583 3286 3638 l9
3311 3586 3353 3653 ).

2227 3669 2317 3725 53.
2349 3669 2499 3742 [verm
2528 3669 2642 3744 55]
2675 3672 2773 3739 Qui
2800 3674 2941 3727 docet
2967 3691 3145 3728 manus
3174 3691 3310 3729 meas
3327 3676 3395 3728 ad
3422 3677 3651 3744 pratlium
3680 3677 3697 3709 ⁸
3725 3694 3742 3728 :

2153 3759 2245 3829 qui
2293 3760 2451 3816 docet
2494 3776 2581 3817 me
2623 3763 2840 3832 aperari
2887 3764 2954 3818 ad
3004 3764 3335 3836 superandos
3365 3766 3624 3830 inimicos,
3649 3766 3745 3836 qui

2156 3850 2312 3905 nobis
2342 3851 2697 3908 intercludere
2739 3855 2976 3908 ccelestia
3020 3870 3184 3924 regna
3229 3864 3507 3910 conantur.
3541 3855 3606 3909 Et
3644 3873 3746 3925 po-

2154 3942 2300 3995 suisti
2324 3951 2376 3996 ut
2395 3959 2571 3996 arcum
2597 3959 2784 3997 meum
2811 3945 3015 3998 brachia
3035 3962 3145 4010 mea
3171 3956 3264 4000 :et
3294 3946 3512 4015 posuisti
3557 3946 3748 4000 infatio

2154 4035 2380 4104 gahilem
2409 4035 2756 4091 intentionem
2784 4037 3044 4092 honorum
3072 4053 3290 4107 operum
3336 4054 3596 4094 meorum.

2225 4127 2316 4182 56.
2347 4124 2500 4199 [vers.
2553 4125 2668 4200 36.]
2696 4126 2766 4182 Et
2791 4129 2972 4183 dedisti
3009 4131 3132 4184 mihi
3160 4131 3515 4200 protectionem
3564 4130 3748 4186 salutis

2154 4233 2277 4270 mea:
2301 4218 2323 4249 ³
2347 4257 2362 4282 ,
2391 4227 2437 4273 et
2457 4217 2662 4272 dextera
2689 4229 2777 4272 tua
2795 4221 3012 4290 suscepit
3036 4236 3152 4275 ine:
3180 4230 3236 4276 et
3262 4220 3409 4274 favor
3429 4222 3609 4292 gratiae
3639 4232 3746 4276 tua:

2154 4309 2387 4378 suscepit
2431 4324 2538 4363 me.
2590 4309 2655 4361 Et
2682 4309 2956 4379 disciplina
2983 4320 3070 4364 tua
3119 4329 3197 4364 nte
3222 4312 3401 4366 direxit
3449 4314 3499 4363 iu
3538 4310 3692 4378 ﬁnem
3724 4327 3748 4366 :

2154 4411 2209 4454 et
2246 4400 2513 4468 correptio
2553 4409 2642 4454 tua
2685 4416 2772 4455 me
2813 4401 3029 4455 deviare
3056 4417 3162 4456 non
3191 4402 3373 4457 sinens
3415 4400 3628 4466 direxit,
3686 4414 3747 4456 ut

2153 4490 2407 4560 quidquid
2432 4506 2549 4560 ago,
2585 4492 2638 4545 iu
2681 4507 2802 4547 eum
2835 4493 2995 4548 ﬁnem
3025 4493 3276 4558 referam,
3315 4510 3421 4565 quo
3443 4494 3746 4549 conteretur

2156 4583 2267 4637 tibi.
2301 4581 2364 4636 Et
2403 4583 2673 4654 disciplina
2699 4595 2784 4637 tua
2809 4586 2921 4656 ipsa
2959 4602 3038 4640 me
3066 4586 3258 4640 docebit
3283 4604 3302 4640 :
3331 4595 3384 4642 et
3410 4585 3593 4641 eadem
3619 4601 3746 4641 cor-

2155 4673 2324 4742 reptio
2355 4683 2439 4726 tua
2490 4690 2576 4728 me
2603 4675 2816 4729 docebit
2846 4677 3120 4744 pervenire
3147 4692 3250 4746 quo
3276 4676 3487 4732 direxit.

2233 4763 2322 4815 37.
2362 4761 2509 4834 [vers.
2536 4762 2650 4835 37.]
2690 4764 2927 4818 Dilatasti
2946 4783 3146 4834 gressus
3167 4783 3299 4819 meos
3314 4768 3480 4820 subter
3510 4783 3588 4820 me
3605 4781 3624 4820 :
3641 4782 3744 4823 nec

2155 4854 2444 4922 impedient
2471 4855 2711 4909 carnales
2747 4859 3044 4925 angustiae;
3085 4858 3336 4925 quoniam
3367 4857 3527 4911 latam
3568 4858 3742 4913 fecisti

2152 4943 2464 4997 charitatem
2491 4959 2662 4998 meam
2693 4957 3000 5014 operantem
3035 4947 3294 5011 hilariter,
3324 4947 3483 5002 etiam
3512 4948 3578 5002 de
3602 4947 3739 5017 ipsis

2152 5047 2271 5100 qua:
2299 5032 2482 5086 subter
2529 5049 2616 5087 me
2657 5044 2782 5087 sunt
2824 5037 3134 5090 mortalibus
3185 5036 3345 5091 rebus
3389 5047 3437 5090 et
3465 5038 3743 5092 membris.

2155 5119 2221 5174 Et
2244 5139 2346 5174 non
2368 5131 2486 5176 sunt
2508 5123 2764 5191 inﬁrmata
2795 5127 3000 5194 vestigia
3022 5144 3132 5181 mea
3157 5142 3177 5180 :
3211 5137 3264 5182 et
3292 5144 3395 5182 non
3426 5139 3547 5191 stitit
3589 5130 3742 5183 inﬁr-

2152 5223 2316 5277 mata,
2348 5214 2460 5268 sive
2505 5214 2691 5268 itinera
2722 5231 2835 5270 mea
2862 5256 2877 5280 ,
2909 5216 3021 5271 sive
3049 5219 3199 5287 signa
3241 5233 3359 5289 qua:
3403 5219 3645 5286 ἱηιιιι-υεδί
3677 5221 3743 5274 ad

2154 5303 2467 5357 imitandum
2499 5307 2864 5373 sequentibus.

2223 5397 2313 5453 38.
2349 5395 2500 5469 (vers.
2553 5395 2682 5470 38.]
2734 5397 3020 5470 Persequar
3056 5399 3283 5454 inimicos
3320 5417 3472 5462 meos.
3511 5411 3557 5454 et
3606 5420 3744 5456 com-

2217 5567 2233 5598 ¹
2259 5573 2364 5615 Mss.
2391 5567 2504 5633 duo,
2529 5565 2579 5633 in
2611 5567 2853 5627 praelium.
2887 5569 2971 5618 Alii
3006 5569 3248 5633 plerique,
3289 5571 3338 5620 in
3379 5571 3564 5629 pi'telio.
3611 5577 3742 5633 Apud

2153 5634 2259 5677 LXX
2289 5636 2368 5676 est
2389 5626 2456 5689 eis
2480 5626 2710 5689 polenton.

2218 5692 2238 5720 ³
2262 5691 2334 5737 sic
2357 5688 2505 5737 editio
2524 5697 2630 5736 Lev.
2651 5699 2701 5738 et
2726 5688 2945 5739 melioris
2958 5701 3084 5739 uiuae
3105 5698 3209 5741 Mss.
3241 5700 3292 5741 At
3316 5699 3385 5740 Er.
3407 5701 3458 5742 et
3476 5703 3586 5740 ()Cttt
3607 5700 3741 5742 λιες..

2154 5749 2321 5799 salutis
2343 5754 2440 5797 tua:
2467 5762 2483 5797 :
2506 5764 2653 5815 quam
2675 5750 2932 5815 lectigueut
2957 5755 3158 5801 tlebneo
3197 5753 3495 5815 respondere
3537 5765 3744 5804 testatur

2159 5815 2486 5876 Hieronymus,
2509 5811 2558 5860 in
2580 5813 2722 5874 Epist.
2741 5811 2852 5874 335,
2875 5813 2933 5862 ad
2956 5816 3162 5864 Sunium.
