3956 6318
171 401 254 458 155
1267 396 1664 456 ΕΝΑΒΒᾹΤΙΟ
1701 395 1733 450 li

1856 395 2122 457 SALMUM
2157 400 2344 462 XVIII.

169 512 443 583 prehendam
468 511 587 568 illos
613 527 634 566 :
675 527 967 582 persequar
1009 511 1227 568 affectus
1257 511 1504 568 carnales
1547 525 1729 575 meos,

170 620 252 661 nec
282 604 346 660 ab
381 604 458 660 eis
511 604 971 675 comprehendar;
1003 605 1457 675 comprehendam
1509 605 1648 667 illos,
1679 613 1736 658 ιιι

168 697 505 751 absumuntur.
543 696 608 751 Et
635 713 738 751 non
780 706 1041 751 convertar
1085 697 1242 750 donec
1267 697 1543 765 deﬁciant:
1575 707 1627 751 et
1665 695 1733 749 ab

168 786 253 841 ists
295 787 582 842 intentione
634 802 742 842 non
788 794 1071 842 conveer
1121 785 1187 841 ad
1239 786 1471 857 quietem
1498 828 1513 849 ,
1561 785 1733 840 donec

167 875 386 932 deﬁciant
413 877 504 946 qui
533 876 849 948 obstrepunt
892 876 1044 931 mihi.

227 969 304 1027 59.
335 968 485 1041 Iners.
517 970 633 1044 39.]
657 972 989 1043 Confringam
1011 971 1146 1036 illos,
1176 987 1267 1026 nec
1293 980 1523 1040 poterunt
1552 981 1685 1024 stare
1711 984 1731 1024 :

169 1078 249 1118 nec
271 1062 352 1118 dut
365 1062 531 1118 abunt
551 1064 833 1120 adversum
852 1079 957 1119 me.
971 1063 1164 1119 Cadent
1184 1064 1360 1118 subtus
1380 1062 1531 1132 pedes
1555 1078 1689 1116 meos
1711 1077 1731 1116 :

167 1154 360 1222 deiectis
411 1155 520 1209 illis
544 1196 560 1221 ,
592 1169 890 1225 praeponam
933 1169 1146 1210 amores
1197 1153 1389 1227 quibus
1415 1153 1630 1208 ambulo
1658 1153 1709 1206 in

167 1254 420 1298 :t'ternnm.
588 1238 601 1252 ”

225 1336 303 1392 40.
353 1334 506 1408 [vers.
535 1334 668 1407 40.]
699 1336 765 1391 Et
810 1337 1118 1408 pracinxisti
1159 1353 1239 1392 me
1283 1338 1461 1391 virtute
1511 1337 1579 1390 ad
1624 1335 1728 1390 bel-

166 1427 255 1480 lum
283 1441 302 1480 :
333 1435 386 1483 et
406 1428 779 1483 constrinxisti
809 1429 1026 1486 lluentia
1059 1429 1321 1486 desideria
1365 1428 1542 1484 carnis
1595 1443 1728 1483 mete

165 1520 360 1582 virtute,
403 1532 474 1574 ne
532 1517 587 1572 in
634 1519 725 1574 tali
765 1535 936 1591 pugna
994 1519 1337 1590 praapedirer.
1372 1518 1729 1590 Supplantasti

165 1612 446 1682 insurgentes
468 1611 526 1664 in
553 1627 633 1664 me
653 1613 822 1666 subter
847 1629 926 1666 me
945 1630 964 1668 :
993 1613 1166 1681 decipi
1194 1611 1362 1668 fecisti
1410 1627 1503 1667 eos
1525 1611 1615 1682 qui
1641 1627 1730 1667 me

166 1702 577 1772 insequebantur,
637 1713 694 1758 ut
725 1704 909 1760 subter
958 1720 1042 1760 me
1089 1704 1277 1760 fierent
1316 1703 1405 1774 qui
1455 1718 1616 1774 super
1642 1719 1730 1758 me

166 1809 267 1849 esse
285 1793 586 1862 cupiebant.

222 1884 305 1940 11.
333 1883 486 1958 [vers.
532 1883 665 1958 41.]
696 1883 764 1938 Et
793 1884 1022 1940 inimicos
1066 1901 1204 1939 meos
1245 1882 1428 1939 dedisti
1453 1883 1578 1937 mihi
1603 1882 1728 1937 dor-

165 1983 374 2031 ssnn:et
411 1975 662 2032 inimicos
703 1991 852 2032 meos
897 1976 1206 2032 convertisti
1230 2019 1245 2042 ,
1271 1985 1324 2032 et
1352 1976 1570 2031 dorsum
1601 1976 1728 2030 mihi

165 2080 374 2122 eosesse
402 2066 600 2132 fecisti,
647 2066 697 2121 id
745 2078 846 2132 est,
875 2076 932 2124 ut
965 2077 1319 2137 sequerentur
1359 2083 1470 2122 me.
1503 2066 1571 2121 Et
1612 2066 1729 2121 odio

165 2155 372 2210 habentes
395 2173 479 2212 me
509 2156 854 2228 disperdidiin
897 2174 917 2212 :
951 2158 1084 2213 alios
1112 2167 1288 2214 autem
1337 2173 1520 2213 eorum
1558 2158 1646 2228 qui
1676 2156 1728 2212 in

165 2245 271 2302 odio
297 2247 740 2317 perduraverunt,
767 2249 1158 2320 disperdidisti.

223 2337 303 2393 £2.
328 2337 475 2411 [verm
509 2337 625 2412 42.]
654 2337 1041 2404 Clamaverunt,
1058 2357 1148 2395 nec
1172 2349 1281 2394 erat
1301 2339 1387 2410 qui
1410 2339 1574 2394 salvos
1595 2344 1732 2412 face-

165 2438 263 2482 ret:
291 2429 403 2498 quis
443 2429 597 2485 enim
637 2430 811 2484 salvos
839 2429 1077 2498 faceret,
1107 2445 1242 2500 quos
1269 2437 1325 2485 tu
1352 2445 1458 2485 non
1485 2429 1731 2485 faceres?

165 2518 232 2572 Ad
245 2517 536 2585 Dominum,
558 2537 647 2574 nec
668 2520 922 2574 exaudivit
943 2537 1028 2575 eos
1057 2536 1075 2574 :
1102 2535 1200 2576 nec
1218 2519 1285 2575 ad
1307 2520 1612 2589 quemlibet,
1636 2519 1732 2574 sed

164 2609 220 2664 ad
255 2609 532 2666 Dominum
589 2611 984 2677 clamaveruut;
1018 2626 1119 2666 nec
1155 2611 1499 2667 exauditione
1547 2611 1735 2682 dignos

163 2701 387 2773 judicavit
413 2719 527 2759 non
553 2704 864 2760 recedentes
887 2719 917 2758 a
942 2704 1140 2759 malitia
1165 2719 1282 2759 sua.

229 2793 310 2849 43.
361 2792 529 2867 [vers.
575 2792 690 2867 $3.]
741 2794 804 2848 Et
855 2796 1194 2849 comminuam
1232 2795 1348 2849 illos
1382 2804 1436 2848 ut
1481 2793 1735 2864 pulverem

163 2895 262 2938 ante
285 2885 301 2916 ί
333 2885 519 2955 faciem
543 2885 675 2940 venti
718 2901 738 2940 :
765 2895 821 2941 et
845 2886 1203 2940 comminuam
1249 2886 1399 2950 illos;
1429 2885 1566 2940 aridi
1590 2885 1732 2939 enim

167 2986 288 3042 sunt,
321 2993 422 3032 non
481 2979 806 3048 recipientes
849 2977 1072 3033 imbrem
1103 2977 1482 3033 misericordiae
1511 2975 1605 3030 Dei
1634 2992 1649 3026 :
1680 2984 1737 3031 ut

165 3070 439 3142 elatiatque
459 3070 633 3126 inflati
659 3070 928 3140 superbia,
957 3087 985 3124 a
1015 3085 1110 3140 spe
1131 3069 1281 3124 firma
1297 3079 1352 3124 et
1383 3070 1697 3124 inconcussa
1715 3109 1734 3131 .

166 3176 206 3214 et
236 3175 473 3232 tanquam
497 3180 528 3216 a
560 3172 718 3218 terra:
748 3162 1014 3217 soliditate
1037 3171 1091 3216 et
1114 3160 1405 3216 stabilitate
1430 3160 1726 3229 rapiantur.

169 3249 398 3307 L'tlutum
429 3255 716 3325 platearum
755 3253 926 3308 delebo
958 3271 1042 3308 eos
1067 3270 1087 3308 :
1115 3269 1208 3324 per
1235 3253 1368 3307 latas
1412 3267 1544 3323 quas
1582 3251 1734 3306 multi

164 3347 412 3400 ambulant
442 3346 762 3416 perditionis
779 3347 909 3412 vias,
937 3348 1267 3403 luxuriantes
1291 3357 1344 3402 et
1372 3347 1608 3402 lubricos
1633 3345 1733 3402 de-

164 3433 267 3490 lebo
291 3449 397 3492 eos.

221 3528 301 3582 μ.
327 3528 474 3601 [vers.
649 3527 813 3584 Erues
840 3546 917 3583 me
932 3529 994 3583 de
1016 3529 1492 3584 contradictionibus
1522 3529 1736 3598 populi:

162 3632 301 3675 erues
329 3637 412 3677 me
439 3621 510 3677 de
537 3621 1056 3677 contradictionibus
1099 3637 1284 3677 eorum
1315 3622 1404 3690 qui
1435 3620 1689 3676 dixerunt
1717 3637 1732 3675 :

164 3708 215 3763 Si
237 3711 567 3767 dimiserimus
605 3728 719 3766 eum
747 3714 801 3778 ⁸,
841 3729 987 3768 omne
1023 3713 1264 3768 steculum
1311 3721 1422 3782 post
1449 3711 1595 3765 illum
1645 3711 1736 3765 ibit

161 3799 321 3870 (Joan.
343 3821 422 3870 st,
451 3805 525 3861 ιε
548 3803 592 3876 ).

219 3894 302 3949 b5.
330 3894 480 3969 [κη.
497 3894 619 3968 45]
632 3895 914 3952 Constitues
932 3913 1010 3950 me
1036 3897 1089 3950 in
1109 3903 1262 3966 caput
1279 3895 1532 3950 Gentium.
1559 3893 1736 3964 Popu-

160 3985 227 4041 lus
247 4003 384 4058 quem
420 4005 524 4043 non
546 3989 759 4060 cognovi
783 3989 980 4043 servivit
1002 3989 1126 4042 mihi
1169 4005 1188 4044 :
1229 3988 1460 4060 papulas
1488 3987 1739 4044 Gentium

161 4092 300 4146 quem
327 4079 605 4151 corporali
637 4081 913 4150 pnesentia
943 4095 1047 4135 non
1070 4081 1300 4148 visitavi,
1325 4080 1540 4136 servivit
1559 4080 1709 4134 mihi.

159 4165 217 4220 In
231 4169 464 4224 obauditu
489 4170 636 4223 auris
661 4169 871 4224 obedivit
901 4170 1022 4223 mihi
1051 4186 1068 4223 :
1095 4186 1263 4241 neque
1283 4170 1449 4225 oculis
1467 4187 1550 4224 me
1572 4170 1698 4223 vidit
1721 4185 1736 4235 ;

159 4257 527 4330 sedrecipiens
573 4260 950 4331 praedicatores
991 4276 1163 4325 meos,
1212 4261 1264 4315 in
1301 4261 1550 4316 obauditu
1597 4261 1741 4315 auris

159 4348 368 4404 obedivit
390 4349 546 4405 mihi.

218 4439 590 4514 ‘6.[vers.&6.]
611 4440 735 4496 Filii
756 4443 909 4496 alieni
941 4444 1134 4497 mentiti
1161 4453 1277 4498 sunt
1312 4445 1434 4499 mihi
1460 4461 1478 4498 :
1510 4445 1602 4499 lilii
1634 4461 1738 4500 non

161 4531 249 4584 mei
265 4531 494 4601 dicendi,
515 4532 615 4588 sed
639 4533 813 4603 potius
839 4533 1018 4601 alieni,
1037 4535 1230 4605 quibus
1257 4535 1624 4597 rectedicitnr,
1641 4535 1742 4589 Vos

162 4637 215 4674 es
250 4634 385 4691 patre
408 4623 618 4678 diabolo
647 4625 763 4678 estis
790 4622 904 4692 (1d.
934 4641 1047 4690 vni,
1079 4626 1190 4696 M).
1211 4626 1415 4680 mentiti
1435 4636 1557 4682 sunt
1590 4626 1738 4680 mihi.

165 4709 272 4767 Filii
286 4715 438 4769 alieni
458 4716 864 4769 inveteraverunt
894 4733 912 4770 :
937 4715 1027 4770 lilii
1061 4716 1242 4781 alieni,
1267 4717 1464 4788 quibus
1496 4727 1552 4771 ut
1575 4733 1740 4773 reno-

164 4814 393 4860 rarentur
443 4805 661 4861 Novum
702 4805 1103 4862 Testamentum
1150 4807 1321 4871 attuli,
1353 4807 1404 4862 in
1435 4819 1615 4862 vetere
1645 4808 1744 4861 ho.

162 4895 285 4951 utine
308 4906 708 4952 remanserunt.
744 4896 806 4950 Et
835 4898 1246 4953 claudicaverunt
1274 4917 1307 4952 a
1335 4901 1526 4953 semitis
1579 4901 1684 4954 suis
1715 4917 1730 4954 :

163 4996 207 5038 ιιι
239 4996 481 5058 tanquam
528 5005 640 5044 uno
673 4989 807 5058 pede
836 4990 1058 5055 debiles,
1092 4992 1212 5060 quia
1267 4989 1434 5045 Vetus
1473 4999 1739 5058 tenentes,

165 5075 344 5132 Novum
366 5079 784 5135 Testamentum
812 5092 1152 5151 rcspuerunt,
1185 5082 1359 5136 claudi
1389 5081 1563 5138 effecti
1593 5092 1738 5150 sunt,

164 5167 378 5225 etiamin
411 5172 527 5242 ipsa
552 5181 741 5226 vetere
779 5171 920 5242 Lege
962 5172 1138 5242 potius
1167 5173 1480 5228 traditiones
1503 5189 1628 5229 suas
1656 5190 1742 5230 se-

163 5271 386 5328 quentes,
419 5279 585 5334 quant
631 5262 755 5327 Dei;
787 5265 1256 5319 calumniabantur
1282 5268 1424 5320 enim
1467 5266 1534 5320 de
1563 5269 1739 5321 mani-

165 5351 246 5406 bus
292 5371 392 5410 non
440 5357 569 5410 lotis
604 5353 830 5426 (Matth.
856 5373 942 5420 xv,
971 5356 1075 5429 2),
1125 5357 1245 5427 quia
1287 5359 1417 5412 tales
1459 5371 1610 5414 erant
1657 5376 1741 5415 se-

163 5443 288 5497 mita:
315 5460 447 5514 quas
496 5445 608 5516 ipsi
657 5447 893 5500 fecerant
939 5456 992 5500 et
1045 5448 1428 5504 consuetudine
1464 5449 1738 5516 triveiant,

164 5531 438 5592 aberrando
473 5537 544 5592 ab
571 5537 853 5592 itineribus
883 5549 1268 5608 praeceptorum
1304 5539 1416 5594 Dei.

217 5710 235 5780 ξ
256 5713 472 5780 Undecim
495 5719 634 5767 1188..
646 5712 794 5773 juxta
813 5711 987 5780 (tidem
1009 5711 1148 5780 vetui.

164 5773 295 5883 [ulla
321 5775 573 5841 [detisque
613 5781 741 5838 uss,
775 5773 824 5825 si
865 5773 1189 5826 dimiserimus
1224 5787 1333 5826 eum
1381 5775 1557 5838 vivum,
1583 5789 1735 5828 sa'cu-

247 5870 263 5887 .
282 5845 372 5887 etc.

247 5870 372 5897 ’ΜΟ

3329 425 3435 486 154

1917 514 2005 570 47.
2033 516 2182 588 [vers.
2234 521 2348 595 47.]
2380 523 2512 580 Vivit
2571 528 2823 588 Dominus
2844 578 2857 598 ,
2889 546 2933 591 et
2973 539 3259 602 benedictus
3280 547 3421 605 Deus

1838 621 2023 662 meus:
2062 613 2358 668 secundum
2397 631 2611 674 carnem
2654 635 2828 678 autem
2878 643 3098 694 sapere.
3148 652 3292 693 mors
3337 653 3424 698 est

1839 700 1867 792 ς
1884 698 2034 754 Rom.
2064 718 2173 763 vui.
2204 706 2299 774 6);
2350 710 2477 764 vivit
2501 713 2641 767 enim
2692 716 2964 786 Dominus,
3017 737 3070 779 et
3117 729 3426 792 benedictus

1837 788 1978 845 Deus
2022 810 2192 850 meus.
2236 797 2300 852 Et
2323 801 2570 857 exaltetur
2607 805 2740 862 Deus
2764 813 2940 867 salutis
2985 834 3108 872 mea:
3147 837 3165 874 :
3218 833 3272 877 et
3317 788 3424 883 non

1837 889 2046 938 terrena
2083 891 2468 947 consuetudine
2506 895 2572 950 de
2598 898 2704 952 Deo
2751 902 2936 958 salutis
2979 924 3112 964 meae
3158 917 3420 982 sentiam;

1837 987 1936 1026 nec
1978 983 2244 1032 terrenam
2274 980 2439 1050 ipsam
2497 985 2746 1056 salutem,
2779 992 2874 1047 sed
2920 995 2972 1050 in
3003 1000 3219 1057 excelso
3243 1003 3310 1060 de
3336 980 3428 1062 illo

1836 1075 2068 1131 sperem.

1907 1153 1993 1215 48.
2029 1153 2188 1226 [vers.
2211 1158 2339 1233 48.]
2371 1149 2508 1219 Deus
2533 1169 2618 1232 qui
2638 1169 2730 1224 das
2758 1174 3002 1232 vindictas
3030 1183 3174 1247 mihi,
3224 1195 3269 1239 et
3294 1193 3420 1242 sub~

1835 1242 1914 1296 dis
1941 1246 2155 1338 populos
2180 1250 2270 1302 sub
2301 1269 2379 1306 me
2401 1270 2420 1307 :
2454 1255 2593 1313 Deus
2621 1262 2710 1330 qui
2739 1265 2978 1324 vindicas
3000 1287 3106 1338 me,
3138 1242 3418 1335 subdendo

1835 1336 2058 1402 populos
2086 1339 2185 1393 sub
2212 1356 2318 1395 me.
2362 1343 2624 1402 Liberator
2652 1370 2792 1409 meus
2837 1358 2900 1410 de
2924 1336 3141 1419 inimicis
3164 1367 3180 1398 ¹
3211 1371 3418 1426 iracun-

1831 1424 1961 1569 gis':
1987 1426 2356 1528 clamantibus,
2390 1436 2657 1510 Cruciﬁgc,
2687 1447 2929 1518 cruciﬁge
2950 1450 3128 1521 (Joan.
3159 1473 3276 1526 ιιι,
3312 1462 3345 1516 6
3371 1424 3411 1533 l,

1866 1529 1916 1568 ιιι
1939 1532 2050 1569 :Pts.

1866 1529 2050 1570 lltl:PlS.

1904 1607 1991 1701 i9:
2024 1606 2170 1701 [vers
2199 1613 2314 1686 49.]
2343 1616 2417 1671 Ab
2436 1619 2806 1692 insurgentibus
2831 1629 2882 1683 in
2911 1648 2988 1686 me
3013 1637 3256 1695 «saltabis
3281 1661 3360 1697 me
3394 1661 3417 1701 :

1832 1711 1861 1750 a
1884 1697 2080 1753 .lndaais
2109 1703 2501 1775 insurgentibus
2523 1713 2572 1764 in
2595 1730 2681 1768 me
2706 1719 3017 1789 patientem,
3045 1728 3303 1787 exultabis
3329 1697 3416 1793 me

1833 1804 2218 1894 resurgentem.
2247 1798 2290 1850 Α
2319 1799 2424 1854 viro
2455 1803 2625 1873 iniquo
2653 1823 2795 1862 erues
2819 1827 2898 1866 me
2923 1827 2944 1867 :
2964 1831 2995 1869 a
3025 1833 3190 1888 regno
3227 1837 3412 1882 eorum

1832 1895 2014 1964 iniquo
2034 1898 2191 1941 erues
2223 1904 2327 1944 me.

1904 1973 1992 2069 50.
2022 1973 2171 2047 [vers.
2204 1981 2272 2036 50
2299 1980 2318 2054 ]
2359 1981 2637 2050 Propterea
2665 1993 2939 2060 conﬁtebor
2967 1998 3054 2051 tibi
3077 2000 3129 2054 in
3157 2001 3415 2069 Gentibus.

1833 2061 2050 2164 Domine
2081 2085 2095 2120 :
2124 2081 2401 2164 propterea
2431 2076 2520 2131 tibi
2549 2094 2645 2148 per
2670 2099 2754 2137 me
2777 2089 3170 2145 centitebnntnr
3195 2061 3416 2164 Gentes,

1834 2151 2078 2209 Domine.
2117 2156 2184 2211 Et
2210 2163 2404 2217 nomini
2422 2173 2508 2220 tuo
2536 2170 2753 2238 psallam
2782 2189 2801 2227 :
2823 2186 2877 2229 et
2915 2176 3070 2233 latius
3114 2151 3416 2242 innotesces

1834 2245 1988 2302 bonis
2017 2252 2271 2320 operibus
2293 2257 2445 2311 meis.
2473 2276 2482 2284 ·

1905 2342 1993 2396 51.
2023 2341 2170 2416 [vers.
2195 2347 2252 2401 51
2341 2348 2678 2420 Magniﬁcam
2699 2357 2886 2413 salutes
2909 2362 3038 2432 regis
3058 2363 3217 2434 ipsius
3234 2384 3253 2420 :
3276 2368 3419 2426 Deus

1835 2434 1922 2529 qui
1953 2435 2272 2504 niagnilicat,
2304 2449 2360 2494 ut
2388 2442 2725 2503 admirabiles
2754 2450 2908 2506 faciat
2933 2454 3132 2512 salutes
3153 2473 3284 2527 quas
3303 2461 3420 2529 eius

1838 2524 2004 2579 Filius
2028 2527 2114 2581 dat
2143 2529 2502 2587 credentibus.
2541 2534 2604 2589 Et
2629 2540 2819 2608 faciens
2845 2524 3245 2604 misericordiam
3269 2524 3419 2605 Clari-

1836 2626 1914 2668 sto
1939 2633 2031 2669 suo
2059 2634 2078 2672 :
2109 2619 2246 2675 Dens
2286 2624 2373 2691 qni
2414 2623 2539 2680 facit
2582 2630 2998 2689 misericordiam
3043 2637 3256 2695 Christo
3300 2659 3418 2698 suo.

1837 2702 2004 2758 David
2028 2716 2073 2760 et
2101 2710 2279 2764 semini
2303 2714 2410 2782 ejus
2441 2732 2596 2785 usque
2621 2718 2674 2772 in
2700 2723 2942 2777 steculum
2969 2741 2989 2779 :
3024 2725 3120 2797 ipsi
3150 2729 3423 2788 liberatori

1840 2810 1996 2850 manu
2019 2801 2218 2868 patenti
2246 2804 2332 2872 qui
2355 2805 2476 2860 vicit
2505 2807 2645 2863 hunc
2670 2812 2945 2883 mundum,
2965 2825 3020 2871 et
3048 2820 3125 2874 eis
3149 2837 3284 2889 quos
3307 2839 3424 2879 cre-

1839 2885 2028 2942 dentes
2069 2890 2349 2962 Evangelio
2377 2899 2558 2966 genuit
2590 2900 2642 2954 in
2670 2913 2947 2960 mternnm.
2986 2885 3343 2983 Qumcumque
3369 2917 3423 2970 in

1841 2977 1942 3033 hoc
1972 2982 2180 3050 psalmo
2208 2984 2345 3040 diota
2383 2999 2526 3055 sunt,
2558 3007 2676 3061 qua:
2717 2994 2815 3062 ipsi
2858 2995 3080 3053 Domino
3106 2977 3339 3071 proprie,
3371 3005 3420 3059 id

1839 3078 1921 3123 est
1946 3073 2102 3142 capiti
2133 3075 2383 3132 Ecclesia:
2409 3095 2703 3150 congruere
2735 3101 2839 3140 non
2869 3100 3106 3156 possunt,
3135 3092 3201 3146 ad
3236 3093 3424 3149 Eccleo

1838 3159 1970 3215 siam
2012 3164 2286 3221 referenda
2325 3181 2467 3225 sunt.
2509 3173 2674 3229 Totus
2700 3177 2838 3231 enim
2870 3180 3110 3236 Christus
3138 3182 3222 3237 hic
3249 3185 3423 3254 loqui-

1839 3261 1945 3318 tur,
1974 3254 2026 3308 in
2053 3271 2157 3325 quo
2177 3271 2300 3313 sunt
2325 3263 2500 3314 omnia
2535 3267 2769 3320 membra
2798 3270 2935 3336 ejus.

1847 3362 3047 3391 ___._.__________

3057 3381 3407 3398 η

2263 3447 2344 3507 IN
2388 3449 2766 3514 PSALMUM
2811 3455 3019 3518 XVIII

2397 3572 2795 3632 ENARRATIO
2834 3577 2874 3632 l.

2197 3683 2261 3738 In
2289 3687 2460 3755 ﬁnem,
2494 3687 2734 3744 Psalmus
2761 3694 2856 3762 ipsi
2887 3693 3074 3749 David.

1912 3799 1964 3852 1.
1996 3816 2147 3871 chrs.
2180 3800 2257 3874 1.]
2287 3802 2496 3858 Titulus
2521 3814 2676 3861 notus
2707 3816 2788 3861 est
2814 3825 2826 3863 :
2859 3824 2956 3862 nec
2989 3809 3243 3866 Dominus
3268 3812 3423 3871 Iesus

1839 3886 2082 3946 Christus
2105 3891 2215 3963 haec
2238 3893 2384 3958 dicit,
2415 3895 2508 3949 sed
2534 3896 2599 3950 de
2627 3897 2714 3950 illo
2741 3899 2852 3952 haec
2879 3899 3144 3955 dicuntur.

1911 3981 1967 4034 2.
1997 3981 2145 4055 [vers.
2170 3983 2249 4056 2.]
2278 3984 2403 4056 Caeli
2431 3997 2667 4040 e‘narrant
2693 3989 2908 4059 gloriam
2938 3989 3035 4044 Dei
3057 4008 3075 4046 :
3099 3993 3222 4062 justi
3246 3994 3424 4050 Evan-

1841 4072 2066 4142 gelistze,
2099 4074 2150 4127 in
2176 4075 2369 4144 quibus
2401 4075 2538 4130 Deus
2567 4086 2814 4147 tanquam
2846 4079 2896 4133 in
2923 4081 3072 4135 cmlis
3095 4083 3313 4150 habitat,
3334 4102 3427 4140 ex-

1846 4173 2047 4232 ponunt
2083 4165 2303 4236 gloriam
2333 4167 2538 4220 Domini
2569 4171 2732 4223 nostri
2763 4170 2885 4224 .lesu
2924 4173 3142 4238 Christi,
3171 4175 3282 4230 sive
3310 4179 3427 4246 glu-

1845 4253 1975 4307 riam
2006 4270 2106 4324 qua
2135 4257 2447 4325 gloriﬁcavit
2476 4257 2686 4313 Patrem
2719 4260 2882 4314 Filius
2912 4279 3072 4331 super
3102 4275 3315 4319 terram.
3363 4267 3428 4321 Et

1845 4360 1998 4413 Opera
2025 4363 2265 4400 manuum
2305 4349 2413 4419 ejus
2455 4351 2721 4403 annuntiat
2759 4352 3124 4420 ﬁrmamentum
3158 4372 3176 4408 :
3203 4367 3251 4411 el
3294 4358 3428 4414 facta

1846 4436 2096 4490 virtutum
2127 4438 2332 4491 Domini
2361 4440 2636 4493 annuntiat
2659 4440 3070 4510 firmamentum,
3091 4445 3280 4502 fiducia
3309 4449 3430 4517 Spi-

1846 4526 1978 4579 ritus
2006 4529 2170 4581 sancti
2199 4537 2252 4582 et
2273 4529 2465 4584 coelum
2495 4530 2709 4596 factum,
2733 4533 2872 4601 quod
2894 4543 3047 4590 antea
3076 4537 3264 4595 timore
3286 4551 3428 4598 terra

1847 4627 1978 4670 erat.

1919 4710 1969 4763 5.
2004 4708 2154 4780 [vers.
2183 4710 2261 4782 3.]
2303 4710 2420 4766 Dies
2447 4711 2546 4765 diei
2565 4724 2758 4768 eructat
2784 4715 2988 4769 verbum
3017 4732 3037 4771 :
3062 4717 3285 4787 Spiritu:
3316 4721 3429 4792 spi-

1849 4799 2123 4855 ritualihus
2165 4803 2364 4870 profert
2407 4802 2787 4871 plenitudinem
2833 4804 3279 4865 incommutabilis
3327 4812 3430 4867 Sa-

1849 4890 2058 4972 pientia;
2101 4891 2215 4953 Dei,
2242 4891 2384 4960 quod
2418 4891 2652 4948 Verbum
2704 4893 2755 4949 in
2801 4895 3058 4965 principio
3110 4898 3248 4954 Deus
3292 4900 3430 4972 apud

1849 4982 2017 5037 Deum
2046 4970 2129 5036 Est
2155 4983 2347 5052 (Joan.
2379 5000 2415 5050 ι,
2451 4985 2472 5037 1
2505 4985 2544 5054 ).
2595 4985 2659 5039 Et
2688 5004 2791 5042 nos:
2817 4989 2949 5041 nocti
2978 4993 3242 5044 annuntiat
3270 4970 3428 5048 scien-

1847 5075 2012 5129 tiam:
2036 5084 2090 5130 et
2116 5077 2412 5132 mortalitas
2438 5078 2612 5132 carnis
2641 5087 2889 5148 tanquam
2921 5080 3074 5150 longe
3103 5083 3286 5151 positis
3312 5103 3428 5140 car-

1849 5169 2088 5236 nalibus,
2131 5169 2286 5224 Iidem
2321 5170 2654 5237 insinuando,
2686 5172 2964 5227 annuntiat
2993 5174 3218 5230 futuram
3261 5179 3429 5234 scien-

1849 5258 1999 5312 tiam.

1919 5351 1972 5406 4.
2003 5349 2152 5422 [vers.
2180 5350 2256 5424 4.]
2289 5352 2408 5406 Non
2433 5365 2549 5407 sunt
2574 5355 2804 5422 loquela,
2835 5373 2990 5426 neque
3021 5374 3290 5421 sermones,
3319 5376 3439 5421 quo-

1849 5460 1962 5495 rum
1987 5459 2086 5497 non
2115 5443 2390 5497 audiantur
2410 5462 2552 5498 voces
2577 5462 2750 5498 eorum
2782 5461 2800 5500 :
2827 5461 2924 5516 per
2944 5463 3077 5516 quos
3106 5464 3211 5502 non
3239 5449 3430 5504 auditzt

1847 5535 1954 5589 sint
1971 5549 2131 5590 voces
2147 5535 2627 5606 Evangelistarum,
2649 5553 2769 5592 cum
2789 5538 3033 5594 omnibus
3051 5539 3242 5611 linguis
3264 5539 3428 5595 Evan-

1849 5627 2042 5699 gelium
2070 5627 2470 5697 praedicaretur.

1916 5781 1931 5812 ι
1957 5784 2028 5829 Sic
2050 5779 2230 5854 aliquot
2246 5781 2467 5854 melioris
2504 5791 2631 5850 nota:
2657 5790 2761 5851 Mss.
2787 5786 2959 5854 omissa
2995 5797 3132 5847 voce,
3163 5787 3296 5848 meis,
3325 5799 3430 5854 qua

1850 5855 1944 5893 nec
1967 5851 2044 5893 est
2065 5843 2190 5906 apud
2215 5849 2339 5894 Lxx.
2367 5843 2592 5905 [irtimicis
2614 5845 2748 5902 meis.
2773 5847 2892 5910 etc.)
