3956 6318
517 398 618 454 155

588 514 643 566 5.
672 508 737 564 1η
761 524 956 564 onmem
987 516 1170 562 terram
1193 507 1312 560 exiit
1333 522 1484 560 sonus
1510 521 1702 571 eorum,
1731 515 1776 558 et
1796 505 1850 558 in
1876 504 2003 572 ﬁnes
2027 509 2102 554 oh

511 605 586 658 bis
603 618 749 658 terrm
773 604 919 657 verba
944 620 1138 656 eorum.

585 694 637 750 ϐ.
671 694 836 766 [vers.
865 691 942 766 6.]
974 693 1039 746 la
1065 694 1170 746 sole
1199 694 1365 763 posuit
1391 691 1770 746 tabernaculum
1797 708 1942 744 suum
1974 690 2048 758 (a)
2085 706 2097 742 :

516 787 774 841 Dominus
794 796 969 839 autem
999 794 1054 838 ut
1074 785 1328 838 adversus
1359 799 1518 854 regna
1551 783 1919 854 temporalium
1948 797 2099 836 erro-

518 892 635 930 rum
678 875 1041 946 belligeraret,
1080 892 1182 930 non
1225 890 1428 944 pacem,
1460 875 1552 928 sed
1579 874 1810 943 gladium
1842 873 2100 926 missurus

521 967 574 1020 in
611 974 805 1020 terram
834 967 851 1036 (
877 965 1063 1018 Matth.
1091 964 1290 1037 1.3i),
1319 964 1371 1018 in
1419 974 1656 1035 tempore
1684 964 1767 1018 vel
1797 964 1848 1017 in
1877 962 2094 1017 manife-

517 1055 746 1110 statione
773 1055 944 1123 posuit
973 1065 1221 1124 tanquam
1253 1054 1479 1108 militare
1518 1053 1874 1108 habitaculum
1905 1067 2056 1106 suum
2083 1091 2098 1116 ,

516 1146 618 1200 hoc
667 1154 748 1199 est
794 1144 1239 1214 dispensationem
1283 1143 1661 1198 incarnationis
1701 1159 1832 1198 sum.
1888 1142 1952 1196 Et
1993 1143 2104 1211 ipse

513 1247 754 1302 tanquam
790 1253 1005 1307 sponsus
1044 1237 1318 1307 procedens
1359 1235 1423 1290 de
1464 1236 1688 1290 thalamo
1721 1251 1814 1288 suo
1843 1252 1862 1289 :
1891 1243 1945 1289 et
1988 1234 2103 1303 ipse

514 1328 811 1400 procedens
836 1329 902 1382 de
927 1339 1080 1382 utero
1109 1328 1371 1398 virginali,
1401 1327 1490 1382 ubi
1518 1327 1656 1381 Deus
1686 1335 1888 1380 natura:
1915 1326 2106 1379 imma-

518 1435 600 1474 nae
623 1429 868 1489 tanquam
902 1435 1129 1490 sponsus
1155 1434 1365 1489 sponsa:
1384 1417 1660 1488 copulatus
1684 1425 1786 1472 est.
1817 1416 2105 1470 Exsultavit

513 1510 642 1564 sicut
670 1510 814 1581 gigas
839 1509 908 1562 ad
934 1509 1236 1563 currendum
1256 1509 1388 1562 viam
1416 1523 1435 1562 :
1454 1507 1737 1562 exsultavit
1763 1507 1898 1560 sicut
1920 1505 2102 1560 fortis-

517 1602 707 1668 simus,
729 1612 783 1657 et
804 1611 1029 1656 czeteros
1057 1600 1300 1654 homines
1323 1598 1721 1668 incomparabili
1748 1597 1941 1652 virtute
1970 1613 2105 1667 prce-

514 1693 733 1758 ccdens,
763 1707 867 1746 non
894 1692 960 1746 ad
993 1690 1354 1757 habitandam,
1381 1690 1476 1746 sed
1496 1690 1564 1745 ad
1590 1690 1906 1745 currendam
1937 1691 2099 1742 viam.

513 1782 630 1840 Non
657 1785 798 1838 enim
828 1783 882 1837 in
915 1784 995 1838 via
1026 1791 1361 1853 peccatorum
1388 1783 1534 1838 stetit
1563 1783 1735 1853 (Psal.
1760 1799 1797 1848 ι,
1827 1784 1905 1851 1).

589 1875 640 1927 7.
669 1873 819 1946 [vers.
844 1873 922 1947 7.]
951 1874 993 1927 Α
1019 1890 1216 1928 summo
1245 1873 1369 1926 caelo
1389 1873 1604 1944 egressio
1624 1874 1733 1946 ejus
1761 1873 1830 1942 (b)
1860 1889 1922 1926 :a
1948 1873 2104 1928 Patre

515 1968 753 2036 egressio
792 1967 908 2036 ejus
929 2009 946 2034 ,
993 1983 1099 2021 non
1145 1967 1451 2036 temporalis
1471 2008 1486 2031 ,
1516 1966 1611 2020 sed
1640 1975 1839 2020 aeterna
1859 2006 1875 2030 ,
1903 1981 2004 2034 qua
2036 1965 2104 2020 de

513 2056 674 2113 Patre
715 2068 869 2113 natus
909 2068 1008 2112 est.
1050 2057 1118 2111 Et
1160 2074 1398 2112 occursus
1437 2059 1546 2130 ejus
1586 2075 1739 2127 usque
1762 2063 1828 2110 ad
1856 2074 2105 2111 summum

513 2149 664 2203 caeli‘
713 2149 778 2202 Et
824 2150 1056 2204 occurrit
1106 2149 1433 2218 plenitudine
1481 2150 1776 2205 divinitatis
1821 2165 1991 2220 usque
2037 2150 2103 2203 ad

515 2239 870 2308 :equalitatcm
917 2240 1108 2294 Patris.
1146 2240 1209 2294 Et
1237 2258 1338 2294 non
1367 2241 1553 2312 est-qui
1577 2257 1631 2294 se
1654 2241 1928 2294 abscondat
1953 2257 1984 2293 a
2014 2257 2104 2294 ca-

515 2329 622 2384 lore
662 2331 772 2400 ejus
794 2348 813 2384 .'
835 2345 955 2385 cum
986 2341 1162 2385 autem
1191 2330 1425 2385 Verbum
1452 2333 1613 2385 etiam
1639 2345 1765 2386 caro
1795 2331 1990 2385 factum
2022 2339 2105 2385 est

516 2431 571 2476 et
589 2420 904 2476 habitavitin
927 2423 1078 2476 nobis
1095 2422 1271 2494 (Joan.
1297 2440 1331 2477 t.
1356 2424 1445 2476 ω
1473 2421 1846 2477 mortalitatem
1869 2431 2104 2476 nostram

516 2513 833 2580 suscipiens,
865 2529 971 2566 non
1014 2514 1256 2582 permisit
1295 2514 1460 2568 ullum
1504 2513 1807 2568 mortalium
1849 2529 2106 2569 excusare

515 2618 575 2656 se
601 2602 668 2657 de
694 2603 879 2658 umbra
909 2585 1126 2669 tacitis;
1169 2613 1222 2659 et
1248 2604 1417 2674 ipsam
1445 2605 1589 2658 enim
1620 2606 1920 2674 penetravit
1946 2605 2104 2659 Verbi

513 2695 680 2749 calor.

589 2787 641 2842 8.
672 2787 821 2858 [vers.
852 2787 930 2860 8.]
957 2787 1065 2842 Lex
1090 2787 1298 2842 Domini
1322 2787 1649 2841 immaculata
1672 2799 1963 2842 convertens
1989 2787 2104 2840 ani-

518 2895 647 2931 mas.
697 2878 802 2932 Lex
836 2894 962 2949 ergo
1000 2880 1206 2932 Domini
1246 2881 1360 2948 ipse
1393 2887 1496 2942 est,
1529 2878 1616 2948 qui
1642 2881 1788 2934 venit
1814 2878 1982 2948 legem
2005 2880 2104 2932 im-

518 2971 700 3039 plere,
749 2985 851 3024 non
901 2973 1112 3025 solvere
1148 2970 1378 3042 (Matth.
1405 2986 1457 3034 v,
1492 2971 1595 3038 17)
1630 2988 1642 3022 :
1675 2979 1728 3024 et
1770 2971 2104 3025 immaculata

519 3060 626 3125 lex,
655 3061 743 3129 qui
777 3071 1049 3129 peccatum
1095 3077 1199 3114 non
1246 3060 1389 3123 fetit,
1429 3074 1526 3114 nec
1571 3061 1816 3115 inventus
1839 3071 1923 3115 est
1953 3061 2107 3114 dolus

516 3151 569 3204 in
587 3167 679 3205 ore
700 3151 815 3220 ejus
841 3149 904 3222 (ll
935 3149 1072 3205 Petr.
1100 3166 1160 3211 ll,
1189 3151 1314 3220 22);
1336 3166 1439 3204 non
1477 3166 1724 3219 premens
1752 3151 1959 3204 animas
1988 3166 2106 3205 ser-

516 3245 699 3296 vitutis
734 3244 860 3313 jngn
886 3284 901 3307 ,
933 3245 1026 3297 sed
1054 3243 1118 3297 ad
1150 3257 1208 3297 se
1237 3243 1546 3296 imitandum
1593 3242 1836 3298 libertate
1878 3257 2106 3297 conver-

516 3348 654 3392 tens.
703 3337 1063 3390 Testimonium
1093 3336 1297 3389 Domini
1336 3336 1505 3404 ﬁdele,
1533 3338 1834 3404 sapientiam
1859 3345 2107 3404 praestans

513 3430 739 3498 parvulis
763 3444 780 3481 :
801 3427 1166 3482 Testimonium
1189 3427 1392 3480 Domini
1421 3428 1588 3493 ﬁdele,
1622 3427 1742 3496 quia
1775 3441 1932 3483 nemo
1961 3427 2104 3482 novit

514 3522 726 3574 Patrem
771 3520 872 3574 nisi
925 3521 1107 3583 Filius,
1156 3529 1210 3574 ct
1253 3520 1336 3574 cui
1386 3520 1611 3574 voluerit
1659 3519 1824 3574 Filius
1868 3519 2107 3576 revelare

514 3609 729 3678 (Matth.
756 3626 832 3676 xx,
860 3611 955 3679 27)
993 3629 1006 3663 :
1035 3627 1154 3680 quze
1184 3610 1489 3664 abscondita
1524 3620 1648 3664 sunt
1674 3626 1704 3664 a
1732 3611 2060 3680 sapientibus
2086 3653 2102 3677 ,

513 3711 565 3754 et
597 3702 826 3756 revelata
855 3703 1118 3770 parvulis;
1149 3703 1398 3771 quoniam
1432 3702 1576 3757 Deus
1602 3704 1850 3772 superbis
1879 3704 2098 3771 resistit,

515 3791 802 3846 humilibus
831 3802 1006 3847 autem
1032 3793 1124 3846 dat
1153 3794 1376 3862 gratiam
1407 3791 1611 3864 (Jacobi
1637 3809 1710 3859 tv,
1741 3792 1818 3864 6).

583 3885 635 3938 9.
666 3883 815 3957 [vers.
841 3883 918 3957 9.]
940 3885 1164 3939 Iustitia:
1186 3885 1392 3939 Domini
1416 3897 1582 3953 rectm,
1607 3887 1920 3954 lwtiﬁcantes
1939 3908 2026 3946 cor
2043 3896 2062 3926 '
2089 3912 2102 3950 :

514 3997 701 4036 omnes
724 3984 944 4051 justitiie
976 3985 1183 4039 Domini
1224 3986 1276 4039 in
1316 3987 1406 4040 illo
1450 3996 1628 4050 rectm,
1661 3988 1750 4057 qui
1789 4004 1894 4042 non
1925 3987 2107 4054 docuit

510 4075 654 4143 quod
680 4076 795 4144 ipse
819 4092 921 4130 non
946 4075 1100 4142 fecit;
1136 4087 1192 4132 ut
1219 4080 1307 4147 qui
1337 4079 1691 4146 imitarentur,
1720 4080 1882 4134 corde
1907 4081 2104 4150 gaude-

511 4173 670 4229 rent,
714 4166 764 4219 in
807 4167 885 4220 eis
919 4183 1038 4237 quae
1067 4168 1232 4222 libere
1261 4185 1381 4223 cum
1410 4170 1672 4225 charitate
1709 4170 1967 4233 facerent,
1997 4186 2102 4225 non

509 4256 777 4312 serviliter
822 4272 943 4311 cum
991 4258 1204 4312 timore.
1249 4256 1569 4327 Prwccptunt
1611 4259 1814 4312 Domini
1854 4260 2100 4324 lucidum,

509 4345 807 4402 illuminans
836 4351 1010 4401 oculos
1041 4364 1059 4402 :
1085 4361 1411 4418 przeceptum
1451 4349 1656 4403 Domini
1689 4350 1953 4414 lucidum,
1986 4351 2104 4404 sine

509 4439 808 4493 velamento
847 4439 1139 4494 earnalium
1184 4439 1639 4505 Observationum,
1672 4440 1976 4494 illuminans
2009 4439 2104 4493 ho-

507 4531 665 4584 minis
693 4531 962 4584 interioris
982 4539 1277 4600 aspectum.

582 4620 670 4674 10.
713 4617 862 4691 [vers.
899 4619 1009 4692 10.]
1050 4620 1224 4674 Timor
1265 4620 1470 4673 Domini
1509 4631 1683 4675 castus
1717 4637 2016 4690 permanens
2049 4622 2102 4674 in

505 4713 747 4765 siccatum
775 4713 948 4765 seculi
970 4728 988 4765 :
1017 4712 1175 4766 timor
1198 4713 1428 4778 Domini,
1463 4728 1570 4766 non
1599 4713 1686 4766 ille
1715 4713 1813 4768 sub
1841 4713 1959 4784 lege
1983 4728 2100 4783 pte-

507 4803 677 4868 nalis,
725 4803 1038 4872 temporalia
1070 4803 1205 4857 bona
1237 4805 1336 4857 sibi
1373 4803 1615 4858 subtrahi
1657 4803 2096 4874 perhorrescens,

504 4908 730 4962 quorum
762 4892 1046 4948 dilectione
1072 4894 1246 4947 anima
1282 4895 1604 4960 fornicatur;
1642 4895 1733 4950 sed
1765 4906 1963 4960 castus,
1994 4913 2103 4966 quo

506 4984 743 5039 Ecclesia
765 4999 1018 5054 Sponsum
1042 5000 1196 5038 suum
1219 4995 1416 5053 quanto
1441 4985 1712 5041 ardentius
1732 4986 1923 5057 diligit,
1951 4997 2099 5041 tanto

502 5079 810 5148 diligentius
834 5088 988 5132 cavet
1017 5078 1288 5132 offendere
1322 5096 1334 5131 :
1373 5087 1427 5134 et
1465 5081 1583 5133 ideo
1623 5096 1726 5134 non
1760 5081 1902 5134 foras
1931 5080 2096 5134 mittit

492 5176 868 5223 consummata
896 5169 1114 5223 dilectio
1143 5171 1383 5224 timorem
1414 5169 1554 5225 hunc
1579 5171 1598 5241 (
1625 5170 1638 5222 l
1666 5170 1823 5224 Joan.
1859 5187 1932 5236 iv,
1968 5172 2030 5227 18
2055 5173 2095 5240 ),
2138 5187 2161 5193 ’

502 5259 595 5314 sed
619 5270 894 5328 permanet
925 5260 974 5312 in
1002 5261 1253 5314 surculum
1284 5262 1485 5314 smculi.

573 5352 660 5406 Η.
690 5350 841 5423 [vers.
875 5350 984 5423 11.]
1014 5351 1220 5404 Judicia
1251 5350 1451 5404 Domini
1474 5352 1908 5421 vera,jasti/icata
1938 5354 1988 5406 in
2018 5353 2096 5406 id-

567 5533 582 5563 ⁸
609 5531 680 5579 sic
702 5537 808 5580 Mss.
828 5531 966 5592 juxta
985 5537 1113 5578 LXX.
1137 5537 1190 5579 Αῑ
1210 5530 1347 5586 editi,
1378 5529 1443 5580 ad
1467 5543 1703 5579 sumntum
1726 5529 1846 5585 eius.

567 5595 588 5623 ⁸
615 5591 746 5650 add,
781 5591 950 5643 cardo.
996 5600 1052 5640 Al.
1088 5599 1216 5648 Mss,
1256 5605 1373 5651 cor,
1407 5593 1641 5654 singulari
1681 5605 1917 5649 numero,
1957 5593 2098 5654 juxta

501 5660 934 5827 αξδίξέἑὸιὶρηι
959 5728 1089 5763 vers.
1115 5715 1146 5762 6
1168 5715 1278 5764 vide
1302 5721 1440 5762 Enar.
1468 5714 1585 5764 Psal.
1615 5730 1740 5765 XLIV.
1771 5729 1818 5762 n.
1846 5716 1892 5762 5.

591 5775 640 5827 li)
667 5777 795 5826 Idem
821 5790 950 5825 vers.
971 5779 1000 5825 7
1039 5780 1298 5827 exmnitur
1323 5779 1369 5825 in
1388 5782 1521 5825 Enar.
1551 5778 1668 5826 l’sal.
1694 5793 1800 5827 mn
1822 5812 1834 5827 .
1855 5792 1892 5825 St

590 5775 646 5889 ςνό
667 5777 795 5826 Idem
821 5790 950 5825 vers.
971 5779 1000 5825 7
1039 5780 1298 5838 exponitur
1323 5779 1369 5825 in
1388 5782 1521 5825 Enar.
1551 5778 1668 5826 l’sal.
1694 5793 1800 5828 mn
1822 5812 1834 5836 ,
1855 5791 2004 5828 serta.
2036 5780 2055 5828 1
2080 5813 2096 5836 ,

505 5851 558 5890 ﬂ.
590 5851 663 5889 ω.

1756 387 1811 442 5.
1856 390 1892 438 Α
1905 383 2221 441 UGUSTINI
2262 387 2558 444 El’lSlZOPl

3709 402 3808 457 156

2207 502 2372 572 ipsum
2403 521 2422 558 :
2445 505 2640 574 judicia
2673 506 2790 576 ejus
2814 509 2902 578 qui
2937 523 3040 563 non
3066 509 3270 578 judicat
3309 527 3637 580 quemquam
3662 554 3676 577 ,
3713 513 3802 565 sed

2208 608 2366 646 omne
2385 594 2639 662 judicium
2667 597 2815 652 dedit
2844 598 2978 653 Filio
3005 599 3191 669 (Joan.
3224 617 3276 668 v,
3303 602 3428 669 ‘22),
3453 618 3582 657 vere
3605 604 3801 672 juslili-

2207 695 2322 737 cata
2368 687 2897 753 incommutabiliter;
2947 707 3119 758 neque
3158 693 3300 746 enim
3333 695 3414 748 vel
3461 695 3701 749 minatus
3727 696 3806 748 vel

2208 774 2472 842 pollicitus
2499 777 2638 831 Deus
2661 793 2981 848 quemquam
3003 781 3155 848 fallit,
3177 794 3267 836 aut
3287 785 3568 854 quisquam
3594 787 3677 840 vel
3705 803 3810 840 tm-

2208 865 2308 934 piis
2335 867 2672 936 supplicium,
2699 871 2780 924 vel
2809 872 2907 940 piis
2939 875 3214 941 praemium
3235 875 3350 943 ejus
3378 886 3556 943 petest
3575 878 3807 946 eripere.

2209 956 2576 1012 Dcsiderabilia
2603 977 2754 1030 super
2790 978 2975 1015 aurum
3015 973 3064 1018 et
3103 964 3325 1034 lapidem
3368 968 3647 1036 pretiosum
3679 970 3812 1021 mul-

2208 1056 2314 1102 tum
2343 1050 2496 1105 :sive
2539 1051 2762 1105 multum
2809 1052 2980 1121 ipsum
3029 1068 3218 1108 aurum
3265 1065 3317 1110 et
3368 1058 3646 1127 lapidem,
3699 1063 3811 1113 sive

2208 1142 2430 1195 multum
2454 1143 2762 1211 pretiosum,
2791 1145 2903 1198 sive
2928 1145 3151 1200 multum
3179 1146 3588 1213 desiderabilia;
3620 1161 3800 1203 tamen

2209 1231 2582 1288 desiderabilia
2609 1235 2804 1304 judicia
2840 1235 2930 1290 Dei
2963 1251 3124 1306 super
3155 1252 3378 1308 pompas
3407 1240 3564 1309 hujus
3589 1241 3802 1305 saeculi,

2207 1338 2430 1393 quarum
2479 1325 2746 1381 desiderio
2800 1328 2861 1381 fit
2899 1338 2956 1383 ut
3001 1345 3108 1383 non
3149 1331 3548 1396 desiderentur,
3595 1333 3693 1387 sed
3744 1333 3804 1386 ti-

2207 1427 2477 1483 meantur,
2509 1429 2600 1472 aut
2627 1427 3058 1488 contemnantur,
3088 1432 3180 1476 aut
3209 1439 3314 1476 non
3342 1425 3633 1479 credantur
3659 1425 3800 1494 judi-

2207 1510 2287 1562 cia
2319 1509 2434 1563 Dei.
2465 1510 2614 1577 Quod
2640 1512 2684 1564 si
2707 1512 2928 1579 quisque
2957 1511 3070 1580 ipse
3095 1514 3168 1570 sit
3188 1529 3378 1568 aurum
3405 1516 3649 1585 lapisqne
3679 1533 3806 1585 pre-

2211 1601 2398 1666 tiosns,
2431 1608 2488 1654 ut
2525 1600 2645 1670 igne
2681 1617 2787 1655 non
2825 1611 3204 1668 consumatur,
3251 1604 3345 1658 sed
3389 1616 3702 1660 assumatur
3753 1606 3806 1661 in

2209 1692 2515 1747 thesaurum
2547 1693 2672 1758 Dei,
2701 1694 2822 1763 plus
2848 1709 3006 1764 quam
3036 1696 3272 1765 seipsum
3307 1696 3578 1752 desiderat
3603 1698 3811 1766 judicia

2209 1783 2339 1849 Dei,
2369 1783 2519 1852 cujus
2541 1785 2864 1840 voluntatem
2893 1787 3162 1855 przeponit
3185 1803 3317 1842 sum.
3351 1787 3421 1840 Et
3450 1787 3686 1842 dulciora
3716 1806 3814 1844 su-

2208 1890 2299 1944 per
2322 1875 2420 1927 ntel
2447 1886 2492 1928 et
2515 1879 2687 1946 {avum
2717 1891 2738 1929 :
2765 1885 2819 1931 et
2847 1877 2959 1931 sive
2995 1877 3223 1947 quisque
3254 1877 3365 1948 jam
3407 1880 3476 1933 sit
3521 1881 3626 1934 mel
3656 1921 3672 1942 ,
3715 1881 3816 1951 qui

2203 1963 2312 2031 jam
2339 1964 2544 2019 solutus
2564 1966 2684 2019 vitae
2703 1967 2859 2035 hujus
2882 1966 3105 2021 vinculis
3125 1977 3401 2037 exspectat
3421 1969 3564 2024 diem
3590 1986 3699 2040 quo
3715 1987 3815 2027 ve-

2209 2054 2320 2107 niat
2346 2055 2396 2107 in
2421 2056 2603 2123 epulas
2632 2056 2755 2120 Dei;
2783 2057 2895 2111 sive
2921 2057 3095 2112 adhuc
3121 2057 3188 2112 sit
3215 2058 3386 2124 favus,
3417 2069 3473 2114 ut
3496 2062 3648 2130 quasi
3677 2076 3810 2116 cera

2209 2145 2636 2214 circnmplicetur
2663 2146 2762 2200 hac
2787 2147 2911 2211 vita,
2936 2164 3042 2201 non
3077 2147 3198 2203 huic
3229 2161 3534 2217 concretus,
3568 2151 3663 2205 sed
3707 2151 3814 2205 im-

2210 2234 2364 2302 plens
2391 2251 2506 2289 eam
2529 2277 2543 2300 ,
2575 2236 2659 2290 cui
2697 2251 2831 2306 opus
2867 2237 2936 2291 sit
2962 2239 3138 2307 aliqua
3179 2253 3430 2308 pressura
3473 2257 3579 2294 non
3618 2243 3813 2311 oppri-

2210 2327 2404 2380 mentis
2429 2369 2442 2391 ,
2483 2327 2576 2382 sed
2606 2330 2960 2397 exprimentis
2985 2345 3175 2384 manus
3205 2331 3331 2396 Dei,
3363 2347 3467 2402 qua
3505 2332 3574 2387 de
3601 2342 3816 2402 tempo-

2210 2419 2306 2472 rali
2336 2419 2441 2473 vita
2470 2419 2521 2472 in
2557 2429 2811 2474 aeternam
2840 2422 3143 2491 eliquetur;
3176 2424 3413 2479 dulciora
3451 2425 3524 2479 illi
3554 2435 3683 2480 sunt
3717 2425 3813 2494 ju-

2209 2508 2342 2562 dicia
2372 2509 2484 2572 Dei,
2513 2525 2672 2579 quam
2697 2511 2796 2564 sibi
2819 2510 2932 2580 ipse
2947 2520 3050 2577 est,
3077 2512 3200 2582 quia
3223 2529 3386 2582 super
3407 2516 3510 2570 mel
3533 2524 3588 2569 et
3616 2516 3804 2570 favum

2210 2597 2287 2652 illi
2313 2598 2550 2652 dulciora
2576 2608 2720 2654 sunt.

2283 2689 2368 2742 η.
2403 2687 2551 2761 [vers.
2585 2689 2698 2762 12.]
2728 2689 2927 2744 Etenim
2952 2708 3121 2747 servus
3148 2701 3262 2746 tuus
3291 2694 3510 2747 custodit
3539 2710 3598 2748 ea
3627 2709 3650 2750 :
3679 2711 3808 2749 nam

2211 2795 2316 2834 non
2359 2782 2675 2836 custodienti
2715 2798 2896 2838 amara
2936 2784 3053 2839 dies
3099 2785 3330 2839 Domini.
3368 2785 3436 2839 In
3474 2786 3814 2843 custodiendo

2208 2870 2300 2923 illa
2328 2871 2585 2925 retributio
2614 2873 2772 2925 ntulta
2800 2889 2820 2927 :
2849 2888 2956 2927 non
2988 2874 3039 2928 in
3069 2874 3248 2943 aliquo
3276 2883 3425 2929 extra
3456 2876 3630 2945 posito
3652 2892 3813 2933 com—

2211 2963 2390 3024 modo,
2419 2961 2510 3016 sed
2549 2963 2599 3015 in
2644 2979 2709 3017 eo
2752 2962 2868 3033 ipso
2903 2979 3009 3034 quo
3044 2964 3242 3034 judicia
3277 2965 3368 3019 Dei
3403 2967 3810 3035 custodiuntur,

2212 3051 2375 3106 multa
2400 3052 2678 3107 retributio
2709 3072 2722 3108 :
2750 3054 2913 3107 midta
2945 3065 3048 3121 est,
3081 3055 3204 3124 quia
3233 3055 3494 3125 gaudetnr
3519 3057 3573 3112 in
3605 3059 3708 3113 eis.

2284 3146 2370 3199 13.
2404 3144 2553 3216 [vers.
2585 3144 2695 3217 15.]
2724 3144 2919 3199 Delicta
2938 3149 3050 3215 quis
3077 3147 3354 3217 intelligit?
3382 3146 3437 3201 ln
3467 3148 3684 3204 delictis
3711 3165 3788 3205 au

2213 3242 2318 3288 tem
2362 3235 2533 3304 qualis
2562 3237 2792 3290 suavitas
2828 3243 3002 3305 potest
3037 3252 3159 3292 esse
3183 3281 3196 3302 ,
3225 3239 3314 3293 ubi
3343 3254 3449 3293 non
3480 3250 3564 3295 est
3592 3241 3810 3298 intelle-

2210 3328 2365 3380 ctus?
2389 3329 2638 3396 quoniam
2669 3327 2858 3383 delicta
2884 3330 3001 3398 quis
3033 3329 3294 3400 intelligit,
3325 3347 3448 3401 qua:
3473 3331 3648 3402 ipsum
3671 3349 3807 3390 oeu-

2210 3418 2317 3472 lum
2340 3419 2611 3486 claudunt,
2639 3418 2724 3473 cui
2751 3421 2928 3474 suavis
2954 3429 3037 3474 est
3067 3423 3285 3487 veritas,
3315 3423 3398 3475 cui
3430 3422 3812 3480 desiderabilia

2209 3520 2264 3565 et
2289 3510 2459 3566 dulcia
2487 3520 2610 3566 sunt
2633 3512 2828 3580 judicia
2864 3512 2987 3576 Dei;
3039 3521 3093 3567 et
3133 3513 3272 3568 sicut
3315 3515 3553 3571 tenebrae
3597 3518 3812 3581 oculos,

2209 3604 2282 3658 ita
2307 3603 2499 3657 delicta
2517 3614 2748 3659 mentem
2777 3605 3050 3670 claudunt,
3075 3622 3174 3661 nec
3200 3608 3373 3662 lucem
3394 3609 3576 3663 sinunt
3595 3610 3810 3676 videre.

2208 3708 2307 3748 nec
2332 3695 2434 3748 se?

2283 3784 2369 3839 14.
2403 3783 2552 3856 [vers.
2579 3783 2690 3856 14.]
2717 3783 2792 3838 Ab
2821 3785 3029 3839 occultis
3050 3786 3171 3839 meis
3195 3786 3386 3840 munda
3407 3803 3506 3854 me,
3541 3787 3764 3843 Domine
3788 3806 3810 3845 :

2209 3890 2239 3928 a
2269 3875 2644 3944 cupiditatibus
2675 3877 2727 3930 in
2757 3891 2841 3932 me
2871 3875 3156 3932 latentibus
3183 3878 3380 3932 munda
3414 3895 3519 3941 me,
3553 3880 3809 3936 Domine.

2210 3967 2278 4021 Et
2304 3969 2366 4021 ab
2390 3969 2567 4023 alienis
2593 3984 2743 4035 parce
2765 3984 2908 4023 servo
2927 3979 3013 4022 tuo
3044 3969 3123 4041 (a)
3153 3987 3168 4024 :
3200 3987 3270 4025 ne
3290 3972 3518 4026 seducar
3545 3974 3612 4027 ab
3638 3974 3764 4028 aliis
3793 4015 3809 4040 ,

2211 4073 2382 4128 neque
2406 4059 2548 4113 enim
2576 4059 2766 4114 alienis
2809 4061 3017 4130 capitur
3055 4063 3142 4131 qui
3187 4071 3273 4117 est
3317 4063 3548 4118 mundus
3595 4079 3624 4118 a
3671 4068 3810 4122 suis.

2210 4149 2374 4203 Parce
2414 4149 2591 4218 itaque
2626 4149 2694 4204 ab
2727 4150 2912 4205 alienis
2936 4153 3332 4222 cupiditatibus,
3365 4170 3468 4209 non
3497 4157 3735 4224 superbo
3757 4169 3814 4213 et

2208 4240 2262 4294 in
2293 4257 2386 4295 sua
2417 4249 2678 4310 potestate
2717 4257 2835 4298 esse
2878 4244 3133 4313 cupienti,
3166 4245 3260 4300 sed
3289 4261 3444 4301 servo
3475 4257 3583 4301 tuo.
3615 4248 3678 4303 Si
3709 4252 3813 4304 mei

2208 4349 2311 4387 non
2352 4334 2540 4403 fuerint
2580 4335 2860 4400 dominata,
2887 4347 3005 4389 tunc
3053 4337 3412 4393 intmaculatus
3455 4357 3544 4395 ero
3573 4357 3593 4394 :
3618 4341 3664 4395 si
3699 4345 3810 4398 mei

2207 4438 2312 4478 non
2344 4423 2539 4480 fuerint
2559 4424 2828 4479 dominata
2857 4427 3064 4481 occulta
3090 4443 3206 4485 mea
3227 4470 3241 4494 ,
3269 4439 3323 4484 et
3345 4431 3515 4485 aliena
3550 4446 3769 4501 peccata
3791 4478 3806 4499 ,

2209 4523 2332 4568 tunc
2375 4515 2746 4570 immaculatus
2785 4531 2911 4579 ero;
2960 4532 3064 4571 non
3108 4520 3252 4573 enim
3293 4528 3376 4574 est
3421 4523 3574 4576 tertia
3602 4524 3617 4554 ¹
3651 4525 3812 4594 origo

2207 4609 2430 4680 peccati,
2456 4619 2648 4677 praeter
2671 4609 2936 4663 occultum
2975 4625 3130 4665 suum
3165 4627 3272 4681 quo
3301 4613 3494 4668 cecidit
3519 4614 3800 4680 diabolus,

2203 4710 2259 4757 et
2291 4701 2517 4756 aliemun
2558 4715 2665 4769 quo
2709 4701 2960 4755 seductus
2985 4709 3067 4756 est
3097 4702 3278 4768 homo,
3308 4712 3370 4757 ut
3407 4706 3810 4761 consentiendo

2205 4807 2362 4846 suum
2390 4791 2606 4845 faceret.
2641 4789 2707 4843 Et
2731 4789 3012 4845 mundabor
3031 4807 3064 4843 a
3082 4791 3265 4845 delicto
3291 4809 3477 4863 magno
3499 4809 3518 4846 :
3539 4810 3647 4864 quo
3672 4795 3806 4860 alio,

2205 4885 2302 4939 nisi
2335 4882 2637 4952 superbiae?
2683 4881 2798 4936 Non
2829 4883 2973 4938 enim
3003 4893 3086 4936 est
3117 4883 3287 4952 majus
3326 4885 3606 4950 delictum,
3639 4902 3806 4956 quam

2205 4984 2504 5044 apostatare
2530 4989 2557 5026 a
2587 4975 2716 5039 Deo,
2747 4973 2890 5044 quod
2919 4983 3001 5027 est
3030 4974 3238 5028 initium
3270 4975 3535 5045 superbia:
3567 4977 3805 5034 hominis

2205 5067 2389 5138 (Eccli.
2421 5085 2472 5131 χ,
2509 5067 2598 5135 Η)
2623 5084 2636 5120 :
2666 5076 2720 5122 et
2741 5082 2864 5121 vere
2890 5067 2981 5121 ille
3001 5067 3371 5121 immaculatus
3393 5079 3495 5132 est,
3520 5069 3609 5139 qui
3639 5071 3805 5125 etiam

2205 5160 2308 5216 hoc
2335 5161 2530 5216 delicto
2557 5167 2735 5224 caret;
2777 5158 2898 5227 quia
2931 5158 3030 5213 hoc
3059 5167 3140 5212 est
3168 5159 3411 5212 ultimum
3452 5160 3807 5218 redeuntibus

2203 5251 2268 5306 ad
2299 5252 2486 5315 Deum,
2516 5249 2654 5318 quod
2685 5247 3054 5302 recedentibus
3078 5249 3304 5317 primum
3337 5247 3453 5303 fuit.

2277 5343 2364 5398 15.
2413 5343 2565 5413 [vers.
2595 5338 2704 5412 15.]
2741 5338 2803 5392 Et
2833 5348 2976 5392 erunt
3009 5350 3062 5392 ut
3089 5340 3439 5409 complaceant
3465 5341 3670 5410 eloquia
3698 5345 3804 5397 oris

2205 5435 2322 5501 mei,
2349 5445 2394 5487 et
2420 5433 2677 5486 meditatio
2716 5431 2882 5485 cordis
2919 5430 3016 5484 mei
3057 5433 3112 5484 in
3150 5443 3418 5500 conspectu
3444 5442 3530 5484 tuo
3559 5449 3762 5500 semper
3782 5448 3804 5488 :

2205 5526 2483 5582 meditatio
2516 5524 2693 5580 cordis
2717 5524 2820 5578 mei
2852 5539 2956 5578 non
2989 5523 3054 5577 ad
3079 5525 3388 5591 iactantiam
3418 5527 3662 5594 placendi
3697 5526 3800 5581 ho-

2208 5620 2456 5682 minibus,
2488 5617 2608 5687 quia
2632 5617 2744 5685 jam
2774 5616 2912 5669 nulla
2945 5616 3191 5684 superbia
3221 5623 3330 5679 est;
3364 5617 3457 5670 sed
3492 5618 3541 5670 in
3573 5633 3800 5688 conspe-

2273 5784 2284 5812 ί
2317 5777 2446 5829 tum,
2475 5773 2648 5824 certior
2668 5770 2819 5833 origo.
2852 5769 2942 5833 sed
2969 5771 3134 5817 verius
3156 5776 3284 5825 Mss,
3314 5769 3458 5833 tertia
3479 5769 3634 5832 origo.

2275 5846 2344 5902 ut)
2369 5840 2498 5887 idem
2525 5847 2654 5884 vers.
2689 5832 3036 5893 tl'cszlicatur
3059 5833 3108 5880 in
3135 5837 3270 5881 Enar.
3299 5832 3400 5882 Psal
3437 5845 3611 5894 usis,
3641 5848 3693 5884 η.
3719 5834 3798 5886 eo.
