  <div class='ocr_page' id='page_1' title='image "/cluster/home/n/w/nwhite01/storage/ocr_20150623/36/umn.319510024773307/088.png"; bbox 0 0 3956 6326; ppageno 0'>
   <div class='ocr_carea' id='block_1_1' title="bbox 209 432 2375 499">
    <p class='ocr_par' dir='ltr' id='par_1_1' title="bbox 209 432 2375 499">
     <span class='ocr_line' id='line_1_1' title="bbox 209 432 2375 499; baseline -0.002 -3"><span class='ocrx_word' id='word_1_1' title='bbox 209 445 291 499; x_wconf 71' lang='grc'><strong>157</strong></span> <span class='ocrx_word' id='word_1_2' title='bbox 1282 433 1682 491; x_wconf 70' lang='lat' dir='ltr'><strong>ENAkflAt&#39;lO</strong></span> <span class='ocrx_word' id='word_1_3' title='bbox 1720 432 1784 488; x_wconf 77' lang='grc' dir='ltr'>ΙΝ</span> <span class='ocrx_word' id='word_1_4' title='bbox 1828 433 2148 492; x_wconf 75' lang='lat' dir='ltr'><strong>PSALMUM</strong></span> <span class='ocrx_word' id='word_1_5' title='bbox 2190 437 2375 493; x_wconf 76' lang='lat' dir='ltr'><strong>XVI&quot;.</strong></span> 
     </span>
    </p>
   </div>
   <div class='ocr_carea' id='block_1_2' title="bbox 203 545 1772 625">
    <p class='ocr_par' dir='ltr' id='par_1_2' title="bbox 203 545 1772 625">
     <span class='ocr_line' id='line_1_2' title="bbox 203 545 1772 625; baseline -0.011 -9"><span class='ocrx_word' id='word_1_6' title='bbox 203 573 275 616; x_wconf 80' lang='lat' dir='ltr'><strong>cui</strong></span> <span class='ocrx_word' id='word_1_7' title='bbox 298 569 378 612; x_wconf 89' lang='lat' dir='ltr'><strong>tuo</strong></span> <span class='ocrx_word' id='word_1_8' title='bbox 396 569 625 625; x_wconf 81' lang='lat' dir='ltr'><strong>semper,</strong></span> <span class='ocrx_word' id='word_1_9' title='bbox 647 554 738 624; x_wconf 92' lang='lat' dir='ltr'><strong>qui</strong></span> <span class='ocrx_word' id='word_1_10' title='bbox 767 551 1148 608; x_wconf 78' lang='lat' dir='ltr'><strong>conscientiam</strong></span> <span class='ocrx_word' id='word_1_11' title='bbox 1178 565 1365 620; x_wconf 89' lang='lat' dir='ltr'><strong>puram</strong></span> <span class='ocrx_word' id='word_1_12' title='bbox 1395 549 1632 619; x_wconf 85' lang='lat' dir='ltr'><strong>inspicis.</strong></span> <span class='ocrx_word' id='word_1_13' title='bbox 1668 545 1772 599; x_wconf 85' lang='lat' dir='ltr'><strong>Do-</strong></span> 
     </span>
    </p>
   </div>
   <div class='ocr_carea' id='block_1_3' title="bbox 203 638 1767 718">
    <p class='ocr_par' dir='ltr' id='par_1_3' title="bbox 203 638 1767 718">
     <span class='ocr_line' id='line_1_3' title="bbox 203 638 1767 718; baseline -0.008 -16"><span class='ocrx_word' id='word_1_14' title='bbox 203 653 317 702; x_wconf 85' lang='lat' dir='ltr'><strong>mine</strong></span> <span class='ocrx_word' id='word_1_15' title='bbox 339 649 536 718; x_wconf 80' lang='lat' dir='ltr'><strong>adjutor</strong></span> <span class='ocrx_word' id='word_1_16' title='bbox 560 662 705 699; x_wconf 81' lang='lat' dir='ltr'><strong>meus</strong></span> <span class='ocrx_word' id='word_1_17' title='bbox 725 688 738 711; x_wconf 90' lang='lat'><strong>,</strong></span> <span class='ocrx_word' id='word_1_18' title='bbox 768 655 814 697; x_wconf 78' lang='lat' dir='ltr'><strong>et</strong></span> <span class='ocrx_word' id='word_1_19' title='bbox 840 645 1126 713; x_wconf 80' lang='lat' dir='ltr'><strong>redemptor</strong></span> <span class='ocrx_word' id='word_1_20' title='bbox 1157 658 1296 694; x_wconf 81' lang='lat' dir='ltr'><strong>meus</strong></span> <span class='ocrx_word' id='word_1_21' title='bbox 1320 655 1339 694; x_wconf 91' lang='lat'><strong><em>:</em></strong></span> <span class='ocrx_word' id='word_1_22' title='bbox 1360 639 1585 694; x_wconf 83' lang='lat' dir='ltr'><strong>Domine</strong></span> <span class='ocrx_word' id='word_1_23' title='bbox 1618 638 1767 706; x_wconf 85' lang='lat' dir='ltr'><strong>adju-</strong></span> 
     </span>
    </p>
   </div>
   <div class='ocr_carea' id='block_1_4' title="bbox 203 730 1776 803">
    <p class='ocr_par' dir='ltr' id='par_1_4' title="bbox 203 730 1776 803">
     <span class='ocr_line' id='line_1_4' title="bbox 203 730 1776 803; baseline -0.009 -9"><span class='ocrx_word' id='word_1_24' title='bbox 203 752 273 794; x_wconf 85' lang='lat' dir='ltr'><strong>tor</strong></span> <span class='ocrx_word' id='word_1_25' title='bbox 295 753 451 803; x_wconf 89' lang='lat' dir='ltr'><strong>meus,</strong></span> <span class='ocrx_word' id='word_1_26' title='bbox 482 735 756 792; x_wconf 87' lang='lat' dir='ltr'><strong>tendentis</strong></span> <span class='ocrx_word' id='word_1_27' title='bbox 783 734 848 789; x_wconf 92' lang='lat' dir='ltr'><strong>ad</strong></span> <span class='ocrx_word' id='word_1_28' title='bbox 886 743 969 800; x_wconf 87' lang='lat' dir='ltr'><strong>te;</strong></span> <span class='ocrx_word' id='word_1_29' title='bbox 1014 733 1265 803; x_wconf 85' lang='lat' dir='ltr'><strong>quoniam</strong></span> <span class='ocrx_word' id='word_1_30' title='bbox 1293 730 1602 799; x_wconf 79' lang='lat' dir='ltr'><strong>redemptdr</strong></span> <span class='ocrx_word' id='word_1_31' title='bbox 1623 741 1776 783; x_wconf 88' lang='lat' dir='ltr'><strong>meus</strong></span> 
     </span>
    </p>
   </div>
   <div class='ocr_carea' id='block_1_5' title="bbox 201 820 1775 892">
    <p class='ocr_par' dir='ltr' id='par_1_5' title="bbox 201 820 1775 892">
     <span class='ocr_line' id='line_1_5' title="bbox 201 820 1775 892; baseline -0.008 -7"><span class='ocrx_word' id='word_1_32' title='bbox 201 846 251 885; x_wconf 90' lang='lat' dir='ltr'><strong>es</strong></span> <span class='ocrx_word' id='word_1_33' title='bbox 277 838 343 891; x_wconf 89' lang='lat' dir='ltr'><strong>tu,</strong></span> <span class='ocrx_word' id='word_1_34' title='bbox 374 836 430 882; x_wconf 90' lang='lat' dir='ltr'><strong>ut</strong></span> <span class='ocrx_word' id='word_1_35' title='bbox 457 825 734 882; x_wconf 88' lang='lat' dir='ltr'><strong>tenderem</strong></span> <span class='ocrx_word' id='word_1_36' title='bbox 756 825 822 880; x_wconf 89' lang='lat' dir='ltr'><strong>ad</strong></span> <span class='ocrx_word' id='word_1_37' title='bbox 855 834 904 879; x_wconf 88' lang='lat' dir='ltr'><strong>te</strong></span> <span class='ocrx_word' id='word_1_38' title='bbox 937 841 950 876; x_wconf 90' lang='lat'><strong>:</strong></span> <span class='ocrx_word' id='word_1_39' title='bbox 985 839 1050 877; x_wconf 90' lang='lat' dir='ltr'><strong>ne</strong></span> <span class='ocrx_word' id='word_1_40' title='bbox 1076 823 1353 892; x_wconf 77' lang='lat' dir='ltr'><strong>quisquam</strong></span> <span class='ocrx_word' id='word_1_41' title='bbox 1377 821 1460 875; x_wconf 86' lang='lat' dir='ltr'><strong>vel</strong></span> <span class='ocrx_word' id='word_1_42' title='bbox 1495 820 1775 889; x_wconf 76' lang='lat' dir='ltr'><strong>sapientia:</strong></span> 
     </span>
    </p>
   </div>
   <div class='ocr_carea' id='block_1_6' title="bbox 199 909 1773 990">
    <p class='ocr_par' dir='ltr' id='par_1_6' title="bbox 199 909 1773 990">
     <span class='ocr_line' id='line_1_6' title="bbox 199 909 1773 990; baseline -0.009 -13"><span class='ocrx_word' id='word_1_43' title='bbox 199 939 293 977; x_wconf 70' lang='lat' dir='ltr'><strong>sua:</strong></span> <span class='ocrx_word' id='word_1_44' title='bbox 319 922 551 976; x_wconf 90' lang='lat' dir='ltr'><strong>tribuens</strong></span> <span class='ocrx_word' id='word_1_45' title='bbox 577 918 720 990; x_wconf 89' lang='lat' dir='ltr'><strong>quod</strong></span> <span class='ocrx_word' id='word_1_46' title='bbox 750 917 815 972; x_wconf 90' lang='lat' dir='ltr'><strong>ad</strong></span> <span class='ocrx_word' id='word_1_47' title='bbox 840 926 889 972; x_wconf 91' lang='lat' dir='ltr'><strong>te</strong></span> <span class='ocrx_word' id='word_1_48' title='bbox 912 915 1266 980; x_wconf 80' lang='lat' dir='ltr'><strong>convertitur,</strong></span> <span class='ocrx_word' id='word_1_49' title='bbox 1297 912 1379 968; x_wconf 87' lang='lat' dir='ltr'><strong>vel</strong></span> <span class='ocrx_word' id='word_1_50' title='bbox 1404 911 1604 967; x_wconf 82' lang='lat' dir='ltr'><strong>viribus</strong></span> <span class='ocrx_word' id='word_1_51' title='bbox 1630 909 1773 980; x_wconf 90' lang='lat' dir='ltr'><strong>quod</strong></span> 
     </span>
    </p>
   </div>
   <div class='ocr_carea' id='block_1_7' title="bbox 197 1001 1769 1084">
    <p class='ocr_par' dir='ltr' id='par_1_7' title="bbox 197 1001 1769 1084">
     <span class='ocr_line' id='line_1_7' title="bbox 197 1001 1769 1084; baseline -0.008 -15"><span class='ocrx_word' id='word_1_52' title='bbox 197 1016 252 1070; x_wconf 85' lang='lat' dir='ltr'><strong>ad</strong></span> <span class='ocrx_word' id='word_1_53' title='bbox 280 1027 325 1069; x_wconf 85' lang='lat' dir='ltr'><strong>te</strong></span> <span class='ocrx_word' id='word_1_54' title='bbox 361 1015 602 1084; x_wconf 81' lang='lat' dir='ltr'><strong>pervenit</strong></span> <span class='ocrx_word' id='word_1_55' title='bbox 624 1053 640 1074; x_wconf 91' lang='lat'><strong>,</strong></span> <span class='ocrx_word' id='word_1_56' title='bbox 676 1011 845 1080; x_wconf 81' lang='lat' dir='ltr'><strong>magis</strong></span> <span class='ocrx_word' id='word_1_57' title='bbox 883 1007 1172 1078; x_wconf 80' lang='lat' dir='ltr'><strong>repellatur</strong></span> <span class='ocrx_word' id='word_1_58' title='bbox 1192 1005 1288 1060; x_wconf 81' lang='lat' dir='ltr'><strong>abs</strong></span> <span class='ocrx_word' id='word_1_59' title='bbox 1317 1013 1374 1059; x_wconf 90' lang='lat' dir='ltr'><strong>te</strong></span> <span class='ocrx_word' id='word_1_60' title='bbox 1400 1004 1488 1075; x_wconf 85' lang='lat' dir='ltr'><strong>qui</strong></span> <span class='ocrx_word' id='word_1_61' title='bbox 1517 1001 1769 1072; x_wconf 86' lang='lat' dir='ltr'><strong>superbis</strong></span> 
     </span>
    </p>
   </div>
   <div class='ocr_carea' id='block_1_8' title="bbox 198 1096 1772 1176">
    <p class='ocr_par' dir='ltr' id='par_1_8' title="bbox 198 1096 1772 1176">
     <span class='ocr_line' id='line_1_8' title="bbox 198 1096 1772 1176; baseline -0.01 -14"><span class='ocrx_word' id='word_1_62' title='bbox 198 1108 411 1171; x_wconf 85' lang='lat' dir='ltr'><strong>resistis;</strong></span> <span class='ocrx_word' id='word_1_63' title='bbox 441 1105 566 1176; x_wconf 84' lang='lat' dir='ltr'><strong>quia</strong></span> <span class='ocrx_word' id='word_1_64' title='bbox 597 1104 884 1159; x_wconf 80' lang='lat' dir='ltr'><strong>mundatus</strong></span> <span class='ocrx_word' id='word_1_65' title='bbox 906 1114 1014 1155; x_wconf 91' lang='lat' dir='ltr'><strong>non</strong></span> <span class='ocrx_word' id='word_1_66' title='bbox 1034 1109 1118 1155; x_wconf 88' lang='lat' dir='ltr'><strong>est</strong></span> <span class='ocrx_word' id='word_1_67' title='bbox 1144 1114 1175 1152; x_wconf 91' lang='lat' dir='ltr'><strong>a</strong></span> <span class='ocrx_word' id='word_1_68' title='bbox 1203 1096 1401 1152; x_wconf 88' lang='lat' dir='ltr'><strong>delicto</strong></span> <span class='ocrx_word' id='word_1_69' title='bbox 1430 1107 1647 1165; x_wconf 89' lang='lat' dir='ltr'><strong>magno,</strong></span> <span class='ocrx_word' id='word_1_70' title='bbox 1671 1107 1772 1147; x_wconf 91' lang='lat' dir='ltr'><strong>nec</strong></span> 
     </span>
    </p>
   </div>
   <div class='ocr_carea' id='block_1_9' title="bbox 197 1189 1774 1271">
    <p class='ocr_par' dir='ltr' id='par_1_9' title="bbox 197 1189 1774 1271">
     <span class='ocr_line' id='line_1_9' title="bbox 197 1189 1774 1271; baseline -0.008 -17"><span class='ocrx_word' id='word_1_71' title='bbox 197 1200 491 1271; x_wconf 81' lang='lat' dir='ltr'><strong>complacuit</strong></span> <span class='ocrx_word' id='word_1_72' title='bbox 521 1199 574 1253; x_wconf 92' lang='lat' dir='ltr'><strong>in</strong></span> <span class='ocrx_word' id='word_1_73' title='bbox 604 1203 898 1266; x_wconf 91' lang='lat' dir='ltr'><strong>conspectu</strong></span> <span class='ocrx_word' id='word_1_74' title='bbox 927 1203 1018 1248; x_wconf 91' lang='lat' dir='ltr'><strong>tuo</strong></span> <span class='ocrx_word' id='word_1_75' title='bbox 1043 1235 1059 1260; x_wconf 95' lang='lat'><strong>,</strong></span> <span class='ocrx_word' id='word_1_76' title='bbox 1091 1192 1180 1262; x_wconf 89' lang='lat' dir='ltr'><strong>qui</strong></span> <span class='ocrx_word' id='word_1_77' title='bbox 1211 1189 1430 1246; x_wconf 88' lang='lat' dir='ltr'><strong>redimis</strong></span> <span class='ocrx_word' id='word_1_78' title='bbox 1463 1198 1521 1243; x_wconf 92' lang='lat' dir='ltr'><strong>ut</strong></span> <span class='ocrx_word' id='word_1_79' title='bbox 1548 1203 1774 1244; x_wconf 88' lang='lat' dir='ltr'><strong>conver-</strong></span> 
     </span>
    </p>
   </div>
   <div class='ocr_carea' id='block_1_10' title="bbox 199 1281 1386 1360">
    <p class='ocr_par' dir='ltr' id='par_1_10' title="bbox 199 1281 1386 1360">
     <span class='ocr_line' id='line_1_10' title="bbox 199 1281 1386 1360; baseline -0.01 -14"><span class='ocrx_word' id='word_1_80' title='bbox 199 1302 369 1356; x_wconf 80' lang='lat' dir='ltr'><strong>tamur,</strong></span> <span class='ocrx_word' id='word_1_81' title='bbox 397 1299 450 1346; x_wconf 89' lang='lat' dir='ltr'><strong>et</strong></span> <span class='ocrx_word' id='word_1_82' title='bbox 475 1289 703 1360; x_wconf 75' lang='lat' dir='ltr'><strong>adjuvas</strong></span> <span class='ocrx_word' id='word_1_83' title='bbox 729 1296 788 1341; x_wconf 91' lang='lat' dir='ltr'><strong>ut</strong></span> <span class='ocrx_word' id='word_1_84' title='bbox 817 1285 1189 1356; x_wconf 79' lang='lat' dir='ltr'><strong>perveniamus</strong></span> <span class='ocrx_word' id='word_1_85' title='bbox 1216 1281 1282 1337; x_wconf 91' lang='lat' dir='ltr'><strong>ad</strong></span> <span class='ocrx_word' id='word_1_86' title='bbox 1311 1289 1386 1337; x_wconf 92' lang='lat' dir='ltr'><strong>te.</strong></span> 
     </span>
    </p>
   </div>
   <div class='ocr_carea' id='block_1_11' title="bbox 724 1373 1229 1433">
    <p class='ocr_par' dir='ltr' id='par_1_11' title="bbox 724 1373 1229 1433">
     <span class='ocr_line' id='line_1_11' title="bbox 724 1373 1229 1433; baseline -0.008 0"><span class='ocrx_word' id='word_1_87' title='bbox 724 1375 1124 1433; x_wconf 77' lang='lat' dir='ltr'><strong>ENARRATIO</strong></span> <span class='ocrx_word' id='word_1_88' title='bbox 1162 1373 1229 1430; x_wconf 84' lang='lat' dir='ltr'><strong>ll.</strong></span> 
     </span>
    </p>
   </div>
   <div class='ocr_carea' id='block_1_12' title="bbox 722 1480 1245 1524">
    <p class='ocr_par' dir='ltr' id='par_1_12' title="bbox 722 1480 1245 1524">
     <span class='ocr_line' id='line_1_12' title="bbox 722 1480 1245 1524; baseline -0.011 0"><span class='ocrx_word' id='word_1_89' title='bbox 722 1483 894 1524; x_wconf 72' lang='lat' dir='ltr'><strong>SERIO</strong></span> <span class='ocrx_word' id='word_1_90' title='bbox 919 1483 987 1524; x_wconf 74' lang='grc' dir='ltr'><strong>Δι)</strong></span> <span class='ocrx_word' id='word_1_91' title='bbox 1019 1480 1245 1522; x_wconf 71' lang='grc' dir='ltr'><strong>Ριειςει.</strong></span> 
     </span>
    </p>
   </div>
   <div class='ocr_carea' id='block_1_13' title="bbox 254 1554 1770 1634">
    <p class='ocr_par' dir='ltr' id='par_1_13' title="bbox 254 1554 1770 1634">
     <span class='ocr_line' id='line_1_13' title="bbox 254 1554 1770 1634; baseline -0.009 -14"><span class='ocrx_word' id='word_1_92' title='bbox 254 1565 300 1620; x_wconf 88' lang='lat' dir='ltr'><strong>l.</strong></span> <span class='ocrx_word' id='word_1_93' title='bbox 331 1562 607 1634; x_wconf 73' lang='lat' dir='ltr'><strong>Deprecati</strong></span> <span class='ocrx_word' id='word_1_94' title='bbox 637 1562 940 1623; x_wconf 87' lang='lat' dir='ltr'><strong>Dominum.</strong></span> <span class='ocrx_word' id='word_1_95' title='bbox 964 1570 1020 1615; x_wconf 93' lang='lat' dir='ltr'><strong>ut</strong></span> <span class='ocrx_word' id='word_1_96' title='bbox 1047 1560 1113 1613; x_wconf 78' lang='lat' dir='ltr'><strong>ab</strong></span> <span class='ocrx_word' id='word_1_97' title='bbox 1139 1554 1363 1613; x_wconf 85' lang='lat' dir='ltr'><strong>occultis</strong></span> <span class='ocrx_word' id='word_1_98' title='bbox 1389 1554 1589 1610; x_wconf 84' lang='lat' dir='ltr'><strong>nostris</strong></span> <span class='ocrx_word' id='word_1_99' title='bbox 1614 1569 1770 1608; x_wconf 84' lang='lat' dir='ltr'><strong>mun-</strong></span> 
     </span>
    </p>
   </div>
   <div class='ocr_carea' id='block_1_14' title="bbox 194 1644 1770 1724">
    <p class='ocr_par' dir='ltr' id='par_1_14' title="bbox 194 1644 1770 1724">
     <span class='ocr_line' id='line_1_14' title="bbox 194 1644 1770 1724; baseline -0.01 -9"><span class='ocrx_word' id='word_1_100' title='bbox 194 1662 267 1715; x_wconf 88' lang='lat' dir='ltr'><strong>det</strong></span> <span class='ocrx_word' id='word_1_101' title='bbox 295 1675 402 1720; x_wconf 79' lang='lat' dir='ltr'><strong>nos,</strong></span> <span class='ocrx_word' id='word_1_102' title='bbox 431 1668 488 1713; x_wconf 86' lang='lat' dir='ltr'><strong>et</strong></span> <span class='ocrx_word' id='word_1_103' title='bbox 517 1657 587 1710; x_wconf 87' lang='lat' dir='ltr'><strong>ab</strong></span> <span class='ocrx_word' id='word_1_104' title='bbox 615 1655 808 1710; x_wconf 85' lang='lat' dir='ltr'><strong>alienis</strong></span> <span class='ocrx_word' id='word_1_105' title='bbox 837 1663 1016 1724; x_wconf 83' lang='lat' dir='ltr'><strong>parcat</strong></span> <span class='ocrx_word' id='word_1_106' title='bbox 1043 1651 1216 1708; x_wconf 78' lang='lat' dir='ltr'><strong>servis</strong></span> <span class='ocrx_word' id='word_1_107' title='bbox 1241 1650 1354 1705; x_wconf 88' lang='lat' dir='ltr'><strong>suis</strong></span> <span class='ocrx_word' id='word_1_108' title='bbox 1376 1691 1392 1717; x_wconf 94' lang='lat'><strong>,</strong></span> <span class='ocrx_word' id='word_1_109' title='bbox 1421 1644 1547 1719; x_wconf 87' lang='lat' dir='ltr'><strong>quid</strong></span> <span class='ocrx_word' id='word_1_110' title='bbox 1579 1646 1679 1700; x_wconf 91' lang='lat' dir='ltr'><strong>hoc</strong></span> <span class='ocrx_word' id='word_1_111' title='bbox 1701 1647 1770 1701; x_wconf 90' lang='lat' dir='ltr'><strong>sit</strong></span> 
     </span>
    </p>
   </div>
   <div class='ocr_carea' id='block_1_15' title="bbox 191 1731 1768 1819">
    <p class='ocr_par' dir='ltr' id='par_1_15' title="bbox 191 1731 1768 1819">
     <span class='ocr_line' id='line_1_15' title="bbox 191 1731 1768 1819; baseline -0.008 -15"><span class='ocrx_word' id='word_1_112' title='bbox 191 1754 459 1819; x_wconf 75' lang='lat' dir='ltr'><strong>intelligere</strong></span> <span class='ocrx_word' id='word_1_113' title='bbox 500 1747 795 1812; x_wconf 82' lang='lat' dir='ltr'><strong>debemus,</strong></span> <span class='ocrx_word' id='word_1_114' title='bbox 836 1754 894 1799; x_wconf 90' lang='lat' dir='ltr'><strong>ut</strong></span> <span class='ocrx_word' id='word_1_115' title='bbox 937 1746 1169 1798; x_wconf 84' lang='lat' dir='ltr'><strong>humana</strong></span> <span class='ocrx_word' id='word_1_116' title='bbox 1215 1740 1442 1804; x_wconf 76' lang='lat' dir='ltr'><strong>ratione,</strong></span> <span class='ocrx_word' id='word_1_117' title='bbox 1483 1755 1587 1792; x_wconf 88' lang='lat' dir='ltr'><strong>non</strong></span> <span class='ocrx_word' id='word_1_118' title='bbox 1616 1731 1768 1807; x_wconf 86' lang='lat' dir='ltr'><strong>quasi</strong></span> 
     </span>
    </p>
   </div>
   <div class='ocr_carea' id='block_1_16' title="bbox 189 1834 1770 1904">
    <p class='ocr_par' dir='ltr' id='par_1_16' title="bbox 189 1834 1770 1904">
     <span class='ocr_line' id='line_1_16' title="bbox 189 1834 1770 1904; baseline -0.008 -6"><span class='ocrx_word' id='word_1_119' title='bbox 189 1862 344 1898; x_wconf 86' lang='lat' dir='ltr'><strong>avunn</strong></span> <span class='ocrx_word' id='word_1_120' title='bbox 376 1860 503 1898; x_wconf 60' lang='lat' dir='ltr'><strong>voce</strong></span> <span class='ocrx_word' id='word_1_121' title='bbox 527 1852 826 1897; x_wconf 75' lang='lat' dir='ltr'><strong>cantemus.</strong></span> <span class='ocrx_word' id='word_1_122' title='bbox 871 1841 1002 1896; x_wconf 88' lang='lat' dir='ltr'><strong>Nam</strong></span> <span class='ocrx_word' id='word_1_123' title='bbox 1049 1847 1106 1894; x_wconf 89' lang='lat' dir='ltr'><strong>et</strong></span> <span class='ocrx_word' id='word_1_124' title='bbox 1144 1837 1332 1893; x_wconf 88' lang='lat' dir='ltr'><strong>meruli</strong></span> <span class='ocrx_word' id='word_1_125' title='bbox 1377 1845 1430 1890; x_wconf 88' lang='lat' dir='ltr'><strong>et</strong></span> <span class='ocrx_word' id='word_1_126' title='bbox 1475 1834 1685 1904; x_wconf 87' lang='lat' dir='ltr'><strong>psittaci</strong></span> <span class='ocrx_word' id='word_1_127' title='bbox 1714 1838 1770 1886; x_wconf 91' lang='lat' dir='ltr'><strong>et</strong></span> 
     </span>
    </p>
   </div>
   <div class='ocr_carea' id='block_1_17' title="bbox 187 1917 1768 2002">
    <p class='ocr_par' dir='ltr' id='par_1_17' title="bbox 187 1917 1768 2002">
     <span class='ocr_line' id='line_1_17' title="bbox 187 1917 1768 2002; baseline -0.009 -12"><span class='ocrx_word' id='word_1_128' title='bbox 187 1937 313 1990; x_wconf 83' lang='lat' dir='ltr'><strong>corvi</strong></span> <span class='ocrx_word' id='word_1_129' title='bbox 341 1942 390 1988; x_wconf 91' lang='lat' dir='ltr'><strong>et</strong></span> <span class='ocrx_word' id='word_1_130' title='bbox 419 1933 555 2002; x_wconf 73' lang='lat' dir='ltr'><strong>pica:</strong></span> <span class='ocrx_word' id='word_1_131' title='bbox 584 1943 639 1985; x_wconf 89' lang='lat' dir='ltr'><strong>et</strong></span> <span class='ocrx_word' id='word_1_132' title='bbox 666 1929 972 1996; x_wconf 72' lang='lat' dir='ltr'><strong>huiusmodi</strong></span> <span class='ocrx_word' id='word_1_133' title='bbox 1003 1930 1248 1984; x_wconf 78' lang='lat' dir='ltr'><strong>volucres</strong></span> <span class='ocrx_word' id='word_1_134' title='bbox 1271 1968 1287 1995; x_wconf 94' lang='lat'><strong>,</strong></span> <span class='ocrx_word' id='word_1_135' title='bbox 1321 1939 1464 1994; x_wconf 78' lang='lat' dir='ltr'><strong>smpe</strong></span> <span class='ocrx_word' id='word_1_136' title='bbox 1492 1924 1560 1978; x_wconf 86' lang='lat' dir='ltr'><strong>ab</strong></span> <span class='ocrx_word' id='word_1_137' title='bbox 1591 1917 1768 1976; x_wconf 89' lang='lat' dir='ltr'><strong>homi-</strong></span> 
     </span>
    </p>
   </div>
   <div class='ocr_carea' id='block_1_18' title="bbox 190 2015 1767 2090">
    <p class='ocr_par' dir='ltr' id='par_1_18' title="bbox 190 2015 1767 2090">
     <span class='ocr_line' id='line_1_18' title="bbox 190 2015 1767 2090; baseline -0.006 -14"><span class='ocrx_word' id='word_1_138' title='bbox 190 2026 324 2078; x_wconf 81' lang='lat' dir='ltr'><strong>nibus</strong></span> <span class='ocrx_word' id='word_1_139' title='bbox 345 2025 610 2077; x_wconf 75' lang='lat' dir='ltr'><strong>docentur</strong></span> <span class='ocrx_word' id='word_1_140' title='bbox 631 2035 828 2076; x_wconf 86' lang='lat' dir='ltr'><strong>sonare</strong></span> <span class='ocrx_word' id='word_1_141' title='bbox 850 2018 989 2090; x_wconf 90' lang='lat' dir='ltr'><strong>quod</strong></span> <span class='ocrx_word' id='word_1_142' title='bbox 1019 2018 1286 2073; x_wconf 90' lang='lat' dir='ltr'><strong>nesciunt.</strong></span> <span class='ocrx_word' id='word_1_143' title='bbox 1313 2015 1559 2072; x_wconf 85' lang='lat' dir='ltr'><strong>Scieuter</strong></span> <span class='ocrx_word' id='word_1_144' title='bbox 1583 2021 1767 2068; x_wconf 90' lang='lat' dir='ltr'><strong>autem</strong></span> 
     </span>
    </p>
   </div>
   <div class='ocr_carea' id='block_1_19' title="bbox 188 2111 1762 2180">
    <p class='ocr_par' dir='ltr' id='par_1_19' title="bbox 188 2111 1762 2180">
     <span class='ocr_line' id='line_1_19' title="bbox 188 2111 1762 2180; baseline -0.008 -9"><span class='ocrx_word' id='word_1_145' title='bbox 188 2125 410 2180; x_wconf 83' lang='lat' dir='ltr'><strong>cantare,</strong></span> <span class='ocrx_word' id='word_1_146' title='bbox 445 2129 654 2179; x_wconf 67' lang='lat' dir='ltr'><strong>natura:</strong></span> <span class='ocrx_word' id='word_1_147' title='bbox 692 2113 924 2168; x_wconf 82' lang='lat' dir='ltr'><strong>hominis</strong></span> <span class='ocrx_word' id='word_1_148' title='bbox 946 2111 1123 2166; x_wconf 89' lang='lat' dir='ltr'><strong>divina</strong></span> <span class='ocrx_word' id='word_1_149' title='bbox 1147 2111 1420 2165; x_wconf 80' lang='lat' dir='ltr'><strong>voluntate</strong></span> <span class='ocrx_word' id='word_1_150' title='bbox 1446 2121 1762 2162; x_wconf 81' lang='lat' dir='ltr'><strong>concessum</strong></span> 
     </span>
    </p>
   </div>
   <div class='ocr_carea' id='block_1_20' title="bbox 186 2198 1766 2278">
    <p class='ocr_par' dir='ltr' id='par_1_20' title="bbox 186 2198 1766 2278">
     <span class='ocr_line' id='line_1_20' title="bbox 186 2198 1766 2278; baseline -0.01 -14"><span class='ocrx_word' id='word_1_151' title='bbox 186 2217 272 2264; x_wconf 85' lang='lat' dir='ltr'><strong>est.</strong></span> <span class='ocrx_word' id='word_1_152' title='bbox 298 2208 362 2262; x_wconf 86' lang='lat' dir='ltr'><strong>Et</strong></span> <span class='ocrx_word' id='word_1_153' title='bbox 386 2221 548 2278; x_wconf 83' lang='lat' dir='ltr'><strong>quam</strong></span> <span class='ocrx_word' id='word_1_154' title='bbox 579 2205 731 2261; x_wconf 92' lang='lat' dir='ltr'><strong>multi</strong></span> <span class='ocrx_word' id='word_1_155' title='bbox 753 2205 876 2260; x_wconf 91' lang='lat' dir='ltr'><strong>mali</strong></span> <span class='ocrx_word' id='word_1_156' title='bbox 897 2213 952 2260; x_wconf 92' lang='lat' dir='ltr'><strong>et</strong></span> <span class='ocrx_word' id='word_1_157' title='bbox 977 2203 1240 2258; x_wconf 75' lang='lat' dir='ltr'><strong>luxuriosi</strong></span> <span class='ocrx_word' id='word_1_158' title='bbox 1269 2202 1345 2256; x_wconf 89' lang='lat' dir='ltr'><strong>sic</strong></span> <span class='ocrx_word' id='word_1_159' title='bbox 1367 2198 1766 2266; x_wconf 67' lang='lat' dir='ltr'><strong>cantantdigna</strong></span> 
     </span>
    </p>
   </div>
   <div class='ocr_carea' id='block_1_21' title="bbox 184 2289 1764 2362">
    <p class='ocr_par' dir='ltr' id='par_1_21' title="bbox 184 2289 1764 2362">
     <span class='ocr_line' id='line_1_21' title="bbox 184 2289 1764 2362; baseline -0.009 -8"><span class='ocrx_word' id='word_1_160' title='bbox 184 2299 377 2355; x_wconf 81' lang='lat' dir='ltr'><strong>auribus</strong></span> <span class='ocrx_word' id='word_1_161' title='bbox 392 2299 504 2354; x_wconf 82' lang='lat' dir='ltr'><strong>suis</strong></span> <span class='ocrx_word' id='word_1_162' title='bbox 517 2306 576 2352; x_wconf 90' lang='lat' dir='ltr'><strong>et</strong></span> <span class='ocrx_word' id='word_1_163' title='bbox 595 2296 869 2362; x_wconf 88' lang='lat' dir='ltr'><strong>cordibus,</strong></span> <span class='ocrx_word' id='word_1_164' title='bbox 895 2296 1140 2352; x_wconf 72' lang='lat' dir='ltr'><strong>novimus</strong></span> <span class='ocrx_word' id='word_1_165' title='bbox 1158 2301 1212 2349; x_wconf 92' lang='lat' dir='ltr'><strong>et</strong></span> <span class='ocrx_word' id='word_1_166' title='bbox 1231 2290 1491 2348; x_wconf 89' lang='lat' dir='ltr'><strong>dolemus.</strong></span> <span class='ocrx_word' id='word_1_167' title='bbox 1522 2289 1602 2343; x_wconf 86' lang='lat' dir='ltr'><strong>Eo</strong></span> <span class='ocrx_word' id='word_1_168' title='bbox 1622 2294 1764 2343; x_wconf 88' lang='lat' dir='ltr'><strong>enim</strong></span> 
     </span>
    </p>
   </div>
   <div class='ocr_carea' id='block_1_22' title="bbox 186 2379 1762 2459">
    <p class='ocr_par' dir='ltr' id='par_1_22' title="bbox 186 2379 1762 2459">
     <span class='ocr_line' id='line_1_22' title="bbox 186 2379 1762 2459; baseline -0.003 -20"><span class='ocrx_word' id='word_1_169' title='bbox 186 2391 370 2459; x_wconf 77' lang='lat' dir='ltr'><strong>pejores</strong></span> <span class='ocrx_word' id='word_1_170' title='bbox 395 2398 541 2456; x_wconf 84' lang='lat' dir='ltr'><strong>sunt,</strong></span> <span class='ocrx_word' id='word_1_171' title='bbox 576 2403 684 2458; x_wconf 90' lang='lat' dir='ltr'><strong>quo</strong></span> <span class='ocrx_word' id='word_1_172' title='bbox 710 2403 815 2442; x_wconf 92' lang='lat' dir='ltr'><strong>non</strong></span> <span class='ocrx_word' id='word_1_173' title='bbox 839 2391 1067 2457; x_wconf 85' lang='lat' dir='ltr'><strong>possunt</strong></span> <span class='ocrx_word' id='word_1_174' title='bbox 1087 2387 1333 2456; x_wconf 86' lang='lat' dir='ltr'><strong>ignorare</strong></span> <span class='ocrx_word' id='word_1_175' title='bbox 1358 2379 1499 2452; x_wconf 90' lang='lat' dir='ltr'><strong>quod</strong></span> <span class='ocrx_word' id='word_1_176' title='bbox 1524 2387 1762 2436; x_wconf 75' lang='lat' dir='ltr'><strong>cantant.</strong></span> 
     </span>
    </p>
   </div>
   <div class='ocr_carea' id='block_1_23' title="bbox 184 2476 1767 2548">
    <p class='ocr_par' dir='ltr' id='par_1_23' title="bbox 184 2476 1767 2548">
     <span class='ocr_line' id='line_1_23' title="bbox 184 2476 1767 2548; baseline -0.008 -12"><span class='ocrx_word' id='word_1_177' title='bbox 184 2481 347 2536; x_wconf 81' lang='lat' dir='ltr'><strong>Sciunt</strong></span> <span class='ocrx_word' id='word_1_178' title='bbox 392 2485 536 2536; x_wconf 90' lang='lat' dir='ltr'><strong>enim</strong></span> <span class='ocrx_word' id='word_1_179' title='bbox 587 2497 648 2536; x_wconf 87' lang='lat' dir='ltr'><strong>se</strong></span> <span class='ocrx_word' id='word_1_180' title='bbox 695 2487 913 2535; x_wconf 84' lang='lat' dir='ltr'><strong>cantare</strong></span> <span class='ocrx_word' id='word_1_181' title='bbox 961 2477 1180 2548; x_wconf 86' lang='lat' dir='ltr'><strong>ﬂagitia,</strong></span> <span class='ocrx_word' id='word_1_182' title='bbox 1229 2485 1280 2530; x_wconf 89' lang='lat' dir='ltr'><strong>et</strong></span> <span class='ocrx_word' id='word_1_183' title='bbox 1329 2484 1505 2527; x_wconf 90' lang='lat' dir='ltr'><strong>tamen</strong></span> <span class='ocrx_word' id='word_1_184' title='bbox 1549 2476 1767 2525; x_wconf 84' lang='lat' dir='ltr'><strong>cantant</strong></span> 
     </span>
    </p>
   </div>
   <div class='ocr_carea' id='block_1_24' title="bbox 186 2563 1764 2642">
    <p class='ocr_par' dir='ltr' id='par_1_24' title="bbox 186 2563 1764 2642">
     <span class='ocr_line' id='line_1_24' title="bbox 186 2563 1764 2642; baseline -0.006 -18"><span class='ocrx_word' id='word_1_185' title='bbox 186 2582 314 2625; x_wconf 79' lang='lat' dir='ltr'><strong>tanto</strong></span> <span class='ocrx_word' id='word_1_186' title='bbox 355 2572 630 2634; x_wconf 88' lang='lat' dir='ltr'><strong>libentius,</strong></span> <span class='ocrx_word' id='word_1_187' title='bbox 673 2579 876 2642; x_wconf 85' lang='lat' dir='ltr'><strong>quanto</strong></span> <span class='ocrx_word' id='word_1_188' title='bbox 918 2567 1247 2624; x_wconf 85' lang='lat' dir='ltr'><strong>immundius</strong></span> <span class='ocrx_word' id='word_1_189' title='bbox 1279 2583 1292 2619; x_wconf 90' lang='lat'><strong>:</strong></span> <span class='ocrx_word' id='word_1_190' title='bbox 1321 2563 1572 2636; x_wconf 90' lang='lat' dir='ltr'><strong>quoniam</strong></span> <span class='ocrx_word' id='word_1_191' title='bbox 1617 2570 1764 2615; x_wconf 91' lang='lat' dir='ltr'><strong>tanto</strong></span> 
     </span>
    </p>
   </div>
   <div class='ocr_carea' id='block_1_25' title="bbox 183 2653 1762 2733">
    <p class='ocr_par' dir='ltr' id='par_1_25' title="bbox 183 2653 1762 2733">
     <span class='ocr_line' id='line_1_25' title="bbox 183 2653 1762 2733; baseline -0.007 -17"><span class='ocrx_word' id='word_1_192' title='bbox 183 2678 232 2716; x_wconf 85' lang='lat' dir='ltr'><strong>se</strong></span> <span class='ocrx_word' id='word_1_193' title='bbox 265 2672 441 2733; x_wconf 82' lang='lat' dir='ltr'><strong>putant</strong></span> <span class='ocrx_word' id='word_1_194' title='bbox 482 2661 740 2724; x_wconf 56' lang='lat' dir='ltr'><strong>latiores,</strong></span> <span class='ocrx_word' id='word_1_195' title='bbox 769 2669 970 2731; x_wconf 90' lang='lat' dir='ltr'><strong>quanto</strong></span> <span class='ocrx_word' id='word_1_196' title='bbox 992 2659 1189 2714; x_wconf 84' lang='lat' dir='ltr'><strong>fuerint</strong></span> <span class='ocrx_word' id='word_1_197' title='bbox 1211 2657 1497 2725; x_wconf 86' lang='lat' dir='ltr'><strong>turpiores.</strong></span> <span class='ocrx_word' id='word_1_198' title='bbox 1534 2653 1641 2707; x_wconf 84' lang='lat' dir='ltr'><strong>Nos</strong></span> <span class='ocrx_word' id='word_1_199' title='bbox 1665 2669 1762 2706; x_wconf 79' lang='lat' dir='ltr'><strong>au-</strong></span> 
     </span>
    </p>
   </div>
   <div class='ocr_carea' id='block_1_26' title="bbox 185 2745 1760 2825">
    <p class='ocr_par' dir='ltr' id='par_1_26' title="bbox 185 2745 1760 2825">
     <span class='ocr_line' id='line_1_26' title="bbox 185 2745 1760 2825; baseline -0.005 -18"><span class='ocrx_word' id='word_1_200' title='bbox 185 2765 274 2809; x_wconf 85' lang='lat' dir='ltr'><strong>tein</strong></span> <span class='ocrx_word' id='word_1_201' title='bbox 301 2754 385 2825; x_wconf 89' lang='lat' dir='ltr'><strong>qui</strong></span> <span class='ocrx_word' id='word_1_202' title='bbox 412 2755 465 2809; x_wconf 93' lang='lat' dir='ltr'><strong>in</strong></span> <span class='ocrx_word' id='word_1_203' title='bbox 496 2755 742 2810; x_wconf 83' lang='lat' dir='ltr'><strong>Ecclesia</strong></span> <span class='ocrx_word' id='word_1_204' title='bbox 763 2753 939 2808; x_wconf 86' lang='lat' dir='ltr'><strong>divina</strong></span> <span class='ocrx_word' id='word_1_205' title='bbox 970 2751 1183 2821; x_wconf 88' lang='lat' dir='ltr'><strong>eloquia</strong></span> <span class='ocrx_word' id='word_1_206' title='bbox 1211 2758 1430 2805; x_wconf 89' lang='lat' dir='ltr'><strong>cantare</strong></span> <span class='ocrx_word' id='word_1_207' title='bbox 1452 2745 1760 2812; x_wconf 87' lang='lat' dir='ltr'><strong>didicimus,</strong></span> 
     </span>
    </p>
   </div>
   <div class='ocr_carea' id='block_1_27' title="bbox 183 2839 1760 2911">
    <p class='ocr_par' dir='ltr' id='par_1_27' title="bbox 183 2839 1760 2911">
     <span class='ocr_line' id='line_1_27' title="bbox 183 2839 1760 2911; baseline -0.006 -11"><span class='ocrx_word' id='word_1_208' title='bbox 183 2847 321 2901; x_wconf 80' lang='lat' dir='ltr'><strong>simul</strong></span> <span class='ocrx_word' id='word_1_209' title='bbox 343 2848 502 2903; x_wconf 89' lang='lat' dir='ltr'><strong>etiam</strong></span> <span class='ocrx_word' id='word_1_210' title='bbox 531 2847 736 2901; x_wconf 87' lang='lat' dir='ltr'><strong>instare</strong></span> <span class='ocrx_word' id='word_1_211' title='bbox 766 2845 1023 2900; x_wconf 85' lang='lat' dir='ltr'><strong>debemus</strong></span> <span class='ocrx_word' id='word_1_212' title='bbox 1046 2857 1168 2899; x_wconf 87' lang='lat' dir='ltr'><strong>esse</strong></span> <span class='ocrx_word' id='word_1_213' title='bbox 1196 2839 1338 2911; x_wconf 90' lang='lat' dir='ltr'><strong>quod</strong></span> <span class='ocrx_word' id='word_1_214' title='bbox 1369 2839 1626 2908; x_wconf 89' lang='lat' dir='ltr'><strong>scriptum</strong></span> <span class='ocrx_word' id='word_1_215' title='bbox 1657 2846 1760 2900; x_wconf 88' lang='lat' dir='ltr'><strong>est,</strong></span> 
     </span>
    </p>
   </div>
   <div class='ocr_carea' id='block_1_28' title="bbox 179 2926 1760 3007">
    <p class='ocr_par' dir='ltr' id='par_1_28' title="bbox 179 2926 1760 3007">
     <span class='ocr_line' id='line_1_28' title="bbox 179 2926 1760 3007; baseline -0.006 -16"><span class='ocrx_word' id='word_1_216' title='bbox 179 2936 346 2993; x_wconf 76' lang='lat' dir='ltr'><strong>Beatus</strong></span> <span class='ocrx_word' id='word_1_217' title='bbox 413 2938 640 3007; x_wconf 76' lang='lat' dir='ltr'><strong>populus</strong></span> <span class='ocrx_word' id='word_1_218' title='bbox 704 2936 791 3007; x_wconf 83' lang='lat' dir='ltr'><strong>qui</strong></span> <span class='ocrx_word' id='word_1_219' title='bbox 857 2926 1094 3006; x_wconf 71' lang='lat' dir='ltr'><strong>intelligit</strong></span> <span class='ocrx_word' id='word_1_220' title='bbox 1151 2933 1511 3006; x_wconf 85' lang='lat' dir='ltr'><strong>jnbilationem</strong></span> <span class='ocrx_word' id='word_1_221' title='bbox 1571 2928 1760 2996; x_wconf 67' lang='lat' dir='ltr'><strong>(Paul.</strong></span> 
     </span>
    </p>
   </div>
   <div class='ocr_carea' id='block_1_29' title="bbox 179 3023 1765 3094">
    <p class='ocr_par' dir='ltr' id='par_1_29' title="bbox 179 3023 1765 3094">
     <span class='ocr_line' id='line_1_29' title="bbox 179 3023 1765 3094; baseline -0.006 -9"><span class='ocrx_word' id='word_1_222' title='bbox 179 3045 409 3091; x_wconf 76' lang='lat' dir='ltr'><strong>unvin,</strong></span> <span class='ocrx_word' id='word_1_223' title='bbox 447 3028 578 3094; x_wconf 83' lang='lat' dir='ltr'><strong>l6).</strong></span> <span class='ocrx_word' id='word_1_224' title='bbox 608 3026 860 3094; x_wconf 87' lang='lat' dir='ltr'><strong>Proinde,</strong></span> <span class='ocrx_word' id='word_1_225' title='bbox 883 3025 1168 3090; x_wconf 87' lang='lat' dir='ltr'><strong>carissimi,</strong></span> <span class='ocrx_word' id='word_1_226' title='bbox 1196 3023 1338 3094; x_wconf 90' lang='lat' dir='ltr'><strong>quod</strong></span> <span class='ocrx_word' id='word_1_227' title='bbox 1369 3025 1603 3078; x_wconf 85' lang='lat' dir='ltr'><strong>consona</strong></span> <span class='ocrx_word' id='word_1_228' title='bbox 1634 3033 1765 3076; x_wconf 75' lang='lat' dir='ltr'><strong>voce</strong></span> 
     </span>
    </p>
   </div>
   <div class='ocr_carea' id='block_1_30' title="bbox 178 3111 1762 3185">
    <p class='ocr_par' dir='ltr' id='par_1_30' title="bbox 178 3111 1762 3185">
     <span class='ocr_line' id='line_1_30' title="bbox 178 3111 1762 3185; baseline -0.006 -11"><span class='ocrx_word' id='word_1_229' title='bbox 178 3121 485 3175; x_wconf 73' lang='lat' dir='ltr'><strong>mutavimus</strong></span> <span class='ocrx_word' id='word_1_230' title='bbox 505 3161 523 3185; x_wconf 89' lang='lat'><strong>,</strong></span> <span class='ocrx_word' id='word_1_231' title='bbox 565 3133 763 3174; x_wconf 85' lang='lat' dir='ltr'><strong>sereno</strong></span> <span class='ocrx_word' id='word_1_232' title='bbox 799 3118 958 3173; x_wconf 91' lang='lat' dir='ltr'><strong>etiam</strong></span> <span class='ocrx_word' id='word_1_233' title='bbox 990 3115 1152 3170; x_wconf 87' lang='lat' dir='ltr'><strong>corde</strong></span> <span class='ocrx_word' id='word_1_234' title='bbox 1183 3129 1342 3169; x_wconf 90' lang='lat' dir='ltr'><strong>nosse</strong></span> <span class='ocrx_word' id='word_1_235' title='bbox 1365 3128 1428 3169; x_wconf 91' lang='lat' dir='ltr'><strong>ac</strong></span> <span class='ocrx_word' id='word_1_236' title='bbox 1455 3112 1638 3166; x_wconf 88' lang='lat' dir='ltr'><strong>videre</strong></span> <span class='ocrx_word' id='word_1_237' title='bbox 1667 3111 1762 3165; x_wconf 82' lang='lat' dir='ltr'><strong>dc-</strong></span> 
     </span>
    </p>
   </div>
   <div class='ocr_carea' id='block_1_31' title="bbox 178 3207 1756 3282">
    <p class='ocr_par' dir='ltr' id='par_1_31' title="bbox 178 3207 1756 3282">
     <span class='ocr_line' id='line_1_31' title="bbox 178 3207 1756 3282; baseline -0.005 -18"><span class='ocrx_word' id='word_1_238' title='bbox 178 3212 363 3266; x_wconf 87' lang='lat' dir='ltr'><strong>bemus.</strong></span> <span class='ocrx_word' id='word_1_239' title='bbox 392 3211 626 3282; x_wconf 81' lang='lat' dir='ltr'><strong>Rogavit</strong></span> <span class='ocrx_word' id='word_1_240' title='bbox 653 3210 797 3266; x_wconf 89' lang='lat' dir='ltr'><strong>cnim</strong></span> <span class='ocrx_word' id='word_1_241' title='bbox 822 3208 1106 3263; x_wconf 88' lang='lat' dir='ltr'><strong>Dominum</strong></span> <span class='ocrx_word' id='word_1_242' title='bbox 1126 3207 1493 3276; x_wconf 86' lang='lat' dir='ltr'><strong>unusquisque</strong></span> <span class='ocrx_word' id='word_1_243' title='bbox 1518 3214 1756 3258; x_wconf 89' lang='lat' dir='ltr'><strong>nostrum</strong></span> 
     </span>
    </p>
   </div>
   <div class='ocr_carea' id='block_1_32' title="bbox 177 3296 1764 3367">
    <p class='ocr_par' dir='ltr' id='par_1_32' title="bbox 177 3296 1764 3367">
     <span class='ocr_line' id='line_1_32' title="bbox 177 3296 1764 3367; baseline -0.008 -8"><span class='ocrx_word' id='word_1_244' title='bbox 177 3307 219 3360; x_wconf 87' lang='lat' dir='ltr'><strong>in</strong></span> <span class='ocrx_word' id='word_1_245' title='bbox 257 3307 350 3360; x_wconf 89' lang='lat' dir='ltr'><strong>hoc</strong></span> <span class='ocrx_word' id='word_1_246' title='bbox 372 3305 611 3367; x_wconf 87' lang='lat' dir='ltr'><strong>cantico,</strong></span> <span class='ocrx_word' id='word_1_247' title='bbox 640 3311 695 3358; x_wconf 85' lang='lat' dir='ltr'><strong>et</strong></span> <span class='ocrx_word' id='word_1_248' title='bbox 718 3302 851 3357; x_wconf 75' lang='lat' dir='ltr'><strong>dixit</strong></span> <span class='ocrx_word' id='word_1_249' title='bbox 876 3301 986 3354; x_wconf 92' lang='lat' dir='ltr'><strong>Dco</strong></span> <span class='ocrx_word' id='word_1_250' title='bbox 1014 3318 1028 3354; x_wconf 87' lang='lat'><strong>;</strong></span> <span class='ocrx_word' id='word_1_251' title='bbox 1061 3301 1136 3352; x_wconf 80' lang='grc' dir='ltr'><strong>ΑΙ)</strong></span> <span class='ocrx_word' id='word_1_252' title='bbox 1174 3298 1383 3352; x_wconf 81' lang='lat' dir='ltr'><strong>occultis</strong></span> <span class='ocrx_word' id='word_1_253' title='bbox 1423 3297 1542 3349; x_wconf 88' lang='lat' dir='ltr'><strong>meis</strong></span> <span class='ocrx_word' id='word_1_254' title='bbox 1573 3296 1764 3348; x_wconf 78' lang='lat' dir='ltr'><strong>munda</strong></span> 
     </span>
    </p>
   </div>
   <div class='ocr_carea' id='block_1_33' title="bbox 177 3388 1763 3465">
    <p class='ocr_par' dir='ltr' id='par_1_33' title="bbox 177 3388 1763 3465">
     <span class='ocr_line' id='line_1_33' title="bbox 177 3388 1763 3465; baseline -0.007 -15"><span class='ocrx_word' id='word_1_255' title='bbox 177 3415 262 3465; x_wconf 84' lang='lat' dir='ltr'><strong>me,</strong></span> <span class='ocrx_word' id='word_1_256' title='bbox 286 3396 500 3451; x_wconf 82' lang='lat' dir='ltr'><strong>Domine</strong></span> <span class='ocrx_word' id='word_1_257' title='bbox 520 3437 535 3459; x_wconf 88' lang='lat'><strong>,</strong></span> <span class='ocrx_word' id='word_1_258' title='bbox 573 3404 620 3449; x_wconf 90' lang='lat' dir='ltr'><strong>et</strong></span> <span class='ocrx_word' id='word_1_259' title='bbox 644 3392 708 3448; x_wconf 78' lang='lat' dir='ltr'><strong>ab</strong></span> <span class='ocrx_word' id='word_1_260' title='bbox 730 3393 911 3447; x_wconf 82' lang='lat' dir='ltr'><strong>alienis</strong></span> <span class='ocrx_word' id='word_1_261' title='bbox 941 3407 1092 3454; x_wconf 79' lang='lat' dir='ltr'><strong>parce</strong></span> <span class='ocrx_word' id='word_1_262' title='bbox 1115 3406 1256 3444; x_wconf 84' lang='lat' dir='ltr'><strong>servo</strong></span> <span class='ocrx_word' id='word_1_263' title='bbox 1277 3398 1381 3443; x_wconf 88' lang='lat' dir='ltr'><strong>tuo.</strong></span> <span class='ocrx_word' id='word_1_264' title='bbox 1427 3388 1489 3442; x_wconf 85' lang='lat' dir='ltr'><strong>Si</strong></span> <span class='ocrx_word' id='word_1_265' title='bbox 1529 3390 1625 3440; x_wconf 79' lang='lat' dir='ltr'><strong>mei</strong></span> <span class='ocrx_word' id='word_1_266' title='bbox 1664 3403 1763 3439; x_wconf 90' lang='lat' dir='ltr'><strong>non</strong></span> 
     </span>
    </p>
   </div>
   <div class='ocr_carea' id='block_1_34' title="bbox 179 3479 1765 3560">
    <p class='ocr_par' dir='ltr' id='par_1_34' title="bbox 179 3479 1765 3560">
     <span class='ocr_line' id='line_1_34' title="bbox 179 3479 1765 3560; baseline -0.006 -19"><span class='ocrx_word' id='word_1_267' title='bbox 179 3492 346 3560; x_wconf 73' lang='lat' dir='ltr'><strong>fuerint</strong></span> <span class='ocrx_word' id='word_1_268' title='bbox 372 3480 662 3553; x_wconf 75' lang='lat' dir='ltr'><strong>dominata,</strong></span> <span class='ocrx_word' id='word_1_269' title='bbox 685 3493 805 3540; x_wconf 88' lang='lat' dir='ltr'><strong>tune</strong></span> <span class='ocrx_word' id='word_1_270' title='bbox 839 3484 1193 3538; x_wconf 78' lang='lat' dir='ltr'><strong>imntaeulatus</strong></span> <span class='ocrx_word' id='word_1_271' title='bbox 1219 3499 1319 3545; x_wconf 87' lang='lat' dir='ltr'><strong>ero,</strong></span> <span class='ocrx_word' id='word_1_272' title='bbox 1350 3491 1394 3534; x_wconf 90' lang='lat' dir='ltr'><strong>et</strong></span> <span class='ocrx_word' id='word_1_273' title='bbox 1425 3479 1710 3534; x_wconf 77' lang='lat' dir='ltr'><strong>munrlabor</strong></span> <span class='ocrx_word' id='word_1_274' title='bbox 1733 3495 1765 3531; x_wconf 90' lang='lat' dir='ltr'><strong>a</strong></span> 
     </span>
    </p>
   </div>
   <div class='ocr_carea' id='block_1_35' title="bbox 177 3569 1760 3651">
    <p class='ocr_par' dir='ltr' id='par_1_35' title="bbox 177 3569 1760 3651">
     <span class='ocr_line' id='line_1_35' title="bbox 177 3569 1760 3651; baseline -0.006 -17"><span class='ocrx_word' id='word_1_275' title='bbox 177 3581 338 3636; x_wconf 80' lang='lat' dir='ltr'><strong>delicto</strong></span> <span class='ocrx_word' id='word_1_276' title='bbox 356 3596 564 3651; x_wconf 87' lang='lat' dir='ltr'><strong>magno.</strong></span> <span class='ocrx_word' id='word_1_277' title='bbox 589 3576 741 3646; x_wconf 85' lang='lat' dir='ltr'><strong>Quod</strong></span> <span class='ocrx_word' id='word_1_278' title='bbox 769 3586 824 3630; x_wconf 93' lang='lat' dir='ltr'><strong>ut</strong></span> <span class='ocrx_word' id='word_1_279' title='bbox 847 3576 983 3632; x_wconf 88' lang='lat' dir='ltr'><strong>bene</strong></span> <span class='ocrx_word' id='word_1_280' title='bbox 1011 3575 1241 3630; x_wconf 80' lang='lat' dir='ltr'><strong>sciamus</strong></span> <span class='ocrx_word' id='word_1_281' title='bbox 1267 3569 1392 3642; x_wconf 89' lang='lat' dir='ltr'><strong>quid</strong></span> <span class='ocrx_word' id='word_1_282' title='bbox 1413 3570 1501 3635; x_wconf 89' lang='lat' dir='ltr'><strong>sit,</strong></span> <span class='ocrx_word' id='word_1_283' title='bbox 1525 3577 1579 3625; x_wconf 90' lang='lat' dir='ltr'><strong>ct</strong></span> <span class='ocrx_word' id='word_1_284' title='bbox 1598 3569 1760 3640; x_wconf 89' lang='lat' dir='ltr'><strong>quale</strong></span> 
     </span>
    </p>
   </div>
   <div class='ocr_carea' id='block_1_36' title="bbox 177 3663 1760 3742">
    <p class='ocr_par' dir='ltr' id='par_1_36' title="bbox 177 3663 1760 3742">
     <span class='ocr_line' id='line_1_36' title="bbox 177 3663 1760 3742; baseline -0.007 -15"><span class='ocrx_word' id='word_1_285' title='bbox 177 3674 266 3729; x_wconf 87' lang='lat' dir='ltr'><strong>hoc</strong></span> <span class='ocrx_word' id='word_1_286' title='bbox 286 3674 380 3737; x_wconf 87' lang='lat' dir='ltr'><strong>sit,</strong></span> <span class='ocrx_word' id='word_1_287' title='bbox 410 3671 587 3742; x_wconf 90' lang='lat' dir='ltr'><strong>ipsius</strong></span> <span class='ocrx_word' id='word_1_288' title='bbox 615 3668 803 3736; x_wconf 86' lang='lat' dir='ltr'><strong>psalmi</strong></span> <span class='ocrx_word' id='word_1_289' title='bbox 836 3677 1062 3723; x_wconf 67' lang='lat' dir='ltr'><strong>textum.</strong></span> <span class='ocrx_word' id='word_1_290' title='bbox 1103 3675 1359 3736; x_wconf 88' lang='lat' dir='ltr'><strong>quantum</strong></span> <span class='ocrx_word' id='word_1_291' title='bbox 1385 3663 1550 3719; x_wconf 88' lang='lat' dir='ltr'><strong>donat</strong></span> <span class='ocrx_word' id='word_1_292' title='bbox 1577 3663 1760 3718; x_wconf 89' lang='lat' dir='ltr'><strong>Domi-</strong></span> 
     </span>
    </p>
   </div>
   <div class='ocr_carea' id='block_1_37' title="bbox 177 3763 979 3832">
    <p class='ocr_par' dir='ltr' id='par_1_37' title="bbox 177 3763 979 3832">
     <span class='ocr_line' id='line_1_37' title="bbox 177 3763 979 3832; baseline -0.01 -13"><span class='ocrx_word' id='word_1_293' title='bbox 177 3780 290 3827; x_wconf 81' lang='lat' dir='ltr'><strong>nus,</strong></span> <span class='ocrx_word' id='word_1_294' title='bbox 320 3763 556 3820; x_wconf 76' lang='lat' dir='ltr'><strong>breviter</strong></span> <span class='ocrx_word' id='word_1_295' title='bbox 585 3776 979 3832; x_wconf 86' lang='lat' dir='ltr'><strong>percurramus.</strong></span> 
     </span>
    </p>
   </div>
   <div class='ocr_carea' id='block_1_38' title="bbox 231 3846 1766 3919">
    <p class='ocr_par' dir='ltr' id='par_1_38' title="bbox 231 3846 1766 3919">
     <span class='ocr_line' id='line_1_38' title="bbox 231 3846 1766 3919; baseline -0.007 -8"><span class='ocrx_word' id='word_1_296' title='bbox 231 3857 280 3911; x_wconf 76' lang='lat'><strong>2.</strong></span> <span class='ocrx_word' id='word_1_297' title='bbox 309 3857 576 3912; x_wconf 81' lang='lat' dir='ltr'><strong>Cantator</strong></span> <span class='ocrx_word' id='word_1_298' title='bbox 610 3855 754 3911; x_wconf 89' lang='lat' dir='ltr'><strong>enim</strong></span> <span class='ocrx_word' id='word_1_299' title='bbox 797 3852 865 3908; x_wconf 88' lang='lat' dir='ltr'><strong>de</strong></span> <span class='ocrx_word' id='word_1_300' title='bbox 892 3851 1134 3913; x_wconf 86' lang='lat' dir='ltr'><strong>Christo;</strong></span> <span class='ocrx_word' id='word_1_301' title='bbox 1167 3848 1309 3919; x_wconf 91' lang='lat' dir='ltr'><strong>quod</strong></span> <span class='ocrx_word' id='word_1_302' title='bbox 1356 3848 1637 3905; x_wconf 84' lang='lat' dir='ltr'><strong>evidenter</strong></span> <span class='ocrx_word' id='word_1_303' title='bbox 1693 3846 1766 3902; x_wconf 87' lang='lat' dir='ltr'><strong>ibi</strong></span> 
     </span>
    </p>
   </div>
   <div class='ocr_carea' id='block_1_39' title="bbox 175 3941 1761 4019">
    <p class='ocr_par' dir='ltr' id='par_1_39' title="bbox 175 3941 1761 4019">
     <span class='ocr_line' id='line_1_39' title="bbox 175 3941 1761 4019; baseline -0.006 -17"><span class='ocrx_word' id='word_1_304' title='bbox 175 3957 394 4019; x_wconf 78' lang='lat' dir='ltr'><strong>apparet,</strong></span> <span class='ocrx_word' id='word_1_305' title='bbox 421 3949 551 4019; x_wconf 88' lang='lat' dir='ltr'><strong>quia</strong></span> <span class='ocrx_word' id='word_1_306' title='bbox 580 3946 689 4002; x_wconf 90' lang='lat' dir='ltr'><strong>illic</strong></span> <span class='ocrx_word' id='word_1_307' title='bbox 717 3946 974 4014; x_wconf 87' lang='lat' dir='ltr'><strong>scriptum</strong></span> <span class='ocrx_word' id='word_1_308' title='bbox 1003 3950 1085 3996; x_wconf 50' lang='lat' dir='ltr'><strong>tut</strong></span> <span class='ocrx_word' id='word_1_309' title='bbox 1105 3958 1118 3995; x_wconf 91' lang='lat'><strong>:</strong></span> <span class='ocrx_word' id='word_1_310' title='bbox 1142 3941 1250 4012; x_wconf 84' lang='lat' dir='ltr'><strong>ipse</strong></span> <span class='ocrx_word' id='word_1_311' title='bbox 1274 3949 1517 4010; x_wconf 82' lang='lat' dir='ltr'><strong>tanquam</strong></span> <span class='ocrx_word' id='word_1_312' title='bbox 1539 3952 1761 4009; x_wconf 78' lang='lat' dir='ltr'><strong>sponsus</strong></span> 
     </span>
    </p>
   </div>
   <div class='ocr_carea' id='block_1_40' title="bbox 176 4026 1767 4111">
    <p class='ocr_par' dir='ltr' id='par_1_40' title="bbox 176 4026 1767 4111">
     <span class='ocr_line' id='line_1_40' title="bbox 176 4026 1767 4111; baseline -0.008 -16"><span class='ocrx_word' id='word_1_313' title='bbox 176 4045 429 4111; x_wconf 79' lang='lat' dir='ltr'><strong>procedens</strong></span> <span class='ocrx_word' id='word_1_314' title='bbox 458 4040 524 4094; x_wconf 87' lang='lat' dir='ltr'><strong>de</strong></span> <span class='ocrx_word' id='word_1_315' title='bbox 550 4026 779 4092; x_wconf 83' lang='lat' dir='ltr'><strong>thalamo</strong></span> <span class='ocrx_word' id='word_1_316' title='bbox 800 4053 914 4090; x_wconf 83' lang='lat' dir='ltr'><strong>suo.</strong></span> <span class='ocrx_word' id='word_1_317' title='bbox 942 4033 1076 4102; x_wconf 85' lang='lat' dir='ltr'><strong>Quis</strong></span> <span class='ocrx_word' id='word_1_318' title='bbox 1096 4041 1179 4088; x_wconf 90' lang='lat' dir='ltr'><strong>est</strong></span> <span class='ocrx_word' id='word_1_319' title='bbox 1204 4031 1347 4087; x_wconf 90' lang='lat' dir='ltr'><strong>enim</strong></span> <span class='ocrx_word' id='word_1_320' title='bbox 1375 4042 1632 4100; x_wconf 88' lang='lat' dir='ltr'><strong>sponsus.</strong></span> <span class='ocrx_word' id='word_1_321' title='bbox 1665 4027 1767 4083; x_wconf 74' lang='grc' dir='ltr'><strong>ηἰὲὶ</strong></span> 
     </span>
    </p>
   </div>
   <div class='ocr_carea' id='block_1_41' title="bbox 175 4121 1769 4204">
    <p class='ocr_par' dir='ltr' id='par_1_41' title="bbox 175 4121 1769 4204">
     <span class='ocr_line' id='line_1_41' title="bbox 175 4121 1769 4204; baseline -0.007 -17"><span class='ocrx_word' id='word_1_322' title='bbox 175 4133 246 4187; x_wconf 88' lang='lat' dir='ltr'><strong>cui</strong></span> <span class='ocrx_word' id='word_1_323' title='bbox 270 4133 593 4204; x_wconf 80' lang='lat' dir='ltr'><strong>desponsata</strong></span> <span class='ocrx_word' id='word_1_324' title='bbox 641 4137 726 4185; x_wconf 87' lang='lat' dir='ltr'><strong>est</strong></span> <span class='ocrx_word' id='word_1_325' title='bbox 771 4128 856 4182; x_wconf 91' lang='lat' dir='ltr'><strong>illa</strong></span> <span class='ocrx_word' id='word_1_326' title='bbox 887 4126 1039 4197; x_wconf 83' lang='lat' dir='ltr'><strong>virgo</strong></span> <span class='ocrx_word' id='word_1_327' title='bbox 1063 4124 1132 4179; x_wconf 87' lang='lat' dir='ltr'><strong>ab</strong></span> <span class='ocrx_word' id='word_1_328' title='bbox 1160 4121 1440 4192; x_wconf 78' lang='lat' dir='ltr'><strong>Apostolo,</strong></span> <span class='ocrx_word' id='word_1_329' title='bbox 1482 4123 1568 4176; x_wconf 90' lang='lat' dir='ltr'><strong>cui</strong></span> <span class='ocrx_word' id='word_1_330' title='bbox 1615 4122 1769 4178; x_wconf 83' lang='lat' dir='ltr'><strong>timet</strong></span> 
     </span>
    </p>
   </div>
   <div class='ocr_carea' id='block_1_42' title="bbox 173 4211 1768 4292">
    <p class='ocr_par' dir='ltr' id='par_1_42' title="bbox 173 4211 1768 4292">
     <span class='ocr_line' id='line_1_42' title="bbox 173 4211 1768 4292; baseline -0.008 -14"><span class='ocrx_word' id='word_1_331' title='bbox 173 4234 303 4280; x_wconf 86' lang='lat' dir='ltr'><strong>caste</strong></span> <span class='ocrx_word' id='word_1_332' title='bbox 328 4233 509 4281; x_wconf 83' lang='lat' dir='ltr'><strong>castus</strong></span> <span class='ocrx_word' id='word_1_333' title='bbox 547 4222 734 4292; x_wconf 85' lang='lat' dir='ltr'><strong>sponsi</strong></span> <span class='ocrx_word' id='word_1_334' title='bbox 780 4219 1005 4284; x_wconf 88' lang='lat' dir='ltr'><strong>amicus,</strong></span> <span class='ocrx_word' id='word_1_335' title='bbox 1037 4232 1108 4272; x_wconf 89' lang='lat' dir='ltr'><strong>ne</strong></span> <span class='ocrx_word' id='word_1_336' title='bbox 1148 4218 1287 4271; x_wconf 88' lang='lat' dir='ltr'><strong>sicut</strong></span> <span class='ocrx_word' id='word_1_337' title='bbox 1335 4227 1558 4283; x_wconf 90' lang='lat' dir='ltr'><strong>serpens</strong></span> <span class='ocrx_word' id='word_1_338' title='bbox 1598 4211 1768 4266; x_wconf 85' lang='lat' dir='ltr'><strong>Evam</strong></span> 
     </span>
    </p>
   </div>
   <div class='ocr_carea' id='block_1_43' title="bbox 176 4301 1767 4376">
    <p class='ocr_par' dir='ltr' id='par_1_43' title="bbox 176 4301 1767 4376">
     <span class='ocr_line' id='line_1_43' title="bbox 176 4301 1767 4376; baseline -0.008 -9"><span class='ocrx_word' id='word_1_339' title='bbox 176 4315 343 4370; x_wconf 77' lang='lat' dir='ltr'><strong>fefellit</strong></span> <span class='ocrx_word' id='word_1_340' title='bbox 370 4313 572 4369; x_wconf 86' lang='lat' dir='ltr'><strong>astutia</strong></span> <span class='ocrx_word' id='word_1_341' title='bbox 592 4327 709 4375; x_wconf 90' lang='lat' dir='ltr'><strong>sua,</strong></span> <span class='ocrx_word' id='word_1_342' title='bbox 739 4310 821 4366; x_wconf 92' lang='lat' dir='ltr'><strong>sic</strong></span> <span class='ocrx_word' id='word_1_343' title='bbox 847 4319 902 4364; x_wconf 89' lang='lat' dir='ltr'><strong>et</strong></span> <span class='ocrx_word' id='word_1_344' title='bbox 929 4307 1088 4376; x_wconf 91' lang='lat' dir='ltr'><strong>hujus</strong></span> <span class='ocrx_word' id='word_1_345' title='bbox 1107 4305 1329 4376; x_wconf 81' lang='lat' dir='ltr'><strong>virginis</strong></span> <span class='ocrx_word' id='word_1_346' title='bbox 1355 4317 1567 4372; x_wconf 77' lang='lat' dir='ltr'><strong>Sponsze</strong></span> <span class='ocrx_word' id='word_1_347' title='bbox 1605 4301 1767 4356; x_wconf 85' lang='lat' dir='ltr'><strong>Chri-</strong></span> 
     </span>
    </p>
   </div>
   <div class='ocr_carea' id='block_1_44' title="bbox 175 4393 1771 4474">
    <p class='ocr_par' dir='ltr' id='par_1_44' title="bbox 175 4393 1771 4474">
     <span class='ocr_line' id='line_1_44' title="bbox 175 4393 1771 4474; baseline -0.008 -13"><span class='ocrx_word' id='word_1_348' title='bbox 175 4407 231 4461; x_wconf 86' lang='lat' dir='ltr'><strong>sti</strong></span> <span class='ocrx_word' id='word_1_349' title='bbox 256 4423 441 4462; x_wconf 79' lang='lat' dir='ltr'><strong>sensus</strong></span> <span class='ocrx_word' id='word_1_350' title='bbox 471 4410 896 4474; x_wconf 84' lang='lat' dir='ltr'><strong>corrumpantur</strong></span> <span class='ocrx_word' id='word_1_351' title='bbox 920 4415 948 4453; x_wconf 87' lang='lat' dir='ltr'><strong>a</strong></span> <span class='ocrx_word' id='word_1_352' title='bbox 979 4398 1225 4455; x_wconf 75' lang='lat' dir='ltr'><strong>casdtate</strong></span> <span class='ocrx_word' id='word_1_353' title='bbox 1251 4411 1374 4466; x_wconf 63' lang='lat' dir='ltr'><strong>quae</strong></span> <span class='ocrx_word' id='word_1_354' title='bbox 1415 4405 1496 4451; x_wconf 89' lang='lat' dir='ltr'><strong>est</strong></span> <span class='ocrx_word' id='word_1_355' title='bbox 1522 4396 1574 4449; x_wconf 92' lang='lat' dir='ltr'><strong>in</strong></span> <span class='ocrx_word' id='word_1_356' title='bbox 1615 4393 1771 4450; x_wconf 84' lang='lat' dir='ltr'><strong>Chri-</strong></span> 
     </span>
    </p>
   </div>
   <div class='ocr_carea' id='block_1_45' title="bbox 175 4485 1769 4567">
    <p class='ocr_par' dir='ltr' id='par_1_45' title="bbox 175 4485 1769 4567">
     <span class='ocr_line' id='line_1_45' title="bbox 175 4485 1769 4567; baseline -0.006 -17"><span class='ocrx_word' id='word_1_357' title='bbox 175 4508 247 4553; x_wconf 85' lang='lat' dir='ltr'><strong>sto</strong></span> <span class='ocrx_word' id='word_1_358' title='bbox 270 4498 337 4567; x_wconf 90' lang='lat' dir='ltr'><strong>(ll</strong></span> <span class='ocrx_word' id='word_1_359' title='bbox 367 4499 489 4554; x_wconf 87' lang='lat' dir='ltr'><strong>Cor.</strong></span> <span class='ocrx_word' id='word_1_360' title='bbox 520 4512 604 4560; x_wconf 71' lang='grc' dir='ltr'><strong>ιι,</strong></span> <span class='ocrx_word' id='word_1_361' title='bbox 631 4493 732 4567; x_wconf 77' lang='lat'><strong>3)?</strong></span> <span class='ocrx_word' id='word_1_362' title='bbox 765 4493 821 4548; x_wconf 90' lang='lat' dir='ltr'><strong>In</strong></span> <span class='ocrx_word' id='word_1_363' title='bbox 853 4491 956 4546; x_wconf 91' lang='lat' dir='ltr'><strong>hoc</strong></span> <span class='ocrx_word' id='word_1_364' title='bbox 980 4505 1108 4561; x_wconf 84' lang='lat' dir='ltr'><strong>ergo</strong></span> <span class='ocrx_word' id='word_1_365' title='bbox 1149 4486 1376 4542; x_wconf 78' lang='lat' dir='ltr'><strong>Domino</strong></span> <span class='ocrx_word' id='word_1_366' title='bbox 1403 4495 1457 4541; x_wconf 90' lang='lat' dir='ltr'><strong>et</strong></span> <span class='ocrx_word' id='word_1_367' title='bbox 1483 4485 1769 4541; x_wconf 74' lang='lat' dir='ltr'><strong>Salvatore</strong></span> 
     </span>
    </p>
   </div>
   <div class='ocr_carea' id='block_1_46' title="bbox 178 4575 1768 4654">
    <p class='ocr_par' dir='ltr' id='par_1_46' title="bbox 178 4575 1768 4654">
     <span class='ocr_line' id='line_1_46' title="bbox 178 4575 1768 4654; baseline -0.009 -11"><span class='ocrx_word' id='word_1_368' title='bbox 178 4599 342 4644; x_wconf 87' lang='lat' dir='ltr'><strong>nostro</strong></span> <span class='ocrx_word' id='word_1_369' title='bbox 365 4587 496 4645; x_wconf 84' lang='lat' dir='ltr'><strong>Jesu</strong></span> <span class='ocrx_word' id='word_1_370' title='bbox 524 4587 744 4643; x_wconf 85' lang='lat' dir='ltr'><strong>Christo</strong></span> <span class='ocrx_word' id='word_1_371' title='bbox 769 4582 939 4654; x_wconf 90' lang='lat' dir='ltr'><strong>posita</strong></span> <span class='ocrx_word' id='word_1_372' title='bbox 970 4589 1051 4637; x_wconf 88' lang='lat' dir='ltr'><strong>est</strong></span> <span class='ocrx_word' id='word_1_373' title='bbox 1080 4593 1273 4650; x_wconf 88' lang='lat' dir='ltr'><strong>magna</strong></span> <span class='ocrx_word' id='word_1_374' title='bbox 1306 4586 1359 4633; x_wconf 86' lang='lat' dir='ltr'><strong>et</strong></span> <span class='ocrx_word' id='word_1_375' title='bbox 1394 4575 1549 4647; x_wconf 89' lang='lat' dir='ltr'><strong>plena</strong></span> <span class='ocrx_word' id='word_1_376' title='bbox 1577 4575 1768 4648; x_wconf 90' lang='lat' dir='ltr'><strong>gratia,</strong></span> 
     </span>
    </p>
   </div>
   <div class='ocr_carea' id='block_1_47' title="bbox 176 4666 1770 4749">
    <p class='ocr_par' dir='ltr' id='par_1_47' title="bbox 176 4666 1770 4749">
     <span class='ocr_line' id='line_1_47' title="bbox 176 4666 1770 4749; baseline -0.011 -14"><span class='ocrx_word' id='word_1_377' title='bbox 176 4677 234 4734; x_wconf 79' lang='lat' dir='ltr'><strong>de</strong></span> <span class='ocrx_word' id='word_1_378' title='bbox 263 4695 358 4749; x_wconf 88' lang='lat' dir='ltr'><strong>qua</strong></span> <span class='ocrx_word' id='word_1_379' title='bbox 402 4678 537 4734; x_wconf 86' lang='lat' dir='ltr'><strong>dicit</strong></span> <span class='ocrx_word' id='word_1_380' title='bbox 568 4675 847 4747; x_wconf 80' lang='lat' dir='ltr'><strong>apostolus</strong></span> <span class='ocrx_word' id='word_1_381' title='bbox 882 4671 1157 4728; x_wconf 82' lang='lat' dir='ltr'><strong>Joannes:</strong></span> <span class='ocrx_word' id='word_1_382' title='bbox 1188 4667 1254 4722; x_wconf 80' lang='lat' dir='ltr'><strong>Et</strong></span> <span class='ocrx_word' id='word_1_383' title='bbox 1290 4668 1510 4722; x_wconf 82' lang='lat' dir='ltr'><strong>vidimus</strong></span> <span class='ocrx_word' id='word_1_384' title='bbox 1551 4666 1770 4736; x_wconf 82' lang='lat' dir='ltr'><strong>gloriam</strong></span> 
     </span>
    </p>
   </div>
   <div class='ocr_carea' id='block_1_48' title="bbox 178 4755 1772 4843">
    <p class='ocr_par' dir='ltr' id='par_1_48' title="bbox 178 4755 1772 4843">
     <span class='ocr_line' id='line_1_48' title="bbox 178 4755 1772 4843; baseline -0.008 -21"><span class='ocrx_word' id='word_1_385' title='bbox 178 4772 292 4840; x_wconf 69' lang='lat' dir='ltr'><strong>ejus,</strong></span> <span class='ocrx_word' id='word_1_386' title='bbox 319 4771 542 4843; x_wconf 84' lang='lat' dir='ltr'><strong>gloriam</strong></span> <span class='ocrx_word' id='word_1_387' title='bbox 570 4778 815 4837; x_wconf 82' lang='lat' dir='ltr'><strong>tanquam</strong></span> <span class='ocrx_word' id='word_1_388' title='bbox 839 4761 1099 4835; x_wconf 85' lang='lat' dir='ltr'><strong>Uuigeniti</strong></span> <span class='ocrx_word' id='word_1_389' title='bbox 1127 4778 1158 4813; x_wconf 93' lang='lat' dir='ltr'><strong>a</strong></span> <span class='ocrx_word' id='word_1_390' title='bbox 1183 4760 1362 4823; x_wconf 84' lang='lat' dir='ltr'><strong>Patre,</strong></span> <span class='ocrx_word' id='word_1_391' title='bbox 1382 4759 1585 4828; x_wconf 87' lang='lat' dir='ltr'><strong>plenum</strong></span> <span class='ocrx_word' id='word_1_392' title='bbox 1607 4755 1772 4827; x_wconf 89' lang='lat' dir='ltr'><strong>gratia</strong></span> 
     </span>
    </p>
   </div>
   <div class='ocr_carea' id='block_1_49' title="bbox 177 4849 1772 4932">
    <p class='ocr_par' dir='ltr' id='par_1_49' title="bbox 177 4849 1772 4932">
     <span class='ocr_line' id='line_1_49' title="bbox 177 4849 1772 4932; baseline -0.01 -14"><span class='ocrx_word' id='word_1_393' title='bbox 177 4872 216 4918; x_wconf 74' lang='lat' dir='ltr'><strong>et</strong></span> <span class='ocrx_word' id='word_1_394' title='bbox 242 4865 441 4919; x_wconf 72' lang='lat' dir='ltr'><strong>veritate</strong></span> <span class='ocrx_word' id='word_1_395' title='bbox 470 4861 662 4932; x_wconf 79' lang='lat' dir='ltr'><strong>(Joan.</strong></span> <span class='ocrx_word' id='word_1_396' title='bbox 694 4875 734 4925; x_wconf 87' lang='grc' dir='ltr'><strong>ι,</strong></span> <span class='ocrx_word' id='word_1_397' title='bbox 765 4856 874 4926; x_wconf 72' lang='grc' dir='ltr'><strong>Μ).</strong></span> <span class='ocrx_word' id='word_1_398' title='bbox 902 4856 1052 4912; x_wconf 80' lang='lat' dir='ltr'><strong>lianc</strong></span> <span class='ocrx_word' id='word_1_399' title='bbox 1076 4853 1298 4925; x_wconf 87' lang='lat' dir='ltr'><strong>gloriam</strong></span> <span class='ocrx_word' id='word_1_400' title='bbox 1339 4849 1452 4904; x_wconf 70' lang='lat' dir='ltr'><strong>coeli</strong></span> <span class='ocrx_word' id='word_1_401' title='bbox 1481 4857 1720 4902; x_wconf 85' lang='lat' dir='ltr'><strong>enarrant</strong></span> <span class='ocrx_word' id='word_1_402' title='bbox 1752 4862 1772 4902; x_wconf 90' lang='lat'><strong><em>:</em></strong></span> 
     </span>
    </p>
   </div>
   <div class='ocr_carea' id='block_1_50' title="bbox 179 4941 1769 5023">
    <p class='ocr_par' dir='ltr' id='par_1_50' title="bbox 179 4941 1769 5023">
     <span class='ocr_line' id='line_1_50' title="bbox 179 4941 1769 5023; baseline -0.011 -12"><span class='ocrx_word' id='word_1_403' title='bbox 179 4957 307 5023; x_wconf 73' lang='lat' dir='ltr'><strong>omli,</strong></span> <span class='ocrx_word' id='word_1_404' title='bbox 335 4954 509 5012; x_wconf 83' lang='lat' dir='ltr'><strong>sancti</strong></span> <span class='ocrx_word' id='word_1_405' title='bbox 533 4961 684 5017; x_wconf 88' lang='lat' dir='ltr'><strong>sunt;</strong></span> <span class='ocrx_word' id='word_1_406' title='bbox 712 4949 900 5006; x_wconf 85' lang='lat' dir='ltr'><strong>elevali</strong></span> <span class='ocrx_word' id='word_1_407' title='bbox 920 4963 948 5001; x_wconf 87' lang='lat' dir='ltr'><strong>a</strong></span> <span class='ocrx_word' id='word_1_408' title='bbox 978 4957 1140 5011; x_wconf 91' lang='lat' dir='ltr'><strong>terra,</strong></span> <span class='ocrx_word' id='word_1_409' title='bbox 1171 4953 1443 5015; x_wconf 85' lang='lat' dir='ltr'><strong>portantes</strong></span> <span class='ocrx_word' id='word_1_410' title='bbox 1460 4941 1769 4996; x_wconf 90' lang='lat' dir='ltr'><strong>Dominum.</strong></span> 
     </span>
    </p>
   </div>
   <div class='ocr_carea' id='block_1_51' title="bbox 181 5032 1774 5120">
    <p class='ocr_par' dir='ltr' id='par_1_51' title="bbox 181 5032 1774 5120">
     <span class='ocr_line' id='line_1_51' title="bbox 181 5032 1774 5120; baseline -0.008 -22"><span class='ocrx_word' id='word_1_411' title='bbox 181 5050 472 5120; x_wconf 84' lang='lat' dir='ltr'><strong>Quanquam</strong></span> <span class='ocrx_word' id='word_1_412' title='bbox 501 5044 733 5118; x_wconf 80' lang='lat' dir='ltr'><strong>gloriam</strong></span> <span class='ocrx_word' id='word_1_413' title='bbox 763 5041 957 5096; x_wconf 87' lang='lat' dir='ltr'><strong>Christi</strong></span> <span class='ocrx_word' id='word_1_414' title='bbox 980 5039 1173 5095; x_wconf 69' lang='lat' dir='ltr'><strong>caelum</strong></span> <span class='ocrx_word' id='word_1_415' title='bbox 1200 5037 1358 5091; x_wconf 85' lang='lat' dir='ltr'><strong>etiam</strong></span> <span class='ocrx_word' id='word_1_416' title='bbox 1379 5032 1774 5104; x_wconf 82' lang='lat' dir='ltr'><strong>quodammodo</strong></span> 
     </span>
    </p>
   </div>
   <div class='ocr_carea' id='block_1_52' title="bbox 181 5125 1774 5210">
    <p class='ocr_par' dir='ltr' id='par_1_52' title="bbox 181 5125 1774 5210">
     <span class='ocr_line' id='line_1_52' title="bbox 181 5125 1774 5210; baseline -0.011 -14"><span class='ocrx_word' id='word_1_417' title='bbox 181 5143 393 5196; x_wconf 76' lang='lat' dir='ltr'><strong>narravit</strong></span> <span class='ocrx_word' id='word_1_418' title='bbox 412 5160 425 5195; x_wconf 90' lang='lat'><strong>:</strong></span> <span class='ocrx_word' id='word_1_419' title='bbox 445 5137 669 5210; x_wconf 82' lang='lat' dir='ltr'><strong>quando</strong></span> <span class='ocrx_word' id='word_1_420' title='bbox 686 5134 922 5189; x_wconf 83' lang='lat' dir='ltr'><strong>narravit</strong></span> <span class='ocrx_word' id='word_1_421' title='bbox 937 5132 960 5186; x_wconf 91' lang='lat'><strong>?</strong></span> <span class='ocrx_word' id='word_1_422' title='bbox 975 5125 1186 5201; x_wconf 84' lang='lat' dir='ltr'><strong>quando</strong></span> <span class='ocrx_word' id='word_1_423' title='bbox 1205 5137 1330 5183; x_wconf 89' lang='lat' dir='ltr'><strong>nato</strong></span> <span class='ocrx_word' id='word_1_424' title='bbox 1341 5126 1528 5181; x_wconf 87' lang='lat' dir='ltr'><strong>eodem</strong></span> <span class='ocrx_word' id='word_1_425' title='bbox 1547 5125 1774 5179; x_wconf 88' lang='lat' dir='ltr'><strong>Domino</strong></span> 
     </span>
    </p>
   </div>
   <div class='ocr_carea' id='block_1_53' title="bbox 181 5215 1769 5302">
    <p class='ocr_par' dir='ltr' id='par_1_53' title="bbox 181 5215 1769 5302">
     <span class='ocr_line' id='line_1_53' title="bbox 181 5215 1769 5302; baseline -0.011 -17"><span class='ocrx_word' id='word_1_426' title='bbox 181 5235 311 5288; x_wconf 77' lang='lat' dir='ltr'><strong>stella</strong></span> <span class='ocrx_word' id='word_1_427' title='bbox 337 5249 469 5288; x_wconf 82' lang='lat' dir='ltr'><strong>nova</strong></span> <span class='ocrx_word' id='word_1_428' title='bbox 499 5246 627 5302; x_wconf 71' lang='lat' dir='ltr'><strong>qua:</strong></span> <span class='ocrx_word' id='word_1_429' title='bbox 656 5241 926 5297; x_wconf 86' lang='lat' dir='ltr'><strong>nunquam</strong></span> <span class='ocrx_word' id='word_1_430' title='bbox 955 5223 1233 5278; x_wconf 85' lang='lat' dir='ltr'><strong>videbatur</strong></span> <span class='ocrx_word' id='word_1_431' title='bbox 1261 5219 1524 5289; x_wconf 85' lang='lat' dir='ltr'><strong>apparuit.</strong></span> <span class='ocrx_word' id='word_1_432' title='bbox 1556 5215 1662 5271; x_wconf 88' lang='lat' dir='ltr'><strong>Sed</strong></span> <span class='ocrx_word' id='word_1_433' title='bbox 1687 5225 1769 5269; x_wconf 88' lang='lat' dir='ltr'><strong>ta-</strong></span> 
     </span>
    </p>
   </div>
   <div class='ocr_carea' id='block_1_54' title="bbox 183 5307 1774 5381">
    <p class='ocr_par' dir='ltr' id='par_1_54' title="bbox 183 5307 1774 5381">
     <span class='ocr_line' id='line_1_54' title="bbox 183 5307 1774 5381; baseline -0.013 0"><span class='ocrx_word' id='word_1_434' title='bbox 183 5342 288 5381; x_wconf 85' lang='lat' dir='ltr'><strong>men</strong></span> <span class='ocrx_word' id='word_1_435' title='bbox 334 5335 459 5379; x_wconf 87' lang='lat' dir='ltr'><strong>sunt</strong></span> <span class='ocrx_word' id='word_1_436' title='bbox 511 5323 755 5377; x_wconf 70' lang='lat' dir='ltr'><strong>veriores</strong></span> <span class='ocrx_word' id='word_1_437' title='bbox 784 5329 837 5373; x_wconf 86' lang='lat' dir='ltr'><strong>et</strong></span> <span class='ocrx_word' id='word_1_438' title='bbox 881 5313 1258 5371; x_wconf 72' lang='lat' dir='ltr'><strong>sublimioresl</strong></span> <span class='ocrx_word' id='word_1_439' title='bbox 1290 5310 1436 5375; x_wconf 73' lang='lat' dir='ltr'><strong>cmli,</strong></span> <span class='ocrx_word' id='word_1_440' title='bbox 1484 5307 1551 5363; x_wconf 89' lang='lat' dir='ltr'><strong>de</strong></span> <span class='ocrx_word' id='word_1_441' title='bbox 1580 5307 1774 5376; x_wconf 83' lang='lat' dir='ltr'><strong>quibus</strong></span> 
     </span>
    </p>
   </div>
   <div class='ocr_carea' id='block_1_55' title="bbox 182 5404 1776 5492">
    <p class='ocr_par' dir='ltr' id='par_1_55' title="bbox 182 5404 1776 5492">
     <span class='ocr_line' id='line_1_55' title="bbox 182 5404 1776 5492; baseline -0.016 -17"><span class='ocrx_word' id='word_1_442' title='bbox 182 5429 561 5492; x_wconf 82' lang='lat' dir='ltr'><strong>Consequenter</strong></span> <span class='ocrx_word' id='word_1_443' title='bbox 591 5416 660 5471; x_wconf 90' lang='lat' dir='ltr'><strong>ibi</strong></span> <span class='ocrx_word' id='word_1_444' title='bbox 692 5415 888 5469; x_wconf 87' lang='lat' dir='ltr'><strong>dicitur</strong></span> <span class='ocrx_word' id='word_1_445' title='bbox 916 5428 929 5463; x_wconf 90' lang='lat'>:</span> <span class='ocrx_word' id='word_1_446' title='bbox 963 5408 1083 5462; x_wconf 81' lang='lat' dir='ltr'><strong>Non</strong></span> <span class='ocrx_word' id='word_1_447' title='bbox 1115 5415 1232 5461; x_wconf 86' lang='lat' dir='ltr'><strong>sunt</strong></span> <span class='ocrx_word' id='word_1_448' title='bbox 1259 5404 1471 5473; x_wconf 76' lang='lat' dir='ltr'><strong>loquela:</strong></span> <span class='ocrx_word' id='word_1_449' title='bbox 1494 5417 1648 5471; x_wconf 80' lang='lat' dir='ltr'><strong>neque</strong></span> <span class='ocrx_word' id='word_1_450' title='bbox 1669 5417 1776 5452; x_wconf 83' lang='lat' dir='ltr'><strong>ser-</strong></span> 
     </span>
    </p>
   </div>
   <div class='ocr_carea' id='block_1_56' title="bbox 185 5490 1775 5582">
    <p class='ocr_par' dir='ltr' id='par_1_56' title="bbox 185 5490 1775 5582">
     <span class='ocr_line' id='line_1_56' title="bbox 185 5490 1775 5582; baseline -0.013 -20"><span class='ocrx_word' id='word_1_451' title='bbox 185 5490 355 5572; x_wconf 73' lang='lat' dir='ltr'><strong>mones,</strong></span> <span class='ocrx_word' id='word_1_452' title='bbox 381 5524 607 5582; x_wconf 83' lang='lat' dir='ltr'><strong>quorum</strong></span> <span class='ocrx_word' id='word_1_453' title='bbox 633 5523 733 5559; x_wconf 86' lang='lat' dir='ltr'><strong>non</strong></span> <span class='ocrx_word' id='word_1_454' title='bbox 769 5501 1045 5556; x_wconf 82' lang='lat' dir='ltr'><strong>audiantur</strong></span> <span class='ocrx_word' id='word_1_455' title='bbox 1073 5513 1214 5551; x_wconf 79' lang='lat' dir='ltr'><strong>voces</strong></span> <span class='ocrx_word' id='word_1_456' title='bbox 1247 5509 1440 5549; x_wconf 87' lang='lat' dir='ltr'><strong>eorum.</strong></span> <span class='ocrx_word' id='word_1_457' title='bbox 1471 5490 1537 5545; x_wconf 82' lang='lat' dir='ltr'><strong>In</strong></span> <span class='ocrx_word' id='word_1_458' title='bbox 1576 5504 1775 5542; x_wconf 82' lang='lat' dir='ltr'><strong>omnem</strong></span> 
     </span>
    </p>
   </div>
   <div class='ocr_carea' id='block_1_57' title="bbox 186 5583 1783 5659">
    <p class='ocr_par' dir='ltr' id='par_1_57' title="bbox 186 5583 1783 5659">
     <span class='ocr_line' id='line_1_57' title="bbox 186 5583 1783 5659; baseline -0.016 -3"><span class='ocrx_word' id='word_1_459' title='bbox 186 5615 348 5659; x_wconf 84' lang='lat' dir='ltr'><strong>terram</strong></span> <span class='ocrx_word' id='word_1_460' title='bbox 375 5606 498 5659; x_wconf 76' lang='lat' dir='ltr'><strong>exiit</strong></span> <span class='ocrx_word' id='word_1_461' title='bbox 538 5617 698 5656; x_wconf 78' lang='lat' dir='ltr'><strong>sonus</strong></span> <span class='ocrx_word' id='word_1_462' title='bbox 727 5613 916 5659; x_wconf 72' lang='lat' dir='ltr'><strong>eorum,</strong></span> <span class='ocrx_word' id='word_1_463' title='bbox 949 5603 993 5648; x_wconf 89' lang='lat' dir='ltr'><strong>et</strong></span> <span class='ocrx_word' id='word_1_464' title='bbox 1030 5593 1080 5645; x_wconf 89' lang='lat' dir='ltr'><strong>in</strong></span> <span class='ocrx_word' id='word_1_465' title='bbox 1109 5593 1232 5658; x_wconf 80' lang='lat' dir='ltr'><strong>ﬁnes</strong></span> <span class='ocrx_word' id='word_1_466' title='bbox 1277 5588 1411 5641; x_wconf 83' lang='lat' dir='ltr'><strong>orbis</strong></span> <span class='ocrx_word' id='word_1_467' title='bbox 1439 5595 1587 5638; x_wconf 75' lang='lat' dir='ltr'><strong>terra!</strong></span> <span class='ocrx_word' id='word_1_468' title='bbox 1623 5583 1783 5635; x_wconf 61' lang='lat' dir='ltr'><strong>verba</strong></span> 
     </span>
    </p>
   </div>
   <div class='ocr_carea' id='block_1_58' title="bbox 187 5670 1774 5763">
    <p class='ocr_par' dir='ltr' id='par_1_58' title="bbox 187 5670 1774 5763">
     <span class='ocr_line' id='line_1_58' title="bbox 187 5670 1774 5763; baseline -0.016 -15"><span class='ocrx_word' id='word_1_469' title='bbox 187 5713 356 5750; x_wconf 79' lang='lat' dir='ltr'><strong>eorum.</strong></span> <span class='ocrx_word' id='word_1_470' title='bbox 400 5699 672 5763; x_wconf 63' lang='lat' dir='ltr'><strong>Quorum,</strong></span> <span class='ocrx_word' id='word_1_471' title='bbox 721 5686 820 5742; x_wconf 81' lang='lat' dir='ltr'><strong>nisi</strong></span> <span class='ocrx_word' id='word_1_472' title='bbox 865 5681 1166 5740; x_wconf 73' lang='lat' dir='ltr'><strong>cmlorum?</strong></span> <span class='ocrx_word' id='word_1_473' title='bbox 1204 5692 1430 5749; x_wconf 81' lang='lat' dir='ltr'><strong>quorum</strong></span> <span class='ocrx_word' id='word_1_474' title='bbox 1473 5686 1622 5742; x_wconf 87' lang='lat' dir='ltr'><strong>ergo,</strong></span> <span class='ocrx_word' id='word_1_475' title='bbox 1674 5670 1774 5724; x_wconf 86' lang='lat' dir='ltr'><strong>nisi</strong></span> 
     </span>
    </p>
   </div>
   <div class='ocr_carea' id='block_1_59' title="bbox 189 5763 1774 5858">
    <p class='ocr_par' dir='ltr' id='par_1_59' title="bbox 189 5763 1774 5858">
     <span class='ocr_line' id='line_1_59' title="bbox 189 5763 1774 5858; baseline -0.02 -12"><span class='ocrx_word' id='word_1_476' title='bbox 189 5785 592 5858; x_wconf 74' lang='lat' dir='ltr'><strong>Apostolorum?</strong></span> <span class='ocrx_word' id='word_1_477' title='bbox 623 5781 722 5852; x_wconf 81' lang='lat' dir='ltr'><strong>ipsi</strong></span> <span class='ocrx_word' id='word_1_478' title='bbox 750 5786 1001 5835; x_wconf 88' lang='lat' dir='ltr'><strong>enarrant</strong></span> <span class='ocrx_word' id='word_1_479' title='bbox 1043 5774 1196 5831; x_wconf 89' lang='lat' dir='ltr'><strong>nobis</strong></span> <span class='ocrx_word' id='word_1_480' title='bbox 1222 5769 1444 5843; x_wconf 75' lang='lat' dir='ltr'><strong>gloriam</strong></span> <span class='ocrx_word' id='word_1_481' title='bbox 1488 5765 1602 5828; x_wconf 87' lang='lat' dir='ltr'><strong>Dei,</strong></span> <span class='ocrx_word' id='word_1_482' title='bbox 1636 5763 1774 5832; x_wconf 66' lang='lat' dir='ltr'><strong>posi«</strong></span> 
     </span>
    </p>
   </div>
   <div class='ocr_carea' id='block_1_60' title="bbox 244 5878 1673 5957">
    <p class='ocr_par' dir='ltr' id='par_1_60' title="bbox 244 5878 1673 5957">
     <span class='ocr_line' id='line_1_60' title="bbox 244 5878 1673 5957; baseline -0.02 1"><span class='ocrx_word' id='word_1_483' title='bbox 244 5907 257 5938; x_wconf 78' lang='grc'>⁸</span> <span class='ocrx_word' id='word_1_484' title='bbox 283 5911 383 5957; x_wconf 67' lang='grc' dir='ltr'><strong>κει.</strong></span> <span class='ocrx_word' id='word_1_485' title='bbox 409 5907 589 5955; x_wconf 83' lang='lat' dir='ltr'><strong>carent</strong></span> <span class='ocrx_word' id='word_1_486' title='bbox 614 5897 691 5947; x_wconf 83' lang='lat' dir='ltr'><strong>his</strong></span> <span class='ocrx_word' id='word_1_487' title='bbox 721 5893 900 5956; x_wconf 82' lang='lat' dir='ltr'><strong>verbis,</strong></span> <span class='ocrx_word' id='word_1_488' title='bbox 929 5895 1037 5944; x_wconf 80' lang='lat' dir='ltr'><strong>sum</strong></span> <span class='ocrx_word' id='word_1_489' title='bbox 1060 5887 1268 5941; x_wconf 63' lang='lat' dir='ltr'><strong>veriores</strong></span> <span class='ocrx_word' id='word_1_490' title='bbox 1291 5891 1337 5938; x_wconf 87' lang='lat' dir='ltr'><strong>et</strong></span> <span class='ocrx_word' id='word_1_491' title='bbox 1358 5878 1673 5936; x_wconf 80' lang='lat' dir='ltr'><strong>sublimiores.</strong></span> 
     </span>
    </p>
   </div>
   <div class='ocr_carea' id='block_1_61' title="bbox 3382 446 3484 502">
    <p class='ocr_par' dir='ltr' id='par_1_61' title="bbox 3382 446 3484 502">
     <span class='ocr_line' id='line_1_61' title="bbox 3382 446 3484 502; baseline 0 -1"><span class='ocrx_word' id='word_1_492' title='bbox 3382 446 3484 502; x_wconf 73' lang='grc'><strong>158</strong></span> 
     </span>
    </p>
   </div>
   <div class='ocr_carea' id='block_1_62' title="bbox 1888 549 3478 622">
    <p class='ocr_par' dir='ltr' id='par_1_62' title="bbox 1888 549 3478 622">
     <span class='ocr_line' id='line_1_62' title="bbox 1888 549 3478 622; baseline 0.008 -20"><span class='ocrx_word' id='word_1_493' title='bbox 1888 558 1992 602; x_wconf 91' lang='lat' dir='ltr'><strong>tam</strong></span> <span class='ocrx_word' id='word_1_494' title='bbox 2023 549 2073 602; x_wconf 89' lang='lat' dir='ltr'><strong>in</strong></span> <span class='ocrx_word' id='word_1_495' title='bbox 2114 549 2329 605; x_wconf 83' lang='lat' dir='ltr'><strong>Christo</strong></span> <span class='ocrx_word' id='word_1_496' title='bbox 2369 551 2513 616; x_wconf 84' lang='lat' dir='ltr'><strong>Jesu,</strong></span> <span class='ocrx_word' id='word_1_497' title='bbox 2549 565 2643 622; x_wconf 75' lang='lat' dir='ltr'><strong>per</strong></span> <span class='ocrx_word' id='word_1_498' title='bbox 2679 554 2901 622; x_wconf 81' lang='lat' dir='ltr'><strong>gratiam</strong></span> <span class='ocrx_word' id='word_1_499' title='bbox 2955 557 3005 608; x_wconf 92' lang='lat' dir='ltr'><strong>in</strong></span> <span class='ocrx_word' id='word_1_500' title='bbox 3056 557 3425 614; x_wconf 87' lang='lat' dir='ltr'><strong>remissionem</strong></span> <span class='ocrx_word' id='word_1_501' title='bbox 3461 562 3478 594; x_wconf 81' lang='lat'>&#39;</span> 
     </span>
    </p>
   </div>
   <div class='ocr_carea' id='block_1_63' title="bbox 1884 643 3479 723">
    <p class='ocr_par' dir='ltr' id='par_1_63' title="bbox 1884 643 3479 723">
     <span class='ocr_line' id='line_1_63' title="bbox 1884 643 3479 723; baseline 0.009 -30"><span class='ocrx_word' id='word_1_502' title='bbox 1884 652 2244 710; x_wconf 83' lang='lat' dir='ltr'><strong>peccatorum.</strong></span> <span class='ocrx_word' id='word_1_503' title='bbox 2275 643 2474 698; x_wconf 91' lang='lat' dir='ltr'><strong>Omnes</strong></span> <span class='ocrx_word' id='word_1_504' title='bbox 2505 646 2644 698; x_wconf 85' lang='lat' dir='ltr'><strong>enim</strong></span> <span class='ocrx_word' id='word_1_505' title='bbox 2674 658 3047 714; x_wconf 84' lang='lat' dir='ltr'><strong>peccaverunt,</strong></span> <span class='ocrx_word' id='word_1_506' title='bbox 3079 661 3132 702; x_wconf 87' lang='lat' dir='ltr'><strong>et</strong></span> <span class='ocrx_word' id='word_1_507' title='bbox 3178 662 3335 720; x_wconf 87' lang='lat' dir='ltr'><strong>egent</strong></span> <span class='ocrx_word' id='word_1_508' title='bbox 3363 654 3479 723; x_wconf 86' lang='lat' dir='ltr'><strong>glo-</strong></span> 
     </span>
    </p>
   </div>
   <div class='ocr_carea' id='block_1_64' title="bbox 1883 735 3476 816">
    <p class='ocr_par' dir='ltr' id='par_1_64' title="bbox 1883 735 3476 816">
     <span class='ocr_line' id='line_1_64' title="bbox 1883 735 3476 816; baseline 0.008 -28"><span class='ocrx_word' id='word_1_509' title='bbox 1883 736 1957 788; x_wconf 89' lang='lat' dir='ltr'><strong>ria</strong></span> <span class='ocrx_word' id='word_1_510' title='bbox 1989 735 2102 799; x_wconf 90' lang='lat' dir='ltr'><strong>Dei,</strong></span> <span class='ocrx_word' id='word_1_511' title='bbox 2129 736 2401 805; x_wconf 88' lang='lat' dir='ltr'><strong>justilicati</strong></span> <span class='ocrx_word' id='word_1_512' title='bbox 2427 739 2590 807; x_wconf 84' lang='lat' dir='ltr'><strong>gratis</strong></span> <span class='ocrx_word' id='word_1_513' title='bbox 2617 754 2715 806; x_wconf 89' lang='lat' dir='ltr'><strong>per</strong></span> <span class='ocrx_word' id='word_1_514' title='bbox 2751 742 3060 810; x_wconf 83' lang='lat' dir='ltr'><strong>sanguinem</strong></span> <span class='ocrx_word' id='word_1_515' title='bbox 3103 745 3267 811; x_wconf 81' lang='lat' dir='ltr'><strong>ipsius</strong></span> <span class='ocrx_word' id='word_1_516' title='bbox 3297 745 3476 816; x_wconf 82' lang='lat' dir='ltr'><strong>(Rom.</strong></span> 
     </span>
    </p>
   </div>
   <div class='ocr_carea' id='block_1_65' title="bbox 1881 825 3477 904">
    <p class='ocr_par' dir='ltr' id='par_1_65' title="bbox 1881 825 3477 904">
     <span class='ocr_line' id='line_1_65' title="bbox 1881 825 3477 904; baseline 0.007 -26"><span class='ocrx_word' id='word_1_517' title='bbox 1881 841 1957 890; x_wconf 87' lang='lat' dir='ltr'><strong>Ill,</strong></span> <span class='ocrx_word' id='word_1_518' title='bbox 1989 825 2106 894; x_wconf 74' lang='lat'><strong>9.5).</strong></span> <span class='ocrx_word' id='word_1_519' title='bbox 2134 826 2266 894; x_wconf 84' lang='lat' dir='ltr'><strong>Quia</strong></span> <span class='ocrx_word' id='word_1_520' title='bbox 2287 831 2471 898; x_wconf 81' lang='lat' dir='ltr'><strong>gratis,</strong></span> <span class='ocrx_word' id='word_1_521' title='bbox 2506 828 2624 882; x_wconf 88' lang='lat' dir='ltr'><strong>ideo</strong></span> <span class='ocrx_word' id='word_1_522' title='bbox 2651 831 2850 899; x_wconf 86' lang='lat' dir='ltr'><strong>gratia;</strong></span> <span class='ocrx_word' id='word_1_523' title='bbox 2885 847 2988 884; x_wconf 90' lang='lat' dir='ltr'><strong>non</strong></span> <span class='ocrx_word' id='word_1_524' title='bbox 3013 843 3091 885; x_wconf 90' lang='lat' dir='ltr'><strong>est</strong></span> <span class='ocrx_word' id='word_1_525' title='bbox 3113 835 3255 886; x_wconf 88' lang='lat' dir='ltr'><strong>enim</strong></span> <span class='ocrx_word' id='word_1_526' title='bbox 3282 837 3477 904; x_wconf 83' lang='lat' dir='ltr'><strong>gratia,</strong></span> 
     </span>
    </p>
   </div>
   <div class='ocr_carea' id='block_1_66' title="bbox 1879 917 3478 988">
    <p class='ocr_par' dir='ltr' id='par_1_66' title="bbox 1879 917 3478 988">
     <span class='ocr_line' id='line_1_66' title="bbox 1879 917 3478 988; baseline 0.006 -16"><span class='ocrx_word' id='word_1_527' title='bbox 1879 917 1924 972; x_wconf 88' lang='lat' dir='ltr'><strong>si</strong></span> <span class='ocrx_word' id='word_1_528' title='bbox 1953 935 2056 973; x_wconf 89' lang='lat' dir='ltr'><strong>non</strong></span> <span class='ocrx_word' id='word_1_529' title='bbox 2084 920 2332 988; x_wconf 86' lang='lat' dir='ltr'><strong>gratuita.</strong></span> <span class='ocrx_word' id='word_1_530' title='bbox 2367 921 2498 986; x_wconf 83' lang='lat' dir='ltr'><strong>Quia</strong></span> <span class='ocrx_word' id='word_1_531' title='bbox 2530 920 2659 975; x_wconf 88' lang='lat' dir='ltr'><strong>nihil</strong></span> <span class='ocrx_word' id='word_1_532' title='bbox 2686 921 2809 976; x_wconf 89' lang='lat' dir='ltr'><strong>boni</strong></span> <span class='ocrx_word' id='word_1_533' title='bbox 2835 932 2962 977; x_wconf 86' lang='lat' dir='ltr'><strong>ante</strong></span> <span class='ocrx_word' id='word_1_534' title='bbox 2985 923 3303 985; x_wconf 79' lang='lat' dir='ltr'><strong>feceramus.</strong></span> <span class='ocrx_word' id='word_1_535' title='bbox 3337 928 3478 981; x_wconf 86' lang='lat' dir='ltr'><strong>unde</strong></span> 
     </span>
    </p>
   </div>
   <div class='ocr_carea' id='block_1_67' title="bbox 1881 1008 3478 1084">
    <p class='ocr_par' dir='ltr' id='par_1_67' title="bbox 1881 1008 3478 1084">
     <span class='ocr_line' id='line_1_67' title="bbox 1881 1008 3478 1084; baseline 0.006 -22"><span class='ocrx_word' id='word_1_536' title='bbox 1881 1009 2002 1063; x_wconf 91' lang='lat' dir='ltr'><strong>talia</strong></span> <span class='ocrx_word' id='word_1_537' title='bbox 2029 1008 2167 1064; x_wconf 90' lang='lat' dir='ltr'><strong>dona</strong></span> <span class='ocrx_word' id='word_1_538' title='bbox 2195 1025 2552 1076; x_wconf 88' lang='lat' dir='ltr'><strong>mereremur;</strong></span> <span class='ocrx_word' id='word_1_539' title='bbox 2586 1013 2755 1080; x_wconf 84' lang='lat' dir='ltr'><strong>magis</strong></span> <span class='ocrx_word' id='word_1_540' title='bbox 2780 1013 2901 1082; x_wconf 87' lang='lat' dir='ltr'><strong>quia</strong></span> <span class='ocrx_word' id='word_1_541' title='bbox 2929 1016 2947 1045; x_wconf 82' lang='grc'><strong><em>²</em></strong></span> <span class='ocrx_word' id='word_1_542' title='bbox 2986 1029 3091 1068; x_wconf 92' lang='lat' dir='ltr'><strong>non</strong></span> <span class='ocrx_word' id='word_1_543' title='bbox 3119 1015 3284 1084; x_wconf 81' lang='lat' dir='ltr'><strong>gratis</strong></span> <span class='ocrx_word' id='word_1_544' title='bbox 3313 1017 3478 1071; x_wconf 81' lang='lat' dir='ltr'><strong>infer-</strong></span> 
     </span>
    </p>
   </div>
   <div class='ocr_carea' id='block_1_68' title="bbox 1877 1102 3477 1175">
    <p class='ocr_par' dir='ltr' id='par_1_68' title="bbox 1877 1102 3477 1175">
     <span class='ocr_line' id='line_1_68' title="bbox 1877 1102 3477 1175; baseline 0.005 -19"><span class='ocrx_word' id='word_1_545' title='bbox 1877 1112 2027 1156; x_wconf 84' lang='lat' dir='ltr'><strong>retur</strong></span> <span class='ocrx_word' id='word_1_546' title='bbox 2054 1102 2397 1173; x_wconf 88' lang='lat' dir='ltr'><strong>supplicium,</strong></span> <span class='ocrx_word' id='word_1_547' title='bbox 2440 1103 2563 1158; x_wconf 79' lang='lat' dir='ltr'><strong>ideo</strong></span> <span class='ocrx_word' id='word_1_548' title='bbox 2600 1105 2765 1174; x_wconf 82' lang='lat' dir='ltr'><strong>gratis</strong></span> <span class='ocrx_word' id='word_1_549' title='bbox 2802 1109 3095 1175; x_wconf 68' lang='lat' dir='ltr'><strong>prmstiium</strong></span> <span class='ocrx_word' id='word_1_550' title='bbox 3140 1117 3223 1161; x_wconf 89' lang='lat' dir='ltr'><strong>est</strong></span> <span class='ocrx_word' id='word_1_551' title='bbox 3267 1109 3477 1164; x_wconf 81' lang='lat' dir='ltr'><strong>beneﬂ-</strong></span> 
     </span>
    </p>
   </div>
   <div class='ocr_carea' id='block_1_69' title="bbox 1877 1193 3478 1263">
    <p class='ocr_par' dir='ltr' id='par_1_69' title="bbox 1877 1193 3478 1263">
     <span class='ocr_line' id='line_1_69' title="bbox 1877 1193 3478 1263; baseline 0.006 -17"><span class='ocrx_word' id='word_1_552' title='bbox 1877 1193 2016 1247; x_wconf 88' lang='lat' dir='ltr'><strong>cium</strong></span> <span class='ocrx_word' id='word_1_553' title='bbox 2047 1211 2060 1246; x_wconf 90' lang='lat'><strong>:</strong></span> <span class='ocrx_word' id='word_1_554' title='bbox 2090 1194 2222 1249; x_wconf 83' lang='lat' dir='ltr'><strong>nihil</strong></span> <span class='ocrx_word' id='word_1_555' title='bbox 2251 1205 2599 1263; x_wconf 67' lang='lat' dir='ltr'><strong>praecesserat</strong></span> <span class='ocrx_word' id='word_1_556' title='bbox 2630 1198 2680 1250; x_wconf 92' lang='lat' dir='ltr'><strong>in</strong></span> <span class='ocrx_word' id='word_1_557' title='bbox 2717 1198 2922 1251; x_wconf 89' lang='lat' dir='ltr'><strong>meritis</strong></span> <span class='ocrx_word' id='word_1_558' title='bbox 2953 1199 3171 1262; x_wconf 87' lang='lat' dir='ltr'><strong>nostris.</strong></span> <span class='ocrx_word' id='word_1_559' title='bbox 3215 1199 3314 1254; x_wconf 90' lang='lat' dir='ltr'><strong>nisi</strong></span> <span class='ocrx_word' id='word_1_560' title='bbox 3338 1200 3478 1255; x_wconf 89' lang='lat' dir='ltr'><strong>unde</strong></span> 
     </span>
    </p>
   </div>
   <div class='ocr_carea' id='block_1_70' title="bbox 1877 1284 3474 1361">
    <p class='ocr_par' dir='ltr' id='par_1_70' title="bbox 1877 1284 3474 1361">
     <span class='ocr_line' id='line_1_70' title="bbox 1877 1284 3474 1361; baseline 0.007 -24"><span class='ocrx_word' id='word_1_561' title='bbox 1877 1284 2119 1341; x_wconf 85' lang='lat' dir='ltr'><strong>damnari</strong></span> <span class='ocrx_word' id='word_1_562' title='bbox 2157 1285 2496 1342; x_wconf 88' lang='lat' dir='ltr'><strong>deberemus.</strong></span> <span class='ocrx_word' id='word_1_563' title='bbox 2527 1286 2623 1342; x_wconf 87' lang='lat' dir='ltr'><strong>lllc</strong></span> <span class='ocrx_word' id='word_1_564' title='bbox 2647 1298 2823 1344; x_wconf 88' lang='lat' dir='ltr'><strong>autem</strong></span> <span class='ocrx_word' id='word_1_565' title='bbox 2853 1305 2956 1344; x_wconf 90' lang='lat' dir='ltr'><strong>non</strong></span> <span class='ocrx_word' id='word_1_566' title='bbox 2997 1301 3213 1361; x_wconf 87' lang='lat' dir='ltr'><strong>propter</strong></span> <span class='ocrx_word' id='word_1_567' title='bbox 3236 1302 3474 1348; x_wconf 81' lang='lat' dir='ltr'><strong>nostram</strong></span> 
     </span>
    </p>
   </div>
   <div class='ocr_carea' id='block_1_71' title="bbox 1871 1375 3474 1446">
    <p class='ocr_par' dir='ltr' id='par_1_71' title="bbox 1871 1375 3474 1446">
     <span class='ocr_line' id='line_1_71' title="bbox 1871 1375 3474 1446; baseline 0.007 -21"><span class='ocrx_word' id='word_1_568' title='bbox 1871 1375 2158 1444; x_wconf 88' lang='lat' dir='ltr'><strong>justitiam,</strong></span> <span class='ocrx_word' id='word_1_569' title='bbox 2188 1375 2282 1431; x_wconf 88' lang='lat' dir='ltr'><strong>sed</strong></span> <span class='ocrx_word' id='word_1_570' title='bbox 2307 1385 2524 1446; x_wconf 86' lang='lat' dir='ltr'><strong>propter</strong></span> <span class='ocrx_word' id='word_1_571' title='bbox 2553 1392 2702 1432; x_wconf 90' lang='lat' dir='ltr'><strong>suam</strong></span> <span class='ocrx_word' id='word_1_572' title='bbox 2725 1378 3147 1434; x_wconf 87' lang='lat' dir='ltr'><strong>misericordiam</strong></span> <span class='ocrx_word' id='word_1_573' title='bbox 3179 1381 3356 1436; x_wconf 89' lang='lat' dir='ltr'><strong>salvos</strong></span> <span class='ocrx_word' id='word_1_574' title='bbox 3373 1397 3474 1436; x_wconf 89' lang='lat' dir='ltr'><strong>nos</strong></span> 
     </span>
    </p>
   </div>
   <div class='ocr_carea' id='block_1_72' title="bbox 1876 1467 3471 1544">
    <p class='ocr_par' dir='ltr' id='par_1_72' title="bbox 1876 1467 3471 1544">
     <span class='ocr_line' id='line_1_72' title="bbox 1876 1467 3471 1544; baseline 0.003 -22"><span class='ocrx_word' id='word_1_575' title='bbox 1876 1467 2002 1524; x_wconf 81' lang='lat' dir='ltr'><strong>fecit</strong></span> <span class='ocrx_word' id='word_1_576' title='bbox 2022 1485 2118 1539; x_wconf 91' lang='lat' dir='ltr'><strong>per</strong></span> <span class='ocrx_word' id='word_1_577' title='bbox 2137 1469 2403 1524; x_wconf 88' lang='lat' dir='ltr'><strong>lavacrum</strong></span> <span class='ocrx_word' id='word_1_578' title='bbox 2429 1472 2847 1541; x_wconf 84' lang='lat' dir='ltr'><strong>regenerationis</strong></span> <span class='ocrx_word' id='word_1_579' title='bbox 2865 1469 2992 1541; x_wconf 82' lang='lat' dir='ltr'><strong>(Tit.</strong></span> <span class='ocrx_word' id='word_1_580' title='bbox 3026 1487 3104 1539; x_wconf 90' lang='lat' dir='ltr'><strong>nt,</strong></span> <span class='ocrx_word' id='word_1_581' title='bbox 3127 1473 3206 1544; x_wconf 84' lang='lat'><strong>5).</strong></span> <span class='ocrx_word' id='word_1_582' title='bbox 3227 1472 3350 1527; x_wconf 68' lang='lat' dir='ltr'><strong>Haec</strong></span> <span class='ocrx_word' id='word_1_583' title='bbox 3367 1483 3471 1539; x_wconf 89' lang='lat' dir='ltr'><strong>est,</strong></span> 
     </span>
    </p>
   </div>
   <div class='ocr_carea' id='block_1_73' title="bbox 1875 1560 3475 1632">
    <p class='ocr_par' dir='ltr' id='par_1_73' title="bbox 1875 1560 3475 1632">
     <span class='ocr_line' id='line_1_73' title="bbox 1875 1560 3475 1632; baseline 0.004 -18"><span class='ocrx_word' id='word_1_584' title='bbox 1875 1560 2113 1632; x_wconf 88' lang='lat' dir='ltr'><strong>inquam,</strong></span> <span class='ocrx_word' id='word_1_585' title='bbox 2156 1561 2324 1632; x_wconf 80' lang='lat' dir='ltr'><strong>gloria</strong></span> <span class='ocrx_word' id='word_1_586' title='bbox 2373 1561 2514 1617; x_wconf 90' lang='lat' dir='ltr'><strong>Dei:</strong></span> <span class='ocrx_word' id='word_1_587' title='bbox 2548 1561 2685 1617; x_wconf 88' lang='lat' dir='ltr'><strong>hanc</strong></span> <span class='ocrx_word' id='word_1_588' title='bbox 2727 1563 2846 1618; x_wconf 77' lang='lat' dir='ltr'><strong>cteli</strong></span> <span class='ocrx_word' id='word_1_589' title='bbox 2894 1574 3296 1618; x_wconf 89' lang='lat' dir='ltr'><strong>enarraverunt.</strong></span> <span class='ocrx_word' id='word_1_590' title='bbox 3347 1563 3475 1620; x_wconf 67' lang='lat' dir='ltr'><strong>Hasc</strong></span> 
     </span>
    </p>
   </div>
   <div class='ocr_carea' id='block_1_74' title="bbox 1874 1654 3476 1725">
    <p class='ocr_par' dir='ltr' id='par_1_74' title="bbox 1874 1654 3476 1725">
     <span class='ocr_line' id='line_1_74' title="bbox 1874 1654 3476 1725; baseline 0.003 -18"><span class='ocrx_word' id='word_1_591' title='bbox 1874 1661 1978 1717; x_wconf 87' lang='lat' dir='ltr'><strong>est,</strong></span> <span class='ocrx_word' id='word_1_592' title='bbox 2007 1654 2248 1724; x_wconf 89' lang='lat' dir='ltr'><strong>inquam,</strong></span> <span class='ocrx_word' id='word_1_593' title='bbox 2280 1654 2446 1725; x_wconf 86' lang='lat' dir='ltr'><strong>gloria</strong></span> <span class='ocrx_word' id='word_1_594' title='bbox 2476 1654 2594 1721; x_wconf 90' lang='lat' dir='ltr'><strong>Dei,</strong></span> <span class='ocrx_word' id='word_1_595' title='bbox 2625 1670 2732 1709; x_wconf 89' lang='lat' dir='ltr'><strong>non</strong></span> <span class='ocrx_word' id='word_1_596' title='bbox 2761 1663 2847 1708; x_wconf 87' lang='lat' dir='ltr'><strong>tua</strong></span> <span class='ocrx_word' id='word_1_597' title='bbox 2879 1672 2894 1708; x_wconf 89' lang='lat'><strong>:</strong></span> <span class='ocrx_word' id='word_1_598' title='bbox 2922 1655 3048 1709; x_wconf 87' lang='lat' dir='ltr'><strong>nihil</strong></span> <span class='ocrx_word' id='word_1_599' title='bbox 3081 1655 3377 1710; x_wconf 71' lang='lat' dir='ltr'><strong>enim°boni</strong></span> <span class='ocrx_word' id='word_1_600' title='bbox 3399 1655 3476 1712; x_wconf 78' lang='lat' dir='ltr'><strong>le-</strong></span> 
     </span>
    </p>
   </div>
   <div class='ocr_carea' id='block_1_75' title="bbox 1873 1744 3476 1815">
    <p class='ocr_par' dir='ltr' id='par_1_75' title="bbox 1873 1744 3476 1815">
     <span class='ocr_line' id='line_1_75' title="bbox 1873 1744 3476 1815; baseline 0.001 -16"><span class='ocrx_word' id='word_1_601' title='bbox 1873 1744 2013 1808; x_wconf 88' lang='lat' dir='ltr'><strong>cisti,</strong></span> <span class='ocrx_word' id='word_1_602' title='bbox 2042 1758 2097 1800; x_wconf 87' lang='lat' dir='ltr'><strong>et</strong></span> <span class='ocrx_word' id='word_1_603' title='bbox 2117 1756 2292 1800; x_wconf 85' lang='lat' dir='ltr'><strong>tamen</strong></span> <span class='ocrx_word' id='word_1_604' title='bbox 2317 1755 2520 1800; x_wconf 89' lang='lat' dir='ltr'><strong>tantum</strong></span> <span class='ocrx_word' id='word_1_605' title='bbox 2543 1745 2743 1800; x_wconf 90' lang='lat' dir='ltr'><strong>bonum</strong></span> <span class='ocrx_word' id='word_1_606' title='bbox 2769 1745 3043 1815; x_wconf 88' lang='lat' dir='ltr'><strong>accepisti.</strong></span> <span class='ocrx_word' id='word_1_607' title='bbox 3067 1744 3122 1800; x_wconf 91' lang='lat' dir='ltr'><strong>Si</strong></span> <span class='ocrx_word' id='word_1_608' title='bbox 3155 1759 3284 1815; x_wconf 86' lang='lat' dir='ltr'><strong>ergo</strong></span> <span class='ocrx_word' id='word_1_609' title='bbox 3309 1745 3476 1815; x_wconf 90' lang='lat' dir='ltr'><strong>perti-</strong></span> 
     </span>
    </p>
   </div>
   <div class='ocr_carea' id='block_1_76' title="bbox 1874 1838 3476 1911">
    <p class='ocr_par' dir='ltr' id='par_1_76' title="bbox 1874 1838 3476 1911">
     <span class='ocr_line' id='line_1_76' title="bbox 1874 1838 3476 1911; baseline -0.001 -17"><span class='ocrx_word' id='word_1_610' title='bbox 1874 1854 1971 1894; x_wconf 91' lang='lat' dir='ltr'><strong>nes</strong></span> <span class='ocrx_word' id='word_1_611' title='bbox 1990 1839 2058 1895; x_wconf 91' lang='lat' dir='ltr'><strong>ad</strong></span> <span class='ocrx_word' id='word_1_612' title='bbox 2087 1839 2311 1910; x_wconf 82' lang='lat' dir='ltr'><strong>gloriam</strong></span> <span class='ocrx_word' id='word_1_613' title='bbox 2333 1853 2494 1911; x_wconf 87' lang='lat' dir='ltr'><strong>quam</strong></span> <span class='ocrx_word' id='word_1_614' title='bbox 2521 1839 2643 1896; x_wconf 74' lang='lat' dir='ltr'><strong>cceli</strong></span> <span class='ocrx_word' id='word_1_615' title='bbox 2673 1847 3082 1904; x_wconf 73' lang='lat' dir='ltr'><strong>enarrarerunt,</strong></span> <span class='ocrx_word' id='word_1_616' title='bbox 3123 1839 3210 1893; x_wconf 92' lang='lat' dir='ltr'><strong>dic</strong></span> <span class='ocrx_word' id='word_1_617' title='bbox 3248 1838 3476 1896; x_wconf 89' lang='lat' dir='ltr'><strong>Domino</strong></span> 
     </span>
    </p>
   </div>
   <div class='ocr_carea' id='block_1_77' title="bbox 1874 1930 3478 2002">
    <p class='ocr_par' dir='ltr' id='par_1_77' title="bbox 1874 1930 3478 2002">
     <span class='ocr_line' id='line_1_77' title="bbox 1874 1930 3478 2002; baseline -0.002 -13"><span class='ocrx_word' id='word_1_618' title='bbox 1874 1930 1985 1989; x_wconf 85' lang='lat' dir='ltr'><strong>Deo</strong></span> <span class='ocrx_word' id='word_1_619' title='bbox 2016 1942 2108 1988; x_wconf 92' lang='lat' dir='ltr'><strong>tuo</strong></span> <span class='ocrx_word' id='word_1_620' title='bbox 2137 1949 2151 1986; x_wconf 86' lang='lat'><strong>:</strong></span> <span class='ocrx_word' id='word_1_621' title='bbox 2184 1931 2325 1988; x_wconf 82' lang='lat' dir='ltr'><strong>Deus</strong></span> <span class='ocrx_word' id='word_1_622' title='bbox 2349 1949 2511 1998; x_wconf 79' lang='lat' dir='ltr'><strong>meus,</strong></span> <span class='ocrx_word' id='word_1_623' title='bbox 2555 1933 2905 1986; x_wconf 81' lang='lat' dir='ltr'><strong>misericordia</strong></span> <span class='ocrx_word' id='word_1_624' title='bbox 2930 1933 3044 2002; x_wconf 82' lang='lat' dir='ltr'><strong>ejus</strong></span> <span class='ocrx_word' id='word_1_625' title='bbox 3089 1931 3356 2001; x_wconf 64' lang='lat' dir='ltr'><strong>praeveniet</strong></span> <span class='ocrx_word' id='word_1_626' title='bbox 3393 1946 3478 1986; x_wconf 76' lang='lat' dir='ltr'><strong>me</strong></span> 
     </span>
    </p>
   </div>
   <div class='ocr_carea' id='block_1_78' title="bbox 1878 2023 3474 2094">
    <p class='ocr_par' dir='ltr' id='par_1_78' title="bbox 1878 2023 3474 2094">
     <span class='ocr_line' id='line_1_78' title="bbox 1878 2023 3474 2094; baseline 0 -18"><span class='ocrx_word' id='word_1_627' title='bbox 1878 2023 2048 2094; x_wconf 84' lang='lat' dir='ltr'><strong>(Psal.</strong></span> <span class='ocrx_word' id='word_1_628' title='bbox 2078 2039 2222 2090; x_wconf 81' lang='lat' dir='ltr'><strong>Lvm,</strong></span> <span class='ocrx_word' id='word_1_629' title='bbox 2273 2023 2362 2093; x_wconf 78' lang='lat' dir='ltr'><strong>ll)</strong></span> <span class='ocrx_word' id='word_1_630' title='bbox 2399 2041 2414 2080; x_wconf 91' lang='lat'><strong>:</strong></span> <span class='ocrx_word' id='word_1_631' title='bbox 2446 2023 2708 2093; x_wconf 56' lang='lat' dir='ltr'><strong>praevenit</strong></span> <span class='ocrx_word' id='word_1_632' title='bbox 2736 2023 2880 2078; x_wconf 89' lang='lat' dir='ltr'><strong>enim</strong></span> <span class='ocrx_word' id='word_1_633' title='bbox 2912 2033 3000 2088; x_wconf 88' lang='lat' dir='ltr'><strong>te;</strong></span> <span class='ocrx_word' id='word_1_634' title='bbox 3044 2024 3227 2092; x_wconf 89' lang='lat' dir='ltr'><strong>utique</strong></span> <span class='ocrx_word' id='word_1_635' title='bbox 3265 2038 3474 2091; x_wconf 68' lang='lat' dir='ltr'><strong>prtere-</strong></span> 
     </span>
    </p>
   </div>
   <div class='ocr_carea' id='block_1_79' title="bbox 1873 2114 3470 2185">
    <p class='ocr_par' dir='ltr' id='par_1_79' title="bbox 1873 2114 3470 2185">
     <span class='ocr_line' id='line_1_79' title="bbox 1873 2114 3470 2185; baseline -0.002 -16"><span class='ocrx_word' id='word_1_636' title='bbox 1873 2116 1971 2180; x_wconf 92' lang='lat' dir='ltr'><strong>nit,</strong></span> <span class='ocrx_word' id='word_1_637' title='bbox 2002 2114 2124 2185; x_wconf 85' lang='lat' dir='ltr'><strong>quia</strong></span> <span class='ocrx_word' id='word_1_638' title='bbox 2155 2114 2287 2170; x_wconf 89' lang='lat' dir='ltr'><strong>nihil</strong></span> <span class='ocrx_word' id='word_1_639' title='bbox 2330 2115 2383 2169; x_wconf 91' lang='lat' dir='ltr'><strong>in</strong></span> <span class='ocrx_word' id='word_1_640' title='bbox 2418 2124 2468 2170; x_wconf 90' lang='lat' dir='ltr'><strong>te</strong></span> <span class='ocrx_word' id='word_1_641' title='bbox 2500 2115 2627 2169; x_wconf 91' lang='lat' dir='ltr'><strong>boni</strong></span> <span class='ocrx_word' id='word_1_642' title='bbox 2669 2114 2891 2169; x_wconf 89' lang='lat' dir='ltr'><strong>invenit.</strong></span> <span class='ocrx_word' id='word_1_643' title='bbox 2923 2114 3235 2169; x_wconf 69' lang='lat' dir='ltr'><strong>Praevenisti</strong></span> <span class='ocrx_word' id='word_1_644' title='bbox 3266 2114 3470 2182; x_wconf 85' lang='lat' dir='ltr'><strong>suppli-</strong></span> 
     </span>
    </p>
   </div>
   <div class='ocr_carea' id='block_1_80' title="bbox 1872 2206 3469 2278">
    <p class='ocr_par' dir='ltr' id='par_1_80' title="bbox 1872 2206 3469 2278">
     <span class='ocr_line' id='line_1_80' title="bbox 1872 2206 3469 2278; baseline -0.001 -17"><span class='ocrx_word' id='word_1_645' title='bbox 1872 2210 2011 2262; x_wconf 88' lang='lat' dir='ltr'><strong>cium</strong></span> <span class='ocrx_word' id='word_1_646' title='bbox 2040 2208 2062 2239; x_wconf 81' lang='grc'>³</span> <span class='ocrx_word' id='word_1_647' title='bbox 2099 2207 2216 2278; x_wconf 87' lang='lat' dir='ltr'><strong>ejus</strong></span> <span class='ocrx_word' id='word_1_648' title='bbox 2249 2207 2608 2278; x_wconf 84' lang='lat' dir='ltr'><strong>superbiendo</strong></span> <span class='ocrx_word' id='word_1_649' title='bbox 2657 2224 2670 2261; x_wconf 94' lang='lat'>:</span> <span class='ocrx_word' id='word_1_650' title='bbox 2716 2206 2808 2263; x_wconf 89' lang='lat' dir='ltr'><strong>ille</strong></span> <span class='ocrx_word' id='word_1_651' title='bbox 2850 2207 3107 2277; x_wconf 67' lang='lat' dir='ltr'><strong>praevenit</strong></span> <span class='ocrx_word' id='word_1_652' title='bbox 3152 2206 3469 2275; x_wconf 83' lang='lat' dir='ltr'><strong>supplicium</strong></span> 
     </span>
    </p>
   </div>
   <div class='ocr_carea' id='block_1_81' title="bbox 1874 2297 3474 2369">
    <p class='ocr_par' dir='ltr' id='par_1_81' title="bbox 1874 2297 3474 2369">
     <span class='ocr_line' id='line_1_81' title="bbox 1874 2297 3474 2369; baseline 0 -17"><span class='ocrx_word' id='word_1_653' title='bbox 1874 2307 2018 2353; x_wconf 91' lang='lat' dir='ltr'><strong>tuum</strong></span> <span class='ocrx_word' id='word_1_654' title='bbox 2052 2307 2270 2369; x_wconf 90' lang='lat' dir='ltr'><strong>peccata</strong></span> <span class='ocrx_word' id='word_1_655' title='bbox 2315 2298 2564 2354; x_wconf 89' lang='lat' dir='ltr'><strong>delendo.</strong></span> <span class='ocrx_word' id='word_1_656' title='bbox 2610 2297 2883 2366; x_wconf 88' lang='lat' dir='ltr'><strong>Tanquam</strong></span> <span class='ocrx_word' id='word_1_657' title='bbox 2921 2298 3062 2351; x_wconf 88' lang='lat' dir='ltr'><strong>enim</strong></span> <span class='ocrx_word' id='word_1_658' title='bbox 3103 2313 3165 2351; x_wconf 80' lang='lat' dir='ltr'><strong>ex</strong></span> <span class='ocrx_word' id='word_1_659' title='bbox 3196 2306 3474 2366; x_wconf 85' lang='lat' dir='ltr'><strong>peccatore</strong></span> 
     </span>
    </p>
   </div>
   <div class='ocr_carea' id='block_1_82' title="bbox 1865 2388 3469 2462">
    <p class='ocr_par' dir='ltr' id='par_1_82' title="bbox 1865 2388 3469 2462">
     <span class='ocr_line' id='line_1_82' title="bbox 1865 2388 3469 2462; baseline -0.001 -17"><span class='ocrx_word' id='word_1_660' title='bbox 1865 2391 2208 2462; x_wconf 85' lang='lat' dir='ltr'><strong>jnstilicatus,</strong></span> <span class='ocrx_word' id='word_1_661' title='bbox 2240 2407 2303 2447; x_wconf 76' lang='lat' dir='ltr'><strong>ex</strong></span> <span class='ocrx_word' id='word_1_662' title='bbox 2342 2391 2507 2460; x_wconf 90' lang='lat' dir='ltr'><strong>impio</strong></span> <span class='ocrx_word' id='word_1_663' title='bbox 2550 2391 2669 2461; x_wconf 91' lang='lat' dir='ltr'><strong>pius</strong></span> <span class='ocrx_word' id='word_1_664' title='bbox 2710 2391 2898 2455; x_wconf 85' lang='lat' dir='ltr'><strong>lactus,</strong></span> <span class='ocrx_word' id='word_1_665' title='bbox 2933 2404 3000 2444; x_wconf 79' lang='lat' dir='ltr'><strong>ex</strong></span> <span class='ocrx_word' id='word_1_666' title='bbox 3024 2389 3275 2443; x_wconf 86' lang='lat' dir='ltr'><strong>damnato</strong></span> <span class='ocrx_word' id='word_1_667' title='bbox 3305 2388 3356 2442; x_wconf 90' lang='lat' dir='ltr'><strong>in</strong></span> <span class='ocrx_word' id='word_1_668' title='bbox 3387 2402 3469 2443; x_wconf 80' lang='lat' dir='ltr'><strong>re-</strong></span> 
     </span>
    </p>
   </div>
   <div class='ocr_carea' id='block_1_83' title="bbox 1871 2481 3467 2552">
    <p class='ocr_par' dir='ltr' id='par_1_83' title="bbox 1871 2481 3467 2552">
     <span class='ocr_line' id='line_1_83' title="bbox 1871 2481 3467 2552; baseline -0.001 -14"><span class='ocrx_word' id='word_1_669' title='bbox 1871 2500 2031 2552; x_wconf 80' lang='lat' dir='ltr'><strong>gnum</strong></span> <span class='ocrx_word' id='word_1_670' title='bbox 2063 2481 2086 2515; x_wconf 77' lang='grc'><strong><em>⁸⁵</em></strong></span> <span class='ocrx_word' id='word_1_671' title='bbox 2115 2497 2442 2552; x_wconf 85' lang='lat' dir='ltr'><strong>assumptus,</strong></span> <span class='ocrx_word' id='word_1_672' title='bbox 2472 2483 2559 2538; x_wconf 93' lang='lat' dir='ltr'><strong>dic</strong></span> <span class='ocrx_word' id='word_1_673' title='bbox 2591 2483 2818 2538; x_wconf 92' lang='lat' dir='ltr'><strong>Domino</strong></span> <span class='ocrx_word' id='word_1_674' title='bbox 2845 2483 2954 2538; x_wconf 88' lang='lat' dir='ltr'><strong>Deo</strong></span> <span class='ocrx_word' id='word_1_675' title='bbox 2991 2493 3082 2536; x_wconf 92' lang='lat' dir='ltr'><strong>tuo</strong></span> <span class='ocrx_word' id='word_1_676' title='bbox 3105 2497 3126 2537; x_wconf 89' lang='lat'><strong><em>:</em></strong></span> <span class='ocrx_word' id='word_1_677' title='bbox 3163 2481 3284 2536; x_wconf 86' lang='lat' dir='ltr'><strong>Non</strong></span> <span class='ocrx_word' id='word_1_678' title='bbox 3304 2482 3467 2544; x_wconf 80' lang='lat' dir='ltr'><strong>nobis.</strong></span> 
     </span>
    </p>
   </div>
   <div class='ocr_carea' id='block_1_84' title="bbox 1871 2571 3469 2644">
    <p class='ocr_par' dir='ltr' id='par_1_84' title="bbox 1871 2571 3469 2644">
     <span class='ocr_line' id='line_1_84' title="bbox 1871 2571 3469 2644; baseline -0.002 -16"><span class='ocrx_word' id='word_1_679' title='bbox 1871 2574 2106 2641; x_wconf 83' lang='lat' dir='ltr'><strong>Domine,</strong></span> <span class='ocrx_word' id='word_1_680' title='bbox 2140 2591 2243 2629; x_wconf 86' lang='lat' dir='ltr'><strong>non</strong></span> <span class='ocrx_word' id='word_1_681' title='bbox 2271 2575 2434 2640; x_wconf 82' lang='lat' dir='ltr'><strong>nobis,</strong></span> <span class='ocrx_word' id='word_1_682' title='bbox 2463 2575 2552 2628; x_wconf 82' lang='lat' dir='ltr'><strong>sed</strong></span> <span class='ocrx_word' id='word_1_683' title='bbox 2580 2575 2771 2628; x_wconf 85' lang='lat' dir='ltr'><strong>nomini</strong></span> <span class='ocrx_word' id='word_1_684' title='bbox 2800 2583 2885 2627; x_wconf 90' lang='lat' dir='ltr'><strong>tuo</strong></span> <span class='ocrx_word' id='word_1_685' title='bbox 2925 2574 2992 2626; x_wconf 87' lang='lat' dir='ltr'><strong>da</strong></span> <span class='ocrx_word' id='word_1_686' title='bbox 3031 2574 3244 2644; x_wconf 88' lang='lat' dir='ltr'><strong>gloriam</strong></span> <span class='ocrx_word' id='word_1_687' title='bbox 3294 2571 3469 2644; x_wconf 75' lang='lat' dir='ltr'><strong>(Psal.</strong></span> 
     </span>
    </p>
   </div>
   <div class='ocr_carea' id='block_1_85' title="bbox 1870 2662 3470 2733">
    <p class='ocr_par' dir='ltr' id='par_1_85' title="bbox 1870 2662 3470 2733">
     <span class='ocr_line' id='line_1_85' title="bbox 1870 2662 3470 2733; baseline -0.003 -13"><span class='ocrx_word' id='word_1_688' title='bbox 1870 2682 1994 2721; x_wconf 82' lang='lat' dir='ltr'><strong>cxnt</strong></span> <span class='ocrx_word' id='word_1_689' title='bbox 2034 2670 2242 2720; x_wconf 85' lang='lat' dir='ltr'><strong>secund.</strong></span> <span class='ocrx_word' id='word_1_690' title='bbox 2278 2665 2356 2732; x_wconf 84' lang='lat' dir='ltr'><strong>l).</strong></span> <span class='ocrx_word' id='word_1_691' title='bbox 2390 2665 2657 2729; x_wconf 85' lang='lat' dir='ltr'><strong>Dicamus,</strong></span> <span class='ocrx_word' id='word_1_692' title='bbox 2705 2662 2827 2718; x_wconf 86' lang='lat' dir='ltr'><strong>Non</strong></span> <span class='ocrx_word' id='word_1_693' title='bbox 2866 2665 3007 2718; x_wconf 86' lang='lat' dir='ltr'><strong>nobis</strong></span> <span class='ocrx_word' id='word_1_694' title='bbox 3032 2681 3050 2718; x_wconf 93' lang='lat'><strong><em>:</em></strong></span> <span class='ocrx_word' id='word_1_695' title='bbox 3094 2663 3286 2733; x_wconf 90' lang='lat' dir='ltr'><strong>quibus</strong></span> <span class='ocrx_word' id='word_1_696' title='bbox 3325 2663 3470 2717; x_wconf 89' lang='lat' dir='ltr'><strong>enim</strong></span> 
     </span>
    </p>
   </div>
   <div class='ocr_carea' id='block_1_86' title="bbox 1870 2756 3472 2831">
    <p class='ocr_par' dir='ltr' id='par_1_86' title="bbox 1870 2756 3472 2831">
     <span class='ocr_line' id='line_1_86' title="bbox 1870 2756 3472 2831; baseline -0.001 -18"><span class='ocrx_word' id='word_1_697' title='bbox 1870 2761 1912 2814; x_wconf 83' lang='lat' dir='ltr'><strong>si</strong></span> <span class='ocrx_word' id='word_1_698' title='bbox 1935 2761 2083 2830; x_wconf 86' lang='lat' dir='ltr'><strong>quasi</strong></span> <span class='ocrx_word' id='word_1_699' title='bbox 2107 2759 2292 2814; x_wconf 82' lang='lat' dir='ltr'><strong>nobis?</strong></span> <span class='ocrx_word' id='word_1_700' title='bbox 2318 2757 2589 2825; x_wconf 90' lang='lat' dir='ltr'><strong>Dicamus,</strong></span> <span class='ocrx_word' id='word_1_701' title='bbox 2627 2759 2864 2829; x_wconf 86' lang='lat' dir='ltr'><strong>inquam,</strong></span> <span class='ocrx_word' id='word_1_702' title='bbox 2900 2756 3024 2812; x_wconf 90' lang='lat' dir='ltr'><strong>Non</strong></span> <span class='ocrx_word' id='word_1_703' title='bbox 3066 2758 3208 2811; x_wconf 82' lang='lat' dir='ltr'><strong>nobis</strong></span> <span class='ocrx_word' id='word_1_704' title='bbox 3227 2799 3243 2824; x_wconf 94' lang='lat'><strong>,</strong></span> <span class='ocrx_word' id='word_1_705' title='bbox 3274 2756 3396 2831; x_wconf 88' lang='lat' dir='ltr'><strong>quia</strong></span> <span class='ocrx_word' id='word_1_706' title='bbox 3425 2758 3472 2812; x_wconf 90' lang='lat' dir='ltr'><strong>si</strong></span> 
     </span>
    </p>
   </div>
   <div class='ocr_carea' id='block_1_87' title="bbox 1872 2846 3470 2919">
    <p class='ocr_par' dir='ltr' id='par_1_87' title="bbox 1872 2846 3470 2919">
     <span class='ocr_line' id='line_1_87' title="bbox 1872 2846 3470 2919; baseline -0.004 -13"><span class='ocrx_word' id='word_1_707' title='bbox 1872 2847 1942 2906; x_wconf 86' lang='lat' dir='ltr'><strong>ita</strong></span> <span class='ocrx_word' id='word_1_708' title='bbox 1975 2851 2176 2907; x_wconf 83' lang='lat' dir='ltr'><strong>laceret</strong></span> <span class='ocrx_word' id='word_1_709' title='bbox 2200 2852 2338 2906; x_wconf 88' lang='lat' dir='ltr'><strong>sicut</strong></span> <span class='ocrx_word' id='word_1_710' title='bbox 2361 2851 2537 2916; x_wconf 92' lang='lat' dir='ltr'><strong>nobis,</strong></span> <span class='ocrx_word' id='word_1_711' title='bbox 2558 2849 2770 2904; x_wconf 90' lang='lat' dir='ltr'><strong>nonnisi</strong></span> <span class='ocrx_word' id='word_1_712' title='bbox 2796 2858 2980 2919; x_wconf 61' lang='lat' dir='ltr'><strong>prunas</strong></span> <span class='ocrx_word' id='word_1_713' title='bbox 3007 2847 3272 2918; x_wconf 87' lang='lat' dir='ltr'><strong>inlligeret</strong></span> <span class='ocrx_word' id='word_1_714' title='bbox 3296 2846 3470 2901; x_wconf 90' lang='lat' dir='ltr'><strong>nobis.</strong></span> 
     </span>
    </p>
   </div>
   <div class='ocr_carea' id='block_1_88' title="bbox 1870 2941 3472 3013">
    <p class='ocr_par' dir='ltr' id='par_1_88' title="bbox 1870 2941 3472 3013">
     <span class='ocr_line' id='line_1_88' title="bbox 1870 2941 3472 3013; baseline -0.005 -11"><span class='ocrx_word' id='word_1_715' title='bbox 1870 2947 1987 3003; x_wconf 83' lang='lat' dir='ltr'><strong>Non</strong></span> <span class='ocrx_word' id='word_1_716' title='bbox 2019 2947 2196 3013; x_wconf 89' lang='lat' dir='ltr'><strong>nobis,</strong></span> <span class='ocrx_word' id='word_1_717' title='bbox 2221 2945 2316 3001; x_wconf 90' lang='lat' dir='ltr'><strong>sed</strong></span> <span class='ocrx_word' id='word_1_718' title='bbox 2345 2944 2547 3000; x_wconf 90' lang='lat' dir='ltr'><strong>nomini</strong></span> <span class='ocrx_word' id='word_1_719' title='bbox 2573 2955 2672 2999; x_wconf 89' lang='lat' dir='ltr'><strong>suo</strong></span> <span class='ocrx_word' id='word_1_720' title='bbox 2696 2943 2787 2998; x_wconf 89' lang='lat' dir='ltr'><strong>det</strong></span> <span class='ocrx_word' id='word_1_721' title='bbox 2813 2943 3034 3012; x_wconf 85' lang='lat' dir='ltr'><strong>gloriam</strong></span> <span class='ocrx_word' id='word_1_722' title='bbox 3064 2959 3078 2994; x_wconf 92' lang='lat'><strong>:</strong></span> <span class='ocrx_word' id='word_1_723' title='bbox 3111 2941 3230 3008; x_wconf 83' lang='lat' dir='ltr'><strong>quia</strong></span> <span class='ocrx_word' id='word_1_724' title='bbox 3257 2955 3362 2994; x_wconf 92' lang='lat' dir='ltr'><strong>non</strong></span> <span class='ocrx_word' id='word_1_725' title='bbox 3385 2954 3472 2994; x_wconf 91' lang='lat' dir='ltr'><strong>se-</strong></span> 
     </span>
    </p>
   </div>
   <div class='ocr_carea' id='block_1_89' title="bbox 1870 3029 3468 3107">
    <p class='ocr_par' dir='ltr' id='par_1_89' title="bbox 1870 3029 3468 3107">
     <span class='ocr_line' id='line_1_89' title="bbox 1870 3029 3468 3107; baseline -0.005 -15"><span class='ocrx_word' id='word_1_726' title='bbox 1870 3040 2104 3092; x_wconf 90' lang='lat' dir='ltr'><strong>cundum</strong></span> <span class='ocrx_word' id='word_1_727' title='bbox 2137 3037 2442 3107; x_wconf 87' lang='lat' dir='ltr'><strong>iniquitates</strong></span> <span class='ocrx_word' id='word_1_728' title='bbox 2472 3044 2683 3089; x_wconf 86' lang='lat' dir='ltr'><strong>nostras</strong></span> <span class='ocrx_word' id='word_1_729' title='bbox 2709 3034 2833 3088; x_wconf 79' lang='lat' dir='ltr'><strong>fecit</strong></span> <span class='ocrx_word' id='word_1_730' title='bbox 2860 3032 3015 3087; x_wconf 90' lang='lat' dir='ltr'><strong>nobis</strong></span> <span class='ocrx_word' id='word_1_731' title='bbox 3042 3030 3212 3101; x_wconf 85' lang='lat' dir='ltr'><strong>(Psal.</strong></span> <span class='ocrx_word' id='word_1_732' title='bbox 3236 3046 3327 3090; x_wconf 85' lang='lat' dir='ltr'><strong>cu,</strong></span> <span class='ocrx_word' id='word_1_733' title='bbox 3354 3029 3468 3099; x_wconf 85' lang='lat' dir='ltr'><strong>lO).</strong></span> 
     </span>
    </p>
   </div>
   <div class='ocr_carea' id='block_1_90' title="bbox 1873 3120 3467 3198">
    <p class='ocr_par' dir='ltr' id='par_1_90' title="bbox 1873 3120 3467 3198">
     <span class='ocr_line' id='line_1_90' title="bbox 1873 3120 3467 3198; baseline -0.007 -14"><span class='ocrx_word' id='word_1_734' title='bbox 1873 3129 1995 3184; x_wconf 78' lang='lat' dir='ltr'><strong>Non</strong></span> <span class='ocrx_word' id='word_1_735' title='bbox 2025 3143 2154 3198; x_wconf 84' lang='lat' dir='ltr'><strong>ergo</strong></span> <span class='ocrx_word' id='word_1_736' title='bbox 2183 3127 2344 3193; x_wconf 85' lang='lat' dir='ltr'><strong>nobis,</strong></span> <span class='ocrx_word' id='word_1_737' title='bbox 2379 3125 2616 3190; x_wconf 88' lang='lat' dir='ltr'><strong>Domine,</strong></span> <span class='ocrx_word' id='word_1_738' title='bbox 2647 3141 2747 3178; x_wconf 89' lang='lat' dir='ltr'><strong>non</strong></span> <span class='ocrx_word' id='word_1_739' title='bbox 2771 3124 2912 3177; x_wconf 85' lang='lat' dir='ltr'><strong>nobis</strong></span> <span class='ocrx_word' id='word_1_740' title='bbox 2936 3140 2955 3177; x_wconf 93' lang='lat'><em>:</em></span> <span class='ocrx_word' id='word_1_741' title='bbox 2991 3122 3239 3192; x_wconf 88' lang='lat' dir='ltr'><strong>repetitio</strong></span> <span class='ocrx_word' id='word_1_742' title='bbox 3267 3120 3467 3175; x_wconf 91' lang='lat' dir='ltr'><strong>conlir-</strong></span> 
     </span>
    </p>
   </div>
   <div class='ocr_carea' id='block_1_91' title="bbox 1871 3214 3469 3283">
    <p class='ocr_par' dir='ltr' id='par_1_91' title="bbox 1871 3214 3469 3283">
     <span class='ocr_line' id='line_1_91' title="bbox 1871 3214 3469 3283; baseline -0.006 -9"><span class='ocrx_word' id='word_1_743' title='bbox 1871 3220 2034 3275; x_wconf 82' lang='lat' dir='ltr'><strong>mulio</strong></span> <span class='ocrx_word' id='word_1_744' title='bbox 2065 3229 2169 3274; x_wconf 90' lang='lat' dir='ltr'><strong>est.</strong></span> <span class='ocrx_word' id='word_1_745' title='bbox 2203 3216 2326 3273; x_wconf 88' lang='lat' dir='ltr'><strong>Non</strong></span> <span class='ocrx_word' id='word_1_746' title='bbox 2353 3219 2517 3283; x_wconf 84' lang='lat' dir='ltr'><strong>nobis,</strong></span> <span class='ocrx_word' id='word_1_747' title='bbox 2549 3215 2786 3283; x_wconf 86' lang='lat' dir='ltr'><strong>Domine,</strong></span> <span class='ocrx_word' id='word_1_748' title='bbox 2818 3215 2908 3270; x_wconf 86' lang='lat' dir='ltr'><strong>sed</strong></span> <span class='ocrx_word' id='word_1_749' title='bbox 2933 3215 3124 3270; x_wconf 84' lang='lat' dir='ltr'><strong>nomini</strong></span> <span class='ocrx_word' id='word_1_750' title='bbox 3153 3224 3237 3267; x_wconf 81' lang='lat' dir='ltr'><strong>tuo</strong></span> <span class='ocrx_word' id='word_1_751' title='bbox 3264 3215 3331 3266; x_wconf 85' lang='lat' dir='ltr'><strong>da</strong></span> <span class='ocrx_word' id='word_1_752' title='bbox 3355 3214 3469 3283; x_wconf 78' lang='lat' dir='ltr'><strong>glo-</strong></span> 
     </span>
    </p>
   </div>
   <div class='ocr_carea' id='block_1_92' title="bbox 1871 3303 3469 3376">
    <p class='ocr_par' dir='ltr' id='par_1_92' title="bbox 1871 3303 3469 3376">
     <span class='ocr_line' id='line_1_92' title="bbox 1871 3303 3469 3376; baseline -0.006 -10"><span class='ocrx_word' id='word_1_753' title='bbox 1871 3317 2001 3366; x_wconf 84' lang='lat' dir='ltr'><strong>riam</strong></span> <span class='ocrx_word' id='word_1_754' title='bbox 2037 3328 2054 3367; x_wconf 92' lang='lat'><em>:</em></span> <span class='ocrx_word' id='word_1_755' title='bbox 2085 3310 2186 3367; x_wconf 92' lang='lat' dir='ltr'><strong>hoc</strong></span> <span class='ocrx_word' id='word_1_756' title='bbox 2223 3311 2297 3364; x_wconf 92' lang='lat' dir='ltr'><strong>illi</strong></span> <span class='ocrx_word' id='word_1_757' title='bbox 2323 3316 2589 3363; x_wconf 85' lang='lat' dir='ltr'><strong>noverant</strong></span> <span class='ocrx_word' id='word_1_758' title='bbox 2634 3307 2777 3373; x_wconf 68' lang='lat' dir='ltr'><strong>creti,</strong></span> <span class='ocrx_word' id='word_1_759' title='bbox 2815 3306 2903 3376; x_wconf 91' lang='lat' dir='ltr'><strong>qui</strong></span> <span class='ocrx_word' id='word_1_760' title='bbox 2935 3313 3325 3360; x_wconf 86' lang='lat' dir='ltr'><strong>enarraveruut</strong></span> <span class='ocrx_word' id='word_1_761' title='bbox 3351 3303 3469 3372; x_wconf 86' lang='lat' dir='ltr'><strong>glo-</strong></span> 
     </span>
    </p>
   </div>
   <div class='ocr_carea' id='block_1_93' title="bbox 1871 3391 2148 3461">
    <p class='ocr_par' dir='ltr' id='par_1_93' title="bbox 1871 3391 2148 3461">
     <span class='ocr_line' id='line_1_93' title="bbox 1871 3391 2148 3461; baseline -0.014 0"><span class='ocrx_word' id='word_1_762' title='bbox 1871 3406 2004 3461; x_wconf 90' lang='lat' dir='ltr'><strong>riam</strong></span> <span class='ocrx_word' id='word_1_763' title='bbox 2037 3391 2148 3458; x_wconf 89' lang='lat' dir='ltr'><strong>Dei.</strong></span> 
     </span>
    </p>
   </div>
   <div class='ocr_carea' id='block_1_94' title="bbox 1944 3487 3471 3568">
    <p class='ocr_par' dir='ltr' id='par_1_94' title="bbox 1944 3487 3471 3568">
     <span class='ocr_line' id='line_1_94' title="bbox 1944 3487 3471 3568; baseline -0.01 -16"><span class='ocrx_word' id='word_1_764' title='bbox 1944 3499 1996 3552; x_wconf 80' lang='grc'><strong>5.</strong></span> <span class='ocrx_word' id='word_1_765' title='bbox 2028 3493 2178 3568; x_wconf 85' lang='lat' dir='ltr'><strong>[vers.</strong></span> <span class='ocrx_word' id='word_1_766' title='bbox 2209 3492 2290 3566; x_wconf 73' lang='lat'><strong>2.]</strong></span> <span class='ocrx_word' id='word_1_767' title='bbox 2334 3491 2398 3548; x_wconf 79' lang='lat' dir='ltr'><strong>Et</strong></span> <span class='ocrx_word' id='word_1_768' title='bbox 2425 3507 2580 3560; x_wconf 80' lang='lat' dir='ltr'><strong>Opera</strong></span> <span class='ocrx_word' id='word_1_769' title='bbox 2608 3506 2850 3544; x_wconf 88' lang='lat' dir='ltr'><strong>manuum</strong></span> <span class='ocrx_word' id='word_1_770' title='bbox 2871 3490 2979 3555; x_wconf 77' lang='lat' dir='ltr'><strong>eius</strong></span> <span class='ocrx_word' id='word_1_771' title='bbox 3000 3489 3267 3541; x_wconf 84' lang='lat' dir='ltr'><strong>annuntiat</strong></span> <span class='ocrx_word' id='word_1_772' title='bbox 3292 3487 3471 3554; x_wconf 79' lang='lat' dir='ltr'><strong>firma-</strong></span> 
     </span>
    </p>
   </div>
   <div class='ocr_carea' id='block_1_95' title="bbox 1871 3580 3468 3661">
    <p class='ocr_par' dir='ltr' id='par_1_95' title="bbox 1871 3580 3468 3661">
     <span class='ocr_line' id='line_1_95' title="bbox 1871 3580 3468 3661; baseline -0.009 -16"><span class='ocrx_word' id='word_1_773' title='bbox 1871 3603 2092 3647; x_wconf 85' lang='lat' dir='ltr'><strong>mentum</strong></span> <span class='ocrx_word' id='word_1_774' title='bbox 2116 3606 2134 3644; x_wconf 90' lang='lat'><strong><em>:</em></strong></span> <span class='ocrx_word' id='word_1_775' title='bbox 2159 3588 2298 3661; x_wconf 87' lang='lat' dir='ltr'><strong>quod</strong></span> <span class='ocrx_word' id='word_1_776' title='bbox 2324 3587 2522 3643; x_wconf 88' lang='lat' dir='ltr'><strong>dictum</strong></span> <span class='ocrx_word' id='word_1_777' title='bbox 2549 3592 2652 3652; x_wconf 90' lang='lat' dir='ltr'><strong>est,</strong></span> <span class='ocrx_word' id='word_1_778' title='bbox 2676 3583 2889 3655; x_wconf 83' lang='lat' dir='ltr'><strong>gloriam</strong></span> <span class='ocrx_word' id='word_1_779' title='bbox 2918 3580 3034 3646; x_wconf 87' lang='lat' dir='ltr'><strong>Dei,</strong></span> <span class='ocrx_word' id='word_1_780' title='bbox 3053 3580 3155 3635; x_wconf 89' lang='lat' dir='ltr'><strong>hoc</strong></span> <span class='ocrx_word' id='word_1_781' title='bbox 3181 3580 3468 3649; x_wconf 89' lang='lat' dir='ltr'><strong>repetitum</strong></span> 
     </span>
    </p>
   </div>
   <div class='ocr_carea' id='block_1_96' title="bbox 1870 3669 3470 3754">
    <p class='ocr_par' dir='ltr' id='par_1_96' title="bbox 1870 3669 3470 3754">
     <span class='ocr_line' id='line_1_96' title="bbox 1870 3669 3470 3754; baseline -0.011 -14"><span class='ocrx_word' id='word_1_782' title='bbox 1870 3695 1976 3752; x_wconf 86' lang='lat' dir='ltr'><strong>est,</strong></span> <span class='ocrx_word' id='word_1_783' title='bbox 2001 3699 2155 3754; x_wconf 87' lang='lat' dir='ltr'><strong>opera</strong></span> <span class='ocrx_word' id='word_1_784' title='bbox 2195 3694 2440 3734; x_wconf 87' lang='lat' dir='ltr'><strong>manuum</strong></span> <span class='ocrx_word' id='word_1_785' title='bbox 2481 3679 2609 3747; x_wconf 78' lang='lat' dir='ltr'><strong>ejus.</strong></span> <span class='ocrx_word' id='word_1_786' title='bbox 2640 3676 2770 3744; x_wconf 77' lang='lat' dir='ltr'><strong>Qua:</strong></span> <span class='ocrx_word' id='word_1_787' title='bbox 2813 3688 2976 3744; x_wconf 89' lang='lat' dir='ltr'><strong>opera</strong></span> <span class='ocrx_word' id='word_1_788' title='bbox 3016 3686 3266 3725; x_wconf 76' lang='lat' dir='ltr'><strong>uiantium</strong></span> <span class='ocrx_word' id='word_1_789' title='bbox 3309 3669 3470 3738; x_wconf 84' lang='lat' dir='ltr'><strong>ejus?</strong></span> 
     </span>
    </p>
   </div>
   <div class='ocr_carea' id='block_1_97' title="bbox 1870 3760 3468 3840">
    <p class='ocr_par' dir='ltr' id='par_1_97' title="bbox 1870 3760 3468 3840">
     <span class='ocr_line' id='line_1_97' title="bbox 1870 3760 3468 3840; baseline -0.011 -9"><span class='ocrx_word' id='word_1_790' title='bbox 1870 3775 1987 3831; x_wconf 84' lang='lat' dir='ltr'><strong>Non</strong></span> <span class='ocrx_word' id='word_1_791' title='bbox 2014 3775 2155 3828; x_wconf 85' lang='lat' dir='ltr'><strong>sicut</strong></span> <span class='ocrx_word' id='word_1_792' title='bbox 2180 3772 2394 3840; x_wconf 84' lang='lat' dir='ltr'><strong>quidam</strong></span> <span class='ocrx_word' id='word_1_793' title='bbox 2440 3769 2696 3832; x_wconf 85' lang='lat' dir='ltr'><strong>sentiunt,</strong></span> <span class='ocrx_word' id='word_1_794' title='bbox 2744 3767 2881 3820; x_wconf 90' lang='lat' dir='ltr'><strong>Deus</strong></span> <span class='ocrx_word' id='word_1_795' title='bbox 2907 3764 3072 3818; x_wconf 87' lang='lat' dir='ltr'><strong>verbo</strong></span> <span class='ocrx_word' id='word_1_796' title='bbox 3111 3761 3238 3817; x_wconf 84' lang='lat' dir='ltr'><strong>fecit</strong></span> <span class='ocrx_word' id='word_1_797' title='bbox 3264 3760 3468 3822; x_wconf 88' lang='lat' dir='ltr'><strong>omnia,</strong></span> 
     </span>
    </p>
   </div>
   <div class='ocr_carea' id='block_1_98' title="bbox 1871 3853 3470 3938">
    <p class='ocr_par' dir='ltr' id='par_1_98' title="bbox 1871 3853 3470 3938">
     <span class='ocr_line' id='line_1_98' title="bbox 1871 3853 3470 3938; baseline -0.011 -15"><span class='ocrx_word' id='word_1_798' title='bbox 1871 3877 1925 3923; x_wconf 89' lang='lat' dir='ltr'><strong>ct</strong></span> <span class='ocrx_word' id='word_1_799' title='bbox 1951 3876 2202 3938; x_wconf 87' lang='lat' dir='ltr'><strong>tanquam</strong></span> <span class='ocrx_word' id='word_1_800' title='bbox 2233 3861 2653 3933; x_wconf 68' lang='lat' dir='ltr'><strong>prsestantiorem</strong></span> <span class='ocrx_word' id='word_1_801' title='bbox 2676 3857 2885 3912; x_wconf 69' lang='lat' dir='ltr'><strong>emeris</strong></span> <span class='ocrx_word' id='word_1_802' title='bbox 2913 3855 3182 3910; x_wconf 86' lang='lat' dir='ltr'><strong>hominem</strong></span> <span class='ocrx_word' id='word_1_803' title='bbox 3220 3853 3332 3908; x_wconf 89' lang='lat' dir='ltr'><strong>suis</strong></span> <span class='ocrx_word' id='word_1_804' title='bbox 3353 3858 3470 3906; x_wconf 86' lang='lat' dir='ltr'><strong>ina-</strong></span> 
     </span>
    </p>
   </div>
   <div class='ocr_carea' id='block_1_99' title="bbox 1873 3944 3469 4014">
    <p class='ocr_par' dir='ltr' id='par_1_99' title="bbox 1873 3944 3469 4014">
     <span class='ocr_line' id='line_1_99' title="bbox 1873 3944 3469 4014; baseline -0.011 -1"><span class='ocrx_word' id='word_1_805' title='bbox 1873 3958 2029 4014; x_wconf 90' lang='lat' dir='ltr'><strong>nibtts</strong></span> <span class='ocrx_word' id='word_1_806' title='bbox 2057 3957 2201 4011; x_wconf 79' lang='lat' dir='ltr'><strong>fecit.</strong></span> <span class='ocrx_word' id='word_1_807' title='bbox 2232 3953 2348 4009; x_wconf 80' lang='lat' dir='ltr'><strong>Non</strong></span> <span class='ocrx_word' id='word_1_808' title='bbox 2381 3953 2453 4007; x_wconf 91' lang='lat' dir='ltr'><strong>ita</strong></span> <span class='ocrx_word' id='word_1_809' title='bbox 2480 3948 2817 4006; x_wconf 90' lang='lat' dir='ltr'><strong>sentiendum</strong></span> <span class='ocrx_word' id='word_1_810' title='bbox 2845 3956 2930 4001; x_wconf 91' lang='lat' dir='ltr'><strong>est</strong></span> <span class='ocrx_word' id='word_1_811' title='bbox 2958 3964 2970 3999; x_wconf 91' lang='lat'><strong>:</strong></span> <span class='ocrx_word' id='word_1_812' title='bbox 3001 3946 3208 4000; x_wconf 89' lang='lat' dir='ltr'><strong>inlirma</strong></span> <span class='ocrx_word' id='word_1_813' title='bbox 3235 3955 3318 4000; x_wconf 87' lang='lat' dir='ltr'><strong>est</strong></span> <span class='ocrx_word' id='word_1_814' title='bbox 3345 3944 3469 4008; x_wconf 89' lang='lat' dir='ltr'><strong>ista,</strong></span> 
     </span>
    </p>
   </div>
   <div class='ocr_carea' id='block_1_100' title="bbox 1872 4036 3473 4107">
    <p class='ocr_par' dir='ltr' id='par_1_100' title="bbox 1872 4036 3473 4107">
     <span class='ocr_line' id='line_1_100' title="bbox 1872 4036 3473 4107; baseline -0.009 -1"><span class='ocrx_word' id='word_1_815' title='bbox 1872 4060 1929 4107; x_wconf 89' lang='lat' dir='ltr'><strong>ct</strong></span> <span class='ocrx_word' id='word_1_816' title='bbox 1948 4065 2057 4105; x_wconf 92' lang='lat' dir='ltr'><strong>non</strong></span> <span class='ocrx_word' id='word_1_817' title='bbox 2084 4054 2212 4104; x_wconf 83' lang='lat' dir='ltr'><strong>satis</strong></span> <span class='ocrx_word' id='word_1_818' title='bbox 2241 4048 2456 4103; x_wconf 84' lang='lat' dir='ltr'><strong>climata</strong></span> <span class='ocrx_word' id='word_1_819' title='bbox 2483 4041 2746 4098; x_wconf 77' lang='lat' dir='ltr'><strong>sententia</strong></span> <span class='ocrx_word' id='word_1_820' title='bbox 2771 4056 2785 4104; x_wconf 92' lang='lat'><strong>;</strong></span> <span class='ocrx_word' id='word_1_821' title='bbox 2818 4040 2998 4094; x_wconf 86' lang='lat' dir='ltr'><strong>omnia</strong></span> <span class='ocrx_word' id='word_1_822' title='bbox 3027 4037 3174 4094; x_wconf 89' lang='lat' dir='ltr'><strong>enim</strong></span> <span class='ocrx_word' id='word_1_823' title='bbox 3201 4036 3366 4091; x_wconf 83' lang='lat' dir='ltr'><strong>verbo</strong></span> <span class='ocrx_word' id='word_1_824' title='bbox 3395 4037 3473 4091; x_wconf 64' lang='lat' dir='ltr'><strong>leo</strong></span> 
     </span>
    </p>
   </div>
   <div class='ocr_carea' id='block_1_101' title="bbox 1873 4127 3472 4206">
    <p class='ocr_par' dir='ltr' id='par_1_101' title="bbox 1873 4127 3472 4206">
     <span class='ocr_line' id='line_1_101' title="bbox 1873 4127 3472 4206; baseline -0.011 -8"><span class='ocrx_word' id='word_1_825' title='bbox 1873 4144 1965 4198; x_wconf 91' lang='lat' dir='ltr'><strong>cit.</strong></span> <span class='ocrx_word' id='word_1_826' title='bbox 1995 4141 2128 4198; x_wconf 85' lang='lat' dir='ltr'><strong>Nam</strong></span> <span class='ocrx_word' id='word_1_827' title='bbox 2157 4139 2282 4194; x_wconf 85' lang='lat' dir='ltr'><strong>licet</strong></span> <span class='ocrx_word' id='word_1_828' title='bbox 2307 4151 2468 4206; x_wconf 85' lang='lat' dir='ltr'><strong>opera</strong></span> <span class='ocrx_word' id='word_1_829' title='bbox 2496 4134 2590 4190; x_wconf 90' lang='lat' dir='ltr'><strong>Dei</strong></span> <span class='ocrx_word' id='word_1_830' title='bbox 2617 4133 2829 4188; x_wconf 85' lang='lat' dir='ltr'><strong>diversa</strong></span> <span class='ocrx_word' id='word_1_831' title='bbox 2862 4138 3165 4195; x_wconf 87' lang='lat' dir='ltr'><strong>narrentur,</strong></span> <span class='ocrx_word' id='word_1_832' title='bbox 3198 4129 3251 4182; x_wconf 93' lang='lat' dir='ltr'><strong>in</strong></span> <span class='ocrx_word' id='word_1_833' title='bbox 3276 4127 3472 4197; x_wconf 86' lang='lat' dir='ltr'><strong>quibus</strong></span> 
     </span>
    </p>
   </div>
   <div class='ocr_carea' id='block_1_102' title="bbox 1875 4219 3471 4298">
    <p class='ocr_par' dir='ltr' id='par_1_102' title="bbox 1875 4219 3471 4298">
     <span class='ocr_line' id='line_1_102' title="bbox 1875 4219 3471 4298; baseline -0.011 -8"><span class='ocrx_word' id='word_1_834' title='bbox 1875 4234 2147 4290; x_wconf 88' lang='lat' dir='ltr'><strong>hominem</strong></span> <span class='ocrx_word' id='word_1_835' title='bbox 2192 4231 2258 4286; x_wconf 90' lang='lat' dir='ltr'><strong>ad</strong></span> <span class='ocrx_word' id='word_1_836' title='bbox 2308 4231 2594 4298; x_wconf 79' lang='lat' dir='ltr'><strong>imaginem</strong></span> <span class='ocrx_word' id='word_1_837' title='bbox 2633 4239 2784 4280; x_wconf 89' lang='lat' dir='ltr'><strong>suam</strong></span> <span class='ocrx_word' id='word_1_838' title='bbox 2824 4222 2953 4277; x_wconf 84' lang='lat' dir='ltr'><strong>fecit</strong></span> <span class='ocrx_word' id='word_1_839' title='bbox 2983 4219 3136 4290; x_wconf 84' lang='lat' dir='ltr'><strong>(Gen.</strong></span> <span class='ocrx_word' id='word_1_840' title='bbox 3168 4223 3246 4289; x_wconf 83' lang='lat' dir='ltr'><strong>i);</strong></span> <span class='ocrx_word' id='word_1_841' title='bbox 3293 4228 3471 4274; x_wconf 89' lang='lat' dir='ltr'><strong>tamen</strong></span> 
     </span>
    </p>
   </div>
   <div class='ocr_carea' id='block_1_103' title="bbox 1872 4309 3476 4394">
    <p class='ocr_par' dir='ltr' id='par_1_103' title="bbox 1872 4309 3476 4394">
     <span class='ocr_line' id='line_1_103' title="bbox 1872 4309 3476 4394; baseline -0.012 -12"><span class='ocrx_word' id='word_1_842' title='bbox 1872 4327 2052 4382; x_wconf 90' lang='lat' dir='ltr'><strong>omnia</strong></span> <span class='ocrx_word' id='word_1_843' title='bbox 2078 4339 2175 4394; x_wconf 91' lang='lat' dir='ltr'><strong>per</strong></span> <span class='ocrx_word' id='word_1_844' title='bbox 2216 4325 2386 4392; x_wconf 88' lang='lat' dir='ltr'><strong>ipsum</strong></span> <span class='ocrx_word' id='word_1_845' title='bbox 2420 4321 2556 4373; x_wconf 77' lang='lat' dir='ltr'><strong>facta</strong></span> <span class='ocrx_word' id='word_1_846' title='bbox 2586 4325 2731 4382; x_wconf 91' lang='lat' dir='ltr'><strong>sunt,</strong></span> <span class='ocrx_word' id='word_1_847' title='bbox 2758 4321 2813 4370; x_wconf 89' lang='lat' dir='ltr'><strong>et</strong></span> <span class='ocrx_word' id='word_1_848' title='bbox 2840 4312 2958 4368; x_wconf 92' lang='lat' dir='ltr'><strong>sine</strong></span> <span class='ocrx_word' id='word_1_849' title='bbox 3002 4311 3119 4381; x_wconf 90' lang='lat' dir='ltr'><strong>ipso</strong></span> <span class='ocrx_word' id='word_1_850' title='bbox 3152 4309 3344 4364; x_wconf 76' lang='lat' dir='ltr'><strong>factum</strong></span> <span class='ocrx_word' id='word_1_851' title='bbox 3388 4317 3476 4363; x_wconf 87' lang='lat' dir='ltr'><strong>est</strong></span> 
     </span>
    </p>
   </div>
   <div class='ocr_carea' id='block_1_104' title="bbox 1873 4402 3470 4487">
    <p class='ocr_par' dir='ltr' id='par_1_104' title="bbox 1873 4402 3470 4487">
     <span class='ocr_line' id='line_1_104' title="bbox 1873 4402 3470 4487; baseline -0.013 -12"><span class='ocrx_word' id='word_1_852' title='bbox 1873 4419 2006 4475; x_wconf 82' lang='lat' dir='ltr'><strong>nihil</strong></span> <span class='ocrx_word' id='word_1_853' title='bbox 2035 4417 2214 4487; x_wconf 88' lang='lat' dir='ltr'><strong>(.loan.</strong></span> <span class='ocrx_word' id='word_1_854' title='bbox 2246 4431 2282 4478; x_wconf 89' lang='lat' dir='ltr'><strong>t,</strong></span> <span class='ocrx_word' id='word_1_855' title='bbox 2314 4415 2390 4481; x_wconf 77' lang='grc'><strong>5).</strong></span> <span class='ocrx_word' id='word_1_856' title='bbox 2428 4409 2577 4479; x_wconf 90' lang='lat' dir='ltr'><strong>Quod</strong></span> <span class='ocrx_word' id='word_1_857' title='bbox 2608 4417 2785 4462; x_wconf 90' lang='lat' dir='ltr'><strong>autem</strong></span> <span class='ocrx_word' id='word_1_858' title='bbox 2813 4405 2878 4460; x_wconf 90' lang='lat' dir='ltr'><strong>ad</strong></span> <span class='ocrx_word' id='word_1_859' title='bbox 2909 4417 3098 4457; x_wconf 89' lang='lat' dir='ltr'><strong>manus</strong></span> <span class='ocrx_word' id='word_1_860' title='bbox 3130 4403 3221 4456; x_wconf 89' lang='lat' dir='ltr'><strong>Dei</strong></span> <span class='ocrx_word' id='word_1_861' title='bbox 3251 4402 3470 4465; x_wconf 83' lang='lat' dir='ltr'><strong>attinet,</strong></span> 
     </span>
    </p>
   </div>
   <div class='ocr_carea' id='block_1_105' title="bbox 1873 4498 3474 4569">
    <p class='ocr_par' dir='ltr' id='par_1_105' title="bbox 1873 4498 3474 4569">
     <span class='ocr_line' id='line_1_105' title="bbox 1873 4498 3474 4569; baseline -0.014 -2"><span class='ocrx_word' id='word_1_862' title='bbox 1873 4513 1929 4567; x_wconf 86' lang='lat' dir='ltr'><strong>et</strong></span> <span class='ocrx_word' id='word_1_863' title='bbox 1955 4509 2024 4565; x_wconf 91' lang='lat' dir='ltr'><strong>de</strong></span> <span class='ocrx_word' id='word_1_864' title='bbox 2050 4509 2197 4565; x_wconf 63' lang='lat' dir='ltr'><strong>caelis</strong></span> <span class='ocrx_word' id='word_1_865' title='bbox 2215 4506 2414 4560; x_wconf 88' lang='lat' dir='ltr'><strong>dictum</strong></span> <span class='ocrx_word' id='word_1_866' title='bbox 2435 4511 2536 4564; x_wconf 88' lang='lat' dir='ltr'><strong>est,</strong></span> <span class='ocrx_word' id='word_1_867' title='bbox 2565 4498 2634 4554; x_wconf 84' lang='lat' dir='ltr'><strong>Et</strong></span> <span class='ocrx_word' id='word_1_868' title='bbox 2661 4513 2820 4569; x_wconf 86' lang='lat' dir='ltr'><strong>opera</strong></span> <span class='ocrx_word' id='word_1_869' title='bbox 2850 4510 3092 4548; x_wconf 77' lang='lat' dir='ltr'><strong>manuum</strong></span> <span class='ocrx_word' id='word_1_870' title='bbox 3122 4502 3326 4545; x_wconf 85' lang='lat' dir='ltr'><strong>tuarum</strong></span> <span class='ocrx_word' id='word_1_871' title='bbox 3352 4499 3474 4545; x_wconf 85' lang='lat' dir='ltr'><strong>sunt</strong></span> 
     </span>
    </p>
   </div>
   <div class='ocr_carea' id='block_1_106' title="bbox 1875 4583 3477 4672">
    <p class='ocr_par' dir='ltr' id='par_1_106' title="bbox 1875 4583 3477 4672">
     <span class='ocr_line' id='line_1_106' title="bbox 1875 4583 3477 4672; baseline -0.014 -15"><span class='ocrx_word' id='word_1_872' title='bbox 1875 4601 1988 4657; x_wconf 66' lang='lat' dir='ltr'><strong>caeli</strong></span> <span class='ocrx_word' id='word_1_873' title='bbox 2019 4599 2189 4672; x_wconf 84' lang='lat' dir='ltr'><strong>(Psal.</strong></span> <span class='ocrx_word' id='word_1_874' title='bbox 2217 4612 2289 4659; x_wconf 81' lang='lat' dir='ltr'><strong>cr,</strong></span> <span class='ocrx_word' id='word_1_875' title='bbox 2319 4595 2411 4664; x_wconf 76' lang='lat'><strong>9.6)</strong></span> <span class='ocrx_word' id='word_1_876' title='bbox 2436 4609 2450 4659; x_wconf 91' lang='lat'>;</span> <span class='ocrx_word' id='word_1_877' title='bbox 2482 4601 2536 4648; x_wconf 91' lang='lat' dir='ltr'><strong>et</strong></span> <span class='ocrx_word' id='word_1_878' title='bbox 2566 4605 2634 4646; x_wconf 87' lang='lat' dir='ltr'><strong>ne</strong></span> <span class='ocrx_word' id='word_1_879' title='bbox 2665 4597 2818 4659; x_wconf 91' lang='lat' dir='ltr'><strong>putes</strong></span> <span class='ocrx_word' id='word_1_880' title='bbox 2842 4589 3001 4643; x_wconf 90' lang='lat' dir='ltr'><strong>etiam</strong></span> <span class='ocrx_word' id='word_1_881' title='bbox 3044 4583 3114 4640; x_wconf 88' lang='lat' dir='ltr'><strong>ibi</strong></span> <span class='ocrx_word' id='word_1_882' title='bbox 3153 4585 3319 4638; x_wconf 62' lang='lat' dir='ltr'><strong>caelos</strong></span> <span class='ocrx_word' id='word_1_883' title='bbox 3344 4599 3477 4636; x_wconf 81' lang='lat' dir='ltr'><strong>san-</strong></span> 
     </span>
    </p>
   </div>
   <div class='ocr_carea' id='block_1_107' title="bbox 1875 4681 3475 4757">
    <p class='ocr_par' dir='ltr' id='par_1_107' title="bbox 1875 4681 3475 4757">
     <span class='ocr_line' id='line_1_107' title="bbox 1875 4681 3475 4757; baseline -0.015 -7"><span class='ocrx_word' id='word_1_884' title='bbox 1875 4709 1991 4751; x_wconf 88' lang='lat' dir='ltr'><strong>ctos</strong></span> <span class='ocrx_word' id='word_1_885' title='bbox 2020 4693 2190 4748; x_wconf 89' lang='lat' dir='ltr'><strong>dictos</strong></span> <span class='ocrx_word' id='word_1_886' title='bbox 2211 4688 2474 4757; x_wconf 88' lang='lat' dir='ltr'><strong>subjecit:</strong></span> <span class='ocrx_word' id='word_1_887' title='bbox 2509 4682 2620 4755; x_wconf 78' lang='lat' dir='ltr'><strong>Ipsi</strong></span> <span class='ocrx_word' id='word_1_888' title='bbox 2647 4681 2894 4753; x_wconf 83' lang='lat' dir='ltr'><strong>peribunt,</strong></span> <span class='ocrx_word' id='word_1_889' title='bbox 2921 4687 2977 4732; x_wconf 89' lang='lat' dir='ltr'><strong>tu</strong></span> <span class='ocrx_word' id='word_1_890' title='bbox 3014 4686 3180 4730; x_wconf 90' lang='lat' dir='ltr'><strong>autem</strong></span> <span class='ocrx_word' id='word_1_891' title='bbox 3211 4689 3475 4743; x_wconf 68' lang='lat' dir='ltr'><strong>permane:</strong></span> 
     </span>
    </p>
   </div>
   <div class='ocr_carea' id='block_1_108' title="bbox 1878 4768 3478 4861">
    <p class='ocr_par' dir='ltr' id='par_1_108' title="bbox 1878 4768 3478 4861">
     <span class='ocr_line' id='line_1_108' title="bbox 1878 4768 3478 4861; baseline -0.013 -19"><span class='ocrx_word' id='word_1_892' title='bbox 1878 4787 2065 4861; x_wconf 85' lang='lat' dir='ltr'><strong>(lbid.,</strong></span> <span class='ocrx_word' id='word_1_893' title='bbox 2085 4783 2203 4854; x_wconf 74' lang='lat'><strong>&#39;27).</strong></span> <span class='ocrx_word' id='word_1_894' title='bbox 2238 4782 2376 4850; x_wconf 84' lang='lat' dir='ltr'><strong>Ergo</strong></span> <span class='ocrx_word' id='word_1_895' title='bbox 2396 4793 2499 4832; x_wconf 92' lang='lat' dir='ltr'><strong>non</strong></span> <span class='ocrx_word' id='word_1_896' title='bbox 2517 4776 2686 4831; x_wconf 92' lang='lat' dir='ltr'><strong>solum</strong></span> <span class='ocrx_word' id='word_1_897' title='bbox 2711 4771 2974 4835; x_wconf 88' lang='lat' dir='ltr'><strong>homines,</strong></span> <span class='ocrx_word' id='word_1_898' title='bbox 3000 4769 3092 4824; x_wconf 90' lang='lat' dir='ltr'><strong>sed</strong></span> <span class='ocrx_word' id='word_1_899' title='bbox 3122 4768 3282 4824; x_wconf 90' lang='lat' dir='ltr'><strong>etiam</strong></span> <span class='ocrx_word' id='word_1_900' title='bbox 3306 4768 3478 4822; x_wconf 66' lang='lat' dir='ltr'><strong>caelos</strong></span> 
     </span>
    </p>
   </div>
   <div class='ocr_carea' id='block_1_109' title="bbox 1877 4859 3471 4950">
    <p class='ocr_par' dir='ltr' id='par_1_109' title="bbox 1877 4859 3471 4950">
     <span class='ocr_line' id='line_1_109' title="bbox 1877 4859 3471 4950; baseline -0.014 -16"><span class='ocrx_word' id='word_1_901' title='bbox 1877 4859 1966 4950; x_wconf 84' lang='lat' dir='ltr'><strong>qui</strong></span> <span class='ocrx_word' id='word_1_902' title='bbox 2010 4875 2278 4947; x_wconf 90' lang='lat' dir='ltr'><strong>peribunt,</strong></span> <span class='ocrx_word' id='word_1_903' title='bbox 2315 4873 2456 4926; x_wconf 88' lang='lat' dir='ltr'><strong>Deus</strong></span> <span class='ocrx_word' id='word_1_904' title='bbox 2508 4866 2755 4923; x_wconf 89' lang='lat' dir='ltr'><strong>manibus</strong></span> <span class='ocrx_word' id='word_1_905' title='bbox 2798 4864 2909 4919; x_wconf 83' lang='lat' dir='ltr'><strong>suis</strong></span> <span class='ocrx_word' id='word_1_906' title='bbox 2950 4861 3098 4928; x_wconf 78' lang='lat' dir='ltr'><strong>fecit,</strong></span> <span class='ocrx_word' id='word_1_907' title='bbox 3136 4860 3218 4913; x_wconf 91' lang='lat' dir='ltr'><strong>cui</strong></span> <span class='ocrx_word' id='word_1_908' title='bbox 3266 4859 3471 4914; x_wconf 89' lang='lat' dir='ltr'><strong>dictum</strong></span> 
     </span>
    </p>
   </div>
   <div class='ocr_carea' id='block_1_110' title="bbox 1878 4949 3477 5038">
    <p class='ocr_par' dir='ltr' id='par_1_110' title="bbox 1878 4949 3477 5038">
     <span class='ocr_line' id='line_1_110' title="bbox 1878 4949 3477 5038; baseline -0.015 -12"><span class='ocrx_word' id='word_1_909' title='bbox 1878 4949 1981 5038; x_wconf 85' lang='lat' dir='ltr'><strong>est,</strong></span> <span class='ocrx_word' id='word_1_910' title='bbox 2017 4968 2186 5034; x_wconf 87' lang='lat' dir='ltr'><strong>Opera</strong></span> <span class='ocrx_word' id='word_1_911' title='bbox 2213 4979 2458 5018; x_wconf 87' lang='lat' dir='ltr'><strong>manuum</strong></span> <span class='ocrx_word' id='word_1_912' title='bbox 2488 4971 2689 5014; x_wconf 87' lang='lat' dir='ltr'><strong>tuarum</strong></span> <span class='ocrx_word' id='word_1_913' title='bbox 2710 4963 2829 5010; x_wconf 84' lang='lat' dir='ltr'><strong>sunt</strong></span> <span class='ocrx_word' id='word_1_914' title='bbox 2857 4954 3001 5017; x_wconf 69' lang='lat' dir='ltr'><strong>caeli;</strong></span> <span class='ocrx_word' id='word_1_915' title='bbox 3027 4959 3081 5005; x_wconf 90' lang='lat' dir='ltr'><strong>et</strong></span> <span class='ocrx_word' id='word_1_916' title='bbox 3105 4950 3174 5004; x_wconf 88' lang='lat' dir='ltr'><strong>de</strong></span> <span class='ocrx_word' id='word_1_917' title='bbox 3204 4958 3342 5004; x_wconf 88' lang='lat' dir='ltr'><strong>terra</strong></span> <span class='ocrx_word' id='word_1_918' title='bbox 3372 4949 3477 5002; x_wconf 91' lang='lat' dir='ltr'><strong>hoc</strong></span> 
     </span>
    </p>
   </div>
   <div class='ocr_carea' id='block_1_111' title="bbox 1880 5039 3476 5119">
    <p class='ocr_par' dir='ltr' id='par_1_111' title="bbox 1880 5039 3476 5119">
     <span class='ocr_line' id='line_1_111' title="bbox 1880 5039 3476 5119; baseline -0.016 -2"><span class='ocrx_word' id='word_1_919' title='bbox 1880 5063 2020 5117; x_wconf 89' lang='lat' dir='ltr'><strong>idem</strong></span> <span class='ocrx_word' id='word_1_920' title='bbox 2047 5059 2246 5114; x_wconf 90' lang='lat' dir='ltr'><strong>dictum</strong></span> <span class='ocrx_word' id='word_1_921' title='bbox 2268 5063 2350 5109; x_wconf 90' lang='lat' dir='ltr'><strong>est</strong></span> <span class='ocrx_word' id='word_1_922' title='bbox 2377 5071 2388 5108; x_wconf 94' lang='lat'><strong>:</strong></span> <span class='ocrx_word' id='word_1_923' title='bbox 2419 5050 2671 5119; x_wconf 85' lang='lat' dir='ltr'><strong>Quoniam</strong></span> <span class='ocrx_word' id='word_1_924' title='bbox 2696 5047 2856 5117; x_wconf 75' lang='lat' dir='ltr'><strong>ipsius</strong></span> <span class='ocrx_word' id='word_1_925' title='bbox 2877 5054 2949 5098; x_wconf 84' lang='lat' dir='ltr'><strong>est</strong></span> <span class='ocrx_word' id='word_1_926' title='bbox 2976 5056 3132 5104; x_wconf 87' lang='lat' dir='ltr'><strong>mare,</strong></span> <span class='ocrx_word' id='word_1_927' title='bbox 3162 5051 3208 5094; x_wconf 85' lang='lat' dir='ltr'><strong>et</strong></span> <span class='ocrx_word' id='word_1_928' title='bbox 3225 5040 3332 5108; x_wconf 84' lang='lat' dir='ltr'><strong>ipse</strong></span> <span class='ocrx_word' id='word_1_929' title='bbox 3355 5039 3476 5107; x_wconf 78' lang='lat' dir='ltr'><strong>fecit</strong></span> 
     </span>
    </p>
   </div>
   <div class='ocr_carea' id='block_1_112' title="bbox 1879 5129 3476 5214">
    <p class='ocr_par' dir='ltr' id='par_1_112' title="bbox 1879 5129 3476 5214">
     <span class='ocr_line' id='line_1_112' title="bbox 1879 5129 3476 5214; baseline -0.016 -6"><span class='ocrx_word' id='word_1_930' title='bbox 1879 5153 2029 5214; x_wconf 81' lang='lat' dir='ltr'><strong>illud.</strong></span> <span class='ocrx_word' id='word_1_931' title='bbox 2045 5162 2092 5205; x_wconf 89' lang='lat' dir='ltr'><strong>et</strong></span> <span class='ocrx_word' id='word_1_932' title='bbox 2116 5149 2315 5203; x_wconf 81' lang='lat' dir='ltr'><strong>aridam</strong></span> <span class='ocrx_word' id='word_1_933' title='bbox 2343 5161 2524 5199; x_wconf 82' lang='lat' dir='ltr'><strong>manus</strong></span> <span class='ocrx_word' id='word_1_934' title='bbox 2547 5143 2654 5212; x_wconf 71' lang='lat' dir='ltr'><strong>ejus</strong></span> <span class='ocrx_word' id='word_1_935' title='bbox 2672 5138 3008 5210; x_wconf 77' lang='lat' dir='ltr'><strong>fundaverant</strong></span> <span class='ocrx_word' id='word_1_936' title='bbox 3025 5133 3197 5203; x_wconf 84' lang='lat' dir='ltr'><strong>(Psal.</strong></span> <span class='ocrx_word' id='word_1_937' title='bbox 3214 5144 3359 5196; x_wconf 71' lang='grc' dir='ltr'><strong>χειν,</strong></span> <span class='ocrx_word' id='word_1_938' title='bbox 3379 5131 3433 5197; x_wconf 81' lang='grc'>5)</span> <span class='ocrx_word' id='word_1_939' title='bbox 3449 5129 3476 5183; x_wconf 88' lang='lat'><strong>?</strong></span> 
     </span>
    </p>
   </div>
   <div class='ocr_carea' id='block_1_113' title="bbox 1881 5223 3475 5316">
    <p class='ocr_par' dir='ltr' id='par_1_113' title="bbox 1881 5223 3475 5316">
     <span class='ocr_line' id='line_1_113' title="bbox 1881 5223 3475 5316; baseline -0.017 -15"><span class='ocrx_word' id='word_1_940' title='bbox 1881 5247 2024 5316; x_wconf 83' lang='lat' dir='ltr'><strong>Ergo</strong></span> <span class='ocrx_word' id='word_1_941' title='bbox 2050 5243 2093 5297; x_wconf 89' lang='lat' dir='ltr'><strong>si</strong></span> <span class='ocrx_word' id='word_1_942' title='bbox 2125 5250 2179 5297; x_wconf 90' lang='lat' dir='ltr'><strong>et</strong></span> <span class='ocrx_word' id='word_1_943' title='bbox 2225 5240 2396 5294; x_wconf 64' lang='lat' dir='ltr'><strong>caelos</strong></span> <span class='ocrx_word' id='word_1_944' title='bbox 2443 5233 2688 5290; x_wconf 87' lang='lat' dir='ltr'><strong>manibus</strong></span> <span class='ocrx_word' id='word_1_945' title='bbox 2719 5238 2773 5284; x_wconf 91' lang='lat' dir='ltr'><strong>et</strong></span> <span class='ocrx_word' id='word_1_946' title='bbox 2821 5237 3016 5282; x_wconf 90' lang='lat' dir='ltr'><strong>terram</strong></span> <span class='ocrx_word' id='word_1_947' title='bbox 3067 5223 3330 5284; x_wconf 84' lang='lat' dir='ltr'><strong>manibus,</strong></span> <span class='ocrx_word' id='word_1_948' title='bbox 3365 5236 3475 5276; x_wconf 86' lang='lat' dir='ltr'><strong>non</strong></span> 
     </span>
    </p>
   </div>
   <div class='ocr_carea' id='block_1_114' title="bbox 1882 5313 3477 5392">
    <p class='ocr_par' dir='ltr' id='par_1_114' title="bbox 1882 5313 3477 5392">
     <span class='ocr_line' id='line_1_114' title="bbox 1882 5313 3477 5392; baseline -0.014 -1"><span class='ocrx_word' id='word_1_949' title='bbox 1882 5313 2052 5392; x_wconf 70' lang='lat' dir='ltr'><strong>solum</strong></span> <span class='ocrx_word' id='word_1_950' title='bbox 2080 5333 2352 5388; x_wconf 85' lang='lat' dir='ltr'><strong>hominem</strong></span> <span class='ocrx_word' id='word_1_951' title='bbox 2381 5327 2505 5384; x_wconf 77' lang='lat' dir='ltr'><strong>fecit</strong></span> <span class='ocrx_word' id='word_1_952' title='bbox 2543 5324 2785 5380; x_wconf 84' lang='lat' dir='ltr'><strong>inanibus</strong></span> <span class='ocrx_word' id='word_1_953' title='bbox 2810 5339 2823 5375; x_wconf 89' lang='lat'><strong>:</strong></span> <span class='ocrx_word' id='word_1_954' title='bbox 2847 5329 2901 5375; x_wconf 92' lang='lat' dir='ltr'><strong>et</strong></span> <span class='ocrx_word' id='word_1_955' title='bbox 2931 5318 2973 5373; x_wconf 83' lang='lat' dir='ltr'><strong>si</strong></span> <span class='ocrx_word' id='word_1_956' title='bbox 3002 5317 3167 5372; x_wconf 62' lang='lat' dir='ltr'><strong>caelos</strong></span> <span class='ocrx_word' id='word_1_957' title='bbox 3207 5313 3393 5377; x_wconf 88' lang='lat' dir='ltr'><strong>verbo,</strong></span> <span class='ocrx_word' id='word_1_958' title='bbox 3422 5321 3477 5372; x_wconf 85' lang='lat' dir='ltr'><strong>et</strong></span> 
     </span>
    </p>
   </div>
   <div class='ocr_carea' id='block_1_115' title="bbox 1885 5405 3474 5492">
    <p class='ocr_par' dir='ltr' id='par_1_115' title="bbox 1885 5405 3474 5492">
     <span class='ocr_line' id='line_1_115' title="bbox 1885 5405 3474 5492; baseline -0.017 -8"><span class='ocrx_word' id='word_1_959' title='bbox 1885 5439 2078 5484; x_wconf 82' lang='lat' dir='ltr'><strong>terram</strong></span> <span class='ocrx_word' id='word_1_960' title='bbox 2109 5425 2292 5488; x_wconf 84' lang='lat' dir='ltr'><strong>verbo,</strong></span> <span class='ocrx_word' id='word_1_961' title='bbox 2325 5437 2452 5492; x_wconf 83' lang='lat' dir='ltr'><strong>ergo</strong></span> <span class='ocrx_word' id='word_1_962' title='bbox 2476 5427 2528 5474; x_wconf 90' lang='lat' dir='ltr'><strong>et</strong></span> <span class='ocrx_word' id='word_1_963' title='bbox 2555 5416 2826 5472; x_wconf 88' lang='lat' dir='ltr'><strong>hominem</strong></span> <span class='ocrx_word' id='word_1_964' title='bbox 2873 5409 3057 5468; x_wconf 87' lang='lat' dir='ltr'><strong>verbo.</strong></span> <span class='ocrx_word' id='word_1_965' title='bbox 3107 5407 3258 5476; x_wconf 83' lang='lat' dir='ltr'><strong>Quod</strong></span> <span class='ocrx_word' id='word_1_966' title='bbox 3287 5405 3474 5475; x_wconf 85' lang='lat' dir='ltr'><strong>verbo,</strong></span> 
     </span>
    </p>
   </div>
   <div class='ocr_carea' id='block_1_116' title="bbox 1947 5598 3477 5680">
    <p class='ocr_par' dir='ltr' id='par_1_116' title="bbox 1947 5598 3477 5680">
     <span class='ocr_line' id='line_1_116' title="bbox 1947 5598 3477 5680; baseline -0.014 -9"><span class='ocrx_word' id='word_1_967' title='bbox 1947 5625 1962 5655; x_wconf 75' lang='grc' dir='ltr'>ί</span> <span class='ocrx_word' id='word_1_968' title='bbox 1989 5622 2170 5671; x_wconf 81' lang='lat' dir='ltr'><strong>catiau.</strong></span> <span class='ocrx_word' id='word_1_969' title='bbox 2207 5616 2410 5680; x_wconf 78' lang='lat' dir='ltr'><strong>eodex_:</strong></span> <span class='ocrx_word' id='word_1_970' title='bbox 2450 5609 2671 5680; x_wconf 82' lang='lat' dir='ltr'><strong>gratiam_</strong></span> <span class='ocrx_word' id='word_1_971' title='bbox 2695 5604 3346 5680; x_wconf 70' lang='lat' dir='ltr'><strong>remissionis</strong></span> <span class='ocrx_word' id='word_1_972' title='bbox 3390 5598 3477 5650; x_wconf 77' lang='lat' dir='ltr'><strong>Alii</strong></span> 
     </span>
    </p>
   </div>
   <div class='ocr_carea' id='block_1_117' title="bbox 1883 5673 3209 5750">
    <p class='ocr_par' dir='ltr' id='par_1_117' title="bbox 1883 5673 3209 5750">
     <span class='ocr_line' id='line_1_117' title="bbox 1883 5673 3209 5750; baseline -0.017 -16"><span class='ocrx_word' id='word_1_973' title='bbox 1883 5684 2076 5750; x_wconf 83' lang='lat' dir='ltr'><strong>quidam</strong></span> <span class='ocrx_word' id='word_1_974' title='bbox 2104 5689 2233 5750; x_wconf 54' lang='grc' dir='ltr'><strong>διες,</strong></span> <span class='ocrx_word' id='word_1_975' title='bbox 2254 5673 2469 5743; x_wconf 74' lang='lat' dir='ltr'><strong>gratiam</strong></span> <span class='ocrx_word' id='word_1_976' title='bbox 2481 5680 2531 5750; x_wconf 83' lang='lat' dir='ltr'><strong>et</strong></span> <span class='ocrx_word' id='word_1_977' title='bbox 2549 5673 3209 5750; x_wconf 48' lang='lat' dir='ltr'><strong>renuﬁimiempeoqatprum.</strong></span> 
     </span>
    </p>
   </div>
   <div class='ocr_carea' id='block_1_118' title="bbox 1948 5728 3362 5806">
    <p class='ocr_par' dir='ltr' id='par_1_118' title="bbox 1948 5728 3362 5806">
     <span class='ocr_line' id='line_1_118' title="bbox 1948 5728 3362 5806; baseline -0.017 -10"><span class='ocrx_word' id='word_1_978' title='bbox 1948 5728 2124 5800; x_wconf 52' lang='lat'>5139.;</span> <span class='ocrx_word' id='word_1_979' title='bbox 2141 5728 2336 5806; x_wconf 32' lang='lat' dir='ltr'><strong>quiaine</strong></span> <span class='ocrx_word' id='word_1_980' title='bbox 2361 5751 2453 5806; x_wconf 77' lang='lat' dir='ltr'><strong>non</strong></span> <span class='ocrx_word' id='word_1_981' title='bbox 2475 5734 2643 5806; x_wconf 59' lang='lat' dir='ltr'><strong>gratis.</strong></span> <span class='ocrx_word' id='word_1_982' title='bbox 2670 5735 2834 5792; x_wconf 78' lang='lat' dir='ltr'><strong>Abest,</strong></span> <span class='ocrx_word' id='word_1_983' title='bbox 2857 5728 2935 5789; x_wconf 74' lang='lat' dir='ltr'><strong>ne,</strong></span> <span class='ocrx_word' id='word_1_984' title='bbox 2958 5728 3022 5776; x_wconf 89' lang='lat' dir='ltr'><strong>ab</strong></span> <span class='ocrx_word' id='word_1_985' title='bbox 3045 5733 3117 5775; x_wconf 65' lang='lat' dir='ltr'><strong>Er.</strong></span> <span class='ocrx_word' id='word_1_986' title='bbox 3145 5733 3197 5776; x_wconf 89' lang='lat' dir='ltr'><strong>et</strong></span> <span class='ocrx_word' id='word_1_987' title='bbox 3212 5739 3237 5772; x_wconf 87' lang='lat' dir='ltr'><strong>a</strong></span> <span class='ocrx_word' id='word_1_988' title='bbox 3256 5730 3362 5772; x_wconf 65' lang='lat' dir='ltr'><strong>uss.</strong></span> 
     </span>
    </p>
   </div>
   <div class='ocr_carea' id='block_1_119' title="bbox 1950 5795 2698 5856">
    <p class='ocr_par' dir='ltr' id='par_1_119' title="bbox 1950 5795 2698 5856">
     <span class='ocr_line' id='line_1_119' title="bbox 1950 5795 2698 5856; baseline -0.02 -1"><span class='ocrx_word' id='word_1_989' title='bbox 1950 5810 1968 5840; x_wconf 83' lang='grc'><em>³</em></span> <span class='ocrx_word' id='word_1_990' title='bbox 1991 5795 2172 5856; x_wconf 61' lang='lat' dir='ltr'><strong>Catiau&#39;.</strong></span> <span class='ocrx_word' id='word_1_991' title='bbox 2199 5802 2375 5855; x_wconf 78' lang='lat' dir='ltr'><strong>codex,</strong></span> <span class='ocrx_word' id='word_1_992' title='bbox 2401 5795 2698 5856; x_wconf 77' lang='lat' dir='ltr'><strong>bene/icium.</strong></span> 
     </span>
    </p>
   </div>
   <div class='ocr_carea' id='block_1_120' title="bbox 1951 5853 3350 5930">
    <p class='ocr_par' dir='ltr' id='par_1_120' title="bbox 1951 5853 3350 5930">
     <span class='ocr_line' id='line_1_120' title="bbox 1951 5853 3350 5930; baseline -0.017 -9"><span class='ocrx_word' id='word_1_993' title='bbox 1951 5871 1972 5901; x_wconf 71' lang='grc' dir='ltr'>δ</span> <span class='ocrx_word' id='word_1_994' title='bbox 1996 5853 2146 5920; x_wconf 44' lang='lat' dir='ltr'><strong>Eiet</strong></span> <span class='ocrx_word' id='word_1_995' title='bbox 2169 5853 2392 5930; x_wconf 80' lang='lat' dir='ltr'><strong>plerique</strong></span> <span class='ocrx_word' id='word_1_996' title='bbox 2414 5853 2541 5922; x_wconf 50' lang='lat' dir='ltr'><strong>uss.)</strong></span> <span class='ocrx_word' id='word_1_997' title='bbox 2565 5869 2630 5909; x_wconf 70' lang='lat' dir='ltr'><strong>ex</strong></span> <span class='ocrx_word' id='word_1_998' title='bbox 2648 5854 2874 5906; x_wconf 82' lang='lat' dir='ltr'><strong>danmato</strong></span> <span class='ocrx_word' id='word_1_999' title='bbox 2895 5862 3039 5916; x_wconf 79' lang='lat' dir='ltr'><strong>regno</strong></span> <span class='ocrx_word' id='word_1_1000' title='bbox 3062 5853 3350 5909; x_wconf 72' lang='lat' dir='ltr'><strong>assumptus.</strong></span> 
     </span>
    </p>
   </div>
  </div>
