3956 6332
431 426 532 485 159

428 544 529 596 hoc
560 556 756 603 manu;
785 548 837 592 ct
860 536 998 606 quod
1031 549 1210 598 manu,
1237 532 1341 587 hoc
1370 529 1570 585 verbo:
1604 543 1707 580 non
1745 525 1886 579 cnim
1920 523 2014 575 huc

429 631 602 684 manis
632 629 886 684 membris
916 636 1116 681 statura
1156 625 1248 678 Dei
1275 623 1518 677 distincta
1551 628 1653 680 est,
1687 616 1776 685 qui
1825 615 2018 682 ubique

429 729 571 774 totus
597 729 699 784 est,
732 728 786 772 et
809 717 951 771 nullo
984 715 1290 770 continetur
1320 713 1476 775 loco;
1525 708 1665 778 quod
1693 721 1823 775 ergo
1856 702 2018 756 verbo

429 813 570 876 fecit,
602 812 859 880 sapientia
894 810 1039 872 fecit,
1068 817 1125 863 et
1159 807 1297 877 quod
1331 820 1490 859 manu
1520 801 1667 864 fecit,
1702 801 1897 853 virtute
1937 796 2019 850 fe—

428 905 522 958 cit.
554 902 799 957 Christus
825 911 908 955 est
937 910 1113 955 autem
1165 897 1258 952 Dei
1299 895 1482 949 Virtus
1527 901 1581 947 et
1617 892 1707 944 Dei
1746 887 2015 957 Sapientia

428 993 482 1067 (Ι
516 994 632 1048 Cor.
663 1009 700 1059 ι,
739 992 830 1059 24)
853 1010 864 1044 :
889 989 1077 1046 Omnia
1105 996 1280 1041 autem
1317 986 1601 1056 peripsum
1631 981 1763 1035 facta
1794 987 1936 1042 sunt,
1965 985 2020 1032 et

429 1091 546 1142 sine
593 1088 708 1157 ipso
759 1085 955 1140 factum
1002 1093 1085 1140 est
1133 1081 1288 1137 nihil.
1344 1080 1693 1140 Enarrarunt,
1743 1079 2016 1136 enarrant,

428 1182 754 1236 enarrabunt
780 1179 904 1234 cali
944 1178 1164 1247 gloriam
1214 1173 1308 1228 Dei
1340 1190 1352 1226 :
1383 1168 1731 1232 enarrabunt,
1777 1166 2014 1234 inquam,

427 1272 573 1334 «eli,
609 1271 710 1324 hoc
743 1279 826 1324 est
869 1268 1061 1333 sancti,
1087 1267 1310 1337 gloriam
1354 1261 1469 1325 Dei,
1498 1276 1528 1315 a
1569 1269 1708 1316 terra
1749 1254 2014 1327 suspensi.

430 1363 598 1420 Deum
630 1373 921 1435 portantes,
954 1362 1233 1433 perceptis
1259 1366 1524 1420 tonantes,
1556 1351 1813 1423 sapientia
1861 1363 2018 1404 coru-

428 1467 679 1520 scantes;
717 1457 885 1523 illam,
916 1465 972 1509 ut
1002 1455 1131 1520 dixi,
1164 1451 1385 1523 gloriam
1422 1448 1537 1513 Dei,
1575 1461 1679 1517 qua
1716 1443 1848 1498 salvi
1893 1438 2016 1495 facti

429 1562 616 1601 smnus
642 1546 864 1616 indigni.
900 1546 1048 1600 llanc
1074 1543 1462 1614 indignitatem,
1503 1536 1556 1592 id
1595 1545 1698 1599 est,
1731 1548 1833 1604 qua
1869 1529 2015 1601 digni

430 1653 537 1693 non
567 1638 787 1703 fuimus,
837 1637 1077 1708 agnoscit
1120 1636 1259 1690 ﬁlius
1291 1635 1468 1688 minor
1507 1637 1743 1701 egestate
1783 1624 2020 1682 constri-

429 1741 586 1785 ctus:
614 1731 878 1802 agnoscit,
902 1731 1142 1799 inquam,
1169 1728 1307 1782 hanc
1336 1725 1703 1796 indignitatem
1733 1721 1870 1775 ﬁlius
1918 1718 2018 1774 mi-

431 1836 532 1875 uor
558 1835 588 1874 a
609 1831 758 1890 patre
786 1820 939 1890 longe
983 1818 1312 1889 peregrinus,
1341 1816 1646 1871 dromonum
1672 1811 1866 1876 cultor,
1896 1818 2014 1864 tan-

427 1925 587 1980 quam
631 1924 914 1979 porcorum
959 1919 1170 1979 pastor;
1206 1907 1447 1978 agnoscit
1487 1904 1708 1974 gloriam
1759 1901 1875 1967 Dei,
1919 1899 2016 1956 sed

427 2011 666 2071 egestate
692 2001 1037 2056 constrictus.
1066 2000 1130 2055 Et
1165 2000 1287 2070 quia
1315 1999 1402 2053 illa
1440 1997 1604 2068 gloria
1654 1995 1744 2050 Dei
1776 1994 1894 2048 facti
1921 2009 2014 2049 su-

427 2107 548 2144 mus
574 2092 713 2161 quod
740 2091 884 2162 digni
912 2108 1019 2146 non
1063 2091 1279 2157 fuimus,
1323 2089 1452 2144 dicit
1478 2088 1543 2142 ad
1576 2089 1782 2142 Patrem
1816 2101 1970 2140 suum
1997 2103 2012 2141 :

432 2181 551 2236 Non
579 2199 691 2236 sunt
731 2181 916 2253 dignus
944 2182 1112 2236 vocari
1154 2181 1292 2250 ﬁlius
1320 2191 1435 2233 tuus
1461 2179 1611 2252 (Luc.
1644 2194 1733 2244 xv,
1760 2177 1851 2246 21)
1887 2195 1900 2229 :
1934 2177 2015 2230 in-

427 2272 573 2340 felix,
606 2289 699 2342 per
727 2273 1080 2328 humilitatem
1121 2274 1367 2342 impetrat
1392 2270 1731 2333 felicitatem;
1762 2278 1815 2323 et
1850 2283 1916 2323 eo
1955 2283 2016 2323 se

424 2362 656 2418 osmudit
681 2363 918 2433 dignum,
950 2378 1056 2432 quo
1077 2363 1364 2418 conﬁtetur
1397 2360 1691 2430 indignum.
1727 2359 1874 2412 Hauc
1897 2357 2012 2428 glo-

424 2455 551 2507 riam
579 2451 675 2507 Dei
705 2453 817 2508 ccli
847 2462 1106 2518 enarrant,
1149 2461 1196 2506 et
1223 2468 1376 2522 opera
1405 2467 1650 2504 manuum
1675 2449 1784 2520 ejus
1810 2465 2012 2502 annun-

423 2545 513 2599 tiat
537 2545 912 2614 ﬁrmamentum
941 2562 961 2599 :
987 2545 1183 2600 crelum
1208 2543 1626 2607 ﬁrmamentum,
1656 2541 1866 2606 ﬁrmpm
1894 2555 2009 2602 cor,

424 2648 528 2686 non
581 2634 822 2689 timidum
859 2649 973 2689 cor.
1022 2635 1346 2688 Annuutiata
1383 2633 1524 2688 enim
1561 2642 1687 2687 sunt
1731 2631 1830 2686 ista
1877 2631 2014 2685 inter

423 2725 639 2795 impios,
687 2727 828 2782 inter
869 2727 1124 2780 adversos
1165 2726 1295 2792 Deo,
1338 2726 1476 2778 inter
1520 2731 1788 2778 amatores
1831 2721 2013 2776 mundi

425 2826 905 2887 persecutoresque
930 2818 1192 2886 justorum
1220 2833 1232 2868 :
1263 2816 1403 2871 inter
1418 2814 1726 2869 saevientem
1759 2813 2013 2868 mundum

422 2911 734 2965 annuntiata
756 2921 879 2965 sunt
907 2909 1025 2964 ista.
1059 2909 1162 2964 Sed
1189 2909 1416 2963 smviens
1444 2908 1678 2963 mundus
1701 2905 1826 2976 quid
1866 2915 2015 2975 pote-

423 3013 507 3059 rat
557 3003 754 3067 lacerc,
785 3002 998 3072 quando
1050 3003 1441 3056 ﬁrmamentum
1483 3001 1584 3055 ista
1622 2997 2015 3053 annuntiabat?

424 3093 703 3147 Annuntiat
745 3093 1116 3161 firmamentum
1145 3107 1164 3144 :
1193 3091 1358 3161 quid?
1391 3091 1561 3160 Opera
1613 3106 1852 3144 manuum
1880 3089 2010 3154 eius.

423 3185 553 3251 Qua:
579 3195 704 3239 sunt
731 3201 892 3253 opera
917 3199 1167 3238 manuum
1197 3183 1354 3253 ejus?
1393 3182 1571 3238 Gloria
1605 3181 1697 3236 Dei
1752 3181 1865 3246 illa,
1909 3196 2011 3252 qua

422 3277 554 3332 salvi
587 3276 706 3332 facti
750 3292 966 3339 sumus,
996 3291 1100 3346 qua
1144 3275 1309 3330 creati
1359 3274 1411 3328 in
1457 3273 1612 3328 bonis
1631 3273 1882 3342 operibus
1921 3287 2014 3327 su-

423 3385 575 3424 mus:
602 3369 765 3436 ipsius
784 3369 926 3422 enim
949 3383 1133 3424 sumus
1161 3367 1491 3436 ﬁgmentum,
1529 3364 1694 3418 creati
1717 3364 1769 3417 in
1797 3362 2014 3419 Christo

422 3458 550 3515 .lesu
585 3459 637 3514 in
663 3460 915 3529 Operibus
954 3457 1111 3514 bouis
1157 3457 1374 3527 (Ep/tes.
1422 3472 1480 3519 ιι,
1524 3456 1653 3526 10);
1700 3470 1806 3509 non
1837 3453 2011 3508 solum

423 3550 620 3622 quippe
641 3549 904 3618 homines,
920 3549 1012 3605 sed
1028 3551 1186 3604 etiam
1201 3549 1392 3618 jus-tos,
1418 3549 1461 3603 si
1481 3559 1655 3602 tamen
1672 3562 1877 3613 sumus,
1902 3548 2016 3618 ipse

427 3640 552 3697 fecit
577 3656 696 3707 nos,
720 3650 774 3696 et
815 3657 918 3694 non
950 3642 1046 3712 ipsi
1072 3656 1168 3695 nos
1193 3640 1364 3714 (Psal.
1399 3655 1546 3700 xcnt.
1578 3640 1656 3709 5).

496 3732 551 3786 4.
580 3729 731 3805 [vers.
761 3728 840 3804 3.]
869 3730 988 3786 Dies
1012 3731 1111 3785 diei
1153 3739 1345 3784 eructat
1387 3730 1608 3795 verbum,
1646 3738 1693 3783 et
1739 3745 1843 3784 nox
1883 3728 2017 3784 nocti

425 3822 695 3877 annuntiat
719 3823 978 3878 scientiam
1005 3839 1023 3876 :
1049 3821 1173 3893 quid
1206 3824 1323 3878 est?
1353 3822 1513 3877 Forte
1543 3821 1756 3891 planum
1783 3831 1838 3876 et
1863 3835 2019 3890 aper-

429 3924 542 3970 tum
571 3922 678 3979 est,
711 3912 834 3968 Dies
880 3914 980 3967 diei
1019 3922 1214 3967 eructat
1242 3913 1476 3977 verbum;
1513 3921 1757 3981 apertum
1797 3920 1851 3966 et
1899 3911 2016 3981 pla-

430 4016 579 4067 num,
608 4008 857 4071 tanquam
887 4015 985 4070 per
1009 3998 1150 4054 diem
1182 4016 1198 4053 :
1227 4000 1369 4069 quod
1413 4009 1589 4054 autem
1616 4014 1720 4052 nos:
1743 3998 1878 4051 nocti
1923 4014 2018 4051 an-

429 4093 628 4161 nuntiat
652 4093 936 4157 scientiam,
963 4092 1248 4147 ohscurum
1274 4099 1376 4157 est,
1402 4102 1648 4160 tanquam
1670 4106 1763 4160 per
1785 4098 2016 4144 noctem.

428 4183 554 4239 Dies
579 4185 700 4252 diei,
729 4183 900 4238 sancti
927 4184 1145 4250 sanctis,
1176 4183 1413 4253 Apostoli
1447 4183 1708 4245 ﬁdelibus,
1741 4182 1855 4251 ipse
1875 4180 2021 4236 Chri-

427 4284 544 4332 stus
569 4277 860 4347 Apostolis,
892 4276 1084 4347 quibus
1113 4275 1245 4330 dixit
1275 4293 1288 4327 :
1327 4275 1424 4330 Vos
1472 4276 1589 4330 estis
1627 4275 1797 4329 lumen
1842 4274 2019 4328 mundi

433 4367 642 4438 (Matth.
672 4384 725 4422 v.
749 4369 862 4437 14).
891 4370 1145 4438 Apertum
1175 4367 1276 4423 hoc
1301 4367 1507 4423 videtur
1526 4377 1581 4422 et
1604 4369 1817 4437 cognitu
1841 4365 2016 4422 facile.

427 4461 710 4528 Quomodo
737 4471 916 4515 autem
946 4477 1049 4516 nox
1077 4461 1212 4515 nocti
1244 4461 1511 4515 annuntiat
1536 4460 1838 4514 scientiam?
1881 4459 2021 4513 Non-

429 4554 558 4610 nulli
583 4554 698 4611 haec
727 4555 888 4610 verba
911 4554 1222 4625 simpliciter
1247 4554 1646 4618 intellexerunt,
1679 4564 1732 4608 et
1754 4551 1890 4607 forte
1921 4551 2022 4606 hoc

428 4647 499 4702 sit
521 4663 736 4713 verum;
756 4649 1084 4704 :estimantes
1111 4647 1209 4702 hac
1225 4647 1488 4702 sententia
1506 4646 1856 4716 signiﬁcatum
1877 4659 2018 4712 esse,

429 4739 572 4812 quod
615 4749 856 4810 tempore
898 4739 1107 4795 Domini
1159 4739 1325 4794 nostri
1374 4737 1502 4793 Jesu
1545 4736 1761 4804 Christi,
1808 4751 1929 4791 cum
1967 4737 2021 4791 in

431 4841 572 4889 terra
602 4837 923 4894 versaretur,
955 4829 1195 4899 Apostoli
1228 4827 1530 4894 audierunt,
1559 4825 1661 4880 hoc
1691 4827 1743 4881 in
1779 4836 2022 4895 posteros

425 4936 552 4980 esse
581 4921 883 4992 trajectum,
916 4929 1162 4990 tanquam
1190 4919 1258 4974 de
1284 4927 1524 4990 tempore
1550 4917 1601 4971 in
1631 4926 1840 4986 tempus
1868 4935 1882 4970 :
1916 4917 2022 4970 dies

429 5011 550 5080 diei,
583 5028 685 5067 ηοω
713 5011 871 5077 nocti,
901 5010 1048 5080 prior
1071 5009 1187 5064 dies
1215 5007 1494 5079 posteriori
1516 5007 1643 5071 diei,
1667 5016 1721 5062 ct
1752 5007 1895 5076 prior
1915 5022 2020 5060 nox

430 5104 712 5176 posteriori
740 5103 917 5168 nocti;
939 5102 1063 5173 quia
1093 5101 1206 5156 ham
1231 5101 1472 5154 doctrina
1493 5099 1679 5154 diebus
1703 5110 1757 5153 ct
1781 5100 2022 5153 noctibus

434 5192 775 5267 praedicatur.
802 5194 908 5249 Iste
932 5193 1156 5263 simplex
1201 5192 1502 5247 intellectus
1523 5191 1605 5245 cui
1653 5189 1850 5244 sufﬁcit
1875 5190 2021 5244 sufﬁ-

432 5290 561 5343 ciat.
601 5286 708 5343 Sed
752 5285 1009 5341 nonnulla
1050 5285 1209 5339 verba
1254 5283 1646 5352 Scripturarum
1694 5280 2020 5337 obscuritate

441 5394 537 5435 sua
566 5379 668 5433 boc
694 5377 1026 5446 profuerunt,
1067 5374 1210 5446 quod
1237 5374 1431 5430 multas
1459 5374 1833 5444 intelligentias
1860 5388 2022 5443 pepe-

435 5478 624 5526 rcruut
650 5486 666 5524 :
698 5470 876 5539 itaque
907 5469 1010 5523 hoc
1033 5469 1077 5522 si
1106 5469 1317 5537 planum
1339 5476 1501 5530 esset,
1522 5483 1682 5521 unum
1709 5467 1907 5537 aliquid
1923 5482 2021 5520 au-

439 5561 667 5625 diretis;
697 5561 819 5632 quia
843 5576 972 5616 vero
998 5559 1224 5614 obscure
1249 5558 1447 5614 dictum
1470 5569 1570 5622 est,
1602 5559 1768 5614 multa
1790 5557 2021 5614 audituri

434 5653 586 5708 estis.
615 5652 711 5707 Est
734 5660 790 5707 et
807 5652 942 5706 alius
969 5650 1270 5706 intellectus
1299 5667 1312 5704 :
1343 5650 1447 5703 dies
1471 5650 1593 5715 diei,
1613 5666 1714 5703 no.1:
1737 5649 1893 5716 nocti,
1923 5649 2025 5704 hoc

435 5751 539 5809 est,
566 5741 786 5814 spiritus
810 5741 1055 5812 spiritui,
1089 5756 1215 5797 caro
1243 5740 1412 5796 carni.
1445 5740 1536 5794 Est
1561 5740 1699 5794 alius
1723 5758 1735 5793 :
1766 5740 1876 5795 dies
1899 5740 2019 5806 diei,

433 5834 738 5906 spiritualcs
763 5832 1165 5905 spiritualibus;
1193 5841 1244 5891 et
1280 5847 1380 5887 nos:
1399 5832 1555 5899 nacti,
1582 5832 1826 5889 carnales
1845 5846 2024 5889 carna-

1665 412 1717 468 S.
1763 412 1799 464 Α
1812 401 2125 464 υοιιςτικι
2169 404 2466 465 EPISCOPI

3624 415 3731 472 160

2129 521 2286 574 libus.
2321 520 2543 590 Utrique
2572 523 2712 576 enim
2740 523 2980 586 audiunt,
3013 525 3110 578 etsi
3149 541 3252 578 non
3286 526 3496 594 utrique
3530 528 3725 579 simili-

2127 623 2208 666 ter
2237 615 2447 681 sapiuut
2479 634 2492 670 :
2527 616 2596 669 illi
2621 618 2762 669 enim
2795 617 3018 671 audiunt
3058 629 3306 687 tanquam
3341 621 3563 673 verbum
3595 637 3722 672 erm

2127 715 2364 770 ctutum;
2396 705 2470 759 illi
2522 719 2770 777 tanquam
2801 710 3076 763 scientiam
3122 715 3488 764 annuntiatatn
3530 730 3542 763 :
3573 709 3724 778 quod

2125 796 2267 850 enim
2319 807 2579 863 ructatur,
2625 799 2979 868 prmsentibus
3023 813 3296 868 ructatur;
3350 802 3493 872 quod
3537 813 3727 857 autem

2125 889 2493 952 annuntiatur,
2525 889 2682 958 longe
2711 891 2895 960 positis
2922 895 3287 946 annuntiatur.
3338 895 3570 948 Possunt
3594 895 3729 949 caeli

2123 992 2314 1032 sensus
2345 979 2527 1048 plures
2582 981 2829 1048 inveniri,
2872 984 2965 1038 sed
3015 984 3351 1042 adhibendus
3397 997 3484 1041 est
3527 987 3728 1042 modus

2126 1077 2351 1137 prepter
2403 1072 2676 1140 angustias
2725 1076 3005 1142 praesentis
3036 1079 3311 1146 temporis.
3348 1079 3596 1134 Dicamus
3627 1097 3728 1135 au-

2125 1166 2233 1214 tem
2261 1168 2315 1214 et
2355 1176 2520 1216 unum
2561 1163 2782 1233 aliquid,
2814 1166 2954 1235 quod
2987 1169 3203 1237 quidam
3235 1171 3381 1224 velut
3423 1173 3726 1240 conjicieuo

2124 1255 2205 1304 tes
2234 1251 2250 1281 ⁸
2280 1264 2607 1318 aperuerunt
2641 1255 2894 1325 :quando
2943 1258 3218 1323 Dominus,
3250 1261 3514 1332 inquiunt,
3561 1265 3728 1319 Chrio

2123 1347 2237 1393 stus
2269 1341 2584 1412 loquebatur
2619 1345 2910 1414 Apostolis,
2955 1347 3073 1404 dies
3117 1350 3219 1405 diei
3262 1354 3544 1409 eructabat
3592 1374 3722 1411 vcr-

2123 1427 2248 1483 bum
2267 1449 2281 1495 ;
2302 1433 2517 1501 quando
2538 1435 2704 1491 indas
2739 1437 3021 1493 Dominum
3047 1439 3320 1496 Christum
3363 1447 3597 1515 prodidit
3624 1449 3723 1503 Ju-

2122 1519 2274 1587 da'is,
2303 1538 2408 1577 nox
2443 1527 2584 1580 nocti
2613 1530 2960 1584 annuntiabat
2983 1532 3282 1588 scientiam.

2193 1611 2246 1666 5.
2289 1609 2310 1684 [
2335 1629 2463 1668 vers.
2505 1616 2560 1681 5,
2589 1615 2669 1689 4.]
2695 1617 2816 1673 Νοη
2846 1630 2964 1674 sunt
3004 1622 3223 1692 loquela:
3248 1643 3406 1693 neque
3425 1644 3685 1684 sermones
3704 1674 3722 1697 ,

2121 1719 2336 1772 quorum
2367 1721 2467 1759 non
2489 1708 2766 1763 audiantur
2787 1725 2930 1766 voces
2957 1730 3131 1768 eorum
3159 1731 3180 1768 :
3205 1732 3453 1785 quorum,
3477 1720 3580 1775 nisi
3601 1735 3724 1778 ρω-

2123 1792 2297 1848 lorum
2332 1794 2544 1851 illorum
2589 1801 2678 1868 qui
2721 1811 2976 1858 enarrant
3018 1805 3240 1876 gloriam
3281 1807 3416 1864 Dei?
3444 1810 3569 1866 Non
3597 1825 3722 1868 sunt

2120 1885 2334 1954 laqueti:
2372 1905 2530 1960 neque
2553 1908 2825 1957 sermones,
2873 1912 3088 1966 quorum
3133 1915 3236 1952 non
3265 1901 3542 1957 audiantur
3570 1919 3723 1960 voces

2116 1994 2319 2033 eorum.
2353 1980 2535 2052 Legite
2552 1984 2719 2040 Actus
2744 1989 3140 2056 Apostolorum,
3169 1993 3442 2060 quomodo
3465 1996 3722 2051 veniente

2119 2083 2282 2140 super
2304 2088 2396 2128 eos
2421 2073 2620 2145 Spiritu
2670 2088 2876 2141 sancto,
2908 2095 3098 2135 omnes
3123 2081 3325 2150 impleti
3351 2095 3474 2139 sunt
3501 2086 3630 2153 illo;
3663 2099 3722 2143 et

2122 2160 2481 2231 loquebantur
2521 2165 2713 2237 linguis
2752 2171 2987 2225 onmium
3029 2173 3288 2241 gentium,
3321 2177 3460 2232 sicut
3483 2181 3723 2250 Spiritus

2119 2250 2279 2307 dabat
2314 2254 2394 2309 eis
2426 2259 2772 2324 pronuntiare
2801 2259 2934 2327 (Act.
2969 2277 3024 2328 ιι,
3055 2262 3131 2333 4).
3185 2265 3320 2321 Ecce
3350 2283 3452 2321 non
3484 2283 3603 2324 sunt
3631 2271 3718 2325 lo-

2117 2344 2280 2412 quele
2313 2359 2474 2415 neque
2519 2364 2789 2415 sermones,
2839 2369 3052 2417 quarunt
3106 2372 3209 2409 non
3256 2360 3534 2415 audiantur
3572 2379 3722 2419 voces

2117 2449 2292 2487 eorum
2320 2451 2338 2488 :
2365 2436 2460 2491 sed
2488 2453 2595 2492 non
2623 2439 2693 2493 ibi
2739 2451 2942 2496 tantum
2986 2444 3071 2499 ubi
3115 2445 3317 2516 impleti
3349 2458 3476 2505 sunt
3511 2467 3720 2508 sonue-

2119 2535 2282 2590 runt;
2315 2525 2381 2580 In
2405 2543 2604 2583 omnem
2629 2539 2815 2585 terram
2853 2535 2972 2587 exiit
3017 2553 3170 2590 sonus
3205 2555 3399 2604 eorum,
3431 2552 3478 2596 et
3503 2543 3558 2596 in
3587 2545 3724 2610 ﬁnes

2120 2615 2255 2668 orbis
2287 2626 2434 2671 terra
2463 2619 2612 2674 verba
2637 2638 2830 2677 eorum.
2881 2622 3005 2680 ideo
3039 2635 3095 2682 et
3123 2642 3220 2683 nos
3255 2628 3343 2685 hic
3395 2632 3668 2703 loquimur
3703 2658 3719 2692 :

2118 2719 2284 2761 sonus
2304 2710 2448 2763 enim
2480 2709 2571 2766 ille
2606 2711 2674 2768 ad
2709 2728 2809 2769 nos
2835 2731 3008 2786 usque
3054 2722 3317 2788 pervenit,
3345 2737 3511 2779 sonus
3543 2729 3632 2798 qui
3661 2730 3721 2784 in

2118 2812 2331 2852 omnem
2363 2809 2558 2856 terram
2604 2804 2756 2872 exiit,
2784 2816 2838 2861 et
2867 2807 3153 2865 lucri-licus
3180 2813 3473 2872 Ecclesiam
3498 2834 3605 2874 non
3631 2820 3723 2876 in-

2120 2896 2248 2943 trat.
2282 2889 2410 2946 Ideo
2431 2906 2597 2949 sonus
2627 2896 2682 2950 in
2712 2912 2928 2954 omnem
2954 2910 3150 2956 terram
3180 2905 3330 2972 exiit,
3361 2919 3416 2961 ut
3437 2919 3492 2964 tu
3523 2910 3576 2964 in
3601 2927 3724 2967 coa-

2119 2979 2228 3036 lum
2282 2983 2468 3041 intres.
2518 2986 2563 3042 Ο
2603 2990 2987 3058 pestilentiose,
3034 2995 3299 3066 litigiose,
3354 3003 3611 3071 pessime.
3661 3015 3724 3060 et

2117 3072 2296 3130 adhuc
2326 3091 2509 3133 errare
2539 3079 2761 3144 volens;
2792 3097 2826 3137 ο
2863 3086 3094 3154 superbe
3139 3088 3231 3149 ﬁli.
3265 3091 3387 3146 audi
3416 3100 3720 3150 testamen-

2122 3173 2232 3219 tum
2261 3168 2425 3236 patris
2448 3170 2543 3223 tui.
2571 3169 2734 3237 Ecce,
2764 3174 2890 3243 quid
2922 3177 3151 3246 planius,
3179 3182 3305 3250 quid
3335 3186 3616 3252 apertius?
3647 3187 3721 3242 In

2121 3273 2323 3312 omnem
2353 3270 2543 3316 terram
2567 3265 2687 3318 exiit
2707 3281 2863 3321 sonus
2887 3284 3082 3334 eorum,
3109 3282 3157 3325 et
3177 3272 3230 3326 in
3256 3274 3383 3343 ﬁnes
3403 3277 3540 3330 orbis
3563 3288 3724 3333 terra:

2118 3351 2269 3404 verba
2290 3368 2486 3406 eorum.
2516 3354 2780 3426 Numquid
2808 3361 3113 3428 expositore
3135 3379 3269 3434 opus
3286 3367 3402 3422 est?
3428 3370 3565 3436 Quid
3583 3386 3725 3426 con-

2121 3449 2200 3495 tra
2233 3452 2283 3498 te
2304 3447 2554 3500 conaris?
2585 3447 2794 3504 Partem
2833 3454 2913 3506 vis
2948 3452 3004 3507 in
3030 3453 3124 3510 lite
3163 3457 3416 3526 retinere,
3448 3462 3535 3531 qui
3559 3471 3725 3532 potes

2121 3540 2289 3589 totum
2318 3536 2369 3589 in
2395 3539 2681 3594 concordia
2703 3541 2973 3598 retinere?

2193 3625 2246 3680 6.
2291 3626 2464 3699 [vers.
2505 3629 2585 3702 6.]
2625 3631 2694 3686 In
2731 3633 2839 3688 sole
2879 3638 3048 3706 posuit
3091 3638 3471 3697 tabernaculum
3515 3663 3667 3700 suum
3702 3665 3726 3705 :

2124 3715 2180 3772 in
2208 3719 2639 3778 manifestatione
2665 3723 2962 3782 Ecclesiam
3001 3744 3187 3796 suam,
3238 3747 3346 3787 non
3394 3735 3445 3788 in
3469 3738 3723 3806 occulto,

2127 3823 2234 3864 non
2284 3826 2404 3881 qua:
2450 3812 2629 3879 lateat,
2663 3832 2768 3870 non
2808 3818 2955 3873 velut
2993 3829 3233 3889 opertam
3263 3826 3320 3890 ²;
3365 3843 3432 3882 ne
3463 3828 3600 3885 forte
3628 3831 3730 3889 ﬁat

2123 3903 2261 3958 sicut
2286 3914 2470 3972 operta
2495 3921 2658 3975 super
2677 3923 2865 3977 greges
2891 3909 3287 3968 haereticorum.
3322 3917 3530 3973 Dictum
3560 3933 3640 3976 est
3662 3936 3726 3980 et

2121 3997 2332 4052 cuidam
2381 3998 2435 4053 in
2482 3999 2752 4069 Scriptura
2793 4013 2997 4070 sancta,
3031 4004 3284 4072 Quoniam
3320 4021 3374 4063 tu
3415 4011 3466 4065 in
3517 4017 3728 4072 occulto

2124 4088 2304 4158 fecisti,
2333 4089 2536 4159 patieris
2573 4092 2626 4143 in
2661 4091 2764 4145 sole
2795 4091 2859 4160 (ll
2893 4092 3022 4164 Reg.
3063 4112 3158 4164 xu,
3182 4097 3270 4169 l2)
3299 4115 3315 4154 :
3347 4101 3449 4156 hoc
3475 4112 3592 4170 est,
3621 4120 3724 4162 oc-

2125 4183 2268 4236 culte
2290 4183 2488 4236 malum
2511 4183 2703 4248 fecisti,
2735 4199 2922 4253 ptenas
2946 4189 3164 4256 patieris
3197 4190 3248 4244 in
3273 4193 3511 4247 omnium
3541 4199 3725 4252 mani-

2126 4269 2431 4325 festatione.
2472 4273 2540 4324 In
2593 4273 2697 4326 sole
2745 4290 2874 4342 ergo
2922 4277 3088 4344 posuit
3134 4281 3517 4338 tabernaculum
3545 4303 3725 4342 suum.

2125 4361 2260 4431 Quid
2285 4371 2363 4427 tu,
2395 4363 2668 4424 lueretice,
2700 4363 2836 4434 fugis
2867 4367 2917 4419 in
2951 4369 3241 4424 tenebras?
3267 4370 3604 4430 Christianus
3625 4380 3728 4433 es?

2125 4454 2248 4508 audi
2275 4453 2569 4509 Christum.
2601 4454 2810 4511 Servus
2835 4457 2932 4511 es?
2956 4459 3077 4513 audi
3105 4461 3403 4518 dominum.
3433 4466 3599 4524 Filius
3625 4473 3729 4528 es?

2126 4545 2248 4599 audi
2281 4540 2484 4614 patrem
2511 4547 2850 4613 :emcndare,
2871 4549 3148 4604 revivisce.
3184 4553 3436 4610 Dicamus
3462 4568 3515 4612 et
3537 4559 3604 4614 de
3632 4570 3685 4615 te
3709 4582 3724 4616 :

2129 4638 2364 4693 Mortuus
2395 4649 2523 4705 erat,
2548 4649 2597 4694 et
2621 4643 2839 4705 revixit;
2872 4643 3108 4710 perierat,
3135 4655 3181 4697 et
3207 4646 3436 4701 inventus
3465 4659 3536 4705 est
3565 4652 3724 4720 (Luc.

2128 4745 2216 4793 xv,
2246 4730 2359 4798 52).
2389 4728 2502 4784 Non
2541 4729 2668 4784 mihi
2700 4730 2867 4797 dicas,
2899 4731 3092 4802 thuid
3123 4750 3208 4788 me
3231 4738 3451 4806 quaeris,
3475 4742 3516 4794 si
3545 4745 3678 4812 perii
3703 4747 3731 4797 ἲ

2128 4819 2253 4875 Ideo
2279 4821 2424 4875 enim
2455 4830 2505 4874 te
2545 4837 2749 4891 quaero,
2783 4822 2904 4891 quia
2936 4824 3158 4892 periisti.
3185 4825 3338 4895 Noli,
3391 4831 3586 4900 inquit.
3635 4851 3730 4892 me

2128 4928 2370 4982 quazrere
2401 4930 2413 4965 :
2445 4913 2548 4966 hoc
2577 4928 2707 4967 sane
2737 4914 2847 4968 vult
2879 4913 3148 4984 iniquitas,
3179 4934 3282 4988 qua
3309 4920 3464 4976 divisi
3499 4939 3726 4992 sumus;

2129 5005 2221 5058 sed
2255 5019 2358 5058 non
2388 5005 2501 5058 vult
2543 5004 2799 5070 Charitas,
2831 5021 2934 5074 qua
2965 5005 3156 5064 fratres
3204 5025 3410 5066 sumus.
3444 5015 3732 5085 Improbus

2131 5111 2235 5148 non
2257 5110 2455 5160 essem,
2487 5095 2528 5148 si
2558 5111 2858 5164 qurererem
2886 5112 3098 5152 servum
3127 5117 3338 5165 meum;
3371 5115 3425 5158 et
3449 5106 3732 5176 improbus

2130 5185 2301 5248 dicor,
2331 5186 2454 5254 quia
2481 5201 2664 5255 quer
2697 5186 2911 5240 fratrem
2942 5191 3161 5245 meum?
3190 5191 3279 5247 Sic
3303 5195 3473 5264 sapiat
3517 5199 3572 5253 in
3618 5216 3734 5267 quo

2131 5278 2359 5333 fraterna
2383 5277 2617 5332 charitas
2645 5293 2750 5334 non
2783 5289 2888 5346 est,
2919 5297 3018 5351 ego
3055 5291 3236 5339 tamen
3282 5303 3465 5356 quer
3495 5289 3729 5349 fratrem

2130 5384 2330 5423 meum.
2365 5368 2650 5435 lrascatur,
2675 5370 2804 5424 dum
2839 5382 3012 5426 tamen
3043 5384 3333 5443 quaeratur,
3355 5380 3444 5446 qui
3474 5381 3732 5439 inventus

2134 5461 2394 5531 placatur.
2444 5461 2662 5528 Quaero,
2710 5464 2947 5534 inquam,
2999 5465 3213 5521 fratrem
3243 5486 3444 5539 meum,
3473 5475 3732 5531 etinter-

2131 5553 2272 5621 pello
2297 5569 2401 5606 non
2432 5561 2617 5607 contra
2644 5553 2926 5622 illum,sed
2951 5571 3046 5626 pro
3077 5558 3166 5611 illo
3194 5559 3475 5618 Dominum
3501 5581 3685 5621 meum
3710 5585 3729 5624 :

2131 5661 2233 5701 nec
2256 5645 2427 5700 dicam
2458 5645 2824 5716 interpellans,
2861 5648 3104 5713 Domine,
3130 5650 3215 5704 dic
3243 5652 3391 5707 fratri
3423 5671 3544 5711 meo
3568 5668 3624 5713 ut
3645 5659 3732 5716 di-

2195 5781 2212 5811 ί
2245 5780 2430 5840 Aliquot
2451 5786 2577 5838 uss,
2603 5781 2872 5830 concinens.

2197 5843 2216 5873 ²
2241 5851 2313 5891 su:
2471 5849 2526 5892 At
2547 5848 2655 5893 ιον.
2681 5845 2858 5894 omissa
2883 5851 3165 5908 negsttone,
3187 5842 3314 5895 velut
3327 5854 3519 5909 operta.
