3956 6392
201 359 274 418 161
1248 350 1640 412 ENARRATIO
1681 349 1744 405 IN
1787 349 2113 409 PSALMUM
2151 353 2338 410 XVIII.

202 473 522 528 vidatmecum
549 467 920 523 hmreditatem
953 467 1102 542 (Luc.
1134 484 1226 528 xu.
1252 469 1366 539 l5);
1387 467 1503 530 sed,
1531 466 1617 520 dic
1634 463 1740 518 l'ra-

202 568 254 619 tri
276 578 375 617 meo
413 571 467 612 ιιι
505 569 684 614 teneat
732 575 940 616 mecum
987 560 1379 614 ltmreditntem.
1424 557 1562 625 Quid
1610 571 1739 627 ergo

203 667 338 716 erras,
367 650 560 703 frater?
601 648 730 720 quid
763 664 857 718 per
887 650 1109 719 angulos
1159 649 1332 719 fugis?
1380 648 1505 717 quid
1534 646 1743 700 latitare

202 743 409 802 conaris?
444 743 501 795 1ο·
545 744 650 795 sole
690 744 858 813 posuit
887 743 1265 795 tabernaculum
1309 757 1479 796 suum.
1520 738 1590 792 Et
1635 740 1745 807 ipse

200 854 393 905 tanquam
419 851 641 901 sponsus
664 835 942 904 procedens
967 836 1029 890 de
1050 836 1273 889 thalamo
1299 851 1412 889 suo.
1445 835 1578 888 Puto
1601 831 1744 902 quod

200 941 411 997 agnoscas
447 942 593 980 eum.
641 926 738 982 llle
780 937 1029 998 tanquam
1074 942 1302 998 sponsus
1342 925 1639 997 procedens
1677 925 1744 979 de

201 1019 393 1072 thalamo
416 1032 538 1082 suo,
569 1019 840 1072 exsultavit
877 1028 932 1072 ut
969 1019 1112 1089 gigas
1135 1018 1203 1070 ad
1248 1017 1550 1070 currendam
1577 1017 1744 1078 uiam;

201 1113 291 1180 ipse
323 1111 368 1165 in
403 1110 507 1164 sole
535 1111 705 1181 posuit
741 1111 1124 1165 tabernaculum
1165 1126 1315 1163 suum
1345 1125 1363 1164 :
1389 1109 1492 1164 hoc
1521 1118 1622 1174 est,
1655 1107 1745 1162 ille

203 1213 409 1272 tanquam
436 1216 693 1271 sponsus,
733 1217 854 1257 cum
896 1201 1132 1256 Verbum
1172 1217 1300 1256 caro
1331 1201 1526 1255 factum
1554 1209 1658 1265 est,
1687 1201 1740 1254 in

199 1307 322 1350 utero
348 1294 582 1364 virginali
612 1292 909 1348 thalamum
939 1293 1168 1356 invenit;
1210 1300 1370 1363 atque
1400 1291 1522 1346 inde
1544 1300 1746 1345 naturre

197 1389 476 1458 coniunctus
509 1385 780 1450 humanae,
823 1393 1074 1455 tanquam
1117 1383 1187 1439 de
1231 1383 1530 1439 castissimo
1559 1397 1748 1454 proce-

200 1479 309 1533 dens
334 1476 511 1541 cubili,
544 1475 765 1531 humilis
794 1474 1163 1530 misericordia
1195 1473 1330 1529 inl'ra
1351 1488 1556 1538 omnes,
1595 1472 1747 1528 fortis

196 1570 431 1638 majestate
459 1582 627 1636 super
650 1581 861 1622 omnes.
895 1566 1009 1620 Hoc
1037 1575 1119 1620 est
1147 1566 1312 1630 enim,
1347 1566 1490 1636 gigas
1523 1564 1747 1617 exsulta-

192 1664 248 1716 rit
267 1662 324 1713 ad
349 1660 644 1713 currendum
671 1658 802 1712 uiam
826 1674 843 1712 :
865 1665 1025 1712 natus
1045 1666 1151 1724 est,
1175 1656 1369 1721 crevit,
1400 1654 1597 1719 docuit,
1630 1669 1749 1723 pas-

194 1769 270 1808 sus
306 1760 410 1817 est,
453 1752 788 1816 resurrexit,
833 1747 1106 1816 ascendit;
1144 1747 1381 1803 cucurrit
1421 1747 1596 1807 viam,
1641 1760 1744 1798 non

192 1845 325 1899 iussit
348 1844 395 1898 in
425 1845 535 1898 via.
566 1843 710 1898 ldem
740 1843 856 1913 ipse
893 1856 1022 1912 ergo
1061 1855 1291 1912 sponsus
1329 1838 1420 1911 qui
1459 1837 1575 1893 haec
1602 1837 1742 1903 fecit,

192 1937 290 2005 ipse
314 1935 477 2005 posuit
506 1935 558 1988 in
589 1935 713 1998 sole,
754 1934 858 1989 hoc
897 1941 981 1988 est
1023 1934 1074 1987 in
1104 1931 1554 1996 manifestatione,
1585 1930 1750 1984 taber-

189 2029 396 2082 naculum
434 2044 608 2091 suum,
637 2027 742 2082 hoc
769 2039 852 2082 εει
882 2035 1119 2081 sanctam
1150 2025 1439 2080 Ecclesium
1469 2039 1638 2079 suam.

247 2122 293 2174 7.
331 2118 497 2192 [vers.
529 2118 612 2192 7.]
649 2120 818 2188 Quam
856 2127 1035 2174 autem
1078 2119 1217 2172 viam
1272 2119 1380 2173 cito
1408 2117 1644 2173 cucurrit
1669 2117 1750 2171 vis

187 2210 382 2265 audire?
411 2212 448 2263 A
474 2228 673 2264 summo
699 2211 822 2264 caelo
865 2210 1080 2281 egressio
1121 2211 1254 2280 ejus,
1299 2218 1346 2263 et
1375 2225 1615 2263 occursus
1640 2209 1749 2279 ejus

189 2319 323 2370 usque
351 2303 415 2355 ad
441 2319 696 2356 summum
733 2303 862 2372 ejus.
906 2302 1095 2357 Postea
1126 2317 1255 2357 vero
1304 2316 1464 2371 quam
1515 2301 1750 2356 excurrit

189 2394 312 2459 inde,
340 2404 391 2450 et
414 2395 746 2450 recurrendo
771 2396 1056 2460 remeavit,
1099 2395 1246 2449 misit
1279 2393 1536 2463 Spiritum
1568 2409 1745 2448 suum.

191 2485 313 2540 Visae
332 2496 450 2541 sunt
472 2487 584 2541 illis
609 2501 772 2556 super
817 2501 949 2556 quos
973 2487 1136 2550 venit,
1171 2486 1364 2556 lingua:
1394 2486 1577 2541 divisa:
1604 2485 1748 2542 velut

186 2579 302 2648 ignis
321 2576 456 2651 (Act.
487 2595 548 2643 tt,
580 2577 659 2652 5).
690 2578 841 2634 Sicut
868 2580 1004 2650 ignis
1050 2580 1196 2633 venit
1247 2579 1479 2649 Spiritus
1509 2589 1745 2644 sanctus,

186 2669 358 2724 iceuum
388 2671 566 2726 carnis
590 2680 1029 2741 consumpturus,
1059 2686 1245 2725 aurum
1270 2681 1519 2725 cocturus
1545 2680 1600 2725 et
1622 2685 1748 2740 pur-

182 2771 414 2831 gaturus;
447 2763 590 2820 sicut
616 2763 754 2834 ignis
785 2762 951 2826 venit,
988 2772 1044 2818 et
1084 2762 1205 2818 ideo
1243 2763 1506 2833 sequitur,
1553 2761 1619 2816 Et
1647 2778 1748 2815 non

181 2867 241 2906 est
265 2855 341 2925 qui
361 2871 411 2910 se
427 2855 708 2912 abscondat
727 2872 759 2908 a
779 2853 951 2909 calore
971 2856 1102 2925 ejus.

237 2943 285 2999 8.
323 2942 494 3018 [vers.
546 2943 630 3019 8.]
671 2944 780 3000 Lex
827 2944 1034 3000 Domini
1082 2944 1414 2998 immaculata
1458 2953 1749 2998 convertens

179 3035 372 3089 animas.
408 3037 521 3091 lloc
550 3045 638 3092 est
667 3036 895 3107 Spiritus
939 3043 1175 3090 sanctus.
1231 3034 1591 3090 Testimonium
1640 3033 1745 3087 Do-

177 3128 286 3182 mini
308 3128 474 3196 ﬁdele,
504 3128 816 3199 sapientiam
854 3136 1105 3197 prtestans
1135 3126 1364 3197 parvulis
1391 3139 1535 3180 :non
1564 3140 1750 3194 super-

176 3206 263 3272 bis.
289 3218 396 3274 Hoc
422 3228 509 3274 est
532 3218 768 3290 Spiritus
795 3225 1031 3274 sanctus.

234 3308 280 3365 9.
324 3308 497 3383 [νει-ε.
541 3307 627 3382 9.]
666 3307 891 3365 Iustitia
928 3307 1142 3364 Domini
1165 3318 1316 3363 rectm
1344 3325 1364 3362 :
1402 3323 1506 3364 non
1536 3318 1748 3363 terren-

173 3407 257 3464 tes,
287 3401 377 3456 sed
413 3401 738 3470 ltetiﬁcantes
779 3400 952 3456 corda.
986 3399 1099 3456 Hoc
1129 3409 1211 3455 est
1241 3399 1470 3468 Spiritus
1509 3409 1745 3454 sanctus.

176 3487 473 3563 Praeceptum
511 3490 728 3546 Domini
772 3491 1017 3558 lucidum,
1062 3491 1359 3546 illuminans
1403 3493 1595 3559 oculos,
1643 3508 1747 3548 non

173 3579 412 3637 hebetatis
446 3602 459 3636 :
487 3599 600 3638 non
627 3584 804 3640 carnis
843 3584 1051 3650 oculos,
1101 3584 1196 3638 sed
1224 3584 1435 3650 cordis;
1466 3601 1571 3639 non
1601 3595 1750 3640 exte-

171 3673 311 3730 rioris
337 3674 578 3731 hominis
599 3716 618 3743 ,
651 3674 746 3730 sed
777 3674 1070 3731 interioris.
1116 3674 1230 3731 [loc
1258 3686 1339 3730 est
1367 3674 1595 3745 Spiritus
1621 3691 1746 3731 san-

168 3775 289 3819 etus.

229 3857 308 3910 to.
350 3854 523 3930 [νοτε.
561 3855 682 3930 10.]
727 3856 904 3911 Timor
941 3855 1153 3911 Domini
1181 3872 1200 3910 :
1227 3873 1332 3911 non
1371 3857 1603 3924 servilis,
1653 3859 1745 3912 sed

165 3960 348 4015 castus;
376 3951 551 4022 gratis
580 3963 792 4016 amans,
826 3965 931 4004 non
962 3949 1140 4020 puniri
1181 3949 1376 4004 timens
1401 3950 1468 4003 ab
1493 3966 1562 4004 eo
1583 3967 1745 4021 quem

168 4042 346 4106 tremit,
375 4041 473 4097 sed
503 4040 749 4112 separari
779 4040 846 4096 ab
870 4055 935 4096 eo
955 4055 1115 4113 quem
1142 4040 1331 4110 diligit.
1363 4039 1465 4095 Iste
1487 4050 1566 4096 est
1588 4042 1750 4098 timor

163 4145 342 4200 castus,
374 4151 481 4189 non
511 4149 681 4205 quem
722 4142 1089 4188 consummata
1128 4131 1363 4188 charitas
1396 4131 1541 4187 foras
1578 4133 1746 4188 mittit

165 4224 200 4295 (l
226 4224 372 4279 Joan.
407 4241 488 4290 tv,
535 4225 669 4296 18);
715 4223 810 4279 sed
855 4240 1154 4296 permanens
1190 4224 1242 4279 in
1275 4227 1514 4278 sarculum
1551 4225 1745 4280 seculi.

164 4317 246 4371 Hic
271 4330 351 4372 est
393 4319 643 4390 Spiritus
683 4325 934 4383 sanctus;
985 4316 1039 4372 id
1067 4326 1171 4382 est,
1217 4315 1359 4372 hunc
1392 4316 1576 4380 donat,
1603 4318 1744 4371 hunc

163 4407 368 4474 confert,
397 4409 546 4464 hunc
571 4409 763 4464 inserit
783 4407 1007 4477 Spiritus
1037 4418 1272 4465 sanctus.
1303 4406 1515 4461 Indicia
1540 4407 1748 4462 Domini

161 4516 279 4567 sera,
301 4505 604 4571 justiﬁcata
642 4501 696 4554 in
733 4501 955 4571 idipsum
991 4517 1010 4554 :
1035 4516 1141 4556 non
1183 4501 1249 4555 ad
1279 4501 1423 4556 rixas
1449 4501 1745 4567 divisionis,

163 4593 240 4645 sed
283 4594 344 4646 ad
393 4590 883 4662 congregationem
930 4591 1184 4657 unitatis;
1227 4591 1330 4647 hoc
1373 4602 1456 4646 est
1497 4593 1663 4659 ettim,
1695 4593 1750 4647 in

164 4685 380 4753 idipsum.
448 4686 569 4740 Hoc
644 4693 730 4738 est
783 4683 1014 4755 Spiritus
1070 4693 1305 4740 sanctus.
1368 4683 1493 4740 Ideo
1555 4685 1749 4756 linguis

163 4779 376 4833 errantium
408 4779 561 4850 loqui
619 4776 768 4843 fecit,
811 4777 862 4832 in
907 4793 1042 4848 quos
1071 4777 1246 4847 primo
1275 4778 1452 4842 venit;
1490 4780 1610 4849 quia
1643 4779 1748 4834 lin-

164 4884 270 4940 ptas
300 4873 549 4927 omnium
578 4871 826 4941 gentium
851 4871 902 4924 in
941 4870 1198 4925 unitatem
1226 4886 1284 4927 se
1303 4882 1747 4943 congregatarum

165 4976 266 5016 esse
305 4964 608 5018 nuntiavit.
654 4960 809 5029 Quod
853 4971 979 5016 tunc
1008 4961 1237 5017 faciebat
1275 4979 1414 5018 unus
1454 4963 1614 5020 homo
1661 4980 1750 5020 ac-

167 5064 303 5123 cepto
329 5054 543 5124 Spiritu
578 5059 796 5114 sancto,
833 5061 890 5105 ut
925 5066 1061 5106 unus
1104 5050 1264 5106 homo
1294 5053 1485 5124 linguis
1510 5056 1748 5110 omnium

165 5141 484 5212 loqueretur;
519 5144 635 5197 hoc
663 5142 823 5196 tnodo
857 5142 970 5212 ipsa
999 5143 1175 5198 unitas
1201 5143 1344 5212 facit,
1364 5144 1555 5215 linguis
1575 5147 1749 5201 omni-

164 5235 248 5294 bus
271 5239 530 5311 loquitur.
568 5236 643 5292 Et
672 5235 832 5290 modo
859 5250 996 5290 unus
1024 5236 1184 5291 homo
1211 5237 1263 5290 in
1292 5237 1540 5292 omnibus
1578 5239 1750 5310 genti-

164 5326 245 5382 bus
272 5331 466 5402 linguis
514 5327 783 5382 omnibus
822 5327 1076 5396 loquitur,
1123 5344 1260 5382 unus
1305 5327 1465 5383 homo
1513 5342 1672 5398 caput
1696 5339 1752 5386 et

163 5435 348 5492 corpus,
398 5436 544 5478 unus
579 5420 753 5474 homo
798 5419 1038 5475 Christus
1077 5429 1131 5475 et
1163 5419 1420 5486 Ecclesia,
1468 5422 1550 5476 vir
1576 5423 1750 5493 perie-

161 5521 274 5573 ctus,
302 5516 390 5570 ille
416 5525 694 5585 spernens,
718 5511 808 5566 illa
839 5526 1032 5581 sponsa
1059 5530 1072 5566 :
1103 5513 1195 5566 sed
1224 5523 1392 5577 erunt,
1431 5513 1620 5584 inquit,
1645 5517 1747 5570 duo

156 5604 200 5658 in
219 5623 362 5662 carne
391 5624 499 5662 una
528 5603 697 5679 (Gen.
727 5618 786 5668 ll,
808 5602 921 5674 24).
953 5603 1162 5658 Iudicia
1191 5604 1286 5659 Dei
1325 5622 1442 5661 uera
1460 5608 1748 5677 justiﬁcata

163 5701 205 5750 in
232 5701 446 5768 idipsum
479 5718 498 5754 :
535 5697 1076 5769 propterhnitatem.

224 5793 298 5849 11.
339 5792 516 5869 [νινε.
568 5786 699 5862 11.]
738 5787 1104 5843 Desiderabilia
1131 5806 1282 5861 super
1320 5806 1502 5844 aurum
1525 5800 1572 5846 et
1599 5792 1734 5861 lapi-

3342 349 3446 422 iss

2595 486 2614 524 :
2656 480 2746 526 aut
2792 474 3017 529 multum
3071 490 3300 543 aurum,
3354 489 3447 535 aut

1858 556 2085 610 multum
2113 560 2421 627 pretiosum,
2445 573 2534 615 aut
2562 564 2786 618 multum
2820 565 3190 623 desiderabilia
3213 588 3228 635 ;
3254 580 3434 628 tamen

1853 647 2116 715 multum,
2173 650 2429 706 lueretico
2491 669 2700 722 parum.
2749 656 2864 710 Non
2923 660 3200 716 nobiseum
3250 679 3431 720 amant

1855 736 2107 807 idipsum,
2142 751 2196 795 et
2250 743 2529 798 nobiscum
2572 746 2895 802 conﬁtentur
2937 750 3226 806 Christum.
3258 754 3439 823 Ipsum

1853 845 2012 898 quem
2041 848 2252 888 mecum
2276 835 2547 892 conﬁteris
2568 837 2860 908 Christum,
2881 843 3052 912 ipsum
3070 861 3187 899 ama
3211 863 3444 902 mecum.

1854 921 1922 976 Et
1952 924 2043 992 qui
2094 924 2322 994 idipsum
2369 943 2473 982 non
2503 931 2649 995 vult,
2687 945 2929 998 recusat,
2979 937 3312 1006 recalcitrat,
3357 955 3448 995 re-

1853 1015 1995 1084 spuit
2035 1033 2049 1068 :
2079 1031 2187 1070 non
2219 1017 2293 1071 illi
2325 1028 2410 1073 est
2439 1019 2794 1076 desiderabile
2840 1023 2943 1078 hoc
2971 1042 3133 1096 super
3175 1043 3365 1084 aurum
3394 1040 3448 1086 et

1853 1104 2086 1173 lapidem
2118 1108 2414 1177 pretiosum
2443 1113 2690 1166 multum.
2725 1115 2859 1168 Audi
2892 1117 3074 1173 aliud:
3101 1119 3165 1173 Et
3192 1121 3447 1188 dulciora,

1851 1196 2064 1266 inquit,
2117 1216 2267 1266 super
2313 1201 2414 1255 mel
2451 1213 2496 1255 et
2527 1208 2717 1274 favum.
2753 1206 2856 1260 Sed
2905 1207 3006 1263 hoc
3033 1211 3317 1266 adversum
3365 1224 3446 1268 est

1851 1290 2049 1343 erranti
2097 1309 2111 1345 :
2147 1292 2252 1346 mel
2282 1308 2523 1348 amarum
2560 1304 2644 1350 est
2691 1297 2960 1365 febrienti,
3000 1301 3158 1357 dulce
3187 1311 3363 1359 tamen
3393 1318 3447 1362 et

1852 1381 2182 1449 acceptabile
2223 1395 2431 1452 sanato,
2461 1387 2584 1456 quia
2621 1402 2804 1442 carum
2855 1399 2935 1444 est
2963 1393 3198 1446 sanitati.
3232 1393 3446 1449 Deside-

1853 1470 2036 1524 rabilia
2074 1489 2228 1542 super
2267 1489 2447 1528 aurum
2475 1485 2521 1530 et
2547 1477 2768 1546 lapidem
2817 1482 3093 1550 pretiosum
3133 1485 3370 1552 multum,
3399 1495 3445 1540 et

1853 1559 2085 1616 dulciora
2110 1580 2262 1634 super
2294 1567 2393 1619 mel
2419 1575 2464 1619 et
2491 1571 2683 1637 favum.

1927 1653 2015 1707 12.
2060 1653 2237 1727 [νει-ε.
2280 1656 2394 1731 l2.]
2437 1657 2576 1714 Nam
2616 1673 2665 1716 et
2711 1679 2882 1718 servus
2907 1673 3024 1720 tuus
3072 1667 3291 1723 custodit
3328 1686 3389 1723 ea
3425 1685 3446 1725 ι

1852 1759 2013 1815 quam
2057 1744 2237 1802 dulcia
2284 1749 2386 1803 ista
2429 1761 2574 1815 sunt,
2625 1754 2978 1810 custodiendo
3022 1758 3208 1827 probat
3260 1774 3448 1816 servus

1859 1845 2003 1905 tuus,
2036 1855 2150 1895 non
2181 1840 2465 1911 loquendo.
2493 1843 2742 1901 Custodit
2770 1863 2833 1901 ea
2858 1863 3048 1904 servus
3078 1861 3219 1918 tuus,
3247 1853 3368 1923 quia
3395 1864 3448 1908 et

1856 1944 2000 1985 nunc
2024 1931 2202 1986 dulcia
2233 1943 2380 2001 sunt,
2408 1935 2533 1990 etin
2566 1947 2842 2006 posterum
2873 1940 3105 1996 salubria
3127 1953 3287 2008 sunt;
3321 1959 3443 1998 nam

1857 2018 1912 2072 in
1937 2022 2269 2075 custodiendo
2301 2041 2359 2077 ea
2385 2025 2647 2081 retributio
2668 2029 2829 2082 multa
2856 2045 2876 2083 :
2904 2031 3000 2084 sed
3030 2047 3216 2087 amans
3237 2033 3447 2088 animo-

1857 2109 2068 2165 sitatem
2099 2128 2274 2178 suam,
2305 2131 2404 2170 nec
2434 2115 2580 2173 videt
2607 2118 2750 2175 hunc
2768 2121 3108 2191 Splendorem
3142 2125 3445 2192 haereticus,

1859 2219 1958 2259 nec
1985 2207 2144 2260 sentit
2172 2207 2528 2264 dulcedinem.

1925 2297 2014 2352 15.
2056 2296 2205 2370 [vers.
2251 2301 2339 2366 15,
2366 2300 2479 2374 14.]
2522 2302 2717 2357 Delicta
2733 2306 2876 2359 enim
2903 2306 3014 2374 quis
3043 2306 3320 2379 intelligit?
3343 2310 3439 2363 Pa-

1858 2395 1960 2454 ter,
2012 2388 2228 2458 ignosce
2267 2391 2395 2458 illis,
2430 2395 2552 2462 quia
2599 2397 2840 2450 nesciunt
2881 2397 3006 2467 quid
3053 2397 3251 2453 faciunt
3292 2399 3444 2471 (Luc.

1853 2495 2006 2546 χχιιι,
2041 2480 2153 2552 51).
2187 2481 2333 2549 ideo,
2373 2484 2561 2554 inquit.
2609 2486 2707 2540 iste
2755 2496 2838 2541 est
2876 2503 3062 2542 servus
3089 2489 3180 2560 qui
3208 2491 3447 2546 custodit

1853 2571 1992 2626 hanc
2019 2572 2380 2644 dulcedinem,
2434 2578 2755 2632 suavitatem
2812 2579 3106 2646 charitatis,
3152 2597 3392 2637 amorem
3424 2583 3441 2614 ¹

1854 2663 2094 2720 unitatis.
2117 2665 2252 2736 Ego,
2284 2667 2473 2737 inquit,
2494 2669 2609 2737 ipse
2638 2670 2726 2739 qui
2754 2671 3022 2737 custodio,
3053 2688 3182 2742 rogo
3207 2681 3280 2738 te,
3310 2690 3451 2744 quo-

1852 2755 1997 2810 niam
2018 2757 2200 2812 delicta
2219 2760 2331 2829 quis
2352 2759 2634 2831 intelligit?
2657 2776 2724 2817 ne
2751 2763 2880 2816 mihi
2903 2775 2956 2817 ut
2979 2763 3181 2819 homini
3204 2765 3448 2836 qumdam

1854 2845 2170 2916 subrepant,
2220 2859 2275 2902 et
2328 2850 2644 2918 quibusdam
2690 2861 2746 2906 ut
2791 2853 2951 2908 homo
2977 2870 3342 2925 praeoccuper,
3373 2858 3449 2911 Ab

1857 2939 2067 2993 occultis
2093 2943 2217 2993 meis
2263 2941 2454 2994 munda
2494 2959 2591 3008 me,
2637 2941 2872 2999 Domine.
2901 2944 3014 3000 Hoc
3053 2962 3185 3016 ergo
3209 2950 3448 3002 cantavi-

1863 3045 2003 3097 mus,
2031 3045 2157 3085 ecce
2186 3031 2251 3084 ad
2283 3031 2385 3086 hoc
2416 3034 2683 3103 loquendo
2711 3037 3072 3105 pervenimus.
3105 3040 3369 3108 Dicamus,
3397 3052 3451 3096 et

1853 3136 1975 3174 cum
2031 3122 2308 3179 intellectu
2351 3136 2650 3190 cantemus,
2697 3137 2753 3182 et
2802 3131 3070 3185 cantando
3109 3147 3346 3202 oremus,
3396 3144 3452 3189 et

1856 3213 2062 3269 orando
2087 3214 2469 3286 impetremus:
2501 3219 2760 3287 dicamus,
2782 3220 2858 3275 Ab
2883 3224 3095 3278 occultis
3114 3226 3236 3281 meis
3259 3227 3452 3282 munda

1856 3321 1958 3370 me,
1991 3305 2229 3362 Domine.
2259 3309 2390 3375 Quis
2419 3311 2560 3365 enim
2586 3311 2778 3366 delicta
2810 3313 3088 3384 intelligit?
3123 3315 3179 3371 Si
3203 3318 3451 3374 videntur

1855 3397 2112 3462 tenebras,
2143 3399 2510 3470 intelliguntur
2553 3401 2770 3457 delicta.
2818 3403 3058 3474 Denique
3107 3407 3323 3477 quando
3349 3425 3449 3466 nos

1853 3487 2032 3544 delicti
2059 3493 2298 3558 ptenitet,
2333 3492 2384 3545 in
2415 3493 2533 3548 luce
2575 3508 2782 3550 sumus.
2813 3494 2951 3550 Nam
2981 3498 3194 3568 quando
3222 3497 3448 3571 quisque

1861 3581 1980 3651 ipso
2005 3581 2202 3639 delicto
2241 3584 2510 3641 involutus
2553 3598 2654 3654 est,
2700 3589 2852 3658 quasi
2897 3589 3265 3647 obtenebratis
3289 3609 3449 3662 oper-

1859 3671 2035 3742 tisque
2062 3674 2230 3728 oculis
2254 3690 2358 3729 non
2389 3675 2533 3729 videt
2569 3675 2822 3732 delictum
2855 3697 2867 3731 :
2895 3679 3019 3749 quia
3048 3681 3093 3735 si
3122 3680 3211 3736 tibi
3245 3692 3449 3754 tegatur

1852 3772 1907 3816 et
1935 3763 2110 3817 carnis
2139 3765 2345 3833 oculus,
2380 3782 2478 3821 nec
2503 3767 2644 3821 aliud
2682 3768 2851 3834 vides,
2883 3785 2982 3825 nec
3010 3769 3114 3826 hoc
3143 3773 3284 3829 unde
3316 3775 3450 3847 tegi-

1858 3862 1942 3907 tur
1971 3853 2141 3908 vides.
2178 3854 2320 3926 Ergo
2371 3856 2480 3911 Deo
2504 3857 2764 3924 dicamus,
2797 3860 2887 3930 qui
2918 3863 3066 3916 novit
3091 3861 3276 3918 videre
3305 3865 3448 3936 quod

1853 3955 2066 4016 purget,
2094 3948 2240 4002 novit
2267 3949 2534 4018 inspicere
2562 3950 2702 4021 quod
2733 3962 2921 4018 sanet;
2951 3954 3026 4007 illi
3055 3953 3297 4009 dicamus
3330 3977 3344 4013 :
3374 3958 3451 4012 Ab

1854 4038 2064 4092 occultis
2092 4040 2216 4093 meis
2240 4041 2433 4094 munda
2463 4057 2557 4104 me,
2614 4041 2869 4108 Domine;
2899 4054 2946 4098 et
2990 4046 3053 4098 ab
3095 4047 3274 4102 alienis
3301 4065 3451 4111 parce

1852 4145 1994 4182 servo
2023 4138 2129 4182 tuo.
2165 4131 2385 4197 Delicta,
2419 4133 2608 4201 inquit,
2640 4148 2758 4188 mea
2812 4134 3093 4205 inquinant
3122 4153 3226 4201 me,
3259 4138 3449 4194 delicta

1854 4219 2025 4274 aliena
2052 4219 2292 4291 afﬂigunt
2320 4238 2406 4278 me
2435 4241 2447 4276 :
2479 4223 2545 4277 ab
2576 4223 2659 4277 his
2688 4225 2881 4280 munda
2910 4243 3018 4294 me,
3047 4229 3241 4283 abillis
3271 4245 3449 4300 parce.

1854 4310 2004 4366 Tolle
2040 4312 2170 4367 mihi
2211 4329 2277 4368 ex
2320 4315 2480 4369 corde
2522 4315 2715 4369 malam
2769 4317 3167 4387 cogitationem,
3194 4323 3394 4391 repelle
3419 4339 3448 4376 a

1854 4419 1942 4460 me
1973 4407 2168 4461 malum
2195 4421 2472 4462 suasorem
2502 4426 2515 4459 :
2548 4408 2648 4463 hoc
2677 4421 2788 4473 est,
2815 4411 2889 4463 Ab
2917 4413 3125 4467 occultis
3148 4416 3270 4469 meis
3296 4432 3448 4469 mun-

1855 4496 1923 4548 da
1951 4513 2051 4559 me,
2080 4508 2126 4550 et
2156 4497 2220 4551 ab
2245 4499 2424 4553 alienis
2451 4516 2602 4570 parce
2624 4516 2766 4554 servo
2794 4510 2900 4555 tuo.
2934 4501 3067 4557 Nam
3096 4505 3192 4558 ista
3223 4504 3329 4561 duo
3359 4523 3452 4576 ge-

1855 4603 1982 4642 nera
2012 4588 2353 4652 delictorum,
2389 4593 2605 4661 propria
2633 4591 2792 4648 simul
2833 4603 2888 4649 et
2934 4596 3128 4664 aliena,
3156 4598 3317 4652 etiam
3342 4601 3452 4668 pri—

1857 4679 2020 4735 mitus
2063 4681 2115 4735 in
2156 4682 2378 4736 exordio
2421 4682 2729 4738 claruerunt
2781 4703 2795 4740 :
2832 4685 3074 4741 diabolus
3117 4702 3216 4743 suo
3255 4690 3451 4745 delicto

1853 4773 2080 4838 cecidit,
2126 4773 2296 4828 Adam
2342 4775 2520 4830 alieno
2554 4775 2769 4845 dejecit.
2823 4776 2920 4832 llic
2959 4779 3073 4848 ipse
3115 4780 3207 4834 Dei
3262 4795 3450 4837 servus

1855 4864 2159 4920 custodiens
2179 4864 2377 4934 judicia
2405 4866 2519 4930 Dei,
2550 4867 2603 4921 in
2634 4868 2826 4936 quibus
2874 4869 3153 4924 retributio
3177 4873 3360 4937 multa,
3393 4885 3449 4928 et

1858 4955 1909 5010 in
1937 4956 2043 5011 alio
2071 4957 2277 5025 psalmo
2320 4957 2400 5010 sic
2430 4953 2547 5011 orat
2580 4973 2594 5010 :
2626 4957 2750 5011 Non
2779 4960 2945 5012 ueniat
3002 4961 3126 5014 mihi
3155 4980 3241 5031 pes
3267 4981 3449 5032 super-

1856 5047 1985 5113 bite,
2030 5057 2078 5103 et
2133 5064 2316 5102 manus
2363 5058 2684 5119 peccatorum
2738 5067 2837 5105 non
2883 5064 3110 5108 moveant
3151 5072 3231 5110 me
3274 5056 3446 5124 (Psal.

1857 5156 2029 5206 xxxv,
2069 5137 2179 5212 12).
2211 5138 2328 5194 Non
2373 5142 2577 5207 veniat,
2616 5141 2805 5212 inquit,
2857 5143 2984 5197 mihi
3033 5160 3129 5214 pes
3158 5148 3445 5216 superbiae,

1855 5233 1958 5290 hoc
1987 5243 2090 5300 est,
2121 5234 2195 5288 Ab
2237 5232 2450 5287 occultis
2474 5235 2598 5288 meis
2627 5236 2818 5288 munda
2839 5251 2938 5302 me,
2970 5234 3219 5303 Domine;
3250 5249 3302 5293 et
3334 5255 3446 5292 nta-

1859 5340 1959 5380 nus
1991 5336 2330 5396 peccatorum
2360 5341 2466 5381 non
2494 5336 2744 5382 moveant
2766 5341 2870 5395 tne,
2905 5329 3005 5382 hoc
3030 5339 3133 5394 est,
3162 5330 3244 5383 Ab
3264 5331 3448 5386 alienis

1856 5434 2006 5488 parce
2020 5433 2162 5472 servo
2189 5428 2296 5471 tuo.

1929 5510 2016 5564 14.
2061 5507 2122 5565 Si
2165 5511 2262 5563 mei
2291 5526 2392 5564 non
2439 5509 2627 5579 fuerint
2669 5509 2926 5565 dominata
2956 5527 2975 5566 :
3003 5513 3206 5568 occulta
3238 5529 3354 5569 mea
3395 5525 3445 5572 et

1856 5596 2051 5651 delicta
2092 5595 2285 5652 aliena.
2320 5595 2474 5651 Tunc
2522 5597 2877 5653 immaculatus
2905 5615 2990 5653 ero
3017 5616 3036 5654 :
3071 5599 3169 5654 hoc
3200 5615 3303 5654 nOn
3334 5611 3446 5681 suis

1855 5689 2053 5745 viribus
2079 5691 2257 5756 audet,
2304 5689 2397 5744 sed
2440 5691 2724 5745 Dominum
2755 5691 3073 5762 deprecatur
3103 5703 3156 5747 ut
3207 5692 3443 5762 impii-at,

1924 5806 1938 5835 ³
1966 5810 2016 5852 ιιι
2038 5801 2285 5869 plerisque
2308 5809 2438 5863 Ιεε..
2461 5815 2642 5854 antore.

1855 463 1969 516 dem
2017 467 2289 533 pretiosum
2342 467 2553 522 multum
