3956 6322
432 310 533 366 165

427 429 510 481 cui
543 421 740 478 dicitur
771 417 823 470 in
868 412 1113 484 psalmo:
1157 406 1349 459 Itinera
1393 417 1503 454 mea
1557 398 1721 469 dirige
1746 392 2018 449 secundum

430 516 632 569 verbum
673 522 834 572 tuunt,
874 516 920 559 et
964 520 1066 556 non
1110 499 1395 553 dominetur
1422 493 1546 546 mihi
1596 490 1758 543 omnis
1784 484 2024 548 iniquitas

429 606 603 682 (I’sut.
636 615 818 660 cxvm,
852 594 1002 667 153).
1027 592 1145 653 Noli
1171 590 1381 651 limere,
1410 586 1453 639 si
1475 583 1797 637 christianos
1816 591 1900 641 es,
1928 575 2023 631 do-

430 676 631 755 minum
664 692 794 748 foris
826 686 1099 743 hominem
1133 700 1146 735 :
1178 680 1462 735 Dominum
1494 676 1662 730 Deum
1697 680 1844 724 tuum
1884 680 2026 720 sem-

433 805 528 861 per
555 787 704 842 time.
724 783 918 839 Malum
935 781 988 833 in
1013 786 1064 831 te
1082 776 1230 841 time,
1258 772 1361 827 hoc
1381 775 1465 823 est
1484 766 1836 861 cupiditatem
1856 767 2023 861 tuam,

435 850 540 935 non
562 875 779 950 quodin
806 881 862 929 te
886 872 1028 926 Deus
1057 866 1203 931 fecit,
1230 862 1325 918 sed
1361 856 1505 930 quod
1532 855 1640 950 tibi
1658 854 1773 950 ipse
1800 850 1977 950 fecisti
2008 863 2022 899 :

435 982 489 1027 te
520 940 781 1023 Dominus
802 964 1001 1018 bonum
1032 971 1246 1014 servum
1279 953 1436 1016 fecit;
1466 958 1521 1004 tu
1550 946 1646 1001 tibi
1670 945 1722 999 in
1748 940 1912 997 corde
1933 945 2027 994 tuo

435 1060 636 1117 malum
659 1055 937 1111 dominum
967 1048 1183 1105 creasti.
1215 1045 1407 1101 Merito
1444 1036 1690 1095 subderis
1739 1027 2024 1102 iniquitati,

434 1150 625 1205 merito
652 1142 900 1202 subderis
927 1139 1147 1196 domino
1164 1149 1322 1207 quem
1351 1141 1405 1186 tu
1429 1129 1522 1184 tibi
1541 1126 1641 1196 ipsi
1667 1121 1873 1189 fecisti;
1902 1118 2027 1189 quia

432 1245 481 1298 ei
513 1242 601 1312 qui
627 1249 677 1293 te
700 1236 821 1292 fecit
841 1234 1086 1289 subditus
1113 1244 1235 1285 csse
1263 1224 1505 1312 noluisti.

507 1306 594 1389 1.5.
636 1329 740 1386 Sed
765 1325 959 1393 sivntei,
992 1321 1181 1392 inquit,
1232 1334 1334 1370 non
1365 1311 1555 1386 fuerint
1597 1306 1879 1371 dominata,
1908 1311 2028 1356 tunc

430 1424 788 1481 immaculatus
819 1432 939 1481 ero;
968 1424 1017 1469 et
1050 1409 1334 1466 mundabor
1380 1422 1413 1458 a
1456 1402 1640 1456 delicto
1661 1412 1845 1471 magno
1872 1411 1892 1450 :
1921 1407 2028 1465 quo

436 1528 689 1591 putamus
718 1510 959 1570 delicto?
996 1506 1143 1580 quod
1185 1502 1315 1559 illud
1346 1512 1427 1555 est
1464 1497 1716 1553 delictum
1741 1488 2029 1591 magnum?

434 1581 598 1669 ii‘orte
624 1607 767 1665 aliud
792 1605 861 1660 sit
887 1617 1044 1672 quam
1066 1597 1307 1654 dicturus
1328 1608 1470 1658 sum,
1503 1604 1612 1644 non
1638 1597 1815 1642 tamen
1841 1581 2030 1639 celabo

435 1704 579 1777 quod
606 1700 803 1757 sentio.
846 1697 1105 1751 Delietum
1147 1701 1399 1759 magnum
1426 1684 1662 1739 arbitror
1687 1694 1810 1736 esse
1835 1691 2027 1780 snper-

437 1776 601 1850 biam.
630 1792 744 1848 Hoc
771 1791 998 1844 fortasse
1041 1793 1095 1838 et
1134 1782 1292 1835 aliter
1336 1776 1689 1844 significatum
1738 1779 1823 1825 est
1867 1776 1922 1823 in
1961 1781 2030 1824 eo

435 1884 580 1958 quod
606 1883 701 1949 ait,
723 1880 789 1935 Et
808 1874 1091 1933 mundabor
1112 1890 1143 1926 a
1160 1871 1342 1925 delicto
1362 1880 1567 1958 magno.
1596 1860 1851 1958 Quzeritis
1869 1873 2028 1958 quam

438 1951 690 2047 magnum
749 1971 821 2025 sit
866 1969 971 2024 hoc
1008 1966 1283 2026 delictum,
1327 1960 1471 2030 quod
1509 1955 1707 2027 dejecit
1742 1951 2028 2047 Angelum,

442 2045 584 2139 quod
612 2082 676 2121 ex
704 2062 913 2133 Angelo
940 2059 1065 2115 fecit
1088 2056 1381 2119 diabolum,
1405 2052 1559 2121 eique
1589 2052 1641 2104 in
1668 2059 1926 2105 aeternum
1957 2045 2033 2101 in.

437 2159 677 2218 terciusit
696 2170 919 2227 regnum
950 2151 1208 2209 ctelorum
1222 2147 1248 2200 Ἰ
1266 2147 1512 2219 Magnum
1540 2145 1642 2198 hoc
1657 2141 1908 2197 delictum
1925 2147 2028 2203 est,

432 2263 490 2310 et
519 2259 676 2322 caput
723 2257 887 2317 atque
931 2257 1093 2309 causa
1118 2239 1358 2296 omnium
1386 2235 1740 2311 delictorum;
1772 2230 2028 2322 scriptum

436 2356 521 2399 est
545 2320 686 2397 enim
722 2357 736 2393 :
766 2337 980 2393 Initium
1005 2324 1199 2405 peccati
1227 2329 1391 2384 omnis
1418 2326 1673 2393 superbia.
1702 2324 1771 2379 Et
1789 2338 1859 2379 ne
1878 2320 2031 2393 quasi

442 2437 557 2493 leve
579 2430 781 2504 aliquid
803 2437 1139 2488 contemnas,
1173 2421 1413 2490 Initium,
1445 2416 1637 2488 inquit,
1666 2412 2034 2487 superbt'wlto-

435 2529 586 2585 minis
623 2532 915 2597 apostatare
942 2536 976 2575 a
1004 2518 1113 2574 Deo
1142 2515 1332 2590 (Eccli.
1382 2530 1442 2581 x,
1476 2512 1565 2579 15,
1608 2509 1724 2583 14).
1772 2507 1889 2564 Νοη
1914 2508 2034 2563 leve

437 2621 635 2679 malum
663 2628 748 2675 est
774 2615 880 2672 hoc
909 2611 1116 2677 vitium,
1150 2609 1342 2663 fratres
1369 2604 1475 2661 mei
1508 2621 1521 2657 :
1546 2603 1668 2658 huic
1708 2601 1839 2656 vitio
1865 2601 1918 2655 in
1948 2599 2032 2654 his

439 2710 705 2784 personis,
757 2720 891 2778 quas
943 2701 1137 2775 videtis
1168 2700 1422 2769 amplas,
1470 2695 1716 2765 displicet
1758 2691 2031 2752 humilitas

436 2783 751 2863 christiana.
788 2799 1016 2867 PrOpter
1037 2794 1142 2849 hoc
1172 2792 1355 2846 vitium
1374 2787 1732 2858 dedignantur
1752 2783 1890 2841 colla
1905 2784 2033 2839 sub—

436 2900 567 2954 dere
590 2894 719 2965 iugo
746 2887 971 2954 Christi,
999 2882 1222 2954 obligati
1265 2879 1466 2936 arctius
1504 2880 1634 2950 jngo
1661 2878 1886 2947 peccati.
1914 2875 2031 2932 Non

438 2990 584 3046 enim
614 2983 819 3042 servire
845 2994 953 3035 non
979 2974 1060 3032 eis
1079 2973 1391 3043 continget:
1424 2984 1547 3025 nam
1575 2968 1764 3023 nolunt
1806 2966 2030 3041 servire,

437 3082 537 3143 sed
570 3079 657 3134 eis
685 3072 904 3149 expedit
927 3070 1152 3129 servire.
1193 3064 1439 3122 Nolendo
1486 3063 1692 3120 servire
1734 3061 1865 3119 nihil
1886 3061 2032 3118 aliud

438 3182 622 3246 agunt,
654 3183 815 3244 quam
844 3173 903 3223 ut
947 3164 1091 3221 bono
1125 3160 1352 3217 Domino
1392 3173 1501 3214 non
1541 3156 1811 3222 serviant;
1840 3170 1948 3211 non
1975 3164 2035 3210 ut

438 3264 658 3321 omnino
678 3277 782 3319 non
810 3257 1083 3315 serviant:
1110 3253 1233 3324 quia
1271 3250 1362 3323 qui
1388 3249 1623 3306 noluerit
1667 3248 1875 3305 servire
1898 3246 2028 3302 cha-

439 3356 608 3422 ritati,
640 3366 863 3410 necesse
890 3356 975 3406 est
1002 3354 1062 3403 ut
1086 3343 1287 3401 serviat
1322 3340 1609 3413 iniquitati.
1635 3339 1718 3395 Ah
1755 3338 1860 3394 hoc
1878 3337 2029 3405 vitio,

439 3445 581 3518 quod
622 3452 705 3499 est
728 3450 890 3513 caput
936 3436 1179 3495 orunium
1228 3433 1506 3499 vitiorum,
1534 3429 1655 3503 quia
1683 3429 1809 3486 inde
1838 3438 2032 3518 cratera

440 3517 570 3593 vitia
594 3545 714 3589 nata
736 3542 881 3595 sunt,
911 3528 1045 3585 facta
1075 3534 1161 3582 est
1184 3522 1450 3597 apostasia
1476 3536 1506 3575 a
1530 3522 1661 3587 Deo,
1680 3529 1841 3575 eunte
1855 3517 2033 3575 anima

440 3631 496 3685 in
531 3626 801 3689 tenebras,
834 3631 886 3680 et
918 3619 1059 3676 male
1094 3606 1282 3673 utenle
1330 3614 1502 3671 libero
1525 3612 1766 3676 arbitrio,
1801 3610 2035 3681 peccatis

440 3721 604 3779 etiam
633 3716 843 3773 cantoris
885 3710 1193 3771 consecutis
1239 3726 1253 3762 :
1293 3716 1350 3764 ut
1392 3718 1445 3762 et
1487 3705 1839 3762 substantiam
1878 3718 2033 3764 suam

441 3814 725 3886 dissiparet
773 3824 895 3863 cum
932 3802 1305 3861 meretricibus
1346 3801 1534 3856 vivens
1574 3798 1818 3869 prodige,
1864 3804 1919 3851 et
1940 3811 2037 3867 per

443 3911 735 3979 egestatem
768 3901 921 3956 fieret
952 3903 1132 3966 pastor
1171 3906 1454 3965 porcorum
1484 3890 1632 3963 (Luc.
1661 3906 1752 3955 xv,
1801 3886 1916 3963 l3),
1944 3888 2037 3960 qui

443 4005 562 4054 erat
589 3992 769 4049 socius
795 3987 1145 4061 Angelornm.
1176 3984 1404 4054 Propter
1432 3981 1535 4038 hoc
1566 3980 1776 4048 vitium,
1816 3988 2037 4051 propter

444 4088 550 4142 hoc
571 4097 818 4156 magnum
843 4076 1108 4150 superbiae
1129 4081 1429 4148 peccatum,
1447 4071 1591 4128 Deus
1617 4069 1833 4126 humilis
1856 4069 2033 4125 venit:

445 4179 563 4236 haec
580 4189 765 4242 causa,
810 4170 912 4226 hoc
942 4176 1220 4243 peccatum
1250 4177 1523 4235 magnum,
1558 4162 1659 4219 iste
1684 4162 1872 4234 ingens
1894 4175 2034 4215 mor-

445 4273 547 4329 hus
567 4267 886 4328 animarum,
915 4259 1338 4330 omnipotentem
1376 4253 1643 4310 medicum
1682 4250 1750 4309 de
1776 4251 1914 4309 coelo
1943 4250 2039 4307 de-

445 4362 618 4428 duxit,
650 4371 818 4430 usque
840 4354 907 4411 ad
934 4350 1162 4408 formam
1189 4347 1332 4404 servi
1356 4345 1676 4411 humiliavit,
1699 4345 2038 4401 contumeliis

444 4453 573 4525 egit,
598 4450 742 4521 ligno
764 4441 1081 4517 suspendit;
1111 4449 1170 4496 ut
1200 4453 1296 4511 per
1326 4436 1555 4525 salutem
1577 4443 1739 4525 tantte
1759 4434 2039 4493 medicinas

445 4523 664 4599 curetur
686 4537 777 4593 hic
803 4546 1001 4592 tumor.
1035 4530 1153 4589 Jam
1187 4526 1401 4583 tandem
1427 4524 1709 4583 erubescat
1728 4523 1890 4580 homo
1918 4539 2041 4581 esse

446 4631 731 4707 superbus,
756 4635 974 4700 propter
994 4637 1155 4695 quem
1187 4618 1358 4677 factus
1382 4626 1468 4674 est
1502 4616 1721 4673 humilis
1749 4616 1911 4673 Deus.
1940 4614 2037 4685 lla,

450 4723 639 4797 inquit,
667 4715 950 4775 mundabor
977 4731 1010 4769 a
1047 4713 1231 4769 delicto
1269 4724 1474 4784 magno,
1521 4707 1644 4780 quia
1684 4707 1826 4765 Deus
1854 4721 2041 4797 super.

449 4796 539 4875 bis
576 4812 811 4877 resistit,
855 4805 1147 4864 humilibus
1188 4812 1368 4859 autem
1420 4800 1513 4858 dat
1560 4798 1787 4873 gratiam
1836 4796 2040 4872 (Jacobi

449 4928 537 4979 tv,
579 4912 632 4966 ti.
666 4903 689 4965 1
719 4904 861 4961 Petr.
890 4916 942 4969 v,
964 4896 1043 4973 5).

522 4998 613 5057 16.
640 4994 793 5073 [νεα.
837 4987 950 5063 15.]
989 4986 1060 5042 Et
1103 5003 1193 5060 per
1239 4985 1332 5041 hoc
1369 4992 1424 5039 ut
1472 4982 1815 5055 complaceant
1843 4982 2042 5055 eloquia

451 5094 555 5150 oris
582 5106 699 5154 nter,
730 5095 779 5143 et
804 5080 1065 5139 meditatio
1095 5078 1263 5135 cordis
1287 5076 1387 5132 mei
1414 5079 1467 5133 in
1497 5086 1767 5147 conspectu
1795 5084 1881 5129 tuo
1904 5090 2042 5132 sem-

452 5200 542 5242 ner
570 5197 589 5240 :
615 5193 738 5237 nam
766 5177 809 5233 si
834 5174 903 5230 ab
930 5173 1031 5230 hoc
1060 5184 1253 5244 magno
1281 5167 1476 5225 delicto
1504 5182 1609 5222 non
1635 5165 1955 5235 mundabor,
1988 5167 2043 5222 in

453 5278 739 5339 conspectu
768 5264 1043 5323 hominum
1088 5259 1372 5333 placebunt
1413 5258 1621 5329 eloquia
1660 5272 1809 5322 mea,
1852 5272 1956 5314 non
1989 5256 2043 5312 in

451 5369 742 5434 COIlSPeClu
770 5367 879 5415 tuo.
903 5352 1145 5425 Superba
1165 5351 1339 5408 anima
1365 5349 1416 5403 in
1448 5357 1737 5418 conspectu
1767 5348 2042 5402 hominum

455 5458 564 5513 vult
589 5454 801 5528 placere
830 5469 843 5507 :
878 5446 1093 5505 ltumilis
1123 5445 1296 5501 anima
1329 5446 1380 5498 in
1408 5442 1640 5507 occulto,
1679 5441 1764 5499 ubi
1794 5441 1936 5497 Deus
1962 5440 2045 5494 vi-

454 5556 562 5609 det.
595 5546 701 5604 vult
727 5543 978 5617 placere;
1013 5546 1070 5595 ut
1108 5538 1152 5593 si
1182 5534 1438 5606 placuerit
1468 5532 1772 5589 hominibus
1795 5531 1864 5586 do
1905 5532 2067 5586 bono,

453 5653 639 5711 apere,
671 5637 773 5692 lllis
794 5632 1091 5707 gratuletur
1112 5628 1305 5700 quibus
1335 5627 1507 5697 placet
1533 5628 1728 5682 bonum
1756 5640 1913 5697 opus,
1938 5640 2045 5683 non

454 5731 556 5789 sibi
580 5729 663 5787 cui
696 5716 946 5783 sufﬁcere
970 5722 1132 5780 debet
1157 5719 1279 5795 quia
1306 5717 1435 5775 fecit
1476 5719 1669 5774 bonum
1699 5730 1834 5789 opus
1869 5734 1882 5771 :
1914 5714 2042 5773 Glo-

1667 284 1723 335 s.
1768 272 2133 334 MICUSTINI
2174 274 2474 329 Episcopi
3618 268 3714 331 ια

2129 391 2206 441 ria
2236 400 2425 451 nostra,
2459 390 2644 457 inquit.
2680 389 2783 441 lim:
2810 398 2901 451 est,
2927 388 3261 441 testimonium
3287 389 3607 443 conscientia:
3626 406 3724 442 no-

2129 488 2248 533 stra?
2277 479 2343 549 (ll
2372 480 2487 532 Cor.
2515 496 2561 543 ι,
2594 480 2705 549 12).
2738 480 2967 549 Ideoque
2997 480 3237 533 dicamus
3260 481 3419 532 etiam
3453 480 3596 547 quod
3640 494 3725 533 se-

2132 572 2329 641 quitur,
2342 570 2801 643 Domine.adjutor
2821 589 2960 626 meus
2981 582 3026 625 et
3050 572 3332 639 redemptor
3358 588 3499 625 mens
3528 587 3547 625 :
3575 572 3725 636 adju-

2132 672 2218 715 tor
2243 661 2295 714 in
2322 660 2495 724 bonis,
2528 661 2834 726 redemptor
2863 677 2891 713 a
2924 663 3117 723 malis;
3149 662 3361 731 :uljntor
3386 674 3444 716 ut
3487 662 3725 717 habili-nt

2133 754 2184 807 in
2212 754 2475 810 charitate
2506 765 2591 811 tua
2613 798 2629 821 ,
2659 757 2968 824 redemptor
2996 765 3053 810 ut
3091 756 3289 813 liberes
3313 773 3398 813 me
3425 757 3494 812 ab
3527 757 3725 827 iniqui-

2134 854 2241 901 late
2266 861 2405 901 mea.

2194 980 3715 1007 _______________________________

2569 1056 2654 1119 IN
2693 1056 3077 1123 PSALMUM
3112 1061 3274 1126 XIX

2734 1180 3154 1239 ENARRATIO.

2549 1290 2614 1345 In
2640 1293 2815 1362 ﬁnem,
2844 1294 3085 1351 Psalmus
3113 1296 3301 1352 Dauid.

2206 1404 2258 1455 1.
2302 1400 2452 1476 [ven
2496 1402 2575 1477 1.]
2611 1404 2783 1460 Notus
2824 1416 2907 1462 est
2948 1407 3051 1465 iste
3090 1409 3296 1478 titulus,
3339 1426 3441 1468 nec
3475 1410 3731 1473 Christus

2135 1493 2298 1561 dicit,
2330 1495 2424 1552 sed
2455 1496 2669 1554 Christo
2697 1499 2828 1555 dicit
2850 1501 3137 1573 Propheta,
3167 1504 3333 1576 figura
3357 1508 3577 1579 optandi
3606 1525 3731 1581 qua:

2135 1597 2353 1644 ventura
2383 1598 2507 1646 sunt
2543 1606 2761 1649 canens.

2205 1680 2264 1735 2.
2297 1680 2449 1754 [verm
2477 1682 2514 1737 9.
2538 1682 2559 1756 ]
2593 1683 2849 1749 Exaudiat
2878 1694 2927 1744 te
2947 1685 3201 1744 Dominus
3224 1689 3279 1745 in
3310 1689 3395 1747 die
3432 1692 3729 1750 tribulatio-

2134 1773 2215 1826 nis
2247 1773 2539 1829 :cxaudiat
2564 1784 2615 1830 te
2640 1774 2899 1841 Dominus
2928 1776 2982 1833 in
3015 1778 3105 1836 die
3139 1794 3244 1850 qua
3268 1780 3483 1850 dixisti,
3526 1781 3729 1852 Pater,

2131 1864 2362 1926 clari/ica
2389 1864 2581 1922 Filium
2605 1876 2748 1922 tum
2779 1867 2964 1935 (Joan.
2997 1886 3110 1927 ml
3132 1912 3150 1939 ,
3180 1872 3256 1945 1).
3286 1872 3531 1946 Protegat
3556 1886 3606 1929 te
3634 1894 3730 1932 no-

2134 1972 2247 2010 men
2281 1955 2377 2011 Dei
2398 1956 2566 2013 Jacob
2594 1975 2615 2013 :
2643 1960 2708 2014 ad
2741 1969 2791 2016 te
2818 1963 2961 2017 enim
3006 1965 3241 2035 pertinet
3279 1968 3505 2038 populus
3545 1981 3725 2041 postc-

2135 2044 2248 2101 rior
2273 2055 2397 2101 natu
2421 2088 2438 2115 ,
2465 2051 2589 2119 quia
2615 2051 2788 2121 major
2813 2054 3012 2109 serviet
3035 2055 3230 2112 minori
3259 2056 3410 2130 (Gen.
3444 2076 3575 2129 xxv,
3606 2064 3721 2132 9.5).

2204 2138 2259 2193 3.
2301 2136 2453 2212 [νινε.
2494 2138 2573 2214 5.]
2617 2140 2791 2196 Μὶιιαι
2824 2143 2915 2197 tibi
2950 2146 3200 2201 auxilium
3227 2148 3292 2204 de
3332 2161 3506 2207 sancto
3529 2196 3545 2219 ,
3590 2164 3638 2209 et
3664 2157 3729 2209 de

2135 2228 2267 2284 Sion
2295 2239 2498 2284 tueatur
2526 2241 2605 2298 te,
2656 2223 2857 2288 faciens
2904 2234 3002 2305 tibi
3048 2238 3435 2296 sanctificatum
3485 2258 3728 2315 corpus,

2136 2320 2428 2383 Ecclesiam
2453 2362 2470 2390 ,
2525 2322 2595 2378 de
2638 2324 3004 2395 speculatione
3045 2336 3212 2395 tutam
3236 2370 3253 2397 ,
3283 2346 3402 2402 quas
3445 2345 3732 2407 exspectas

2134 2411 2348 2483 quando
2369 2413 2555 2469 venias
2577 2428 2609 2469 a
2635 2416 2835 2487 nuptiis
2862 2417 2905 2470 ί.

2205 2506 2260 2558 4.
2290 2500 2441 2577 [υεη.
2467 2501 2548 2577 4.]
2584 2504 2783 2560 Memor
2806 2508 2872 2562 sit
2906 2509 3069 2564 omnis
3091 2512 3334 2583 sacriﬁcii
3367 2516 3442 2570 tui
3467 2533 3488 2571 :
3518 2534 3732 2575 memo-

2135 2611 2224 2653 res
2251 2612 2350 2651 nos
2389 2597 2547 2655 faciat
2575 2598 2813 2653 omnium
2859 2600 3172 2670 iniuriarum
3198 2614 3408 2663 tuarum
3442 2618 3498 2665 et
3538 2621 3731 2666 contu-

2138 2687 2441 2752 meliarum,
2481 2704 2617 2759 quas
2648 2704 2746 2759 pro
2780 2690 2935 2747 nobis
2963 2694 3246 2762 pertulisti.
3274 2695 3347 2751 Et
3372 2698 3733 2761 holocaustum

2135 2788 2277 2835 tuum
2318 2784 2506 2858 pingue
2546 2787 2638 2857 ﬁat
2668 2805 2686 2843 :
2714 2798 2768 2845 et
2794 2805 3006 2851 crucem
3030 2833 3047 2864 ,
3093 2809 3200 2867 qua
3236 2804 3375 2857 totus
3410 2800 3624 2859 oblatus
3668 2820 3733 2862 es

2136 2874 2271 2941 Deo,
2297 2876 2348 2933 in
2378 2878 2615 2937 ltelitiam
2642 2887 3049 2945 resurrectionis
3071 2901 3368 2948 convertat.

2206 2967 2263 3025 5.
2304 2966 2456 3043 [rem
2485 2970 2564 3045 5.]
2610 2973 2687 3048 (a)
2718 2974 2929 3033 Tribuat
2954 2980 3043 3035 tibi
3071 2981 3318 3040 Dominus
3342 2989 3617 3044 secundum
3645 3008 3738 3047 eor

2136 3068 2279 3116 tuum
2299 3078 2319 3117 :
2342 3062 2536 3120 tribuat
2559 3066 2650 3120 tibi
2676 3067 2952 3135 Dominus,
2976 3086 3083 3128 non
3110 3075 3404 3133 secundum
3424 3093 3520 3135 cor
3538 3095 3732 3141 eorum

2136 3151 2231 3222 qui
2261 3160 2581 3222 putaverunt
2605 3160 2979 3229 persequendo
3006 3162 3189 3221 delere
3215 3173 3267 3223 te
3289 3181 3485 3238 posse;
3514 3172 3611 3226 sed
3636 3188 3732 3228 se-

2135 3244 2369 3302 cundum
2405 3260 2500 3302 cor
2529 3256 2675 3304 tuum
2696 3291 2711 3317 ,
2738 3264 2849 3322 quo
2873 3252 3023 3309 scisti
3048 3255 3176 3325 quid
3218 3258 3460 3316 utilitatis
3503 3259 3735 3319 haberet

2135 3340 2316 3412 passio
2358 3351 2465 3396 tua.
2515 3341 2587 3398 Et
2629 3359 2779 3400 omne
2822 3346 3091 3403 consilium
3132 3358 3275 3405 tuum
3317 3353 3570 3425 compleat
3609 3371 3632 3410 :
3675 3367 3734 3413 et

2137 3434 2404 3505 compleat
2430 3450 2591 3490 omne
2620 3437 2902 3493 consilium
2935 3448 3105 3509 tuum,
3142 3457 3249 3498 non
3276 3442 3449 3499 solum
3476 3459 3583 3517 quo
3607 3448 3732 3503 ani-

2137 3538 2278 3579 mam
2305 3533 2447 3579 tuam
2472 3527 2697 3596 posuisti
2729 3542 2826 3599 pro
2851 3530 3038 3586 amicis
3059 3531 3163 3587 tuis
3189 3530 3370 3603 (Ioan.
3403 3550 3493 3601 xv,
3526 3537 3641 3610 13),
3670 3550 3735 3595 ut

2139 3616 2517 3672 mortificatum
2547 3633 2770 3689 granum
2799 3620 3067 3692 cupiosius
3121 3637 3423 3695 resurgeret
3449 3623 3471 3699 (
3498 3624 3589 3682 Id.
3621 3644 3727 3697 xu,

2137 3705 2263 3781 25);
2298 3707 2391 3764 sed
2421 3709 2583 3763 etiam
2605 3723 2712 3780 quo
2737 3712 2952 3766 czccitas
2976 3727 3048 3767 ex
3076 3724 3228 3784 parte
3256 3714 3421 3772 lsrael
3447 3717 3582 3775 facta
3607 3730 3689 3776 est
3711 3761 3729 3787 ,

2139 3808 2199 3854 ut
2219 3799 2494 3871 plenitudo
2515 3798 2765 3857 Gentium
2792 3802 3036 3871 intraret,
3063 3813 3118 3860 et
3142 3806 3220 3862 sic
3243 3809 3416 3864 onmis
3441 3809 3601 3867 lsrael
3621 3814 3734 3870 sal-

2139 3906 2237 3948 vus
2266 3892 2419 3947 fieret
2444 3891 2619 3965 (Rom.
2651 3909 2707 3948 ιι
2727 3936 2742 3959 ,
2771 3893 2887 3959 25).

2211 3983 2267 4039 6.
2308 3982 2461 4058 [vers.
2497 3983 2578 4059 6.]
2618 3984 3000 4044 Exsultabinms
3026 3988 3079 4043 in
3100 3990 3314 4045 salutari
3336 3999 3421 4045 tuo
3446 4007 3465 4045 :
3494 3994 3735 4050 exsulta—

2141 4073 2319 4130 bimus
2342 4074 2486 4147 quod
2515 4076 2609 4131 tibi
2630 4092 2778 4132 mors
2804 4077 2932 4135 nihil
2961 4080 3210 4144 nocebit;
3241 4081 3313 4136 ita
3339 4083 3482 4138 enim
3510 4100 3607 4140 nec
3630 4103 3737 4142 no-

2140 4166 2224 4223 bis
2251 4182 2368 4221 cam
2398 4182 2594 4223 nocere
2617 4182 2776 4238 posse
2799 4170 3146 4227 monstrabis.
3175 4170 3245 4227 Et
3273 4173 3326 4227 in
3355 4176 3557 4230 nomine
3580 4177 3601 4209 ²
3631 4175 3738 4233 Dei

2142 4261 2303 4316 nostri
2327 4261 2765 4332 magniﬁcabimur
2794 4278 2813 4317 :
2841 4270 2890 4317 e'.
2934 4263 3204 4321 confessio
3254 4266 3328 4321 tui
3364 4269 3597 4325 nominis
3622 4286 3735 4328 non

2142 4354 2318 4411 solum
2343 4367 2448 4409 non
2476 4352 2703 4425 perdet,
2732 4354 2827 4410 sed
2858 4356 3019 4411 etiam
3048 4356 3410 4428 magniﬁcabit
3432 4374 3549 4416 nos.

2215 4444 2268 4500 7.
2290 4441 2440 4516 [rem
2467 4441 2545 4519 7.]
2579 4442 2801 4516 Impleat
2822 4444 3073 4503 Dominus
3105 4465 3277 4505 omnes
3297 4450 3560 4520 petitiones
3578 4461 3696 4511 tuas
3719 4468 3743 4512 :

2143 4536 2365 4607 impleat
2402 4537 2659 4594 Dominus
2683 4552 2792 4594 non
2817 4538 2989 4595 solum
3016 4541 3305 4611 petitiones
3328 4558 3462 4616 quas
3501 4543 3740 4606 habuisti

2146 4631 2199 4687 in
2226 4638 2390 4695 terra,
2412 4629 2508 4688 sed
2534 4629 2695 4687 etiam
2719 4632 2912 4703 quibus
2941 4632 2995 4688 in
3021 4634 3159 4691 ctelo
3180 4634 3490 4706 interpellas
3512 4655 3611 4711 pro
3636 4657 3742 4697 no-

2145 4722 2249 4779 bis.
2280 4722 2436 4779 Nunc
2458 4724 2670 4795 cognoui
2687 4725 2927 4795 quoniam
2948 4727 3143 4782 salvum
3164 4728 3280 4801 fecit
3304 4727 3559 4788 Dominus
3583 4732 3742 4791 Chri-

2143 4822 2277 4871 stum
2318 4830 2469 4870 suum
2494 4830 2514 4870 :
2542 4828 2685 4871 nunc
2725 4815 2857 4872 mihi
2887 4831 2985 4888 per
3024 4818 3357 4890 prophetiam
3395 4821 3742 4883 demonstra-

2146 4914 2258 4961 tum
2307 4914 2429 4971 est,
2480 4906 2733 4977 quoniam
2775 4907 3114 4964 resuscitabit
3164 4908 3420 4968 Dominus
3460 4913 3741 4975 Christum

2144 5014 2321 5056 suum.
2353 4997 2608 5055 Exaudiet
2628 4997 2777 5053 illum
2800 4998 2865 5054 de
2885 4998 3013 5055 calo
3036 5010 3211 5056 sancto
3228 5018 3322 5058 suo
3345 5020 3367 5059 :
3393 5002 3644 5062 exaudiet
3670 5008 3742 5065 il-

2147 5091 2256 5147 lum
2278 5130 2294 5159 ,
2325 5104 2432 5146 non
2461 5089 2530 5146 de
2567 5098 2709 5146 terra
2749 5096 2956 5146 tantum
2984 5134 3000 5159 ,
3030 5092 3118 5148 ubi
3162 5108 3222 5151 se
3263 5093 3418 5164 petiit
3455 5096 3740 5157 clarificari

2148 5180 2329 5253 (Joau.
2361 5196 2470 5238 xvn
2493 5222 2509 5249 ,
2536 5179 2630 5255 1);
2661 5196 2847 5239 verum
2872 5183 3034 5240 etiam
3063 5183 3130 5241 de
3171 5185 3310 5243 oculo
3330 5227 3346 5254 ,
3395 5186 3485 5243 ubi
3511 5187 3622 5259 jam
3662 5188 3737 5248 ad

2147 5273 2421 5330 dexteram
2451 5273 2625 5329 Patris
2666 5273 3015 5344 interpellans
3062 5291 3157 5346 pro
3200 5277 3356 5335 nobis
3396 5276 3575 5351 (Rom.
3611 5268 3739 5350 vm,

2152 5366 2277 5437 3t),
2307 5364 2516 5421 diffudit
2553 5364 2677 5422 inde
2705 5365 2961 5437 Spiritum
2998 5379 3239 5424 sanctum
3267 5384 3430 5439 super
3455 5371 3742 5431 credentes

2214 5542 2231 5607 ξ
2258 5539 2391 5607 add,
2415 5538 2480 5589 ad
2737 5548 2792 5592 at
2826 5549 2960 5607 Mss,
2980 5557 3010 5592 a
3027 5543 3225 5607 nuptiis.

2150 5604 2243 5715 De;
2260 5605 2434 5726 sicut?
2475 5604 2759 5654 melioribus
2796 5611 2904 5656 Mss.
2944 5604 3103 5669 juxta
3128 5614 3253 5657 Lxx.
3298 5606 3509 5673 [laciniae
3555 5608 3747 5663 οωνὶηὶ

2220 5725 2293 5788 (a)
2325 5724 2602 5788 Diapsalma.
