3956 6390
164 385 238 444 ηε
1233 342 1628 408 ENARRATiO
1669 337 1732 394 IN
1775 337 2095 400 PSALMUM
2137 343 2252 398 XX.

160 492 200 544 in
219 501 281 542 se.
315 480 370 536 In
405 475 743 550 pottmlalibus
778 472 916 526 salus
941 473 1163 525 dexteris
1201 467 1311 534 eius
1339 478 1357 516 .'
1388 465 1692 550 potentatus

162 577 290 634 nostri
311 581 416 628 sunt
443 568 593 622 salus
621 565 820 620 laveris
851 563 968 631 ejus
986 601 1002 626 ,
1028 573 1153 613 cum
1185 557 1344 610 etiam
1371 553 1440 605 de
1470 546 1690 604 tribula-

159 672 270 722 tione
293 663 370 718 dat
393 659 672 718 auxilium,
705 665 763 709 ut
787 652 1000 723 quando
1045 648 1397 707 inﬁrmamur,
1441 651 1567 695 tunc
1591 652 1694 710 po-

160 768 296 814 tentes
319 755 472 808 simus
502 750 569 822 (ll
600 747 723 803 Cor.
755 762 850 810 xu,
883 742 994 813 10).
1023 740 1156 795 Nam
1185 751 1324 791 vana
1353 734 1498 788 salus
1524 727 1698 822 homi-

160 864 256 904 lllllll
276 842 430 916 (l’sal.
462 820 573 907 tta,
612 840 726 909 15),
755 850 875 908 qua:
903 848 1009 888 non
1048 831 1306 892 dexterae,
1340 823 1433 879 sed
1460 820 1696 876 sinistra:

157 943 246 1010 ejus
268 949 338 993 est
366 955 380 992 :
410 935 511 988 hac
552 935 698 988 enim
739 927 1075 987 extolluntur
1117 922 1170 977 in
1218 931 1465 989 magnam
1509 926 1699 980 super-

153 1001 264 1086 binm
285 1071 298 1094 ,
324 1027 642 1099 quicumque
673 1027 956 1094 peccantes
985 1011 1354 1084 temporaliter
1393 1006 1527 1063 salvi
1571 1001 1695 1058 lacti

155 1131 264 1179 sunt.

206 1213 248 1266 8.
275 1209 408 1282 (vers.
437 1204 518 1278 8.]
563 1203 636 1259 lli
678 1203 732 1257 in
770 1200 1000 1254 curribus
1036 1206 1084 1253 et
1122 1195 1174 1250 Ιιὶ
1211 1194 1266 1248 in
1310 1192 1448 1262 equis
1478 1185 1605 1282 (αλκ
1643 1185 1695 1238 hi

150 1279 326 1356 volubili
369 1296 712 1354 successione
749 1289 1122 1361 temporalium
1162 1287 1424 1340 bonorum
1477 1279 1700 1334 trahun-

153 1406 236 1458 tur,
259 1403 305 1446 et
329 1391 376 1444 hi
397 1387 647 1458 superbis
677 1382 1032 1454 praeferuntur
1058 1380 1075 1411 ⁸
1106 1375 1421 1438 honoribus,
1453 1380 1614 1439 atque
1642 1367 1694 1422 in

150 1485 215 1538 his
236 1481 505 1537 exsultant.
534 1475 648 1532 Nos
671 1484 838 1529 autem
861 1474 916 1526 in
942 1470 1145 1525 nomine
1179 1464 1387 1521 Domini
1416 1462 1512 1516 Dei
1539 1459 1700 1514 nostri

149 1572 470 1629 exsultabimus
496 1586 517 1625 :
546 1583 648 1624 nos
671 1577 850 1621 autem
880 1578 1030 1634 spem
1075 1561 1298 1631 ﬁgentes
1341 1556 1394 1610 in
1439 1550 1654 1608 aeternis
1679 1589 1696 1614 ,

145 1680 291 1735 neque
313 1661 534 1734 gloriam
559 1667 798 1713 nostram
824 1660 1147 1725 quaerentes,
1174 1651 1227 1706 in
1249 1647 1466 1703 nomine
1490 1640 1699 1698 Domini

149 1758 222 1812 Dei
249 1755 400 1810 nostri
426 1750 843 1807 exsultabimus.

198 1849 245 1904 9.
287 1847 428 1921 [vers.
469 1842 555 1919 9.]
597 1841 714 1908 Ipsi
756 1837 964 1910 obligati
1003 1844 1162 1898 sunt,
1204 1843 1251 1888 et
1288 1829 1620 1921 ceciderunt:
1647 1830 1704 1879 et

142 1941 245 1997 ideo
263 1917 352 2009 ipsi
379 1917 758 2006 temporalium
784 1944 964 1986 rerum
989 1925 1282 1995 cupiditate
1304 1917 1524 1990 obligati
1553 1923 1699 1980 sunt,

141 2034 361 2088 timentes
397 2041 622 2100 parcere
652 2022 881 2079 Domino
904 2059 922 2088 ,
969 2033 1040 2074 ne
1062 2033 1091 2070 a
1120 2013 1379 2071 Romanis
1418 2009 1705 2080 perderent

142 2125 293 2198 locum
319 2097 497 2194 (Ia-an.
522 2134 601 2182 ιι,
631 2115 758 2187 13);
785 2123 838 2170 et
865 2113 1131 2179 irruentes
1165 2106 1245 2198 in
1264 2102 1494 2198 lapidem
1525 2097 1703 2156 offen-

137 2193 281 2269 sionis
306 2193 480 2280 (Rom.
511 2224 594 2274 Ix,
625 2205 716 2278 32)
747 2213 803 2260 et
839 2211 1043 2273 petram
1084 2195 1344 2262 scandali,
1375 2193 1442 2248 de
1471 2205 1568 2260 spe
1593 2203 1706 2245 cre-

139 2306 240 2361 lesti
262 2302 570 2359 ceciderunt
603 2318 616 2353 :
643 2297 840 2368 quibus
871 2293 1088 2349 accitas
1113 2305 1178 2344 ex
1202 2298 1355 2359 parte
1378 2283 1540 2340 Israel
1567 2281 1704 2336 facta

135 2405 222 2464 est,
250 2391 618 2465 ignorantibus
645 2387 742 2442 Dei
781 2384 1044 2456 justitiam
1070 2423 1085 2445 ,
1129 2388 1187 2435 et
1211 2391 1360 2432 suam
1405 2371 1707 2428 volentibus

136 2460 434 2540 constituere
457 2480 578 2554 (Id.
609 2496 663 2542 κ,
699 2476 777 2550 '5).
813 2473 925 2528 Nos
943 2488 1060 2526 vero
1086 2467 1398 2524 surreximus
1418 2466 1462 2531 ’,
1483 2472 1529 2517 et
1557 2460 1709 2516 erecti

134 2593 288 2630 sumtu
311 2591 333 2630 :
359 2553 473 2630 nos
492 2587 626 2628 vero
652 2579 710 2624 ut
735 2565 966 2638 populus
990 2562 1241 2620 Gentium
1269 2559 1511 2622 intraret,
1539 2554 1604 2610 de
1632 2553 1711 2607 la.

137 2668 322 2737 pidibus
352 2663 578 2722 excitati
613 2662 705 2716 lilii
739 2657 1008 2712 Abraham
1039 2652 1249 2726 (Matth.
1274 2664 1352 2714 ιιι,
1379 2645 1435 2718 9)
1467 2647 1554 2715 qui
1599 2660 1704 2698 non

133 2758 447 2816 sectabamur
466 2753 732 2825 justitiam
755 2793 770 2816 ,
799 2744 1247 2818 apprehendimns
1270 2754 1388 2797 eam
1417 2737 1590 2810 (Rom.
1620 2751 1696 2802 rx,

132 2850 238 2922 30),
278 2859 329 2904 et
358 2845 735 2905 surreximus;
765 2855 864 2895 nec
904 2837 1104 2892 viribus
1130 2833 1363 2898 nostris,
1404 2830 1498 2885 sed
1527 2843 1622 2898 per
1647 2826 1709 2880 li-

130 2943 234 2999 detn
253 2938 534 3013 justiﬁcati
563 2935 731 2992 erecti
763 2944 967 2988 sumus.

190 3011 268 3091 l0.
316 3033 470 3107 [ocra
511 3025 630 3102 10.]
674 3027 906 3089 Domine,
943 3023 1140 3077 salvum
1162 3023 1244 3092 fac
1273 3033 1436 3087 regem
1466 3028 1486 3068 :
1517 3022 1573 3066 ut
1598 3011 1713 3107 ipse

126 3128 204 3197 qui
244 3102 398 3181 nobis
423 3119 712 3195 praeliandi
751 3115 1054 3184 exemplum
1087 3110 1333 3181 passione
1360 3102 1712 3169 monsuavit,

124 3196 297 3272 oll‘erat
337 3216 508 3272 etiam
546 3209 813 3268 sacriﬁcia
842 3215 1021 3262 nostra
1045 3243 1066 3272 ,
1101 3199 1352 3257 sacerdos
1377 3196 1642 3252 excitatus
1683 3207 1714 3246 a

127 3307 369 3373 mortuis,
397 3316 455 3360 et
485 3304 544 3359 in
577 3300 719 3357 caelo
744 3298 1087 3354 constitutus.
1130 3289 1200 3344 Et
1223 3287 1409 3344 exaudi
1432 3301 1525 3340 nos
1552 3285 1606 3337 in
1637 3282 1720 3336 die

121 3413 209 3468 qua
225 3395 642 3453 inroaaoerimus
670 3401 718 3446 te
749 3404 768 3445 :
796 3403 904 3460 quo
921 3388 1032 3457 jam
1057 3399 1154 3455 pro
1181 3381 1336 3437 nobis
1363 3376 1625 3435 offerente
1652 3373 1675 3406 ⁸
1698 3415 1716 3443 ,

125 3489 300 3544 διειυῶ
325 3502 429 3543 nos
457 3485 522 3540 in
550 3483 646 3539 die
669 3495 774 3554 qua
798 3475 1227 3534 invocaverimus
1255 3482 1328 3528 te.

123 3601 1710 3640 ______________._______.____-

565 3714 652 3779 IN
689 3709 1074 3775 PSALMUM
1115 3706 1243 3768 XX

725 3829 1148 3889 ENARRATIO.

469 3949 544 4006 In
573 3949 754 4020 finem,
785 3945 1024 3999 Psalmus
1049 3942 1150 4013 ipsi
1176 3938 1363 3994 David.

177 4092 225 4146 l.
275 4088 437 4164 [rem
485 4085 576 4160 1.]
612 4084 822 4139 Titulus
873 4088 1032 4136 notos
1081 4085 1202 4146 est;
1251 4074 1321 4131 de
1363 4071 1579 4129 Christo
1629 4085 1719 4125 ca-

113 4185 264 4238 nitur.

174 4275 226 4329 2.
255 4271 412 4349 [verm
453 4269 548 4342 2.]
602 4265 846 4322 Domine.
885 4265 940 4316 in
974 4263 1158 4315 virtute
1186 4271 1273 4313 tua
1303 4257 1554 4312 lwtabitur
1592 4270 1683 4309 rea:
1709 4269 1728 4308 :

115 4347 325 4422 Domine
350 4408 367 4432 ,
397 4366 456 4419 in
487 4363 706 4416 virtute
750 4368 838 4412 tua
857 4399 871 4420 ,
900 4369 1004 4427 qua
1033 4352 1056 4384 ⁸
1087 4352 1316 4408 Verbum
1356 4365 1483 4404 caro
1531 4347 1726 4402 factum

115 4467 205 4526 est,
233 4456 518 4513 lmtabitrtr
548 4451 725 4506 homo
749 4446 994 4502 Christus
1030 4443 1204 4499 Jesus.
1251 4439 1318 4494 Et
1344 4456 1497 4511 super
1517 4437 1731 4493 salutari

115 4563 191 4604 tuo
217 4547 503 4604 exsultabit
539 4542 868 4597 vehementer
894 4554 914 4592 :
941 4544 998 4592 et
1025 4549 1186 4606 super
1212 4532 1333 4600 hoc,
1363 4547 1472 4603 quo
1495 4529 1733 4586 viviﬁcas

114 4643 299 4706 omnia.
328 4635 657 4698 exsultabit
689 4631 1053 4688 vehementer.

175 4737 226 4791 5.
252 4733 412 4807 [τετε.
443 4727 536 4802 5.]
591 4716 920 4780 Desiderium
955 4721 1139 4775 anima:
1175 4718 1286 4787 ejus
1314 4714 1495 4771 dedisti
1519 4714 1564 4767 ci
1591 4728 1610 4768 :
1636 4709 1732 4766 de-

117 4827 365 4882 sideravit
390 4819 753 4879 manducare
781 4813 980 4870 Pascha
1021 4811 1171 4882 (Luc.
1199 4825 1308 4865 χχιι
1330 4850 1345 4876 ,
1379 4807 1507 4878 15),
1542 4813 1596 4860 et
1634 4819 1735 4874 po-

118 4935 232 4975 nere
249 4935 374 4974 cum
403 4915 618 4975 vellet,
655 4917 816 4978 atque
843 4907 1035 4961 iterum
1061 4918 1182 4959 cum
1203 4901 1365 4957 vellet
1388 4913 1599 4954 sumere
1622 4898 1739 4952 ani-

120 5029 243 5068 mam
271 5028 432 5066 suam
470 5007 680 5078 (Joan.
710 5018 765 5067 x,
802 4999 927 5073 18);
967 5009 1024 5054 et
1059 4997 1251 5053 dedisti
1280 4996 1349 5050 ei.
1393 4994 1460 5048 Et
1489 4993 1740 5046 voluntate

118 5107 354 5162 latioram
384 5105 508 5174 ejus
539 5112 662 5154 non
692 5092 900 5163 privasti
921 5091 943 5123 ⁸
967 5106 1102 5146 eum.
1130 5087 1315 5143 Pacem
1340 5101 1524 5150 meam,
1547 5082 1738 5153 inquit,

119 5199 334 5263 relinquo
365 5192 521 5250 vobis
553 5185 686 5264 (Id.
716 5199 804 5240 xtv
826 5224 838 5244 ,
868 5182 964 5252 27)
1007 5199 1020 5231 :
1049 5189 1105 5235 et
1132 5178 1328 5241 factum
1355 5187 1456 5232 est.

181 5291 212 5354 ξ
271 5289 433 5366 tum.
487 5280 580 5358 4.]
633 5276 893 5344 Quoniam
921 5271 1203 5348 prtcvcnicti
1230 5286 1342 5326 eum
1365 5270 1418 5324 in
1441 5266 1746 5324 benedictio-

175 5459 188 5483 ι
211 5444 340 5498 illi“).
367 5449 486 5502 115.,
517 5437 782 5500 feruntur.
895 5488 906 5500 ,

174 5512 190 5544 '
214 5509 438 5561 Potiorcs
461 5510 618 5561 διεδ..
647 5503 1028 5561 γεδηεννσπςιηυω.

174 5574 194 5604 ³
214 5547 437 5620 iam;
453 5547 535 5616 Ᾰῖ
546 5547 706 5614 sua.
732 5551 966 5620 ("tantam
988 5563 1075 5614 pro
1090 5547 1222 5620 nobis
1235 5547 1382 5620 pﬂ‘ers
1399 5553 1461 5597 te.

173 5636 192 5662 ⁸
214 5606 524 5696 abnuat?
551 5606 672 5674 E14:
697 5606 843 5696 pardi?
859 5606 1429 5696 ﬁatﬁﬂuo‘t‘lmjéifiﬁcas.
1481 5616 1536 5660 At
1568 5606 1751 5667 aliquot

755 5685 809 5729 et
829 5671 969 5732 lnft‘a,
992 5671 1085 5748 quo
1104 5671 1335 5748 tfiﬁfus.

173 5729 653 5816 ζ
668 5729 925 5794 usuram,
936 5729 1148 5802 prirqsti.
1166 5729 1213 5785 hi
1227 5741 1388 5785 Gram
1398 5739 1491 5788 est,
1502 5729 1747 5780 esterésas.

177 5843 244 5907 (a)
268 5814 407 5896 utero
434 5846 585 5890 vers.
616 5825 657 5877 8
679 5830 914 5876 tractator
941 5822 989 5869 in
1011 5825 1146 5870 t-Lnar.
1173 5821 1291 5869 rso.
1313 5829 1471 5873 arma,
1493 5827 1542 5864 η.
1575 5814 1652 5864 te,

3295 347 3394 405 106

1801 455 1947 510 nibus
1974 457 2255 512 dulcedinis
2287 473 2306 511 :
2335 457 2583 528 quoniam
2613 459 2758 529 prius
2784 457 3034 515 hauserat
3058 462 3386 520 benedictio-

1801 563 1923 602 nem
1945 547 2243 602 dulcedinis
2269 558 2404 614 tum,
2436 549 2503 604 fel
2549 561 2886 618 peccatorum
2929 563 3232 608 nostrorum
3279 570 3386 609 non

1800 640 1982 693 nocuit
2009 639 2056 694 ei
2089 640 2186 710 (a).
2219 638 2445 693 Posuisti
2465 643 2515 693 in
2541 642 2704 709 capite
2731 642 2840 712 ejus
2872 659 3108 696 coronam
3134 648 3196 698 de
3219 647 3390 708 lapide

1801 731 2020 802 pretioso
2048 746 2069 784 :
2094 733 2144 785 in
2179 731 2437 800 principio
2475 733 2738 785 sermonis
2781 733 2898 802 ejus
2924 737 3239 790 accedentes
3275 752 3386 789 am-

1801 823 2013 878 bierunt
2040 839 2164 883 curn
2191 823 2400 893 lapides
2422 823 2677 894 pretiosi,
2709 823 2955 895 discipuli
2980 828 3061 880 sui
3081 867 3096 889 ,
3125 843 3155 880 a
3195 828 3390 898 quibus

1801 916 2078 971 exordium
2109 916 2524 971 annuntiationis
2554 918 2671 986 ejus
2699 918 2870 973 fieret.

1873 1007 1928 1062 5.
1971 1003 2121 1079 [vet-s.
2166 1004 2245 1080 5.]
2291 1004 2460 1061 Vitam
2503 1007 2682 1078 petiit,
2723 1016 2770 1061 et
2808 1007 2992 1062 dedisti
3026 1008 3075 1063 ei
3098 1025 3118 1064 :
3148 1024 3391 1065 resurreo

1802 1099 2032 1154 ctionem
2063 1097 2252 1170 petiit,
2280 1097 2496 1162 dicens,
2525 1097 2685 1152 Pater
2705 1140 2721 1164 ,
2753 1099 2981 1167 clari/ica
3006 1099 3202 1154 Filium
3242 1115 3386 1155 tuum

1805 1189 1986 1260 (Joan.
2016 1206 2130 1246 xvn
2150 1232 2165 1255 ,
2201 1189 2288 1261 l);
2315 1198 2368 1245 et
2394 1189 2588 1246 dedisti
2616 1191 2685 1244 ei.
2715 1189 3108 1262 Longitudinem
3129 1193 3323 1246 dierum
3336 1194 3388 1245 in

1802 1283 2040 1337 saeculum
2079 1282 2254 1336 seculi
2280 1299 2300 1336 :
2326 1282 2481 1352 longa
2525 1292 2761 1354 tempora
2809 1284 2988 1339 szecnli
3037 1285 3229 1355 hujus,
3273 1301 3392 1356 qua:

1804 1374 2025 1430 haberet
2055 1375 2312 1439 Ecclesia,
2334 1383 2386 1430 et
2407 1373 2658 1444 deinceps
2674 1379 3027 1431 aeternitatem
3052 1378 3103 1432 in
3134 1379 3389 1433 saeculum

1803 1465 2008 1520 saeculi.

1875 1557 1929 1612 6.
1967 1555 2117 1629 (vers.
2158 1555 2236 1630 6.]
2267 1556 2460 1628 Magna
2497 1566 2570 1612 est
2613 1559 2776 1629 gloria
2812 1559 2923 1629 ejus
2964 1559 3018 1613 in
3054 1561 3216 1614 salute
3255 1569 3342 1615 tua
3371 1576 3392 1616 :

1805 1664 1994 1719 magna
2023 1659 2100 1704 est
2130 1649 2343 1718 quidem
2367 1648 2536 1720 gloria
2559 1651 2676 1720 ejus
2705 1651 2757 1704 in
2784 1651 2956 1705 salute
2976 1691 2992 1716 ,
3021 1664 3125 1720 qua
3155 1665 3276 1705 eum
3306 1667 3394 1706 re-

1804 1740 2095 1796 suscitasti.
2127 1740 2355 1795 Gloriam
2386 1750 2433 1795 et
2465 1757 2704 1812 magnum
2731 1741 2962 1797 decorem
2989 1743 3216 1812 imponas
3242 1759 3395 1814 super

1805 1849 1918 1885 eum
1949 1849 1968 1886 :
1993 1831 2088 1887 sed
2128 1831 2303 1887 adhuc
2329 1831 2553 1902 gloriam
2580 1840 2636 1888 et
2663 1847 2914 1904 magnum
2949 1833 3198 1889 decorem
3227 1833 3396 1891 addes

1807 1922 1854 1978 ei
1875 1964 1890 1988 ,
1921 1937 2040 1977 cum
2068 1923 2120 1977 in
2149 1924 2289 1978 creto
2317 1924 2607 1979 collocabis
2631 1923 2698 1980 ad
2725 1925 2998 1981 dexteram
3027 1935 3191 1981 tuam.

1878 2013 1930 2068 7.
1963 2011 2112 2087 [uers.
2141 2011 2221 2086 7
2251 2013 2506 2081 Quoniam
2531 2014 2675 2070 dabis
2698 2016 2744 2069 ei
2769 2016 3158 2071 benedictionem
3200 2019 3256 2073 in
3297 2033 3396 2074 sat-

1808 2104 1981 2158 culnm
2006 2104 2179 2158 seculi
2209 2121 2228 2158 :
2254 2105 2370 2160 haec
2399 2116 2484 2160 est
2524 2105 2854 2172 benedictio,
2887 2123 3044 2178 quam
3071 2109 3122 2163 ei
3163 2108 3315 2165 dabis
3344 2110 3396 2164 in

1809 2195 2060 2249 saeculum
2087 2196 2264 2249 sreculi
2296 2213 2310 2250 :
2342 2193 2647 2266 Lwtiﬁcabis
2675 2214 2787 2251 eum
2821 2198 2874 2252 in
2899 2199 3088 2269 gaudio
3111 2216 3229 2254 cum
3257 2199 3398 2255 vultu

1810 2293 1894 2338 tuo
1924 2300 1943 2338 :
1968 2284 2262 2346 secundum
2292 2285 2560 2342 hominem
2603 2287 2897 2344 lzetillcabis
2921 2304 3042 2344 eum
3083 2304 3206 2345 cum
3247 2291 3394 2345 vultu

1813 2382 1924 2437 tuo,
1952 2391 2109 2444 quem
2142 2376 2335 2430 levavit
2357 2377 2424 2430 ad
2454 2386 2524 2431 te.

1884 2464 1937 2518 8.
1981 2464 2129 2538 (vers.
2159 2465 2238 2540 8.]
2272 2466 2524 2534 Quoniam
2562 2485 2652 2522 rea:
2673 2479 2844 2539 sperat
2880 2469 2931 2524 in
2967 2468 3183 2533 Domino
3216 2486 3237 2525 :
3261 2486 3398 2542 quo-

1817 2556 1957 2611 niam
1987 2573 2082 2612 rex
2107 2574 2212 2611 non
2238 2558 2510 2628 superbit,
2554 2560 2650 2627 sed
2685 2560 2900 2616 humilis
2927 2560 3090 2617 corde
3127 2572 3312 2632 sperat
3347 2563 3401 2619 in

1817 2647 2066 2702 Domino.
2096 2647 2161 2702 Et
2196 2649 2248 2702 in
2274 2648 2522 2703 Altissimi
2551 2649 2898 2705 misericordia
2924 2667 3027 2706 non
3066 2652 3402 2708 commovebi-

1817 2749 1898 2792 tur
1939 2754 1958 2793 :
1998 2749 2050 2793 et
2091 2740 2144 2793 in
2189 2740 2448 2795 Altissimi
2497 2741 2859 2797 misericordia
2911 2759 3016 2809 non
3065 2747 3406 2802 conturbabit

1817 2829 2170 2884 humilitatem
2220 2831 2336 2900 ejus
2394 2831 2702 2888 obedientia
2751 2835 2768 2865 ³
2832 2849 3003 2906 usque
3058 2835 3128 2890 ad
3173 2847 3402 2892 mortem

1816 2933 2009 2972 Cl’llClS.

1890 3011 1944 3066 9.
1987 3011 2136 3086 [vers.
2168 3011 2248 3086 9.]
2279 3012 2573 3068 Inveniatur
2597 3033 2779 3076 manus
2802 3025 2890 3081 tua
2926 3018 3160 3072 omnibus
3192 3019 3409 3074 inimicis

1822 3103 1919 3156 tuis
1946 3118 1964 3157 :
1992 3102 2313 3170 inveniatur,
2338 3119 2371 3158 ο
2397 3120 2513 3172 rex,
2543 3115 2781 3175 potestas
2809 3117 2917 3172 tua,
2940 3122 3058 3163 cum
3081 3109 3148 3164 ad
3164 3109 3410 3178 judican-

1821 3194 1946 3248 dum
1971 3195 2186 3250 veneris
2205 3235 2220 3262 ,
2253 3195 2501 3251 omnibus
2527 3197 2754 3257 inimicis
2781 3199 2886 3254 tuis
2910 3239 2925 3263 ,
2954 3200 3044 3270 qui
3073 3215 3189 3254 eam
3224 3199 3276 3255 in
3306 3201 3410 3254 hn-

1825 3286 2050 3340 milftate
2086 3296 2172 3339 tua
2209 3301 2316 3341 non
2358 3286 2754 3353 intellexerunt.
2802 3287 3023 3344 Dextera
3061 3298 3150 3342 tua
3192 3290 3411 3344 inveniat

1824 3391 1995 3430 ontncs
2018 3376 2104 3447 qui
2130 3386 2178 3430 te
2218 3377 2432 3431 oderunt
2458 3393 2478 3432 :
2503 3378 2718 3433 claritas
2749 3379 2857 3449 qua
2886 3393 3080 3449 regnas
3115 3380 3182 3434 ad
3224 3381 3411 3435 dexte-

1826 3483 1941 3522 ram
2015 3468 2226 3536 Patris,
2302 3468 2534 3534 inveniat
2597 3473 2651 3524 in
2718 3470 2806 3526 die
2869 3471 3053 3540 judicii
3114 3473 3412 3543 puniendos

1826 3575 2012 3616 omnes
2032 3561 2124 3632 qui
2151 3571 2202 3616 te
2226 3561 2485 3626 oderunt;
2515 3562 2637 3632 quia
2667 3577 2810 3616 nunc
2838 3563 2938 3633 ipsi
2961 3577 3070 3619 non
3092 3564 3413 3621 invenerunt

1827 3667 1967 3706 eam.

1901 3746 1987 3802 10.
2020 3743 2168 3818 [vers.
2205 3743 2320 3818 l0.]
2363 3743 2532 3799 Panes
2576 3761 2660 3799 eos
2700 3755 2755 3799 ut
2787 3743 3041 3801 clibanum
3072 3746 3205 3817 ignis
3237 3763 3257 3801 :
3285 3762 3436 3802 con--

1828 3837 2017 3893 stitues
2047 3852 2141 3891 eos
2166 3836 2417 3897 ardentes
2442 3835 2781 3897 intrinsecus,
2812 3836 3138 3893 conscientia
3167 3839 3414 3907 impieta-

1830 3933 1898 4000 tis
1921 3946 2050 3987 sme.
2081 3930 2146 3984 In
2176 3942 2398 4001 tempore
2425 3932 2592 3984 vultus
2616 3929 2693 3982 tui
2717 3944 2736 3984 :
2763 3929 2814 3983 in
2844 3937 3084 4000 tempore
3108 3930 3420 3987 manifesta-

1828 4023 1992 4078 tionis
2021 4032 2145 4077 tuae.
2173 4021 2425 4075 Dominus
2449 4022 2502 4074 in
2529 4021 2609 4074 ira
2640 4036 2734 4074 sua
2762 4022 3076 4075 conturbabit
3112 4037 3196 4076 eos
3219 4063 3234 4088 ,
3261 4032 3308 4077 et
3329 4022 3421 4074 de-

1830 4119 2026 4172 vorabit
2052 4134 2135 4171 eos
2159 4115 2294 4187 ignis
2320 4131 2340 4169 :
2365 4112 2563 4168 deinde
2584 4112 2882 4167 conturbati
2911 4112 3138 4167 vindicta
3171 4113 3376 4166 Donnini
3401 4154 3420 4179 ,

1833 4217 1950 4279 post
1977 4207 2372 4262 accusationem
2397 4202 2761 4269 conscientiae,
2783 4201 3052 4256 dabuntur
3081 4202 3186 4273 igni
3216 4213 3422 4258 interno

1831 4299 2140 4355 devorandi.

1908 4393 1993 4446 11.
2036 4388 2188 4464 [vers.
2234 4387 2347 4463 11.]
2384 4386 2629 4442 Fructum
2666 4385 2873 4440 illorum
2908 4385 2973 4438 de
3016 4394 3150 4439 terra
3194 4384 3373 4453 perdes
3399 4398 3423 4442 .'

1835 4483 2066 4539 fructum
2091 4483 2304 4536 illorum
2322 4523 2338 4548 ,
2369 4481 2490 4552 quia
2521 4490 2763 4534 terrenus
2791 4486 2910 4542 est,
2938 4476 3131 4546 perdes
3155 4475 3224 4532 de
3257 4485 3420 4531 terra.

1836 4577 1906 4632 Et
1929 4593 2095 4632 semen
2125 4591 2299 4630 eorum
2335 4590 2368 4626 a
2405 4573 2528 4643 ﬁliis
2553 4571 2814 4626 hominum
2842 4585 2863 4624 :
2888 4577 2942 4624 et
2973 4583 3136 4639 opera
3164 4569 3372 4623 illorum
3402 4609 3421 4636 ,

1837 4671 1924 4728 vel
1948 4682 2315 4741 quoscumque
2354 4665 2714 4727 seduxerunt,
2746 4677 2852 4718 non
2879 4661 3160 4732 deputahis
3189 4661 3328 4716 inter
3355 4660 3422 4715 li-

1841 4762 1944 4818 lios
1975 4761 2269 4828 hominum,
2299 4774 2433 4830 quos
2461 4758 2515 4812 in
2538 4755 2900 4812 hatreditatem
2926 4753 3304 4823 sempiternam
3334 4765 3431 4806 vo-

1841 4855 1995 4910 casti.

1917 4948 2006 5003 12.
2039 4946 2188 5019 [νοτε.
2248 4941 2359 5017 12]
2409 4941 2664 5010 Quoniam
2692 4938 3064 4994 declinaverunt
3093 4939 3143 4991 in
3176 4948 3223 4991 te
3251 4936 3428 4992 mala:

1848 5039 1961 5094 haec
1987 5046 2164 5092 autem
2191 5051 2346 5106 pecua
2373 5033 2698 5090 retribuetur
2726 5030 2824 5092 eis,
2853 5029 3100 5100 quoniam
3129 5028 3265 5083 mala
3309 5042 3431 5098 qua:

1848 5132 1948 5188 sibi
1967 5132 2244 5188 imminere
2258 5139 2310 5184 te
2332 5135 2584 5198 regnante
2606 5121 3020 5188 arbitrabantur,
3046 5123 3098 5176 in
3119 5131 3168 5176 te
3183 5118 3432 5175 occiden-

1850 5224 1975 5281 dum
1993 5222 2354 5280 detorserunt.
2384 5219 2736 5290 Cogitavertm
2763 5215 3048 5280 consilium,
3065 5213 3200 5284 quod
3219 5228 3318 5266 non
3347 5229 3444 5282 pa.

1853 5326 2054 5372 luerunt
2077 5313 2300 5371 stabilire
2321 5312 2715 5380 :cogitaverunt
2731 5307 3030 5372 consilium,
3060 5305 3316 5368 dicentes,
3338 5301 3440 5361 Ea;-

1856 5407 1989 5481 pedit
2011 5422 2166 5462 unum
2187 5420 2278 5475 pro
2311 5401 2538 5459 omnibus
2589 5401 2720 5456 mori
2750 5401 2767 5471 (
2797 5396 2884 5452 Id.
2919 5399 3130 5461 v.50);
3160 5395 3298 5465 quod
3329 5409 3437 5451 non

1860 5507 2144 5572 potuerunt
2169 5493 2426 5558 stabilire,
2457 5492 2758 5549 nescientes
2783 5489 2907 5561 quid
2939 5488 3188 5544 dixerint.

1920 5746 1937 5777 ¹
1965 5744 2038 5793 Sic
2059 5741 2251 5848 optima:
2275 5745 2402 5790 ηοω·
2424 5741 2532 5784 Mss.
2563 5742 2617 5783 At
2639 5729 2773 5791 edd.,
2799 5737 2941 5792 alma:
2963 5727 3299 5778 obedientiam.

1920 5809 1992 5848 Iul
2019 5808 2096 5848 nia
2131 5815 2183 5848 $3
2206 5813 2296 5848 tua.

1920 5809 1992 5870 (a)
2019 5808 2112 5864 tua,
2131 5808 2296 5850 saliua.
