  <div class='ocr_page' id='page_1' title='image "/cluster/home/n/w/nwhite01/storage/ocr_20150623/36/umn.319510024773307/093.png"; bbox 0 0 4008 6322; ppageno 0'>
   <div class='ocr_carea' id='block_1_1' title="bbox 465 291 567 350">
    <p class='ocr_par' dir='ltr' id='par_1_1' title="bbox 465 291 567 350">
     <span class='ocr_line' id='line_1_1' title="bbox 465 291 567 350; baseline 0 0"><span class='ocrx_word' id='word_1_1' title='bbox 465 291 567 350; x_wconf 80' lang='lat'><strong>167</strong></span> 
     </span>
    </p>
   </div>
   <div class='ocr_carea' id='block_1_2' title="bbox 541 391 2057 472">
    <p class='ocr_par' dir='ltr' id='par_1_2' title="bbox 541 391 2057 472">
     <span class='ocr_line' id='line_1_2' title="bbox 541 391 2057 472; baseline -0.01 -15"><span class='ocrx_word' id='word_1_2' title='bbox 541 403 627 457; x_wconf 67' lang='lat'><strong>13.</strong></span> <span class='ocrx_word' id='word_1_3' title='bbox 668 391 819 472; x_wconf 79' lang='lat' dir='ltr'><strong>[vers.</strong></span> <span class='ocrx_word' id='word_1_4' title='bbox 877 394 991 470; x_wconf 83' lang='lat'><strong>15.]</strong></span> <span class='ocrx_word' id='word_1_5' title='bbox 1034 394 1285 461; x_wconf 75' lang='lat' dir='ltr'><strong>Quoniam</strong></span> <span class='ocrx_word' id='word_1_6' title='bbox 1326 408 1478 462; x_wconf 86' lang='lat' dir='ltr'><strong>pones</strong></span> <span class='ocrx_word' id='word_1_7' title='bbox 1519 407 1602 444; x_wconf 91' lang='lat' dir='ltr'><strong>eos</strong></span> <span class='ocrx_word' id='word_1_8' title='bbox 1649 392 1894 443; x_wconf 88' lang='lat' dir='ltr'><strong>dorsum:</strong></span> <span class='ocrx_word' id='word_1_9' title='bbox 1920 402 2057 457; x_wconf 83' lang='lat' dir='ltr'><strong>quo-</strong></span> 
     </span>
    </p>
   </div>
   <div class='ocr_carea' id='block_1_3' title="bbox 467 482 2062 554">
    <p class='ocr_par' dir='ltr' id='par_1_3' title="bbox 467 482 2062 554">
     <span class='ocr_line' id='line_1_3' title="bbox 467 482 2062 554; baseline -0.011 -4"><span class='ocrx_word' id='word_1_10' title='bbox 467 497 610 550; x_wconf 83' lang='lat' dir='ltr'><strong>niam</strong></span> <span class='ocrx_word' id='word_1_11' title='bbox 639 489 912 546; x_wconf 81' lang='lat' dir='ltr'><strong>ordinabis</strong></span> <span class='ocrx_word' id='word_1_12' title='bbox 949 505 1044 544; x_wconf 90' lang='lat' dir='ltr'><strong>eos</strong></span> <span class='ocrx_word' id='word_1_13' title='bbox 1091 489 1142 541; x_wconf 92' lang='lat' dir='ltr'><strong>in</strong></span> <span class='ocrx_word' id='word_1_14' title='bbox 1193 487 1296 549; x_wconf 85' lang='lat' dir='ltr'><strong>his,</strong></span> <span class='ocrx_word' id='word_1_15' title='bbox 1341 501 1369 538; x_wconf 91' lang='lat' dir='ltr'><strong>a</strong></span> <span class='ocrx_word' id='word_1_16' title='bbox 1409 484 1603 554; x_wconf 82' lang='lat' dir='ltr'>quibus</span> <span class='ocrx_word' id='word_1_17' title='bbox 1648 482 1958 552; x_wconf 73' lang='lat' dir='ltr'><strong>postpositis</strong></span> <span class='ocrx_word' id='word_1_18' title='bbox 2008 487 2062 534; x_wconf 92' lang='lat' dir='ltr'><strong>et</strong></span> 
     </span>
    </p>
   </div>
   <div class='ocr_carea' id='block_1_4' title="bbox 466 571 2064 652">
    <p class='ocr_par' dir='ltr' id='par_1_4' title="bbox 466 571 2064 652">
     <span class='ocr_line' id='line_1_4' title="bbox 466 571 2064 652; baseline -0.012 -11"><span class='ocrx_word' id='word_1_19' title='bbox 466 594 787 652; x_wconf 84' lang='lat' dir='ltr'><strong>eontemptts</strong></span> <span class='ocrx_word' id='word_1_20' title='bbox 815 581 1092 636; x_wconf 86' lang='lat' dir='ltr'><strong>averteris.</strong></span> <span class='ocrx_word' id='word_1_21' title='bbox 1123 578 1190 632; x_wconf 84' lang='lat' dir='ltr'><strong>In</strong></span> <span class='ocrx_word' id='word_1_22' title='bbox 1221 578 1446 646; x_wconf 87' lang='lat' dir='ltr'><strong>reliquiis</strong></span> <span class='ocrx_word' id='word_1_23' title='bbox 1471 576 1570 629; x_wconf 89' lang='lat' dir='ltr'><strong>tuis</strong></span> <span class='ocrx_word' id='word_1_24' title='bbox 1611 572 1919 643; x_wconf 78' lang='lat' dir='ltr'><strong>prwparabis</strong></span> <span class='ocrx_word' id='word_1_25' title='bbox 1952 571 2064 624; x_wconf 80' lang='lat' dir='ltr'><strong>vul-</strong></span> 
     </span>
    </p>
   </div>
   <div class='ocr_carea' id='block_1_5' title="bbox 469 662 2063 741">
    <p class='ocr_par' dir='ltr' id='par_1_5' title="bbox 469 662 2063 741">
     <span class='ocr_line' id='line_1_5' title="bbox 469 662 2063 741; baseline -0.009 -11"><span class='ocrx_word' id='word_1_26' title='bbox 469 687 575 730; x_wconf 83' lang='lat' dir='ltr'><strong>tum</strong></span> <span class='ocrx_word' id='word_1_27' title='bbox 601 689 806 730; x_wconf 86' lang='lat' dir='ltr'><strong>eorum:</strong></span> <span class='ocrx_word' id='word_1_28' title='bbox 837 682 891 728; x_wconf 91' lang='lat' dir='ltr'><strong>et</strong></span> <span class='ocrx_word' id='word_1_29' title='bbox 919 675 972 727; x_wconf 89' lang='lat' dir='ltr'><strong>in</strong></span> <span class='ocrx_word' id='word_1_30' title='bbox 1001 671 1085 725; x_wconf 90' lang='lat' dir='ltr'><strong>his</strong></span> <span class='ocrx_word' id='word_1_31' title='bbox 1110 685 1229 741; x_wconf 69' lang='lat' dir='ltr'><strong>quae</strong></span> <span class='ocrx_word' id='word_1_32' title='bbox 1255 668 1536 738; x_wconf 91' lang='lat' dir='ltr'><strong>relinquis,</strong></span> <span class='ocrx_word' id='word_1_33' title='bbox 1564 666 1614 719; x_wconf 94' lang='lat' dir='ltr'><strong>id</strong></span> <span class='ocrx_word' id='word_1_34' title='bbox 1645 675 1728 720; x_wconf 89' lang='lat' dir='ltr'><strong>est</strong></span> <span class='ocrx_word' id='word_1_35' title='bbox 1759 665 1810 717; x_wconf 89' lang='lat' dir='ltr'><strong>in</strong></span> <span class='ocrx_word' id='word_1_36' title='bbox 1849 662 2063 732; x_wconf 87' lang='lat' dir='ltr'><strong>cupidi-</strong></span> 
     </span>
    </p>
   </div>
   <div class='ocr_carea' id='block_1_6' title="bbox 474 754 2062 836">
    <p class='ocr_par' dir='ltr' id='par_1_6' title="bbox 474 754 2062 836">
     <span class='ocr_line' id='line_1_6' title="bbox 474 754 2062 836; baseline -0.011 -13"><span class='ocrx_word' id='word_1_37' title='bbox 474 771 668 823; x_wconf 90' lang='lat' dir='ltr'><strong>tatibus</strong></span> <span class='ocrx_word' id='word_1_38' title='bbox 707 765 856 836; x_wconf 80' lang='lat' dir='ltr'><strong>regni</strong></span> <span class='ocrx_word' id='word_1_39' title='bbox 899 764 1118 830; x_wconf 90' lang='lat' dir='ltr'><strong>terreni,</strong></span> <span class='ocrx_word' id='word_1_40' title='bbox 1165 759 1487 832; x_wconf 67' lang='lat' dir='ltr'><strong>praeparabis</strong></span> <span class='ocrx_word' id='word_1_41' title='bbox 1528 757 1619 812; x_wconf 89' lang='lat' dir='ltr'><strong>tibi</strong></span> <span class='ocrx_word' id='word_1_42' title='bbox 1659 755 1726 810; x_wconf 89' lang='lat' dir='ltr'><strong>ad</strong></span> <span class='ocrx_word' id='word_1_43' title='bbox 1758 754 2062 826; x_wconf 87' lang='lat' dir='ltr'><strong>passionem</strong></span> 
     </span>
    </p>
   </div>
   <div class='ocr_carea' id='block_1_7' title="bbox 475 859 1088 931">
    <p class='ocr_par' dir='ltr' id='par_1_7' title="bbox 475 859 1088 931">
     <span class='ocr_line' id='line_1_7' title="bbox 475 859 1088 931; baseline -0.018 -14"><span class='ocrx_word' id='word_1_44' title='bbox 475 859 860 931; x_wconf 84' lang='lat' dir='ltr'><strong>impudentiam</strong></span> <span class='ocrx_word' id='word_1_45' title='bbox 880 871 1088 912; x_wconf 89' lang='lat' dir='ltr'><strong>eorum.</strong></span> 
     </span>
    </p>
   </div>
   <div class='ocr_carea' id='block_1_8' title="bbox 550 936 2067 1021">
    <p class='ocr_par' dir='ltr' id='par_1_8' title="bbox 550 936 2067 1021">
     <span class='ocr_line' id='line_1_8' title="bbox 550 936 2067 1021; baseline -0.009 -18"><span class='ocrx_word' id='word_1_46' title='bbox 550 951 637 1004; x_wconf 77' lang='grc'><strong>14.</strong></span> <span class='ocrx_word' id='word_1_47' title='bbox 680 946 831 1021; x_wconf 91' lang='lat' dir='ltr'><strong>[vers.</strong></span> <span class='ocrx_word' id='word_1_48' title='bbox 877 943 991 1018; x_wconf 58' lang='grc'><strong>11.]</strong></span> <span class='ocrx_word' id='word_1_49' title='bbox 1026 944 1288 1003; x_wconf 75' lang='lat' dir='ltr'><strong>Exaltare,</strong></span> <span class='ocrx_word' id='word_1_50' title='bbox 1345 939 1579 1004; x_wconf 80' lang='lat' dir='ltr'><strong>Domine,</strong></span> <span class='ocrx_word' id='word_1_51' title='bbox 1625 938 1679 990; x_wconf 89' lang='lat' dir='ltr'><strong>in</strong></span> <span class='ocrx_word' id='word_1_52' title='bbox 1722 936 1904 990; x_wconf 85' lang='lat' dir='ltr'><strong>virtute</strong></span> <span class='ocrx_word' id='word_1_53' title='bbox 1942 943 2067 989; x_wconf 88' lang='lat' dir='ltr'><strong>tua:</strong></span> 
     </span>
    </p>
   </div>
   <div class='ocr_carea' id='block_1_9' title="bbox 477 1026 2066 1113">
    <p class='ocr_par' dir='ltr' id='par_1_9' title="bbox 477 1026 2066 1113">
     <span class='ocr_line' id='line_1_9' title="bbox 477 1026 2066 1113; baseline -0.013 -15"><span class='ocrx_word' id='word_1_54' title='bbox 477 1059 635 1113; x_wconf 92' lang='lat' dir='ltr'><strong>quem</strong></span> <span class='ocrx_word' id='word_1_55' title='bbox 667 1041 920 1095; x_wconf 83' lang='lat' dir='ltr'><strong>humilem</strong></span> <span class='ocrx_word' id='word_1_56' title='bbox 962 1054 1068 1092; x_wconf 93' lang='lat' dir='ltr'><strong>non</strong></span> <span class='ocrx_word' id='word_1_57' title='bbox 1098 1041 1479 1102; x_wconf 79' lang='lat' dir='ltr'><strong>cognoverunt,</strong></span> <span class='ocrx_word' id='word_1_58' title='bbox 1521 1030 1785 1092; x_wconf 77' lang='lat' dir='ltr'><strong>exaltare,</strong></span> <span class='ocrx_word' id='word_1_59' title='bbox 1820 1026 2066 1090; x_wconf 88' lang='lat' dir='ltr'><strong>Domine,</strong></span> 
     </span>
    </p>
   </div>
   <div class='ocr_carea' id='block_1_10' title="bbox 480 1116 2072 1198">
    <p class='ocr_par' dir='ltr' id='par_1_10' title="bbox 480 1116 2072 1198">
     <span class='ocr_line' id='line_1_10' title="bbox 480 1116 2072 1198; baseline -0.012 -11"><span class='ocrx_word' id='word_1_60' title='bbox 480 1135 533 1188; x_wconf 91' lang='lat' dir='ltr'><strong>in</strong></span> <span class='ocrx_word' id='word_1_61' title='bbox 561 1134 753 1187; x_wconf 88' lang='lat' dir='ltr'><strong>virtute</strong></span> <span class='ocrx_word' id='word_1_62' title='bbox 785 1140 895 1195; x_wconf 89' lang='lat' dir='ltr'><strong>tua,</strong></span> <span class='ocrx_word' id='word_1_63' title='bbox 922 1143 1084 1198; x_wconf 88' lang='lat' dir='ltr'><strong>quam</strong></span> <span class='ocrx_word' id='word_1_64' title='bbox 1113 1125 1474 1180; x_wconf 90' lang='lat' dir='ltr'><strong>inlirmitatem</strong></span> <span class='ocrx_word' id='word_1_65' title='bbox 1505 1127 1844 1190; x_wconf 87' lang='lat' dir='ltr'><strong>putaverunt.</strong></span> <span class='ocrx_word' id='word_1_66' title='bbox 1888 1116 2072 1171; x_wconf 86' lang='lat' dir='ltr'><strong>Canta-</strong></span> 
     </span>
    </p>
   </div>
   <div class='ocr_carea' id='block_1_11' title="bbox 487 1208 2074 1290">
    <p class='ocr_par' dir='ltr' id='par_1_11' title="bbox 487 1208 2074 1290">
     <span class='ocr_line' id='line_1_11' title="bbox 487 1208 2074 1290; baseline -0.01 -13"><span class='ocrx_word' id='word_1_67' title='bbox 487 1225 650 1278; x_wconf 90' lang='lat' dir='ltr'><strong>bimus</strong></span> <span class='ocrx_word' id='word_1_68' title='bbox 677 1232 722 1275; x_wconf 88' lang='lat' dir='ltr'><strong>et</strong></span> <span class='ocrx_word' id='word_1_69' title='bbox 745 1221 1015 1290; x_wconf 82' lang='lat' dir='ltr'><strong>psallemus</strong></span> <span class='ocrx_word' id='word_1_70' title='bbox 1043 1219 1246 1272; x_wconf 86' lang='lat' dir='ltr'><strong>virtutes</strong></span> <span class='ocrx_word' id='word_1_71' title='bbox 1275 1224 1386 1268; x_wconf 89' lang='lat' dir='ltr'><strong>tuas</strong></span> <span class='ocrx_word' id='word_1_72' title='bbox 1412 1229 1431 1267; x_wconf 89' lang='lat'><strong><em>:</em></strong></span> <span class='ocrx_word' id='word_1_73' title='bbox 1461 1211 1626 1268; x_wconf 87' lang='lat' dir='ltr'><strong>corde</strong></span> <span class='ocrx_word' id='word_1_74' title='bbox 1663 1218 1718 1264; x_wconf 85' lang='lat' dir='ltr'><strong>et</strong></span> <span class='ocrx_word' id='word_1_75' title='bbox 1745 1223 1906 1279; x_wconf 85' lang='lat' dir='ltr'><strong>opere</strong></span> <span class='ocrx_word' id='word_1_76' title='bbox 1933 1208 2074 1262; x_wconf 87' lang='lat' dir='ltr'><strong>cele-</strong></span> 
     </span>
    </p>
   </div>
   <div class='ocr_carea' id='block_1_12' title="bbox 481 1303 1700 1370">
    <p class='ocr_par' dir='ltr' id='par_1_12' title="bbox 481 1303 1700 1370">
     <span class='ocr_line' id='line_1_12' title="bbox 481 1303 1700 1370; baseline -0.013 0"><span class='ocrx_word' id='word_1_77' title='bbox 481 1315 756 1370; x_wconf 89' lang='lat' dir='ltr'><strong>brabimus</strong></span> <span class='ocrx_word' id='word_1_78' title='bbox 777 1323 831 1367; x_wconf 90' lang='lat' dir='ltr'><strong>et</strong></span> <span class='ocrx_word' id='word_1_79' title='bbox 861 1321 981 1364; x_wconf 89' lang='lat' dir='ltr'><strong>nota</strong></span> <span class='ocrx_word' id='word_1_80' title='bbox 1015 1309 1270 1362; x_wconf 81' lang='lat' dir='ltr'><strong>faciemus</strong></span> <span class='ocrx_word' id='word_1_81' title='bbox 1299 1303 1558 1360; x_wconf 84' lang='lat' dir='ltr'><strong>mirabilia</strong></span> <span class='ocrx_word' id='word_1_82' title='bbox 1590 1310 1700 1356; x_wconf 92' lang='lat' dir='ltr'><strong>tua.</strong></span> 
     </span>
    </p>
   </div>
   <div class='ocr_carea' id='block_1_13' title="bbox 752 1428 2083 1456">
    <p class='ocr_par' dir='ltr' id='par_1_13' title="bbox 752 1428 2083 1456">
     <span class='ocr_line' id='line_1_13' title="bbox 752 1428 2083 1456; baseline -0.004 -7"><span class='ocrx_word' id='word_1_83' title='bbox 752 1428 2083 1456; x_wconf 60' lang='lat'><strong>.—-———.—_—————_—1——-</strong></span> 
     </span>
    </p>
   </div>
   <div class='ocr_carea' id='block_1_14' title="bbox 492 1448 746 1463">
    <p class='ocr_par' dir='ltr' id='par_1_14' title="bbox 492 1448 746 1463">
     <span class='ocr_line' id='line_1_14' title="bbox 492 1448 746 1463; baseline -0.012 -3"><span class='ocrx_word' id='word_1_84' title='bbox 492 1448 746 1463; x_wconf 47' lang='grc' dir='ltr'><strong>μ-</strong></span> 
     </span>
    </p>
   </div>
   <div class='ocr_carea' id='block_1_15' title="bbox 880 1486 1708 1567">
    <p class='ocr_par' dir='ltr' id='par_1_15' title="bbox 880 1486 1708 1567">
     <span class='ocr_line' id='line_1_15' title="bbox 880 1486 1708 1567; baseline -0.014 -9"><span class='ocrx_word' id='word_1_85' title='bbox 880 1498 959 1558; x_wconf 88' lang='lat' dir='ltr'><strong>IN</strong></span> <span class='ocrx_word' id='word_1_86' title='bbox 1004 1491 1386 1557; x_wconf 83' lang='lat' dir='ltr'><strong>PSALMUM</strong></span> <span class='ocrx_word' id='word_1_87' title='bbox 1427 1488 1585 1551; x_wconf 77' lang='lat' dir='ltr'><strong>XXI</strong></span> <span class='ocrx_word' id='word_1_88' title='bbox 1623 1486 1708 1567; x_wconf 90' lang='lat' dir='ltr'><strong>(a)</strong></span> 
     </span>
    </p>
   </div>
   <div class='ocr_carea' id='block_1_16' title="bbox 1028 1611 1507 1672">
    <p class='ocr_par' dir='ltr' id='par_1_16' title="bbox 1028 1611 1507 1672">
     <span class='ocr_line' id='line_1_16' title="bbox 1028 1611 1507 1672; baseline -0.019 1"><span class='ocrx_word' id='word_1_89' title='bbox 1028 1613 1426 1672; x_wconf 72' lang='lat' dir='ltr'><strong>ENARRATIO</strong></span> <span class='ocrx_word' id='word_1_90' title='bbox 1467 1611 1507 1666; x_wconf 93' lang='lat' dir='ltr'><strong>I.</strong></span> 
     </span>
    </p>
   </div>
   <div class='ocr_carea' id='block_1_17' title="bbox 543 1716 2043 1804">
    <p class='ocr_par' dir='ltr' id='par_1_17' title="bbox 543 1716 2043 1804">
     <span class='ocr_line' id='line_1_17' title="bbox 543 1716 2043 1804; baseline -0.013 -15"><span class='ocrx_word' id='word_1_91' title='bbox 543 1735 608 1790; x_wconf 80' lang='lat' dir='ltr'><strong>In</strong></span> <span class='ocrx_word' id='word_1_92' title='bbox 631 1737 801 1804; x_wconf 76' lang='lat' dir='ltr'><strong>linem,</strong></span> <span class='ocrx_word' id='word_1_93' title='bbox 833 1749 924 1804; x_wconf 90' lang='lat' dir='ltr'><strong>pro</strong></span> <span class='ocrx_word' id='word_1_94' title='bbox 954 1731 1267 1800; x_wconf 79' lang='lat' dir='ltr'><strong>susceptione</strong></span> <span class='ocrx_word' id='word_1_95' title='bbox 1293 1725 1560 1787; x_wconf 89' lang='lat' dir='ltr'><strong>matutina,</strong></span> <span class='ocrx_word' id='word_1_96' title='bbox 1593 1721 1832 1776; x_wconf 87' lang='lat' dir='ltr'><strong>Psalmus</strong></span> <span class='ocrx_word' id='word_1_97' title='bbox 1859 1716 2043 1773; x_wconf 89' lang='lat' dir='ltr'><strong>David.</strong></span> 
     </span>
    </p>
   </div>
   <div class='ocr_carea' id='block_1_18' title="bbox 558 1829 2085 1920">
    <p class='ocr_par' dir='ltr' id='par_1_18' title="bbox 558 1829 2085 1920">
     <span class='ocr_line' id='line_1_18' title="bbox 558 1829 2085 1920; baseline -0.014 -16"><span class='ocrx_word' id='word_1_98' title='bbox 558 1852 609 1904; x_wconf 86' lang='lat'><strong>1.</strong></span> <span class='ocrx_word' id='word_1_99' title='bbox 653 1847 802 1920; x_wconf 89' lang='lat' dir='ltr'><strong>[vers.</strong></span> <span class='ocrx_word' id='word_1_100' title='bbox 832 1844 909 1917; x_wconf 91' lang='lat'><strong>1.]</strong></span> <span class='ocrx_word' id='word_1_101' title='bbox 932 1845 985 1898; x_wconf 91' lang='lat' dir='ltr'><strong>lu</strong></span> <span class='ocrx_word' id='word_1_102' title='bbox 1017 1843 1196 1904; x_wconf 90' lang='lat' dir='ltr'><strong>ﬁnem,</strong></span> <span class='ocrx_word' id='word_1_103' title='bbox 1221 1857 1316 1910; x_wconf 84' lang='lat' dir='ltr'><strong>pro</strong></span> <span class='ocrx_word' id='word_1_104' title='bbox 1335 1837 1726 1894; x_wconf 86' lang='lat' dir='ltr'><strong>resurrectione</strong></span> <span class='ocrx_word' id='word_1_105' title='bbox 1742 1847 1834 1888; x_wconf 90' lang='lat' dir='ltr'><strong>sua</strong></span> <span class='ocrx_word' id='word_1_106' title='bbox 1853 1832 1966 1900; x_wconf 90' lang='lat' dir='ltr'><strong>ipse</strong></span> <span class='ocrx_word' id='word_1_107' title='bbox 1989 1829 2085 1883; x_wconf 88' lang='lat' dir='ltr'><strong>Do-</strong></span> 
     </span>
    </p>
   </div>
   <div class='ocr_carea' id='block_1_19' title="bbox 483 1923 2085 2004">
    <p class='ocr_par' dir='ltr' id='par_1_19' title="bbox 483 1923 2085 2004">
     <span class='ocr_line' id='line_1_19' title="bbox 483 1923 2085 2004; baseline -0.014 -5"><span class='ocrx_word' id='word_1_108' title='bbox 483 1943 661 1999; x_wconf 84' lang='lat' dir='ltr'><strong>minus</strong></span> <span class='ocrx_word' id='word_1_109' title='bbox 683 1940 839 1994; x_wconf 82' lang='lat' dir='ltr'><strong>Jesus</strong></span> <span class='ocrx_word' id='word_1_110' title='bbox 856 1936 1099 1992; x_wconf 82' lang='lat' dir='ltr'><strong>Christus</strong></span> <span class='ocrx_word' id='word_1_111' title='bbox 1116 1935 1363 2004; x_wconf 84' lang='lat' dir='ltr'><strong>loquitur.</strong></span> <span class='ocrx_word' id='word_1_112' title='bbox 1383 1930 1629 1984; x_wconf 83' lang='lat' dir='ltr'><strong>Matutina</strong></span> <span class='ocrx_word' id='word_1_113' title='bbox 1647 1927 1788 1982; x_wconf 88' lang='lat' dir='ltr'><strong>enim</strong></span> <span class='ocrx_word' id='word_1_114' title='bbox 1809 1923 2085 1992; x_wconf 82' lang='lat' dir='ltr'><strong>luitpritna</strong></span> 
     </span>
    </p>
   </div>
   <div class='ocr_carea' id='block_1_20' title="bbox 485 2019 2083 2096">
    <p class='ocr_par' dir='ltr' id='par_1_20' title="bbox 485 2019 2083 2096">
     <span class='ocr_line' id='line_1_20' title="bbox 485 2019 2083 2096; baseline -0.015 -6"><span class='ocrx_word' id='word_1_115' title='bbox 485 2033 690 2090; x_wconf 78' lang='lat' dir='ltr'><strong>sabbati</strong></span> <span class='ocrx_word' id='word_1_116' title='bbox 719 2031 1040 2086; x_wconf 89' lang='lat' dir='ltr'><strong>resurrectio</strong></span> <span class='ocrx_word' id='word_1_117' title='bbox 1067 2027 1201 2096; x_wconf 90' lang='lat' dir='ltr'><strong>ejus,</strong></span> <span class='ocrx_word' id='word_1_118' title='bbox 1221 2041 1323 2095; x_wconf 87' lang='lat' dir='ltr'><strong>qua</strong></span> <span class='ocrx_word' id='word_1_119' title='bbox 1351 2030 1629 2090; x_wconf 87' lang='lat' dir='ltr'><strong>susceptus</strong></span> <span class='ocrx_word' id='word_1_120' title='bbox 1649 2026 1733 2074; x_wconf 91' lang='lat' dir='ltr'><strong>est</strong></span> <span class='ocrx_word' id='word_1_121' title='bbox 1751 2019 1803 2071; x_wconf 90' lang='lat' dir='ltr'><strong>in</strong></span> <span class='ocrx_word' id='word_1_122' title='bbox 1827 2026 2083 2071; x_wconf 66' lang='lat' dir='ltr'><strong>mternam</strong></span> 
     </span>
    </p>
   </div>
   <div class='ocr_carea' id='block_1_21' title="bbox 487 2106 2082 2190">
    <p class='ocr_par' dir='ltr' id='par_1_21' title="bbox 487 2106 2082 2190">
     <span class='ocr_line' id='line_1_21' title="bbox 487 2106 2082 2190; baseline -0.014 -11"><span class='ocrx_word' id='word_1_123' title='bbox 487 2129 674 2190; x_wconf 85' lang='lat' dir='ltr'><strong>vitam,</strong></span> <span class='ocrx_word' id='word_1_124' title='bbox 707 2124 792 2178; x_wconf 91' lang='lat' dir='ltr'><strong>cui</strong></span> <span class='ocrx_word' id='word_1_125' title='bbox 821 2136 967 2176; x_wconf 89' lang='lat' dir='ltr'><strong>mors</strong></span> <span class='ocrx_word' id='word_1_126' title='bbox 995 2122 1130 2175; x_wconf 91' lang='lat' dir='ltr'><strong>ultra</strong></span> <span class='ocrx_word' id='word_1_127' title='bbox 1162 2134 1267 2172; x_wconf 90' lang='lat' dir='ltr'><strong>non</strong></span> <span class='ocrx_word' id='word_1_128' title='bbox 1297 2114 1658 2170; x_wconf 86' lang='lat' dir='ltr'><strong>dominabitur</strong></span> <span class='ocrx_word' id='word_1_129' title='bbox 1699 2110 1875 2182; x_wconf 85' lang='lat' dir='ltr'><strong>(Rom.</strong></span> <span class='ocrx_word' id='word_1_130' title='bbox 1901 2123 1974 2170; x_wconf 84' lang='lat' dir='ltr'><strong>vt,</strong></span> <span class='ocrx_word' id='word_1_131' title='bbox 2004 2106 2082 2175; x_wconf 89' lang='lat'><strong>9).</strong></span> 
     </span>
    </p>
   </div>
   <div class='ocr_carea' id='block_1_22' title="bbox 492 2199 2077 2279">
    <p class='ocr_par' dir='ltr' id='par_1_22' title="bbox 492 2199 2077 2279">
     <span class='ocr_line' id='line_1_22' title="bbox 492 2199 2077 2279; baseline -0.014 -5"><span class='ocrx_word' id='word_1_132' title='bbox 492 2220 750 2274; x_wconf 89' lang='lat' dir='ltr'><strong>Dicuntur</strong></span> <span class='ocrx_word' id='word_1_133' title='bbox 779 2223 954 2269; x_wconf 88' lang='lat' dir='ltr'><strong>autem</strong></span> <span class='ocrx_word' id='word_1_134' title='bbox 981 2214 1080 2266; x_wconf 85' lang='lat' dir='ltr'><strong>ista</strong></span> <span class='ocrx_word' id='word_1_135' title='bbox 1103 2227 1168 2265; x_wconf 87' lang='lat' dir='ltr'><strong>ex</strong></span> <span class='ocrx_word' id='word_1_136' title='bbox 1192 2223 1419 2279; x_wconf 82' lang='lat' dir='ltr'><strong>persona</strong></span> <span class='ocrx_word' id='word_1_137' title='bbox 1447 2203 1720 2260; x_wconf 83' lang='lat' dir='ltr'><strong>cruciﬁxi:</strong></span> <span class='ocrx_word' id='word_1_138' title='bbox 1746 2217 1866 2256; x_wconf 89' lang='lat' dir='ltr'><strong>nam</strong></span> <span class='ocrx_word' id='word_1_139' title='bbox 1895 2199 1962 2254; x_wconf 91' lang='lat' dir='ltr'><strong>de</strong></span> <span class='ocrx_word' id='word_1_140' title='bbox 1986 2214 2077 2254; x_wconf 90' lang='lat' dir='ltr'><strong>ca-</strong></span> 
     </span>
    </p>
   </div>
   <div class='ocr_carea' id='block_1_23' title="bbox 491 2293 2077 2380">
    <p class='ocr_par' dir='ltr' id='par_1_23' title="bbox 491 2293 2077 2380">
     <span class='ocr_line' id='line_1_23' title="bbox 491 2293 2077 2380; baseline -0.012 -18"><span class='ocrx_word' id='word_1_141' title='bbox 491 2311 598 2380; x_wconf 87' lang='lat' dir='ltr'><strong>pite</strong></span> <span class='ocrx_word' id='word_1_142' title='bbox 621 2307 809 2378; x_wconf 81' lang='lat' dir='ltr'><strong>psalmi</strong></span> <span class='ocrx_word' id='word_1_143' title='bbox 841 2305 998 2374; x_wconf 83' lang='lat' dir='ltr'><strong>hujus</strong></span> <span class='ocrx_word' id='word_1_144' title='bbox 1033 2312 1158 2357; x_wconf 85' lang='lat' dir='ltr'><strong>sunt</strong></span> <span class='ocrx_word' id='word_1_145' title='bbox 1185 2301 1345 2354; x_wconf 77' lang='lat' dir='ltr'><strong>verba</strong></span> <span class='ocrx_word' id='word_1_146' title='bbox 1376 2316 1492 2369; x_wconf 76' lang='lat' dir='ltr'><strong>qua:</strong></span> <span class='ocrx_word' id='word_1_147' title='bbox 1520 2299 1636 2368; x_wconf 89' lang='lat' dir='ltr'><strong>ipse</strong></span> <span class='ocrx_word' id='word_1_148' title='bbox 1663 2293 1916 2349; x_wconf 85' lang='lat' dir='ltr'><strong>clamavit</strong></span> <span class='ocrx_word' id='word_1_149' title='bbox 1954 2306 2077 2345; x_wconf 89' lang='lat' dir='ltr'><strong>cum</strong></span> 
     </span>
    </p>
   </div>
   <div class='ocr_carea' id='block_1_24' title="bbox 491 2384 2088 2467">
    <p class='ocr_par' dir='ltr' id='par_1_24' title="bbox 491 2384 2088 2467">
     <span class='ocr_line' id='line_1_24' title="bbox 491 2384 2088 2467; baseline -0.01 -13"><span class='ocrx_word' id='word_1_150' title='bbox 491 2403 544 2455; x_wconf 91' lang='lat' dir='ltr'><strong>in</strong></span> <span class='ocrx_word' id='word_1_151' title='bbox 570 2415 731 2455; x_wconf 90' lang='lat' dir='ltr'><strong>cruce</strong></span> <span class='ocrx_word' id='word_1_152' title='bbox 760 2397 1035 2467; x_wconf 76' lang='lat' dir='ltr'><strong>penderet,</strong></span> <span class='ocrx_word' id='word_1_153' title='bbox 1089 2408 1370 2463; x_wconf 83' lang='lat' dir='ltr'><strong>personam</strong></span> <span class='ocrx_word' id='word_1_154' title='bbox 1411 2391 1571 2445; x_wconf 89' lang='lat' dir='ltr'><strong>etiam</strong></span> <span class='ocrx_word' id='word_1_155' title='bbox 1617 2399 1840 2443; x_wconf 83' lang='lat' dir='ltr'><strong>servans</strong></span> <span class='ocrx_word' id='word_1_156' title='bbox 1889 2384 2088 2439; x_wconf 84' lang='lat' dir='ltr'><strong>veteris</strong></span> 
     </span>
    </p>
   </div>
   <div class='ocr_carea' id='block_1_25' title="bbox 493 2475 2085 2558">
    <p class='ocr_par' dir='ltr' id='par_1_25' title="bbox 493 2475 2085 2558">
     <span class='ocr_line' id='line_1_25' title="bbox 493 2475 2085 2558; baseline -0.009 -11"><span class='ocrx_word' id='word_1_157' title='bbox 493 2491 744 2556; x_wconf 87' lang='lat' dir='ltr'><strong>hominis,</strong></span> <span class='ocrx_word' id='word_1_158' title='bbox 774 2489 926 2558; x_wconf 87' lang='lat' dir='ltr'><strong>cujus</strong></span> <span class='ocrx_word' id='word_1_159' title='bbox 945 2487 1321 2542; x_wconf 82' lang='lat' dir='ltr'><strong>mortalitatem</strong></span> <span class='ocrx_word' id='word_1_160' title='bbox 1353 2483 1605 2554; x_wconf 84' lang='lat' dir='ltr'><strong>portavit.</strong></span> <span class='ocrx_word' id='word_1_161' title='bbox 1637 2480 1770 2535; x_wconf 83' lang='lat' dir='ltr'><strong>Nam</strong></span> <span class='ocrx_word' id='word_1_162' title='bbox 1803 2485 1963 2534; x_wconf 85' lang='lat' dir='ltr'><strong>vetus</strong></span> <span class='ocrx_word' id='word_1_163' title='bbox 1983 2475 2085 2532; x_wconf 88' lang='lat' dir='ltr'><strong>ho-</strong></span> 
     </span>
    </p>
   </div>
   <div class='ocr_carea' id='block_1_26' title="bbox 492 2566 1906 2643">
    <p class='ocr_par' dir='ltr' id='par_1_26' title="bbox 492 2566 1906 2643">
     <span class='ocr_line' id='line_1_26' title="bbox 492 2566 1906 2643; baseline -0.011 -5"><span class='ocrx_word' id='word_1_164' title='bbox 492 2598 583 2639; x_wconf 89' lang='lat' dir='ltr'><strong>mo</strong></span> <span class='ocrx_word' id='word_1_165' title='bbox 611 2578 1043 2636; x_wconf 87' lang='lat' dir='ltr'><strong>nosterconﬁxus</strong></span> <span class='ocrx_word' id='word_1_166' title='bbox 1070 2585 1152 2631; x_wconf 88' lang='lat' dir='ltr'><strong>est</strong></span> <span class='ocrx_word' id='word_1_167' title='bbox 1175 2576 1318 2631; x_wconf 89' lang='lat' dir='ltr'><strong>cruci</strong></span> <span class='ocrx_word' id='word_1_168' title='bbox 1348 2593 1466 2629; x_wconf 89' lang='lat' dir='ltr'><strong>cum</strong></span> <span class='ocrx_word' id='word_1_169' title='bbox 1497 2575 1588 2627; x_wconf 92' lang='lat' dir='ltr'><strong>illo</strong></span> <span class='ocrx_word' id='word_1_170' title='bbox 1609 2570 1794 2643; x_wconf 85' lang='lat' dir='ltr'><strong>(Ibid.,</strong></span> <span class='ocrx_word' id='word_1_171' title='bbox 1827 2566 1906 2641; x_wconf 86' lang='lat'><strong>6).</strong></span> 
     </span>
    </p>
   </div>
   <div class='ocr_carea' id='block_1_27' title="bbox 567 2667 2090 2745">
    <p class='ocr_par' dir='ltr' id='par_1_27' title="bbox 567 2667 2090 2745">
     <span class='ocr_line' id='line_1_27' title="bbox 567 2667 2090 2745; baseline -0.01 -16"><span class='ocrx_word' id='word_1_172' title='bbox 567 2675 622 2729; x_wconf 75' lang='lat'><strong>2.</strong></span> <span class='ocrx_word' id='word_1_173' title='bbox 665 2671 817 2745; x_wconf 90' lang='lat' dir='ltr'><strong>[vers.</strong></span> <span class='ocrx_word' id='word_1_174' title='bbox 869 2669 949 2744; x_wconf 73' lang='lat'><strong>2.]</strong></span> <span class='ocrx_word' id='word_1_175' title='bbox 991 2669 1148 2732; x_wconf 88' lang='lat' dir='ltr'><strong>Deus,</strong></span> <span class='ocrx_word' id='word_1_176' title='bbox 1179 2667 1683 2730; x_wconf 81' lang='lat' dir='ltr'><strong>Deusmeus,respice</strong></span> <span class='ocrx_word' id='word_1_177' title='bbox 1702 2679 1800 2728; x_wconf 87' lang='lat' dir='ltr'><strong>me,</strong></span> <span class='ocrx_word' id='word_1_178' title='bbox 1828 2678 1985 2731; x_wconf 82' lang='lat' dir='ltr'><strong>quare</strong></span> <span class='ocrx_word' id='word_1_179' title='bbox 2009 2675 2090 2715; x_wconf 82' lang='lat' dir='ltr'><strong>tne</strong></span> 
     </span>
    </p>
   </div>
   <div class='ocr_carea' id='block_1_28' title="bbox 494 2755 2091 2835">
    <p class='ocr_par' dir='ltr' id='par_1_28' title="bbox 494 2755 2091 2835">
     <span class='ocr_line' id='line_1_28' title="bbox 494 2755 2091 2835; baseline -0.008 -15"><span class='ocrx_word' id='word_1_180' title='bbox 494 2764 810 2835; x_wconf 90' lang='lat' dir='ltr'><strong>dereliquisti</strong></span> <span class='ocrx_word' id='word_1_181' title='bbox 845 2762 992 2832; x_wconf 86' lang='lat' dir='ltr'><strong>longe</strong></span> <span class='ocrx_word' id='word_1_182' title='bbox 1027 2777 1060 2814; x_wconf 90' lang='lat' dir='ltr'><strong>a</strong></span> <span class='ocrx_word' id='word_1_183' title='bbox 1086 2759 1248 2816; x_wconf 86' lang='lat' dir='ltr'><strong>salute</strong></span> <span class='ocrx_word' id='word_1_184' title='bbox 1279 2773 1389 2810; x_wconf 83' lang='lat' dir='ltr'><strong>utea</strong></span> <span class='ocrx_word' id='word_1_185' title='bbox 1429 2755 1538 2826; x_wconf 82' lang='lat' dir='ltr'><strong>(b)?</strong></span> <span class='ocrx_word' id='word_1_186' title='bbox 1570 2757 1728 2826; x_wconf 81' lang='lat' dir='ltr'><strong>longe</strong></span> <span class='ocrx_word' id='word_1_187' title='bbox 1753 2755 1924 2809; x_wconf 79' lang='lat' dir='ltr'><strong>factus</strong></span> <span class='ocrx_word' id='word_1_188' title='bbox 1947 2768 1977 2808; x_wconf 87' lang='lat' dir='ltr'><strong>a</strong></span> <span class='ocrx_word' id='word_1_189' title='bbox 2003 2768 2091 2808; x_wconf 83' lang='lat' dir='ltr'><strong>sa-</strong></span> 
     </span>
    </p>
   </div>
   <div class='ocr_carea' id='block_1_29' title="bbox 500 2846 2088 2923">
    <p class='ocr_par' dir='ltr' id='par_1_29' title="bbox 500 2846 2088 2923">
     <span class='ocr_line' id='line_1_29' title="bbox 500 2846 2088 2923; baseline -0.007 -12"><span class='ocrx_word' id='word_1_190' title='bbox 500 2857 611 2911; x_wconf 92' lang='lat' dir='ltr'><strong>lute</strong></span> <span class='ocrx_word' id='word_1_191' title='bbox 638 2870 786 2919; x_wconf 89' lang='lat' dir='ltr'><strong>mea;</strong></span> <span class='ocrx_word' id='word_1_192' title='bbox 830 2852 1080 2923; x_wconf 84' lang='lat' dir='ltr'><strong>quoniam</strong></span> <span class='ocrx_word' id='word_1_193' title='bbox 1125 2851 1281 2920; x_wconf 81' lang='lat' dir='ltr'><strong>longe</strong></span> <span class='ocrx_word' id='word_1_194' title='bbox 1324 2856 1407 2902; x_wconf 89' lang='lat' dir='ltr'><strong>est</strong></span> <span class='ocrx_word' id='word_1_195' title='bbox 1449 2861 1479 2901; x_wconf 91' lang='lat' dir='ltr'><strong>a</strong></span> <span class='ocrx_word' id='word_1_196' title='bbox 1523 2846 1894 2918; x_wconf 89' lang='lat' dir='ltr'><strong>peccatoribus</strong></span> <span class='ocrx_word' id='word_1_197' title='bbox 1942 2846 2088 2900; x_wconf 84' lang='lat' dir='ltr'><strong>salus</strong></span> 
     </span>
    </p>
   </div>
   <div class='ocr_carea' id='block_1_30' title="bbox 507 2939 2088 3016">
    <p class='ocr_par' dir='ltr' id='par_1_30' title="bbox 507 2939 2088 3016">
     <span class='ocr_line' id='line_1_30' title="bbox 507 2939 2088 3016; baseline -0.007 -17"><span class='ocrx_word' id='word_1_198' title='bbox 507 2945 679 3016; x_wconf 84' lang='lat' dir='ltr'><strong>(Psal.</strong></span> <span class='ocrx_word' id='word_1_199' title='bbox 720 2959 880 2998; x_wconf 88' lang='lat' dir='ltr'><strong>cxvm</strong></span> <span class='ocrx_word' id='word_1_200' title='bbox 904 2984 920 3007; x_wconf 94' lang='lat'><strong>,</strong></span> <span class='ocrx_word' id='word_1_201' title='bbox 949 2942 1096 3009; x_wconf 83' lang='lat'><strong>155).</strong></span> <span class='ocrx_word' id='word_1_202' title='bbox 1129 2939 1290 2993; x_wconf 84' lang='lat' dir='ltr'><strong>Verba</strong></span> <span class='ocrx_word' id='word_1_203' title='bbox 1328 2939 1625 2991; x_wconf 81' lang='lat' dir='ltr'><strong>delictorum</strong></span> <span class='ocrx_word' id='word_1_204' title='bbox 1661 2953 1887 2989; x_wconf 86' lang='lat' dir='ltr'><strong>meorum</strong></span> <span class='ocrx_word' id='word_1_205' title='bbox 1918 2952 1936 2990; x_wconf 94' lang='lat'><strong><em>:</em></strong></span> <span class='ocrx_word' id='word_1_206' title='bbox 1966 2951 2088 2988; x_wconf 89' lang='lat' dir='ltr'><strong>nam</strong></span> 
     </span>
    </p>
   </div>
   <div class='ocr_carea' id='block_1_31' title="bbox 501 3027 2085 3099">
    <p class='ocr_par' dir='ltr' id='par_1_31' title="bbox 501 3027 2085 3099">
     <span class='ocr_line' id='line_1_31' title="bbox 501 3027 2085 3099; baseline -0.006 -9"><span class='ocrx_word' id='word_1_207' title='bbox 501 3035 618 3090; x_wconf 66' lang='lat' dir='ltr'><strong>hzec</strong></span> <span class='ocrx_word' id='word_1_208' title='bbox 638 3035 800 3089; x_wconf 89' lang='lat' dir='ltr'><strong>verba</strong></span> <span class='ocrx_word' id='word_1_209' title='bbox 830 3041 953 3089; x_wconf 77' lang='lat' dir='ltr'><strong>sunt</strong></span> <span class='ocrx_word' id='word_1_210' title='bbox 972 3046 1077 3085; x_wconf 91' lang='lat' dir='ltr'><strong>non</strong></span> <span class='ocrx_word' id='word_1_211' title='bbox 1096 3029 1337 3099; x_wconf 71' lang='lat' dir='ltr'><strong>justitiaa,</strong></span> <span class='ocrx_word' id='word_1_212' title='bbox 1363 3027 1455 3082; x_wconf 90' lang='lat' dir='ltr'><strong>sed</strong></span> <span class='ocrx_word' id='word_1_213' title='bbox 1478 3027 1791 3081; x_wconf 86' lang='lat' dir='ltr'><strong>delictorum</strong></span> <span class='ocrx_word' id='word_1_214' title='bbox 1819 3040 2085 3080; x_wconf 90' lang='lat' dir='ltr'><strong>meorum.</strong></span> 
     </span>
    </p>
   </div>
   <div class='ocr_carea' id='block_1_32' title="bbox 500 3119 2092 3189">
    <p class='ocr_par' dir='ltr' id='par_1_32' title="bbox 500 3119 2092 3189">
     <span class='ocr_line' id='line_1_32' title="bbox 500 3119 2092 3189; baseline -0.005 -7"><span class='ocrx_word' id='word_1_215' title='bbox 500 3126 668 3182; x_wconf 77' lang='lat' dir='ltr'><strong>Vetus</strong></span> <span class='ocrx_word' id='word_1_216' title='bbox 694 3126 836 3181; x_wconf 88' lang='lat' dir='ltr'><strong>enim</strong></span> <span class='ocrx_word' id='word_1_217' title='bbox 868 3125 1030 3179; x_wconf 89' lang='lat' dir='ltr'><strong>homo</strong></span> <span class='ocrx_word' id='word_1_218' title='bbox 1058 3124 1300 3178; x_wconf 85' lang='lat' dir='ltr'><strong>conﬁxus</strong></span> <span class='ocrx_word' id='word_1_219' title='bbox 1318 3121 1460 3175; x_wconf 87' lang='lat' dir='ltr'><strong>cruci</strong></span> <span class='ocrx_word' id='word_1_220' title='bbox 1486 3119 1751 3189; x_wconf 89' lang='lat' dir='ltr'><strong>loquitur;</strong></span> <span class='ocrx_word' id='word_1_221' title='bbox 1776 3119 1938 3173; x_wconf 87' lang='lat' dir='ltr'><strong>etiam</strong></span> <span class='ocrx_word' id='word_1_222' title='bbox 1962 3133 2092 3174; x_wconf 84' lang='lat' dir='ltr'><strong>cau-</strong></span> 
     </span>
    </p>
   </div>
   <div class='ocr_carea' id='block_1_33' title="bbox 503 3209 2094 3287">
    <p class='ocr_par' dir='ltr' id='par_1_33' title="bbox 503 3209 2094 3287">
     <span class='ocr_line' id='line_1_33' title="bbox 503 3209 2094 3287; baseline -0.004 -15"><span class='ocrx_word' id='word_1_223' title='bbox 503 3233 619 3272; x_wconf 88' lang='lat' dir='ltr'><strong>sam</strong></span> <span class='ocrx_word' id='word_1_224' title='bbox 664 3217 914 3287; x_wconf 75' lang='lat' dir='ltr'><strong>ignorans</strong></span> <span class='ocrx_word' id='word_1_225' title='bbox 957 3229 1124 3285; x_wconf 90' lang='lat' dir='ltr'><strong>quare</strong></span> <span class='ocrx_word' id='word_1_226' title='bbox 1170 3229 1292 3268; x_wconf 91' lang='lat' dir='ltr'><strong>eum</strong></span> <span class='ocrx_word' id='word_1_227' title='bbox 1342 3211 1694 3280; x_wconf 88' lang='lat' dir='ltr'><strong>dereliquerit</strong></span> <span class='ocrx_word' id='word_1_228' title='bbox 1746 3209 1889 3264; x_wconf 88' lang='lat' dir='ltr'><strong>Deus</strong></span> <span class='ocrx_word' id='word_1_229' title='bbox 1933 3226 1950 3264; x_wconf 90' lang='lat'><strong>:</strong></span> <span class='ocrx_word' id='word_1_230' title='bbox 2000 3217 2094 3266; x_wconf 89' lang='lat' dir='ltr'><strong>aut</strong></span> 
     </span>
    </p>
   </div>
   <div class='ocr_carea' id='block_1_34' title="bbox 500 3299 2090 3379">
    <p class='ocr_par' dir='ltr' id='par_1_34' title="bbox 500 3299 2090 3379">
     <span class='ocr_line' id='line_1_34' title="bbox 500 3299 2090 3379; baseline -0.006 -14"><span class='ocrx_word' id='word_1_231' title='bbox 500 3319 650 3365; x_wconf 89' lang='lat' dir='ltr'><strong>certe</strong></span> <span class='ocrx_word' id='word_1_232' title='bbox 671 3351 686 3372; x_wconf 90' lang='lat'><strong>,</strong></span> <span class='ocrx_word' id='word_1_233' title='bbox 718 3307 892 3379; x_wconf 84' lang='lat' dir='ltr'><strong>Longe</strong></span> <span class='ocrx_word' id='word_1_234' title='bbox 915 3324 947 3360; x_wconf 92' lang='lat' dir='ltr'><strong>a</strong></span> <span class='ocrx_word' id='word_1_235' title='bbox 972 3306 1137 3360; x_wconf 86' lang='lat' dir='ltr'><strong>salute</strong></span> <span class='ocrx_word' id='word_1_236' title='bbox 1163 3321 1273 3359; x_wconf 88' lang='lat' dir='ltr'><strong>mea</strong></span> <span class='ocrx_word' id='word_1_237' title='bbox 1302 3313 1417 3358; x_wconf 88' lang='lat' dir='ltr'><strong>sunt</strong></span> <span class='ocrx_word' id='word_1_238' title='bbox 1442 3303 1590 3356; x_wconf 87' lang='lat' dir='ltr'><strong>verba</strong></span> <span class='ocrx_word' id='word_1_239' title='bbox 1625 3299 1926 3356; x_wconf 73' lang='lat' dir='ltr'><strong>delictorum</strong></span> <span class='ocrx_word' id='word_1_240' title='bbox 1951 3317 2090 3356; x_wconf 85' lang='lat' dir='ltr'><strong>meo-</strong></span> 
     </span>
    </p>
   </div>
   <div class='ocr_carea' id='block_1_35' title="bbox 501 3417 922 3454">
    <p class='ocr_par' dir='ltr' id='par_1_35' title="bbox 501 3417 922 3454">
     <span class='ocr_line' id='line_1_35' title="bbox 501 3417 922 3454; baseline -0.002 0"><span class='ocrx_word' id='word_1_241' title='bbox 501 3417 616 3454; x_wconf 83' lang='lat' dir='ltr'><strong>rum</strong></span> <span class='ocrx_word' id='word_1_242' title='bbox 625 3439 639 3453; x_wconf 87' lang='lat'><strong>.</strong></span> <span class='ocrx_word' id='word_1_243' title='bbox 919 3449 922 3453; x_wconf 84' lang='lat'><strong>.</strong></span> 
     </span>
    </p>
   </div>
   <div class='ocr_carea' id='block_1_36' title="bbox 573 3485 2088 3564">
    <p class='ocr_par' dir='ltr' id='par_1_36' title="bbox 573 3485 2088 3564">
     <span class='ocr_line' id='line_1_36' title="bbox 573 3485 2088 3564; baseline -0.005 -17"><span class='ocrx_word' id='word_1_244' title='bbox 573 3494 630 3548; x_wconf 78' lang='lat'><strong>3.</strong></span> <span class='ocrx_word' id='word_1_245' title='bbox 659 3490 809 3564; x_wconf 90' lang='lat' dir='ltr'><strong>[vers.</strong></span> <span class='ocrx_word' id='word_1_246' title='bbox 866 3489 945 3562; x_wconf 79' lang='lat'><strong>3.]</strong></span> <span class='ocrx_word' id='word_1_247' title='bbox 982 3489 1120 3544; x_wconf 90' lang='lat' dir='ltr'><strong>Deus</strong></span> <span class='ocrx_word' id='word_1_248' title='bbox 1154 3504 1323 3554; x_wconf 88' lang='lat' dir='ltr'><strong>meus,</strong></span> <span class='ocrx_word' id='word_1_249' title='bbox 1371 3485 1600 3542; x_wconf 77' lang='lat' dir='ltr'><strong>clamabo</strong></span> <span class='ocrx_word' id='word_1_250' title='bbox 1627 3486 1695 3540; x_wconf 86' lang='lat' dir='ltr'><strong>ad</strong></span> <span class='ocrx_word' id='word_1_251' title='bbox 1724 3495 1770 3540; x_wconf 90' lang='lat' dir='ltr'><strong>te</strong></span> <span class='ocrx_word' id='word_1_252' title='bbox 1794 3501 1884 3556; x_wconf 87' lang='lat' dir='ltr'><strong>per</strong></span> <span class='ocrx_word' id='word_1_253' title='bbox 1920 3485 2088 3554; x_wconf 89' lang='lat' dir='ltr'><strong>diem,</strong></span> 
     </span>
    </p>
   </div>
   <div class='ocr_carea' id='block_1_37' title="bbox 505 3577 2092 3653">
    <p class='ocr_par' dir='ltr' id='par_1_37' title="bbox 505 3577 2092 3653">
     <span class='ocr_line' id='line_1_37' title="bbox 505 3577 2092 3653; baseline -0.001 -16"><span class='ocrx_word' id='word_1_254' title='bbox 505 3601 596 3638; x_wconf 88' lang='lat' dir='ltr'><strong>nec</strong></span> <span class='ocrx_word' id='word_1_255' title='bbox 620 3581 860 3637; x_wconf 67' lang='lat' dir='ltr'><strong>exaudies</strong></span> <span class='ocrx_word' id='word_1_256' title='bbox 888 3581 960 3653; x_wconf 80' lang='grc' dir='ltr'><strong>(ο)</strong></span> <span class='ocrx_word' id='word_1_257' title='bbox 992 3599 1006 3634; x_wconf 90' lang='lat'><strong>:</strong></span> <span class='ocrx_word' id='word_1_258' title='bbox 1041 3580 1182 3634; x_wconf 89' lang='lat' dir='ltr'><strong>Deus</strong></span> <span class='ocrx_word' id='word_1_259' title='bbox 1203 3593 1378 3647; x_wconf 85' lang='lat' dir='ltr'><strong>meus,</strong></span> <span class='ocrx_word' id='word_1_260' title='bbox 1405 3578 1649 3634; x_wconf 89' lang='lat' dir='ltr'><strong>clamabo</strong></span> <span class='ocrx_word' id='word_1_261' title='bbox 1675 3577 1741 3634; x_wconf 89' lang='lat' dir='ltr'><strong>ad</strong></span> <span class='ocrx_word' id='word_1_262' title='bbox 1771 3586 1823 3633; x_wconf 86' lang='lat' dir='ltr'><strong>te</strong></span> <span class='ocrx_word' id='word_1_263' title='bbox 1859 3578 1910 3632; x_wconf 90' lang='lat' dir='ltr'><strong>in</strong></span> <span class='ocrx_word' id='word_1_264' title='bbox 1932 3579 2092 3635; x_wconf 89' lang='lat' dir='ltr'><strong>rebus</strong></span> 
     </span>
    </p>
   </div>
   <div class='ocr_carea' id='block_1_38' title="bbox 503 3668 2090 3746">
    <p class='ocr_par' dir='ltr' id='par_1_38' title="bbox 503 3668 2090 3746">
     <span class='ocr_line' id='line_1_38' title="bbox 503 3668 2090 3746; baseline -0.003 -17"><span class='ocrx_word' id='word_1_265' title='bbox 503 3675 774 3746; x_wconf 84' lang='lat' dir='ltr'><strong>prosperis</strong></span> <span class='ocrx_word' id='word_1_266' title='bbox 802 3675 961 3742; x_wconf 88' lang='lat' dir='ltr'><strong>hujus</strong></span> <span class='ocrx_word' id='word_1_267' title='bbox 981 3672 1124 3734; x_wconf 67' lang='lat' dir='ltr'><strong>vitae,</strong></span> <span class='ocrx_word' id='word_1_268' title='bbox 1148 3679 1331 3726; x_wconf 90' lang='lat' dir='ltr'><strong>utnon</strong></span> <span class='ocrx_word' id='word_1_269' title='bbox 1359 3679 1663 3733; x_wconf 89' lang='lat' dir='ltr'><strong>mutentur;</strong></span> <span class='ocrx_word' id='word_1_270' title='bbox 1696 3683 1797 3724; x_wconf 90' lang='lat' dir='ltr'><strong>nec</strong></span> <span class='ocrx_word' id='word_1_271' title='bbox 1813 3668 2090 3737; x_wconf 89' lang='lat' dir='ltr'><strong>exaudics,</strong></span> 
     </span>
    </p>
   </div>
   <div class='ocr_carea' id='block_1_39' title="bbox 503 3761 2092 3836">
    <p class='ocr_par' dir='ltr' id='par_1_39' title="bbox 503 3761 2092 3836">
     <span class='ocr_line' id='line_1_39' title="bbox 503 3761 2092 3836; baseline -0.003 -16"><span class='ocrx_word' id='word_1_272' title='bbox 503 3768 626 3836; x_wconf 86' lang='lat' dir='ltr'><strong>quia</strong></span> <span class='ocrx_word' id='word_1_273' title='bbox 672 3765 850 3821; x_wconf 85' lang='lat' dir='ltr'><strong>verbis</strong></span> <span class='ocrx_word' id='word_1_274' title='bbox 876 3764 1190 3819; x_wconf 90' lang='lat' dir='ltr'><strong>delictorum</strong></span> <span class='ocrx_word' id='word_1_275' title='bbox 1229 3778 1472 3817; x_wconf 88' lang='lat' dir='ltr'><strong>meorum</strong></span> <span class='ocrx_word' id='word_1_276' title='bbox 1522 3761 1588 3816; x_wconf 91' lang='lat' dir='ltr'><strong>ad</strong></span> <span class='ocrx_word' id='word_1_277' title='bbox 1636 3771 1686 3816; x_wconf 91' lang='lat' dir='ltr'><strong>te</strong></span> <span class='ocrx_word' id='word_1_278' title='bbox 1729 3761 1994 3816; x_wconf 89' lang='lat' dir='ltr'><strong>clamabo.</strong></span> <span class='ocrx_word' id='word_1_279' title='bbox 2027 3761 2092 3816; x_wconf 87' lang='lat' dir='ltr'><strong>Et</strong></span> 
     </span>
    </p>
   </div>
   <div class='ocr_carea' id='block_1_40' title="bbox 509 3851 2093 3923">
    <p class='ocr_par' dir='ltr' id='par_1_40' title="bbox 509 3851 2093 3923">
     <span class='ocr_line' id='line_1_40' title="bbox 509 3851 2093 3923; baseline -0.004 -12"><span class='ocrx_word' id='word_1_280' title='bbox 509 3867 669 3920; x_wconf 73' lang='lat' dir='ltr'><strong>nocte,</strong></span> <span class='ocrx_word' id='word_1_281' title='bbox 698 3864 748 3909; x_wconf 87' lang='lat' dir='ltr'><strong>et</strong></span> <span class='ocrx_word' id='word_1_282' title='bbox 783 3871 885 3908; x_wconf 90' lang='lat' dir='ltr'><strong>non</strong></span> <span class='ocrx_word' id='word_1_283' title='bbox 909 3853 978 3906; x_wconf 88' lang='lat' dir='ltr'><strong>ad</strong></span> <span class='ocrx_word' id='word_1_284' title='bbox 1005 3853 1342 3923; x_wconf 69' lang='lat' dir='ltr'><strong>insipientiam</strong></span> <span class='ocrx_word' id='word_1_285' title='bbox 1372 3852 1495 3905; x_wconf 77' lang='lat' dir='ltr'><strong>mihi</strong></span> <span class='ocrx_word' id='word_1_286' title='bbox 1515 3867 1533 3905; x_wconf 88' lang='lat'><strong><em>:</em></strong></span> <span class='ocrx_word' id='word_1_287' title='bbox 1553 3861 1606 3907; x_wconf 92' lang='lat' dir='ltr'><strong>et</strong></span> <span class='ocrx_word' id='word_1_288' title='bbox 1637 3853 1688 3905; x_wconf 92' lang='lat' dir='ltr'><strong>in</strong></span> <span class='ocrx_word' id='word_1_289' title='bbox 1719 3851 1960 3906; x_wconf 83' lang='lat' dir='ltr'><strong>adversis</strong></span> <span class='ocrx_word' id='word_1_290' title='bbox 1987 3852 2093 3905; x_wconf 80' lang='lat' dir='ltr'><strong>uti-</strong></span> 
     </span>
    </p>
   </div>
   <div class='ocr_carea' id='block_1_41' title="bbox 503 3943 2094 4017">
    <p class='ocr_par' dir='ltr' id='par_1_41' title="bbox 503 3943 2094 4017">
     <span class='ocr_line' id='line_1_41' title="bbox 503 3943 2094 4017; baseline -0.001 -17"><span class='ocrx_word' id='word_1_291' title='bbox 503 3963 608 4017; x_wconf 88' lang='lat' dir='ltr'><strong>que</strong></span> <span class='ocrx_word' id='word_1_292' title='bbox 638 3945 795 4016; x_wconf 86' lang='lat' dir='ltr'><strong>hujus</strong></span> <span class='ocrx_word' id='word_1_293' title='bbox 819 3946 942 3999; x_wconf 66' lang='lat' dir='ltr'><strong>vita:</strong></span> <span class='ocrx_word' id='word_1_294' title='bbox 967 3943 1212 3999; x_wconf 88' lang='lat' dir='ltr'><strong>clamabo</strong></span> <span class='ocrx_word' id='word_1_295' title='bbox 1238 3953 1295 3998; x_wconf 90' lang='lat' dir='ltr'><strong>ut</strong></span> <span class='ocrx_word' id='word_1_296' title='bbox 1333 3952 1736 4012; x_wconf 89' lang='lat' dir='ltr'><strong>prosperentur,</strong></span> <span class='ocrx_word' id='word_1_297' title='bbox 1766 3952 1821 3997; x_wconf 91' lang='lat' dir='ltr'><strong>et</strong></span> <span class='ocrx_word' id='word_1_298' title='bbox 1849 3943 2094 3998; x_wconf 86' lang='lat' dir='ltr'><strong>similiter</strong></span> 
     </span>
    </p>
   </div>
   <div class='ocr_carea' id='block_1_42' title="bbox 505 4032 2090 4104">
    <p class='ocr_par' dir='ltr' id='par_1_42' title="bbox 505 4032 2090 4104">
     <span class='ocr_line' id='line_1_42' title="bbox 505 4032 2090 4104; baseline -0.003 -12"><span class='ocrx_word' id='word_1_299' title='bbox 505 4052 612 4092; x_wconf 92' lang='lat' dir='ltr'><strong>non</strong></span> <span class='ocrx_word' id='word_1_300' title='bbox 639 4035 915 4091; x_wconf 84' lang='lat' dir='ltr'><strong>exaudies.</strong></span> <span class='ocrx_word' id='word_1_301' title='bbox 944 4034 1126 4104; x_wconf 84' lang='lat' dir='ltr'><strong>Neque</strong></span> <span class='ocrx_word' id='word_1_302' title='bbox 1151 4035 1252 4088; x_wconf 91' lang='lat' dir='ltr'><strong>hoc</strong></span> <span class='ocrx_word' id='word_1_303' title='bbox 1281 4035 1408 4088; x_wconf 84' lang='lat' dir='ltr'><strong>l’aeis</strong></span> <span class='ocrx_word' id='word_1_304' title='bbox 1437 4034 1502 4088; x_wconf 90' lang='lat' dir='ltr'><strong>ad</strong></span> <span class='ocrx_word' id='word_1_305' title='bbox 1535 4032 1892 4103; x_wconf 87' lang='lat' dir='ltr'><strong>insipientiam</strong></span> <span class='ocrx_word' id='word_1_306' title='bbox 1937 4033 2090 4102; x_wconf 88' lang='lat' dir='ltr'><strong>mihi,</strong></span> 
     </span>
    </p>
   </div>
   <div class='ocr_carea' id='block_1_43' title="bbox 506 4126 2095 4198">
    <p class='ocr_par' dir='ltr' id='par_1_43' title="bbox 506 4126 2095 4198">
     <span class='ocr_line' id='line_1_43' title="bbox 506 4126 2095 4198; baseline -0.002 -15"><span class='ocrx_word' id='word_1_307' title='bbox 506 4129 599 4183; x_wconf 88' lang='lat' dir='ltr'><strong>sed</strong></span> <span class='ocrx_word' id='word_1_308' title='bbox 623 4129 799 4198; x_wconf 84' lang='lat' dir='ltr'><strong>potius</strong></span> <span class='ocrx_word' id='word_1_309' title='bbox 824 4136 882 4182; x_wconf 90' lang='lat' dir='ltr'><strong>ut</strong></span> <span class='ocrx_word' id='word_1_310' title='bbox 906 4128 1106 4197; x_wconf 86' lang='lat' dir='ltr'><strong>sapiam</strong></span> <span class='ocrx_word' id='word_1_311' title='bbox 1133 4126 1257 4196; x_wconf 89' lang='lat' dir='ltr'><strong>quid</strong></span> <span class='ocrx_word' id='word_1_312' title='bbox 1285 4127 1518 4180; x_wconf 88' lang='lat' dir='ltr'><strong>clamare</strong></span> <span class='ocrx_word' id='word_1_313' title='bbox 1540 4141 1624 4179; x_wconf 92' lang='lat' dir='ltr'><strong>me</strong></span> <span class='ocrx_word' id='word_1_314' title='bbox 1654 4127 1812 4191; x_wconf 90' lang='lat' dir='ltr'><strong>velis;</strong></span> <span class='ocrx_word' id='word_1_315' title='bbox 1839 4141 1944 4179; x_wconf 91' lang='lat' dir='ltr'><strong>non</strong></span> <span class='ocrx_word' id='word_1_316' title='bbox 1973 4142 2095 4181; x_wconf 79' lang='lat' dir='ltr'><strong>ver-</strong></span> 
     </span>
    </p>
   </div>
   <div class='ocr_carea' id='block_1_44' title="bbox 508 4217 2091 4288">
    <p class='ocr_par' dir='ltr' id='par_1_44' title="bbox 508 4217 2091 4288">
     <span class='ocr_line' id='line_1_44' title="bbox 508 4217 2091 4288; baseline -0.002 -12"><span class='ocrx_word' id='word_1_317' title='bbox 508 4223 589 4276; x_wconf 85' lang='lat' dir='ltr'><strong>bis</strong></span> <span class='ocrx_word' id='word_1_318' title='bbox 617 4220 930 4278; x_wconf 78' lang='lat' dir='ltr'><strong>delictorum</strong></span> <span class='ocrx_word' id='word_1_319' title='bbox 958 4236 1022 4274; x_wconf 87' lang='lat' dir='ltr'><strong>ex</strong></span> <span class='ocrx_word' id='word_1_320' title='bbox 1053 4219 1317 4274; x_wconf 83' lang='lat' dir='ltr'><strong>desiderio</strong></span> <span class='ocrx_word' id='word_1_321' title='bbox 1340 4218 1651 4288; x_wconf 84' lang='lat' dir='ltr'><strong>temporalis</strong></span> <span class='ocrx_word' id='word_1_322' title='bbox 1677 4219 1823 4284; x_wconf 71' lang='lat' dir='ltr'><strong>vitae,</strong></span> <span class='ocrx_word' id='word_1_323' title='bbox 1857 4217 1950 4274; x_wconf 89' lang='lat' dir='ltr'><strong>sed</strong></span> <span class='ocrx_word' id='word_1_324' title='bbox 1975 4235 2091 4273; x_wconf 88' lang='lat' dir='ltr'><strong>ver-</strong></span> 
     </span>
    </p>
   </div>
   <div class='ocr_carea' id='block_1_45' title="bbox 508 4311 1703 4377">
    <p class='ocr_par' dir='ltr' id='par_1_45' title="bbox 508 4311 1703 4377">
     <span class='ocr_line' id='line_1_45' title="bbox 508 4311 1703 4377; baseline -0.004 -8"><span class='ocrx_word' id='word_1_325' title='bbox 508 4314 591 4369; x_wconf 87' lang='lat' dir='ltr'><strong>bis</strong></span> <span class='ocrx_word' id='word_1_326' title='bbox 615 4312 982 4369; x_wconf 85' lang='lat' dir='ltr'><strong>conversionis</strong></span> <span class='ocrx_word' id='word_1_327' title='bbox 1008 4311 1072 4365; x_wconf 90' lang='lat' dir='ltr'><strong>ad</strong></span> <span class='ocrx_word' id='word_1_328' title='bbox 1096 4321 1147 4365; x_wconf 91' lang='lat' dir='ltr'><strong>te</strong></span> <span class='ocrx_word' id='word_1_329' title='bbox 1170 4312 1221 4366; x_wconf 91' lang='lat' dir='ltr'><strong>in</strong></span> <span class='ocrx_word' id='word_1_330' title='bbox 1244 4313 1405 4364; x_wconf 87' lang='lat' dir='ltr'><strong>vitam</strong></span> <span class='ocrx_word' id='word_1_331' title='bbox 1429 4321 1703 4377; x_wconf 74' lang='lat' dir='ltr'><strong>aeternam.</strong></span> 
     </span>
    </p>
   </div>
   <div class='ocr_carea' id='block_1_46' title="bbox 576 4399 2095 4478">
    <p class='ocr_par' dir='ltr' id='par_1_46' title="bbox 576 4399 2095 4478">
     <span class='ocr_line' id='line_1_46' title="bbox 576 4399 2095 4478; baseline -0.006 -16"><span class='ocrx_word' id='word_1_332' title='bbox 576 4406 630 4463; x_wconf 74' lang='grc'><strong>4.</strong></span> <span class='ocrx_word' id='word_1_333' title='bbox 672 4401 822 4478; x_wconf 87' lang='lat' dir='ltr'><strong>[vers.</strong></span> <span class='ocrx_word' id='word_1_334' title='bbox 875 4402 956 4478; x_wconf 65' lang='lat'><strong>4.]</strong></span> <span class='ocrx_word' id='word_1_335' title='bbox 985 4402 1059 4456; x_wconf 91' lang='lat' dir='ltr'><strong>Tu</strong></span> <span class='ocrx_word' id='word_1_336' title='bbox 1084 4412 1252 4455; x_wconf 89' lang='lat' dir='ltr'><strong>autem</strong></span> <span class='ocrx_word' id='word_1_337' title='bbox 1273 4401 1325 4455; x_wconf 88' lang='lat' dir='ltr'><strong>in</strong></span> <span class='ocrx_word' id='word_1_338' title='bbox 1342 4409 1514 4455; x_wconf 87' lang='lat' dir='ltr'><strong>sancto</strong></span> <span class='ocrx_word' id='word_1_339' title='bbox 1540 4401 1758 4464; x_wconf 79' lang='lat' dir='ltr'><strong>habitas,</strong></span> <span class='ocrx_word' id='word_1_340' title='bbox 1777 4401 1888 4454; x_wconf 86' lang='lat' dir='ltr'><strong>laus</strong></span> <span class='ocrx_word' id='word_1_341' title='bbox 1906 4399 2095 4454; x_wconf 87' lang='lat' dir='ltr'><strong>Israel:</strong></span> 
     </span>
    </p>
   </div>
   <div class='ocr_carea' id='block_1_47' title="bbox 507 4491 2096 4557">
    <p class='ocr_par' dir='ltr' id='par_1_47' title="bbox 507 4491 2096 4557">
     <span class='ocr_line' id='line_1_47' title="bbox 507 4491 2096 4557; baseline -0.005 -4"><span class='ocrx_word' id='word_1_342' title='bbox 507 4507 564 4553; x_wconf 91' lang='lat' dir='ltr'><strong>tu</strong></span> <span class='ocrx_word' id='word_1_343' title='bbox 589 4505 765 4551; x_wconf 79' lang='lat' dir='ltr'><strong>autem</strong></span> <span class='ocrx_word' id='word_1_344' title='bbox 793 4496 847 4549; x_wconf 91' lang='lat' dir='ltr'><strong>in</strong></span> <span class='ocrx_word' id='word_1_345' title='bbox 875 4504 1059 4549; x_wconf 87' lang='lat' dir='ltr'><strong>sancto</strong></span> <span class='ocrx_word' id='word_1_346' title='bbox 1087 4493 1313 4557; x_wconf 89' lang='lat' dir='ltr'><strong>habitas,</strong></span> <span class='ocrx_word' id='word_1_347' title='bbox 1346 4501 1401 4546; x_wconf 92' lang='lat' dir='ltr'><strong>et</strong></span> <span class='ocrx_word' id='word_1_348' title='bbox 1428 4491 1549 4546; x_wconf 90' lang='lat' dir='ltr'><strong>ideo</strong></span> <span class='ocrx_word' id='word_1_349' title='bbox 1580 4491 1850 4545; x_wconf 89' lang='lat' dir='ltr'><strong>immunda</strong></span> <span class='ocrx_word' id='word_1_350' title='bbox 1875 4491 2096 4546; x_wconf 85' lang='lat' dir='ltr'><strong>delicto-</strong></span> 
     </span>
    </p>
   </div>
   <div class='ocr_carea' id='block_1_48' title="bbox 507 4581 2094 4652">
    <p class='ocr_par' dir='ltr' id='par_1_48' title="bbox 507 4581 2094 4652">
     <span class='ocr_line' id='line_1_48' title="bbox 507 4581 2094 4652; baseline -0.004 -9"><span class='ocrx_word' id='word_1_351' title='bbox 507 4603 626 4643; x_wconf 86' lang='lat' dir='ltr'><strong>rum</strong></span> <span class='ocrx_word' id='word_1_352' title='bbox 651 4587 815 4642; x_wconf 88' lang='lat' dir='ltr'><strong>verba</strong></span> <span class='ocrx_word' id='word_1_353' title='bbox 855 4601 960 4639; x_wconf 91' lang='lat' dir='ltr'><strong>non</strong></span> <span class='ocrx_word' id='word_1_354' title='bbox 988 4584 1260 4639; x_wconf 89' lang='lat' dir='ltr'><strong>exaudies.</strong></span> <span class='ocrx_word' id='word_1_355' title='bbox 1290 4582 1430 4637; x_wconf 86' lang='lat' dir='ltr'><strong>Laus</strong></span> <span class='ocrx_word' id='word_1_356' title='bbox 1473 4581 1700 4636; x_wconf 88' lang='lat' dir='ltr'><strong>videntis</strong></span> <span class='ocrx_word' id='word_1_357' title='bbox 1724 4592 1795 4648; x_wconf 90' lang='lat' dir='ltr'><strong>te,</strong></span> <span class='ocrx_word' id='word_1_358' title='bbox 1841 4599 1946 4637; x_wconf 89' lang='lat' dir='ltr'><strong>non</strong></span> <span class='ocrx_word' id='word_1_359' title='bbox 1977 4582 2094 4652; x_wconf 87' lang='lat' dir='ltr'><strong>ejus</strong></span> 
     </span>
    </p>
   </div>
   <div class='ocr_carea' id='block_1_49' title="bbox 507 4673 2098 4750">
    <p class='ocr_par' dir='ltr' id='par_1_49' title="bbox 507 4673 2098 4750">
     <span class='ocr_line' id='line_1_49' title="bbox 507 4673 2098 4750; baseline -0.003 -18"><span class='ocrx_word' id='word_1_360' title='bbox 507 4679 597 4750; x_wconf 92' lang='lat' dir='ltr'><strong>qui</strong></span> <span class='ocrx_word' id='word_1_361' title='bbox 627 4677 837 4731; x_wconf 90' lang='lat' dir='ltr'><strong>laudem</strong></span> <span class='ocrx_word' id='word_1_362' title='bbox 866 4691 1017 4732; x_wconf 86' lang='lat' dir='ltr'><strong>suam</strong></span> <span class='ocrx_word' id='word_1_363' title='bbox 1039 4675 1285 4744; x_wconf 70' lang='lat' dir='ltr'><strong>quaesivit</strong></span> <span class='ocrx_word' id='word_1_364' title='bbox 1311 4675 1362 4728; x_wconf 92' lang='lat' dir='ltr'><strong>in</strong></span> <span class='ocrx_word' id='word_1_365' title='bbox 1393 4673 1657 4743; x_wconf 79' lang='lat' dir='ltr'><strong>gustaudo</strong></span> <span class='ocrx_word' id='word_1_366' title='bbox 1687 4674 1850 4727; x_wconf 89' lang='lat' dir='ltr'><strong>vetito</strong></span> <span class='ocrx_word' id='word_1_367' title='bbox 1877 4674 2018 4738; x_wconf 89' lang='lat' dir='ltr'><strong>cibo,</strong></span> <span class='ocrx_word' id='word_1_368' title='bbox 2040 4683 2098 4728; x_wconf 89' lang='lat' dir='ltr'><strong>ut</strong></span> 
     </span>
    </p>
   </div>
   <div class='ocr_carea' id='block_1_50' title="bbox 510 4764 2096 4840">
    <p class='ocr_par' dir='ltr' id='par_1_50' title="bbox 510 4764 2096 4840">
     <span class='ocr_line' id='line_1_50' title="bbox 510 4764 2096 4840; baseline -0.004 -15"><span class='ocrx_word' id='word_1_369' title='bbox 510 4771 713 4840; x_wconf 88' lang='lat' dir='ltr'><strong>apertis</strong></span> <span class='ocrx_word' id='word_1_370' title='bbox 750 4768 1024 4839; x_wconf 88' lang='lat' dir='ltr'><strong>corporeis</strong></span> <span class='ocrx_word' id='word_1_371' title='bbox 1063 4768 1231 4822; x_wconf 89' lang='lat' dir='ltr'><strong>oculis</strong></span> <span class='ocrx_word' id='word_1_372' title='bbox 1277 4764 1608 4820; x_wconf 88' lang='lat' dir='ltr'><strong>abscondere</strong></span> <span class='ocrx_word' id='word_1_373' title='bbox 1651 4779 1710 4820; x_wconf 90' lang='lat' dir='ltr'><strong>se</strong></span> <span class='ocrx_word' id='word_1_374' title='bbox 1753 4773 2038 4820; x_wconf 90' lang='lat' dir='ltr'><strong>conaretur</strong></span> <span class='ocrx_word' id='word_1_375' title='bbox 2064 4779 2096 4819; x_wconf 88' lang='lat' dir='ltr'><strong>a</strong></span> 
     </span>
    </p>
   </div>
   <div class='ocr_carea' id='block_1_51' title="bbox 509 4857 1208 4930">
    <p class='ocr_par' dir='ltr' id='par_1_51' title="bbox 509 4857 1208 4930">
     <span class='ocr_line' id='line_1_51' title="bbox 509 4857 1208 4930; baseline -0.009 -14"><span class='ocrx_word' id='word_1_376' title='bbox 509 4872 797 4930; x_wconf 87' lang='lat' dir='ltr'><strong>conspectu</strong></span> <span class='ocrx_word' id='word_1_377' title='bbox 825 4870 915 4913; x_wconf 91' lang='lat' dir='ltr'><strong>tuo</strong></span> <span class='ocrx_word' id='word_1_378' title='bbox 937 4857 1087 4926; x_wconf 80' lang='lat' dir='ltr'><strong>(Gen.</strong></span> <span class='ocrx_word' id='word_1_379' title='bbox 1107 4862 1208 4927; x_wconf 90' lang='grc' dir='ltr'>ιιι).</span> 
     </span>
    </p>
   </div>
   <div class='ocr_carea' id='block_1_52' title="bbox 582 4947 2096 5026">
    <p class='ocr_par' dir='ltr' id='par_1_52' title="bbox 582 4947 2096 5026">
     <span class='ocr_line' id='line_1_52' title="bbox 582 4947 2096 5026; baseline -0.005 -17"><span class='ocrx_word' id='word_1_380' title='bbox 582 4955 636 5009; x_wconf 84' lang='grc'><strong>5.</strong></span> <span class='ocrx_word' id='word_1_381' title='bbox 678 4951 829 5026; x_wconf 90' lang='lat' dir='ltr'><strong>[vers.</strong></span> <span class='ocrx_word' id='word_1_382' title='bbox 884 4949 964 5023; x_wconf 83' lang='lat'><strong>5.]</strong></span> <span class='ocrx_word' id='word_1_383' title='bbox 1017 4949 1150 5002; x_wconf 82' lang='lat' dir='ltr'><strong>Inte</strong></span> <span class='ocrx_word' id='word_1_384' title='bbox 1176 4956 1501 5018; x_wconf 79' lang='lat' dir='ltr'><strong>speraverant</strong></span> <span class='ocrx_word' id='word_1_385' title='bbox 1517 4947 1858 5018; x_wconf 86' lang='lat' dir='ltr'><strong>patresnostri</strong></span> <span class='ocrx_word' id='word_1_386' title='bbox 1874 4961 2096 5002; x_wconf 87' lang='lat' dir='ltr'><strong>:omnes</strong></span> 
     </span>
    </p>
   </div>
   <div class='ocr_carea' id='block_1_53' title="bbox 513 5037 2092 5114">
    <p class='ocr_par' dir='ltr' id='par_1_53' title="bbox 513 5037 2092 5114">
     <span class='ocr_line' id='line_1_53' title="bbox 513 5037 2092 5114; baseline -0.004 -16"><span class='ocrx_word' id='word_1_387' title='bbox 513 5044 637 5114; x_wconf 84' lang='lat' dir='ltr'><strong>iusti</strong></span> <span class='ocrx_word' id='word_1_388' title='bbox 665 5043 888 5107; x_wconf 88' lang='lat' dir='ltr'><strong>scilicet,</strong></span> <span class='ocrx_word' id='word_1_389' title='bbox 919 5057 1023 5094; x_wconf 92' lang='lat' dir='ltr'><strong>non</strong></span> <span class='ocrx_word' id='word_1_390' title='bbox 1045 5049 1345 5109; x_wconf 71' lang='lat' dir='ltr'><strong>qumreutes</strong></span> <span class='ocrx_word' id='word_1_391' title='bbox 1372 5055 1520 5093; x_wconf 87' lang='lat' dir='ltr'><strong>suam</strong></span> <span class='ocrx_word' id='word_1_392' title='bbox 1547 5037 1782 5103; x_wconf 90' lang='lat' dir='ltr'><strong>laudem,</strong></span> <span class='ocrx_word' id='word_1_393' title='bbox 1812 5037 1906 5094; x_wconf 87' lang='lat' dir='ltr'><strong>sed</strong></span> <span class='ocrx_word' id='word_1_394' title='bbox 1927 5047 2092 5102; x_wconf 89' lang='lat' dir='ltr'><strong>tuam;</strong></span> 
     </span>
    </p>
   </div>
   <div class='ocr_carea' id='block_1_54' title="bbox 509 5131 1259 5206">
    <p class='ocr_par' dir='ltr' id='par_1_54' title="bbox 509 5131 1259 5206">
     <span class='ocr_line' id='line_1_54' title="bbox 509 5131 1259 5206; baseline -0.009 -17"><span class='ocrx_word' id='word_1_395' title='bbox 509 5143 853 5206; x_wconf 81' lang='lat' dir='ltr'><strong>speraverant,</strong></span> <span class='ocrx_word' id='word_1_396' title='bbox 883 5142 927 5185; x_wconf 94' lang='lat' dir='ltr'><strong>et</strong></span> <span class='ocrx_word' id='word_1_397' title='bbox 953 5131 1125 5184; x_wconf 82' lang='lat' dir='ltr'><strong>eruisti</strong></span> <span class='ocrx_word' id='word_1_398' title='bbox 1155 5147 1259 5184; x_wconf 92' lang='lat' dir='ltr'><strong>eos.</strong></span> 
     </span>
    </p>
   </div>
   <div class='ocr_carea' id='block_1_55' title="bbox 582 5219 2097 5295">
    <p class='ocr_par' dir='ltr' id='par_1_55' title="bbox 582 5219 2097 5295">
     <span class='ocr_line' id='line_1_55' title="bbox 582 5219 2097 5295; baseline -0.001 -19"><span class='ocrx_word' id='word_1_399' title='bbox 582 5223 634 5278; x_wconf 85' lang='lat'><strong>6.</strong></span> <span class='ocrx_word' id='word_1_400' title='bbox 677 5221 826 5295; x_wconf 83' lang='lat' dir='ltr'><strong>[vers.</strong></span> <span class='ocrx_word' id='word_1_401' title='bbox 889 5220 966 5294; x_wconf 88' lang='lat'><strong>6.]</strong></span> <span class='ocrx_word' id='word_1_402' title='bbox 993 5221 1074 5273; x_wconf 81' lang='lat' dir='ltr'><strong>Ad</strong></span> <span class='ocrx_word' id='word_1_403' title='bbox 1101 5231 1147 5274; x_wconf 85' lang='lat' dir='ltr'><strong>te</strong></span> <span class='ocrx_word' id='word_1_404' title='bbox 1174 5220 1536 5286; x_wconf 79' lang='lat' dir='ltr'><strong>clamauerunt,</strong></span> <span class='ocrx_word' id='word_1_405' title='bbox 1565 5229 1612 5274; x_wconf 93' lang='lat' dir='ltr'><strong>et</strong></span> <span class='ocrx_word' id='word_1_406' title='bbox 1639 5220 1765 5273; x_wconf 88' lang='lat' dir='ltr'><strong>salvi</strong></span> <span class='ocrx_word' id='word_1_407' title='bbox 1791 5219 1914 5290; x_wconf 82' lang='lat' dir='ltr'><strong>facti</strong></span> <span class='ocrx_word' id='word_1_408' title='bbox 1941 5229 2056 5273; x_wconf 89' lang='lat' dir='ltr'><strong>sunt</strong></span> <span class='ocrx_word' id='word_1_409' title='bbox 2078 5237 2097 5274; x_wconf 91' lang='lat'><strong><em>:</em></strong></span> 
     </span>
    </p>
   </div>
   <div class='ocr_carea' id='block_1_56' title="bbox 512 5312 2094 5383">
    <p class='ocr_par' dir='ltr' id='par_1_56' title="bbox 512 5312 2094 5383">
     <span class='ocr_line' id='line_1_56' title="bbox 512 5312 2094 5383; baseline -0.002 -12"><span class='ocrx_word' id='word_1_410' title='bbox 512 5316 577 5371; x_wconf 90' lang='lat' dir='ltr'><strong>ad</strong></span> <span class='ocrx_word' id='word_1_411' title='bbox 609 5326 659 5369; x_wconf 89' lang='lat' dir='ltr'><strong>te</strong></span> <span class='ocrx_word' id='word_1_412' title='bbox 687 5315 1070 5378; x_wconf 77' lang='lat' dir='ltr'><strong>clamavernnt,</strong></span> <span class='ocrx_word' id='word_1_413' title='bbox 1115 5329 1219 5368; x_wconf 89' lang='lat' dir='ltr'><strong>non</strong></span> <span class='ocrx_word' id='word_1_414' title='bbox 1267 5314 1446 5368; x_wconf 90' lang='lat' dir='ltr'><strong>verbis</strong></span> <span class='ocrx_word' id='word_1_415' title='bbox 1488 5312 1810 5367; x_wconf 90' lang='lat' dir='ltr'><strong>delictorum</strong></span> <span class='ocrx_word' id='word_1_416' title='bbox 1837 5329 1868 5367; x_wconf 86' lang='lat' dir='ltr'><strong>a</strong></span> <span class='ocrx_word' id='word_1_417' title='bbox 1896 5313 2094 5383; x_wconf 88' lang='lat' dir='ltr'><strong>quibus</strong></span> 
     </span>
    </p>
   </div>
   <div class='ocr_carea' id='block_1_57' title="bbox 573 5488 2096 5552">
    <p class='ocr_par' dir='ltr' id='par_1_57' title="bbox 573 5488 2096 5552">
     <span class='ocr_line' id='line_1_57' title="bbox 573 5488 2096 5552; baseline -0.001 -12"><span class='ocrx_word' id='word_1_418' title='bbox 573 5491 646 5552; x_wconf 81' lang='lat' dir='ltr'><strong>(a)</strong></span> <span class='ocrx_word' id='word_1_419' title='bbox 673 5499 807 5540; x_wconf 75' lang='lat' dir='ltr'><strong>nunc</strong></span> <span class='ocrx_word' id='word_1_420' title='bbox 827 5492 983 5552; x_wconf 83' lang='lat' dir='ltr'><strong>ipsum</strong></span> <span class='ocrx_word' id='word_1_421' title='bbox 1009 5488 1240 5538; x_wconf 81' lang='lat' dir='ltr'><strong>Psalmum</strong></span> <span class='ocrx_word' id='word_1_422' title='bbox 1264 5503 1348 5538; x_wconf 72' lang='lat' dir='ltr'><strong>xx:</strong></span> <span class='ocrx_word' id='word_1_423' title='bbox 1368 5489 1570 5551; x_wconf 82' lang='lat' dir='ltr'><strong>exponit</strong></span> <span class='ocrx_word' id='word_1_424' title='bbox 1597 5490 1890 5552; x_wconf 71' lang='lat' dir='ltr'><strong>.tugustinus</strong></span> <span class='ocrx_word' id='word_1_425' title='bbox 1913 5489 1962 5538; x_wconf 87' lang='lat' dir='ltr'><strong>in</strong></span> <span class='ocrx_word' id='word_1_426' title='bbox 1984 5490 2096 5550; x_wconf 69' lang='lat' dir='ltr'><strong>Epi-</strong></span> 
     </span>
    </p>
   </div>
   <div class='ocr_carea' id='block_1_58' title="bbox 508 5553 1140 5604">
    <p class='ocr_par' dir='ltr' id='par_1_58' title="bbox 508 5553 1140 5604">
     <span class='ocr_line' id='line_1_58' title="bbox 508 5553 1140 5604; baseline -0.013 1"><span class='ocrx_word' id='word_1_427' title='bbox 508 5553 630 5604; x_wconf 81' lang='lat' dir='ltr'><strong>stula</strong></span> <span class='ocrx_word' id='word_1_428' title='bbox 651 5553 737 5600; x_wconf 71' lang='lat' dir='ltr'><strong>1w</strong></span> <span class='ocrx_word' id='word_1_429' title='bbox 755 5553 813 5600; x_wconf 85' lang='lat' dir='ltr'><strong>ad</strong></span> <span class='ocrx_word' id='word_1_430' title='bbox 836 5559 1140 5600; x_wconf 86' lang='lat' dir='ltr'><strong>Honoratum.</strong></span> 
     </span>
    </p>
   </div>
   <div class='ocr_carea' id='block_1_59' title="bbox 577 5610 2090 5676">
    <p class='ocr_par' dir='ltr' id='par_1_59' title="bbox 577 5610 2090 5676">
     <span class='ocr_line' id='line_1_59' title="bbox 577 5610 2090 5676; baseline -0.002 -13"><span class='ocrx_word' id='word_1_431' title='bbox 577 5616 646 5676; x_wconf 73' lang='grc' dir='ltr'><strong>(ὁ)</strong></span> <span class='ocrx_word' id='word_1_432' title='bbox 671 5613 937 5676; x_wconf 32' lang='grc' dir='ltr'><strong>υεΑεοιΙθιιι</strong></span> <span class='ocrx_word' id='word_1_433' title='bbox 957 5627 1088 5661; x_wconf 83' lang='lat' dir='ltr'><strong>vers.</strong></span> <span class='ocrx_word' id='word_1_434' title='bbox 1111 5611 1319 5676; x_wconf 72' lang='lat' dir='ltr'><strong>2agitur</strong></span> <span class='ocrx_word' id='word_1_435' title='bbox 1343 5612 1390 5660; x_wconf 94' lang='lat' dir='ltr'><strong>in</strong></span> <span class='ocrx_word' id='word_1_436' title='bbox 1417 5618 1552 5660; x_wconf 78' lang='lat' dir='ltr'><strong>Enar.</strong></span> <span class='ocrx_word' id='word_1_437' title='bbox 1581 5610 1916 5676; x_wconf 80' lang='lat' dir='ltr'><strong>Psal._xxxvn,</strong></span> <span class='ocrx_word' id='word_1_438' title='bbox 1957 5625 2008 5661; x_wconf 82' lang='grc' dir='ltr'>ιι.</span> <span class='ocrx_word' id='word_1_439' title='bbox 2030 5611 2090 5674; x_wconf 81' lang='lat'><strong>6;</strong></span> 
     </span>
    </p>
   </div>
   <div class='ocr_carea' id='block_1_60' title="bbox 511 5673 1747 5734">
    <p class='ocr_par' dir='ltr' id='par_1_60' title="bbox 511 5673 1747 5734">
     <span class='ocr_line' id='line_1_60' title="bbox 511 5673 1747 5734; baseline -0.002 -9"><span class='ocrx_word' id='word_1_440' title='bbox 511 5673 642 5734; x_wconf 80' lang='lat' dir='ltr'><strong>xun,</strong></span> <span class='ocrx_word' id='word_1_441' title='bbox 668 5690 713 5726; x_wconf 86' lang='grc' dir='ltr'><strong>ιι.</strong></span> <span class='ocrx_word' id='word_1_442' title='bbox 741 5673 789 5734; x_wconf 78' lang='lat'><strong>2;</strong></span> <span class='ocrx_word' id='word_1_443' title='bbox 815 5689 938 5733; x_wconf 74' lang='lat' dir='ltr'><strong>cvm,</strong></span> <span class='ocrx_word' id='word_1_444' title='bbox 961 5687 1110 5723; x_wconf 87' lang='lat' dir='ltr'><strong>serm.</strong></span> <span class='ocrx_word' id='word_1_445' title='bbox 1134 5675 1177 5729; x_wconf 85' lang='lat' dir='ltr'><strong>l.</strong></span> <span class='ocrx_word' id='word_1_446' title='bbox 1202 5673 1250 5721; x_wconf 79' lang='grc' dir='ltr'>ιι.</span> <span class='ocrx_word' id='word_1_447' title='bbox 1269 5673 1325 5733; x_wconf 75' lang='lat'><strong>2;</strong></span> <span class='ocrx_word' id='word_1_448' title='bbox 1351 5687 1567 5730; x_wconf 69' lang='lat' dir='ltr'><strong>cxxxvu,</strong></span> <span class='ocrx_word' id='word_1_449' title='bbox 1594 5688 1641 5720; x_wconf 86' lang='grc' dir='ltr'>ιι.</span> <span class='ocrx_word' id='word_1_450' title='bbox 1671 5673 1747 5722; x_wconf 73' lang='grc'><strong>14.</strong></span> 
     </span>
    </p>
   </div>
   <div class='ocr_carea' id='block_1_61' title="bbox 573 5735 1901 5802">
    <p class='ocr_par' dir='ltr' id='par_1_61' title="bbox 573 5735 1901 5802">
     <span class='ocr_line' id='line_1_61' title="bbox 573 5735 1901 5802; baseline -0.002 -14"><span class='ocrx_word' id='word_1_451' title='bbox 573 5738 643 5802; x_wconf 83' lang='lat' dir='ltr'><strong>(c)</strong></span> <span class='ocrx_word' id='word_1_452' title='bbox 670 5737 797 5788; x_wconf 84' lang='lat' dir='ltr'><strong>Idem</strong></span> <span class='ocrx_word' id='word_1_453' title='bbox 822 5749 948 5787; x_wconf 87' lang='lat' dir='ltr'><strong>vers.</strong></span> <span class='ocrx_word' id='word_1_454' title='bbox 975 5736 1008 5786; x_wconf 76' lang='grc'><strong>5</strong></span> <span class='ocrx_word' id='word_1_455' title='bbox 1023 5743 1256 5787; x_wconf 76' lang='lat' dir='ltr'><strong>tracwtur</strong></span> <span class='ocrx_word' id='word_1_456' title='bbox 1280 5737 1329 5784; x_wconf 90' lang='lat' dir='ltr'><strong>in</strong></span> <span class='ocrx_word' id='word_1_457' title='bbox 1350 5741 1490 5785; x_wconf 86' lang='lat' dir='ltr'><strong>Enar.</strong></span> <span class='ocrx_word' id='word_1_458' title='bbox 1510 5735 1628 5784; x_wconf 81' lang='lat' dir='ltr'><strong>Psal.</strong></span> <span class='ocrx_word' id='word_1_459' title='bbox 1653 5750 1748 5797; x_wconf 76' lang='lat' dir='ltr'><strong>Lm,</strong></span> <span class='ocrx_word' id='word_1_460' title='bbox 1774 5747 1825 5784; x_wconf 84' lang='grc' dir='ltr'>ιι.</span> <span class='ocrx_word' id='word_1_461' title='bbox 1849 5736 1901 5786; x_wconf 75' lang='lat'><strong>5.</strong></span> 
     </span>
    </p>
   </div>
   <div class='ocr_carea' id='block_1_62' title="bbox 1700 273 2512 333">
    <p class='ocr_par' dir='ltr' id='par_1_62' title="bbox 1700 273 2512 333">
     <span class='ocr_line' id='line_1_62' title="bbox 1700 273 2512 333; baseline -0.004 0"><span class='ocrx_word' id='word_1_462' title='bbox 1700 277 1760 333; x_wconf 87' lang='lat' dir='ltr'><strong>S.</strong></span> <span class='ocrx_word' id='word_1_463' title='bbox 1802 273 2166 332; x_wconf 79' lang='lat' dir='ltr'><strong>AUGUSTINI</strong></span> <span class='ocrx_word' id='word_1_464' title='bbox 2208 275 2512 332; x_wconf 78' lang='lat' dir='ltr'><strong>El‘ISCOPl</strong></span> 
     </span>
    </p>
   </div>
   <div class='ocr_carea' id='block_1_63' title="bbox 3652 272 3761 329">
    <p class='ocr_par' dir='ltr' id='par_1_63' title="bbox 3652 272 3761 329">
     <span class='ocr_line' id='line_1_63' title="bbox 3652 272 3761 329; baseline -0.037 0"><span class='ocrx_word' id='word_1_465' title='bbox 3652 272 3761 329; x_wconf 65' lang='lat'><strong>163</strong></span> 
     </span>
    </p>
   </div>
   <div class='ocr_carea' id='block_1_64' title="bbox 2176 386 3756 459">
    <p class='ocr_par' dir='ltr' id='par_1_64' title="bbox 2176 386 3756 459">
     <span class='ocr_line' id='line_1_64' title="bbox 2176 386 3756 459; baseline -0.001 -18"><span class='ocrx_word' id='word_1_466' title='bbox 2176 388 2332 459; x_wconf 83' lang='lat' dir='ltr'><strong>longe</strong></span> <span class='ocrx_word' id='word_1_467' title='bbox 2362 401 2444 444; x_wconf 89' lang='lat' dir='ltr'><strong>est</strong></span> <span class='ocrx_word' id='word_1_468' title='bbox 2470 389 2635 452; x_wconf 89' lang='lat' dir='ltr'><strong>salus,</strong></span> <span class='ocrx_word' id='word_1_469' title='bbox 2665 411 2722 446; x_wconf 74' lang='lat' dir='ltr'><strong>es</strong></span> <span class='ocrx_word' id='word_1_470' title='bbox 2749 397 2871 445; x_wconf 76' lang='lat' dir='ltr'><strong>ideo</strong></span> <span class='ocrx_word' id='word_1_471' title='bbox 2893 389 3023 444; x_wconf 88' lang='lat' dir='ltr'><strong>salvi</strong></span> <span class='ocrx_word' id='word_1_472' title='bbox 3047 386 3167 444; x_wconf 80' lang='lat' dir='ltr'><strong>facti</strong></span> <span class='ocrx_word' id='word_1_473' title='bbox 3197 397 3341 442; x_wconf 87' lang='lat' dir='ltr'><strong>sunt.</strong></span> <span class='ocrx_word' id='word_1_474' title='bbox 3363 386 3428 441; x_wconf 85' lang='lat' dir='ltr'><strong>In</strong></span> <span class='ocrx_word' id='word_1_475' title='bbox 3456 399 3503 442; x_wconf 88' lang='lat' dir='ltr'><strong>te</strong></span> <span class='ocrx_word' id='word_1_476' title='bbox 3528 406 3756 455; x_wconf 62' lang='lat' dir='ltr'><strong>speraru-</strong></span> 
     </span>
    </p>
   </div>
   <div class='ocr_carea' id='block_1_65' title="bbox 2170 481 3769 550">
    <p class='ocr_par' dir='ltr' id='par_1_65' title="bbox 2170 481 3769 550">
     <span class='ocr_line' id='line_1_65' title="bbox 2170 481 3769 550; baseline -0.001 -14"><span class='ocrx_word' id='word_1_477' title='bbox 2170 493 2308 547; x_wconf 88' lang='lat' dir='ltr'><strong>runt,</strong></span> <span class='ocrx_word' id='word_1_478' title='bbox 2352 493 2399 536; x_wconf 93' lang='lat' dir='ltr'><strong>et</strong></span> <span class='ocrx_word' id='word_1_479' title='bbox 2427 499 2527 536; x_wconf 90' lang='lat' dir='ltr'><strong>non</strong></span> <span class='ocrx_word' id='word_1_480' title='bbox 2557 493 2672 535; x_wconf 88' lang='lat' dir='ltr'><strong>sunt</strong></span> <span class='ocrx_word' id='word_1_481' title='bbox 2700 482 2900 550; x_wconf 76' lang='lat' dir='ltr'><strong>confusi</strong></span> <span class='ocrx_word' id='word_1_482' title='bbox 2921 498 2940 534; x_wconf 93' lang='lat'><strong><em>:</em></strong></span> <span class='ocrx_word' id='word_1_483' title='bbox 2965 481 3016 536; x_wconf 90' lang='lat' dir='ltr'><strong>in</strong></span> <span class='ocrx_word' id='word_1_484' title='bbox 3047 491 3098 535; x_wconf 91' lang='lat' dir='ltr'><strong>te</strong></span> <span class='ocrx_word' id='word_1_485' title='bbox 3136 491 3505 550; x_wconf 75' lang='lat' dir='ltr'><strong>speraverant.</strong></span> <span class='ocrx_word' id='word_1_486' title='bbox 3539 498 3637 536; x_wconf 89' lang='lat' dir='ltr'><strong>nec</strong></span> <span class='ocrx_word' id='word_1_487' title='bbox 3670 495 3769 535; x_wconf 81' lang='lat' dir='ltr'><strong>ens</strong></span> 
     </span>
    </p>
   </div>
   <div class='ocr_carea' id='block_1_66' title="bbox 2171 572 3546 642">
    <p class='ocr_par' dir='ltr' id='par_1_66' title="bbox 2171 572 3546 642">
     <span class='ocr_line' id='line_1_66' title="bbox 2171 572 3546 642; baseline -0.005 -14"><span class='ocrx_word' id='word_1_488' title='bbox 2171 573 2359 629; x_wconf 77' lang='lat' dir='ltr'><strong>fefellit</strong></span> <span class='ocrx_word' id='word_1_489' title='bbox 2387 587 2541 642; x_wconf 85' lang='lat' dir='ltr'><strong>spes;</strong></span> <span class='ocrx_word' id='word_1_490' title='bbox 2573 589 2677 627; x_wconf 89' lang='lat' dir='ltr'><strong>non</strong></span> <span class='ocrx_word' id='word_1_491' title='bbox 2708 573 2850 626; x_wconf 88' lang='lat' dir='ltr'><strong>enim</strong></span> <span class='ocrx_word' id='word_1_492' title='bbox 2881 572 2932 626; x_wconf 92' lang='lat' dir='ltr'><strong>in</strong></span> <span class='ocrx_word' id='word_1_493' title='bbox 2963 586 3022 625; x_wconf 86' lang='lat' dir='ltr'><strong>se</strong></span> <span class='ocrx_word' id='word_1_494' title='bbox 3051 572 3197 626; x_wconf 89' lang='lat' dir='ltr'><strong>illam</strong></span> <span class='ocrx_word' id='word_1_495' title='bbox 3227 580 3546 640; x_wconf 90' lang='lat' dir='ltr'><strong>posuerunt.</strong></span> 
     </span>
    </p>
   </div>
   <div class='ocr_carea' id='block_1_67' title="bbox 2243 661 3772 737">
    <p class='ocr_par' dir='ltr' id='par_1_67' title="bbox 2243 661 3772 737">
     <span class='ocr_line' id='line_1_67' title="bbox 2243 661 3772 737; baseline -0.006 -17"><span class='ocrx_word' id='word_1_496' title='bbox 2243 667 2295 720; x_wconf 88' lang='lat'><strong>7.</strong></span> <span class='ocrx_word' id='word_1_497' title='bbox 2341 663 2490 736; x_wconf 85' lang='lat' dir='ltr'><strong>[vers.</strong></span> <span class='ocrx_word' id='word_1_498' title='bbox 2544 664 2623 737; x_wconf 84' lang='lat'><strong>7.]</strong></span> <span class='ocrx_word' id='word_1_499' title='bbox 2653 664 2761 734; x_wconf 81' lang='lat' dir='ltr'><strong>Ego</strong></span> <span class='ocrx_word' id='word_1_500' title='bbox 2787 677 2952 717; x_wconf 83' lang='lat' dir='ltr'><strong>autem</strong></span> <span class='ocrx_word' id='word_1_501' title='bbox 2982 679 3094 717; x_wconf 89' lang='lat' dir='ltr'><strong>sum</strong></span> <span class='ocrx_word' id='word_1_502' title='bbox 3128 663 3327 727; x_wconf 83' lang='lat' dir='ltr'><strong>vermis,</strong></span> <span class='ocrx_word' id='word_1_503' title='bbox 3357 671 3405 715; x_wconf 90' lang='lat' dir='ltr'><strong>et</strong></span> <span class='ocrx_word' id='word_1_504' title='bbox 3437 679 3539 714; x_wconf 85' lang='lat' dir='ltr'><strong>non</strong></span> <span class='ocrx_word' id='word_1_505' title='bbox 3569 661 3722 712; x_wconf 85' lang='lat' dir='ltr'><strong>homo</strong></span> <span class='ocrx_word' id='word_1_506' title='bbox 3751 674 3772 711; x_wconf 91' lang='lat'><strong><em>:</em></strong></span> 
     </span>
    </p>
   </div>
   <div class='ocr_carea' id='block_1_68' title="bbox 2173 749 3768 824">
    <p class='ocr_par' dir='ltr' id='par_1_68' title="bbox 2173 749 3768 824">
     <span class='ocr_line' id='line_1_68' title="bbox 2173 749 3768 824; baseline -0.004 -15"><span class='ocrx_word' id='word_1_507' title='bbox 2173 772 2272 824; x_wconf 82' lang='lat' dir='ltr'><strong>ego</strong></span> <span class='ocrx_word' id='word_1_508' title='bbox 2300 765 2478 809; x_wconf 85' lang='lat' dir='ltr'><strong>autem</strong></span> <span class='ocrx_word' id='word_1_509' title='bbox 2505 756 2614 824; x_wconf 83' lang='lat' dir='ltr'><strong>jam</strong></span> <span class='ocrx_word' id='word_1_510' title='bbox 2661 772 2766 809; x_wconf 91' lang='lat' dir='ltr'><strong>non</strong></span> <span class='ocrx_word' id='word_1_511' title='bbox 2797 771 2861 807; x_wconf 85' lang='lat' dir='ltr'><strong>ex</strong></span> <span class='ocrx_word' id='word_1_512' title='bbox 2893 768 3120 824; x_wconf 85' lang='lat' dir='ltr'><strong>persona</strong></span> <span class='ocrx_word' id='word_1_513' title='bbox 3151 752 3321 807; x_wconf 81' lang='lat' dir='ltr'><strong>Adam</strong></span> <span class='ocrx_word' id='word_1_514' title='bbox 3375 752 3621 819; x_wconf 89' lang='lat' dir='ltr'><strong>loquens,</strong></span> <span class='ocrx_word' id='word_1_515' title='bbox 3671 749 3768 804; x_wconf 86' lang='lat' dir='ltr'><strong>sed</strong></span> 
     </span>
    </p>
   </div>
   <div class='ocr_carea' id='block_1_69' title="bbox 2174 842 3761 916">
    <p class='ocr_par' dir='ltr' id='par_1_69' title="bbox 2174 842 3761 916">
     <span class='ocr_line' id='line_1_69' title="bbox 2174 842 3761 916; baseline -0.005 -17"><span class='ocrx_word' id='word_1_516' title='bbox 2174 862 2273 916; x_wconf 71' lang='lat' dir='ltr'><strong>ego</strong></span> <span class='ocrx_word' id='word_1_517' title='bbox 2303 847 2520 915; x_wconf 86' lang='lat' dir='ltr'><strong>proprie</strong></span> <span class='ocrx_word' id='word_1_518' title='bbox 2544 845 2697 900; x_wconf 82' lang='lat' dir='ltr'><strong>Jesus</strong></span> <span class='ocrx_word' id='word_1_519' title='bbox 2723 844 2966 898; x_wconf 87' lang='lat' dir='ltr'><strong>Christus</strong></span> <span class='ocrx_word' id='word_1_520' title='bbox 2992 845 3108 898; x_wconf 88' lang='lat' dir='ltr'><strong>sine</strong></span> <span class='ocrx_word' id='word_1_521' title='bbox 3146 843 3353 898; x_wconf 91' lang='lat' dir='ltr'><strong>semine</strong></span> <span class='ocrx_word' id='word_1_522' title='bbox 3383 842 3438 896; x_wconf 92' lang='lat' dir='ltr'><strong>in</strong></span> <span class='ocrx_word' id='word_1_523' title='bbox 3477 857 3642 896; x_wconf 89' lang='lat' dir='ltr'><strong>carne</strong></span> <span class='ocrx_word' id='word_1_524' title='bbox 3675 857 3761 895; x_wconf 81' lang='lat' dir='ltr'><strong>na-</strong></span> 
     </span>
    </p>
   </div>
   <div class='ocr_carea' id='block_1_70' title="bbox 2178 929 3772 1001">
    <p class='ocr_par' dir='ltr' id='par_1_70' title="bbox 2178 929 3772 1001">
     <span class='ocr_line' id='line_1_70' title="bbox 2178 929 3772 1001; baseline -0.004 -9"><span class='ocrx_word' id='word_1_525' title='bbox 2178 948 2263 992; x_wconf 90' lang='lat' dir='ltr'><strong>tus</strong></span> <span class='ocrx_word' id='word_1_526' title='bbox 2285 952 2402 991; x_wconf 91' lang='lat' dir='ltr'><strong>sum</strong></span> <span class='ocrx_word' id='word_1_527' title='bbox 2421 938 2464 1001; x_wconf 77' lang='lat'><strong>‘,</strong></span> <span class='ocrx_word' id='word_1_528' title='bbox 2493 945 2549 990; x_wconf 88' lang='lat' dir='ltr'><strong>ut</strong></span> <span class='ocrx_word' id='word_1_529' title='bbox 2573 951 2749 990; x_wconf 88' lang='lat' dir='ltr'><strong>essem</strong></span> <span class='ocrx_word' id='word_1_530' title='bbox 2775 936 2828 989; x_wconf 90' lang='lat' dir='ltr'><strong>in</strong></span> <span class='ocrx_word' id='word_1_531' title='bbox 2860 934 3080 990; x_wconf 85' lang='lat' dir='ltr'><strong>homine</strong></span> <span class='ocrx_word' id='word_1_532' title='bbox 3110 935 3248 988; x_wconf 87' lang='lat' dir='ltr'><strong>ultra</strong></span> <span class='ocrx_word' id='word_1_533' title='bbox 3291 933 3566 997; x_wconf 89' lang='lat' dir='ltr'><strong>homines;</strong></span> <span class='ocrx_word' id='word_1_534' title='bbox 3599 941 3657 986; x_wconf 92' lang='lat' dir='ltr'><strong>ut</strong></span> <span class='ocrx_word' id='word_1_535' title='bbox 3686 929 3772 987; x_wconf 86' lang='lat' dir='ltr'><strong>vel</strong></span> 
     </span>
    </p>
   </div>
   <div class='ocr_carea' id='block_1_71' title="bbox 2177 1024 3774 1098">
    <p class='ocr_par' dir='ltr' id='par_1_71' title="bbox 2177 1024 3774 1098">
     <span class='ocr_line' id='line_1_71' title="bbox 2177 1024 3774 1098; baseline -0.004 -16"><span class='ocrx_word' id='word_1_536' title='bbox 2177 1030 2254 1083; x_wconf 90' lang='lat' dir='ltr'><strong>sic</strong></span> <span class='ocrx_word' id='word_1_537' title='bbox 2275 1029 2584 1098; x_wconf 79' lang='lat' dir='ltr'><strong>dignaretur</strong></span> <span class='ocrx_word' id='word_1_538' title='bbox 2623 1027 2815 1081; x_wconf 90' lang='lat' dir='ltr'><strong>imitari</strong></span> <span class='ocrx_word' id='word_1_539' title='bbox 2849 1026 3079 1081; x_wconf 87' lang='lat' dir='ltr'><strong>humana</strong></span> <span class='ocrx_word' id='word_1_540' title='bbox 3126 1026 3373 1095; x_wconf 89' lang='lat' dir='ltr'><strong>superbia</strong></span> <span class='ocrx_word' id='word_1_541' title='bbox 3416 1024 3774 1079; x_wconf 84' lang='lat' dir='ltr'><strong>humilitatem</strong></span> 
     </span>
    </p>
   </div>
   <div class='ocr_carea' id='block_1_72' title="bbox 2178 1115 3776 1188">
    <p class='ocr_par' dir='ltr' id='par_1_72' title="bbox 2178 1115 3776 1188">
     <span class='ocr_line' id='line_1_72' title="bbox 2178 1115 3776 1188; baseline -0.003 -16"><span class='ocrx_word' id='word_1_542' title='bbox 2178 1133 2375 1173; x_wconf 90' lang='lat' dir='ltr'><strong>meam.</strong></span> <span class='ocrx_word' id='word_1_543' title='bbox 2407 1117 2748 1188; x_wconf 87' lang='lat' dir='ltr'><strong>Opprobrium</strong></span> <span class='ocrx_word' id='word_1_544' title='bbox 2773 1118 3032 1170; x_wconf 78' lang='lat' dir='ltr'><strong>hominum</strong></span> <span class='ocrx_word' id='word_1_545' title='bbox 3052 1125 3100 1170; x_wconf 91' lang='lat' dir='ltr'><strong>et</strong></span> <span class='ocrx_word' id='word_1_546' title='bbox 3123 1115 3337 1185; x_wconf 87' lang='lat' dir='ltr'><strong>abjectio</strong></span> <span class='ocrx_word' id='word_1_547' title='bbox 3363 1115 3520 1185; x_wconf 85' lang='lat' dir='ltr'><strong>plebis</strong></span> <span class='ocrx_word' id='word_1_548' title='bbox 3542 1130 3560 1167; x_wconf 91' lang='lat'><strong><em>:</em></strong></span> <span class='ocrx_word' id='word_1_549' title='bbox 3583 1115 3635 1168; x_wconf 93' lang='lat' dir='ltr'><strong>in</strong></span> <span class='ocrx_word' id='word_1_550' title='bbox 3666 1129 3776 1182; x_wconf 83' lang='lat' dir='ltr'><strong>qua</strong></span> 
     </span>
    </p>
   </div>
   <div class='ocr_carea' id='block_1_73' title="bbox 2184 1205 3776 1277">
    <p class='ocr_par' dir='ltr' id='par_1_73' title="bbox 2184 1205 3776 1277">
     <span class='ocr_line' id='line_1_73' title="bbox 2184 1205 3776 1277; baseline -0.004 -15"><span class='ocrx_word' id='word_1_551' title='bbox 2184 1207 2359 1263; x_wconf 79' lang='lat' dir='ltr'><strong>factus</strong></span> <span class='ocrx_word' id='word_1_552' title='bbox 2390 1223 2508 1262; x_wconf 91' lang='lat' dir='ltr'><strong>sum</strong></span> <span class='ocrx_word' id='word_1_553' title='bbox 2539 1207 2884 1277; x_wconf 75' lang='lat' dir='ltr'><strong>approbrium</strong></span> <span class='ocrx_word' id='word_1_554' title='bbox 2911 1207 3210 1266; x_wconf 88' lang='lat' dir='ltr'><strong>hominum,</strong></span> <span class='ocrx_word' id='word_1_555' title='bbox 3258 1205 3325 1258; x_wconf 90' lang='lat' dir='ltr'><strong>ita</strong></span> <span class='ocrx_word' id='word_1_556' title='bbox 3355 1215 3412 1258; x_wconf 92' lang='lat' dir='ltr'><strong>ut</strong></span> <span class='ocrx_word' id='word_1_557' title='bbox 3450 1221 3548 1275; x_wconf 91' lang='lat' dir='ltr'><strong>pro</strong></span> <span class='ocrx_word' id='word_1_558' title='bbox 3585 1205 3776 1259; x_wconf 82' lang='lat' dir='ltr'><strong>eonvi-</strong></span> 
     </span>
    </p>
   </div>
   <div class='ocr_carea' id='block_1_74' title="bbox 2179 1293 3776 1368">
    <p class='ocr_par' dir='ltr' id='par_1_74' title="bbox 2179 1293 3776 1368">
     <span class='ocr_line' id='line_1_74' title="bbox 2179 1293 3776 1368; baseline -0.004 -13"><span class='ocrx_word' id='word_1_559' title='bbox 2179 1301 2329 1356; x_wconf 89' lang='lat' dir='ltr'><strong>cioso</strong></span> <span class='ocrx_word' id='word_1_560' title='bbox 2344 1299 2627 1354; x_wconf 91' lang='lat' dir='ltr'><strong>maledicto</strong></span> <span class='ocrx_word' id='word_1_561' title='bbox 2650 1298 2944 1361; x_wconf 86' lang='lat' dir='ltr'><strong>diceretur;</strong></span> <span class='ocrx_word' id='word_1_562' title='bbox 2967 1297 3046 1351; x_wconf 89' lang='lat' dir='ltr'><strong>Tu</strong></span> <span class='ocrx_word' id='word_1_563' title='bbox 3070 1297 3140 1351; x_wconf 88' lang='lat' dir='ltr'><strong>sis</strong></span> <span class='ocrx_word' id='word_1_564' title='bbox 3164 1297 3442 1366; x_wconf 74' lang='lat' dir='ltr'><strong>discipulus</strong></span> <span class='ocrx_word' id='word_1_565' title='bbox 3457 1299 3566 1367; x_wconf 86' lang='lat' dir='ltr'><strong>ejus</strong></span> <span class='ocrx_word' id='word_1_566' title='bbox 3589 1293 3776 1368; x_wconf 83' lang='lat' dir='ltr'><strong>(Joan.</strong></span> 
     </span>
    </p>
   </div>
   <div class='ocr_carea' id='block_1_75' title="bbox 2182 1391 3194 1462">
    <p class='ocr_par' dir='ltr' id='par_1_75' title="bbox 2182 1391 3194 1462">
     <span class='ocr_line' id='line_1_75' title="bbox 2182 1391 3194 1462; baseline -0.006 -14"><span class='ocrx_word' id='word_1_567' title='bbox 2182 1407 2257 1460; x_wconf 84' lang='lat' dir='ltr'><strong>Ix,</strong></span> <span class='ocrx_word' id='word_1_568' title='bbox 2283 1393 2402 1462; x_wconf 73' lang='lat'><strong>28),</strong></span> <span class='ocrx_word' id='word_1_569' title='bbox 2429 1401 2485 1446; x_wconf 88' lang='lat' dir='ltr'><strong>et</strong></span> <span class='ocrx_word' id='word_1_570' title='bbox 2512 1391 2662 1462; x_wconf 90' lang='lat' dir='ltr'><strong>plebs</strong></span> <span class='ocrx_word' id='word_1_571' title='bbox 2689 1407 2776 1446; x_wconf 91' lang='lat' dir='ltr'><strong>me</strong></span> <span class='ocrx_word' id='word_1_572' title='bbox 2803 1400 3194 1446; x_wconf 85' lang='lat' dir='ltr'><strong>contemneret.</strong></span> 
     </span>
    </p>
   </div>
   <div class='ocr_carea' id='block_1_76' title="bbox 2253 1479 3782 1555">
    <p class='ocr_par' dir='ltr' id='par_1_76' title="bbox 2253 1479 3782 1555">
     <span class='ocr_line' id='line_1_76' title="bbox 2253 1479 3782 1555; baseline -0.004 -19"><span class='ocrx_word' id='word_1_573' title='bbox 2253 1483 2307 1537; x_wconf 88' lang='lat'><strong>8.</strong></span> <span class='ocrx_word' id='word_1_574' title='bbox 2351 1481 2503 1555; x_wconf 89' lang='lat' dir='ltr'><strong>[vers.</strong></span> <span class='ocrx_word' id='word_1_575' title='bbox 2559 1479 2639 1554; x_wconf 90' lang='lat'><strong>8.]</strong></span> <span class='ocrx_word' id='word_1_576' title='bbox 2681 1480 2868 1535; x_wconf 85' lang='lat' dir='ltr'><strong>Omnes</strong></span> <span class='ocrx_word' id='word_1_577' title='bbox 2901 1483 2984 1549; x_wconf 87' lang='lat' dir='ltr'><strong>qui</strong></span> <span class='ocrx_word' id='word_1_578' title='bbox 3012 1479 3386 1550; x_wconf 82' lang='lat' dir='ltr'><strong>conspiciebant</strong></span> <span class='ocrx_word' id='word_1_579' title='bbox 3419 1496 3516 1542; x_wconf 86' lang='lat' dir='ltr'><strong>me,</strong></span> <span class='ocrx_word' id='word_1_580' title='bbox 3562 1480 3782 1533; x_wconf 80' lang='lat' dir='ltr'><strong>subsan-</strong></span> 
     </span>
    </p>
   </div>
   <div class='ocr_carea' id='block_1_77' title="bbox 2183 1570 3784 1641">
    <p class='ocr_par' dir='ltr' id='par_1_77' title="bbox 2183 1570 3784 1641">
     <span class='ocr_line' id='line_1_77' title="bbox 2183 1570 3784 1641; baseline -0.001 -14"><span class='ocrx_word' id='word_1_581' title='bbox 2183 1573 2372 1627; x_wconf 85' lang='lat' dir='ltr'><strong>nabant</strong></span> <span class='ocrx_word' id='word_1_582' title='bbox 2399 1587 2518 1626; x_wconf 88' lang='lat' dir='ltr'><strong>me:</strong></span> <span class='ocrx_word' id='word_1_583' title='bbox 2547 1587 2736 1627; x_wconf 87' lang='lat' dir='ltr'><strong>omnes</strong></span> <span class='ocrx_word' id='word_1_584' title='bbox 2776 1572 2865 1641; x_wconf 91' lang='lat' dir='ltr'><strong>qui</strong></span> <span class='ocrx_word' id='word_1_585' title='bbox 2896 1571 3296 1640; x_wconf 88' lang='lat' dir='ltr'><strong>conspiciebant</strong></span> <span class='ocrx_word' id='word_1_586' title='bbox 3333 1585 3440 1636; x_wconf 90' lang='lat' dir='ltr'><strong>me,</strong></span> <span class='ocrx_word' id='word_1_587' title='bbox 3479 1570 3784 1625; x_wconf 83' lang='lat' dir='ltr'><strong>irridebant</strong></span> 
     </span>
    </p>
   </div>
   <div class='ocr_carea' id='block_1_78' title="bbox 2184 1659 3784 1730">
    <p class='ocr_par' dir='ltr' id='par_1_78' title="bbox 2184 1659 3784 1730">
     <span class='ocr_line' id='line_1_78' title="bbox 2184 1659 3784 1730; baseline -0.003 -13"><span class='ocrx_word' id='word_1_588' title='bbox 2184 1678 2292 1724; x_wconf 88' lang='lat' dir='ltr'><strong>me,</strong></span> <span class='ocrx_word' id='word_1_589' title='bbox 2327 1661 2390 1716; x_wconf 86' lang='lat' dir='ltr'><strong>Et</strong></span> <span class='ocrx_word' id='word_1_590' title='bbox 2431 1661 2587 1716; x_wconf 85' lang='lat' dir='ltr'><strong>locuti</strong></span> <span class='ocrx_word' id='word_1_591' title='bbox 2615 1671 2730 1715; x_wconf 89' lang='lat' dir='ltr'><strong>sunt</strong></span> <span class='ocrx_word' id='word_1_592' title='bbox 2756 1662 2918 1724; x_wconf 83' lang='lat' dir='ltr'><strong>labiis,</strong></span> <span class='ocrx_word' id='word_1_593' title='bbox 2949 1671 2994 1714; x_wconf 89' lang='lat' dir='ltr'><strong>et</strong></span> <span class='ocrx_word' id='word_1_594' title='bbox 3021 1669 3279 1714; x_wconf 87' lang='lat' dir='ltr'><strong>moverunt</strong></span> <span class='ocrx_word' id='word_1_595' title='bbox 3317 1669 3512 1730; x_wconf 88' lang='lat' dir='ltr'><strong>caput:</strong></span> <span class='ocrx_word' id='word_1_596' title='bbox 3531 1668 3586 1714; x_wconf 89' lang='lat' dir='ltr'><strong>et</strong></span> <span class='ocrx_word' id='word_1_597' title='bbox 3613 1659 3784 1714; x_wconf 86' lang='lat' dir='ltr'><strong>locuti</strong></span> 
     </span>
    </p>
   </div>
   <div class='ocr_carea' id='block_1_79' title="bbox 2185 1750 3134 1815">
    <p class='ocr_par' dir='ltr' id='par_1_79' title="bbox 2185 1750 3134 1815">
     <span class='ocr_line' id='line_1_79' title="bbox 2185 1750 3134 1815; baseline -0.004 -8"><span class='ocrx_word' id='word_1_598' title='bbox 2185 1763 2310 1808; x_wconf 91' lang='lat' dir='ltr'><strong>sunt</strong></span> <span class='ocrx_word' id='word_1_599' title='bbox 2337 1768 2442 1806; x_wconf 92' lang='lat' dir='ltr'><strong>non</strong></span> <span class='ocrx_word' id='word_1_600' title='bbox 2473 1753 2526 1806; x_wconf 90' lang='lat' dir='ltr'><strong>in</strong></span> <span class='ocrx_word' id='word_1_601' title='bbox 2555 1751 2739 1815; x_wconf 89' lang='lat' dir='ltr'><strong>corde,</strong></span> <span class='ocrx_word' id='word_1_602' title='bbox 2763 1751 2854 1805; x_wconf 88' lang='lat' dir='ltr'><strong>sed</strong></span> <span class='ocrx_word' id='word_1_603' title='bbox 2880 1752 2931 1804; x_wconf 92' lang='lat' dir='ltr'><strong>in</strong></span> <span class='ocrx_word' id='word_1_604' title='bbox 2959 1750 3134 1806; x_wconf 85' lang='lat' dir='ltr'><strong>labiis.</strong></span> 
     </span>
    </p>
   </div>
   <div class='ocr_carea' id='block_1_80' title="bbox 2257 1840 3785 1916">
    <p class='ocr_par' dir='ltr' id='par_1_80' title="bbox 2257 1840 3785 1916">
     <span class='ocr_line' id='line_1_80' title="bbox 2257 1840 3785 1916; baseline -0.004 -16"><span class='ocrx_word' id='word_1_605' title='bbox 2257 1844 2310 1900; x_wconf 89' lang='lat'><strong>9.</strong></span> <span class='ocrx_word' id='word_1_606' title='bbox 2356 1843 2506 1916; x_wconf 88' lang='lat' dir='ltr'><strong>[vers.</strong></span> <span class='ocrx_word' id='word_1_607' title='bbox 2559 1842 2638 1916; x_wconf 89' lang='lat'><strong>9.]</strong></span> <span class='ocrx_word' id='word_1_608' title='bbox 2679 1843 2808 1898; x_wconf 85' lang='lat' dir='ltr'><strong>Nam</strong></span> <span class='ocrx_word' id='word_1_609' title='bbox 2857 1842 3144 1897; x_wconf 82' lang='lat' dir='ltr'><strong>irridenter</strong></span> <span class='ocrx_word' id='word_1_610' title='bbox 3187 1852 3470 1896; x_wconf 90' lang='lat' dir='ltr'><strong>moverunt</strong></span> <span class='ocrx_word' id='word_1_611' title='bbox 3493 1849 3673 1909; x_wconf 89' lang='lat' dir='ltr'><strong>caput,</strong></span> <span class='ocrx_word' id='word_1_612' title='bbox 3699 1840 3785 1895; x_wconf 59' lang='lat' dir='ltr'><strong>dio</strong></span> 
     </span>
    </p>
   </div>
   <div class='ocr_carea' id='block_1_81' title="bbox 2187 1935 3788 2007">
    <p class='ocr_par' dir='ltr' id='par_1_81' title="bbox 2187 1935 3788 2007">
     <span class='ocr_line' id='line_1_81' title="bbox 2187 1935 3788 2007; baseline -0.005 -16"><span class='ocrx_word' id='word_1_613' title='bbox 2187 1948 2371 1992; x_wconf 85' lang='lat' dir='ltr'><strong>centes</strong></span> <span class='ocrx_word' id='word_1_614' title='bbox 2414 1955 2427 1990; x_wconf 92' lang='lat'><strong>:</strong></span> <span class='ocrx_word' id='word_1_615' title='bbox 2459 1935 2693 2007; x_wconf 87' lang='lat' dir='ltr'><strong>Speravit</strong></span> <span class='ocrx_word' id='word_1_616' title='bbox 2720 1937 2774 1989; x_wconf 88' lang='lat' dir='ltr'><strong>in</strong></span> <span class='ocrx_word' id='word_1_617' title='bbox 2801 1935 3100 1999; x_wconf 89' lang='lat' dir='ltr'><strong>Dominum,</strong></span> <span class='ocrx_word' id='word_1_618' title='bbox 3128 1944 3270 1987; x_wconf 82' lang='lat' dir='ltr'><strong>eruat</strong></span> <span class='ocrx_word' id='word_1_619' title='bbox 3309 1949 3455 1996; x_wconf 82' lang='lat' dir='ltr'><strong>cum;</strong></span> <span class='ocrx_word' id='word_1_620' title='bbox 3475 1936 3670 1986; x_wconf 85' lang='lat' dir='ltr'><strong>salvum</strong></span> <span class='ocrx_word' id='word_1_621' title='bbox 3703 1937 3788 2003; x_wconf 79' lang='lat' dir='ltr'><strong>{a-</strong></span> 
     </span>
    </p>
   </div>
   <div class='ocr_carea' id='block_1_82' title="bbox 2188 2025 3781 2096">
    <p class='ocr_par' dir='ltr' id='par_1_82' title="bbox 2188 2025 3781 2096">
     <span class='ocr_line' id='line_1_82' title="bbox 2188 2025 3781 2096; baseline -0.003 -15"><span class='ocrx_word' id='word_1_622' title='bbox 2188 2029 2290 2081; x_wconf 88' lang='lat' dir='ltr'><strong>ciat</strong></span> <span class='ocrx_word' id='word_1_623' title='bbox 2317 2043 2452 2092; x_wconf 89' lang='lat' dir='ltr'><strong>eum,</strong></span> <span class='ocrx_word' id='word_1_624' title='bbox 2480 2028 2718 2096; x_wconf 88' lang='lat' dir='ltr'><strong>quoniam</strong></span> <span class='ocrx_word' id='word_1_625' title='bbox 2745 2030 2848 2080; x_wconf 83' lang='lat' dir='ltr'><strong>vult</strong></span> <span class='ocrx_word' id='word_1_626' title='bbox 2875 2043 3012 2081; x_wconf 87' lang='lat' dir='ltr'><strong>eum.</strong></span> <span class='ocrx_word' id='word_1_627' title='bbox 3060 2025 3185 2080; x_wconf 56' lang='lat' dir='ltr'><strong>Haec</strong></span> <span class='ocrx_word' id='word_1_628' title='bbox 3208 2027 3369 2080; x_wconf 89' lang='lat' dir='ltr'><strong>verba</strong></span> <span class='ocrx_word' id='word_1_629' title='bbox 3400 2033 3573 2088; x_wconf 86' lang='lat' dir='ltr'><strong>erant,</strong></span> <span class='ocrx_word' id='word_1_630' title='bbox 3597 2025 3692 2077; x_wconf 87' lang='lat' dir='ltr'><strong>sed</strong></span> <span class='ocrx_word' id='word_1_631' title='bbox 3729 2025 3781 2078; x_wconf 90' lang='lat' dir='ltr'><strong>in</strong></span> 
     </span>
    </p>
   </div>
   <div class='ocr_carea' id='block_1_83' title="bbox 2189 2118 2838 2173">
    <p class='ocr_par' dir='ltr' id='par_1_83' title="bbox 2189 2118 2838 2173">
     <span class='ocr_line' id='line_1_83' title="bbox 2189 2118 2838 2173; baseline -0.005 -1"><span class='ocrx_word' id='word_1_632' title='bbox 2189 2118 2342 2172; x_wconf 89' lang='lat' dir='ltr'><strong>labiis</strong></span> <span class='ocrx_word' id='word_1_633' title='bbox 2362 2118 2694 2173; x_wconf 90' lang='lat' dir='ltr'><strong>dicebantur.</strong></span> <span class='ocrx_word' id='word_1_634' title='bbox 2835 2120 2838 2122; x_wconf 65' lang='grc'>⁷</span> 
     </span>
    </p>
   </div>
   <div class='ocr_carea' id='block_1_84' title="bbox 2263 2203 3791 2280">
    <p class='ocr_par' dir='ltr' id='par_1_84' title="bbox 2263 2203 3791 2280">
     <span class='ocr_line' id='line_1_84' title="bbox 2263 2203 3791 2280; baseline -0.004 -17"><span class='ocrx_word' id='word_1_635' title='bbox 2263 2207 2350 2263; x_wconf 87' lang='grc'><strong>10.</strong></span> <span class='ocrx_word' id='word_1_636' title='bbox 2412 2205 2562 2280; x_wconf 85' lang='lat' dir='ltr'><strong>[vers.</strong></span> <span class='ocrx_word' id='word_1_637' title='bbox 2617 2207 2731 2278; x_wconf 86' lang='lat'><strong>10.]</strong></span> <span class='ocrx_word' id='word_1_638' title='bbox 2773 2207 3026 2273; x_wconf 83' lang='lat' dir='ltr'><strong>Quoniam</strong></span> <span class='ocrx_word' id='word_1_639' title='bbox 3053 2215 3107 2259; x_wconf 93' lang='lat' dir='ltr'><strong>tu</strong></span> <span class='ocrx_word' id='word_1_640' title='bbox 3134 2221 3186 2259; x_wconf 91' lang='lat' dir='ltr'><strong>es</strong></span> <span class='ocrx_word' id='word_1_641' title='bbox 3217 2205 3301 2274; x_wconf 87' lang='lat' dir='ltr'><strong>qui</strong></span> <span class='ocrx_word' id='word_1_642' title='bbox 3330 2203 3591 2258; x_wconf 71' lang='lat' dir='ltr'><strong>extruxisti</strong></span> <span class='ocrx_word' id='word_1_643' title='bbox 3617 2219 3693 2257; x_wconf 85' lang='lat' dir='ltr'><strong>me</strong></span> <span class='ocrx_word' id='word_1_644' title='bbox 3720 2203 3791 2257; x_wconf 86' lang='lat' dir='ltr'><strong>de</strong></span> 
     </span>
    </p>
   </div>
   <div class='ocr_carea' id='block_1_85' title="bbox 2189 2293 3788 2368">
    <p class='ocr_par' dir='ltr' id='par_1_85' title="bbox 2189 2293 3788 2368">
     <span class='ocr_line' id='line_1_85' title="bbox 2189 2293 3788 2368; baseline -0.002 -16"><span class='ocrx_word' id='word_1_645' title='bbox 2189 2307 2358 2353; x_wconf 89' lang='lat' dir='ltr'><strong>ventre</strong></span> <span class='ocrx_word' id='word_1_646' title='bbox 2377 2299 2662 2368; x_wconf 90' lang='lat' dir='ltr'><strong>:quoniam</strong></span> <span class='ocrx_word' id='word_1_647' title='bbox 2692 2307 2745 2352; x_wconf 93' lang='lat' dir='ltr'><strong>tu</strong></span> <span class='ocrx_word' id='word_1_648' title='bbox 2769 2312 2828 2352; x_wconf 90' lang='lat' dir='ltr'><strong>es</strong></span> <span class='ocrx_word' id='word_1_649' title='bbox 2852 2298 2940 2368; x_wconf 88' lang='lat' dir='ltr'><strong>qui</strong></span> <span class='ocrx_word' id='word_1_650' title='bbox 2959 2297 3234 2350; x_wconf 81' lang='lat' dir='ltr'><strong>extraxisti</strong></span> <span class='ocrx_word' id='word_1_651' title='bbox 3263 2310 3368 2356; x_wconf 89' lang='lat' dir='ltr'><strong>me.</strong></span> <span class='ocrx_word' id='word_1_652' title='bbox 3394 2309 3499 2348; x_wconf 90' lang='lat' dir='ltr'><strong>non</strong></span> <span class='ocrx_word' id='word_1_653' title='bbox 3524 2295 3695 2348; x_wconf 87' lang='lat' dir='ltr'><strong>solum</strong></span> <span class='ocrx_word' id='word_1_654' title='bbox 3712 2293 3788 2349; x_wconf 88' lang='lat' dir='ltr'><strong>de</strong></span> 
     </span>
    </p>
   </div>
   <div class='ocr_carea' id='block_1_86' title="bbox 2191 2385 3782 2458">
    <p class='ocr_par' dir='ltr' id='par_1_86' title="bbox 2191 2385 3782 2458">
     <span class='ocr_line' id='line_1_86' title="bbox 2191 2385 3782 2458; baseline -0.002 -15"><span class='ocrx_word' id='word_1_655' title='bbox 2191 2388 2284 2443; x_wconf 92' lang='lat' dir='ltr'><strong>illo</strong></span> <span class='ocrx_word' id='word_1_656' title='bbox 2309 2397 2496 2442; x_wconf 89' lang='lat' dir='ltr'><strong>ventre</strong></span> <span class='ocrx_word' id='word_1_657' title='bbox 2523 2387 2788 2458; x_wconf 79' lang='lat' dir='ltr'><strong>virginali,</strong></span> <span class='ocrx_word' id='word_1_658' title='bbox 2817 2403 2940 2442; x_wconf 91' lang='lat' dir='ltr'><strong>nam</strong></span> <span class='ocrx_word' id='word_1_659' title='bbox 2967 2387 3216 2442; x_wconf 89' lang='lat' dir='ltr'><strong>omnibus</strong></span> <span class='ocrx_word' id='word_1_660' title='bbox 3245 2385 3548 2440; x_wconf 88' lang='lat' dir='ltr'><strong>hominibus</strong></span> <span class='ocrx_word' id='word_1_661' title='bbox 3573 2385 3658 2440; x_wconf 89' lang='lat' dir='ltr'><strong>lex</strong></span> <span class='ocrx_word' id='word_1_662' title='bbox 3676 2385 3782 2441; x_wconf 85' lang='lat' dir='ltr'><strong>ista</strong></span> 
     </span>
    </p>
   </div>
   <div class='ocr_carea' id='block_1_87' title="bbox 2191 2476 3790 2542">
    <p class='ocr_par' dir='ltr' id='par_1_87' title="bbox 2191 2476 3790 2542">
     <span class='ocr_line' id='line_1_87' title="bbox 2191 2476 3790 2542; baseline -0.002 -8"><span class='ocrx_word' id='word_1_663' title='bbox 2191 2477 2444 2534; x_wconf 88' lang='lat' dir='ltr'><strong>nascendi</strong></span> <span class='ocrx_word' id='word_1_664' title='bbox 2479 2488 2562 2534; x_wconf 88' lang='lat' dir='ltr'><strong>est</strong></span> <span class='ocrx_word' id='word_1_665' title='bbox 2594 2489 2651 2532; x_wconf 92' lang='lat' dir='ltr'><strong>ut</strong></span> <span class='ocrx_word' id='word_1_666' title='bbox 2687 2477 2756 2534; x_wconf 92' lang='lat' dir='ltr'><strong>de</strong></span> <span class='ocrx_word' id='word_1_667' title='bbox 2781 2487 2966 2532; x_wconf 88' lang='lat' dir='ltr'><strong>ventre</strong></span> <span class='ocrx_word' id='word_1_668' title='bbox 2996 2476 3367 2542; x_wconf 88' lang='lat' dir='ltr'><strong>extrahantur,</strong></span> <span class='ocrx_word' id='word_1_669' title='bbox 3400 2476 3495 2531; x_wconf 89' lang='lat' dir='ltr'><strong>sed</strong></span> <span class='ocrx_word' id='word_1_670' title='bbox 3525 2477 3684 2531; x_wconf 88' lang='lat' dir='ltr'><strong>etiam</strong></span> <span class='ocrx_word' id='word_1_671' title='bbox 3715 2476 3790 2531; x_wconf 85' lang='lat' dir='ltr'><strong>de</strong></span> 
     </span>
    </p>
   </div>
   <div class='ocr_carea' id='block_1_88' title="bbox 2190 2567 3793 2642">
    <p class='ocr_par' dir='ltr' id='par_1_88' title="bbox 2190 2567 3793 2642">
     <span class='ocr_line' id='line_1_88' title="bbox 2190 2567 3793 2642; baseline -0.001 -15"><span class='ocrx_word' id='word_1_672' title='bbox 2190 2582 2380 2629; x_wconf 87' lang='lat' dir='ltr'><strong>ventre</strong></span> <span class='ocrx_word' id='word_1_673' title='bbox 2404 2572 2640 2628; x_wconf 67' lang='lat' dir='ltr'><strong>Iudaica:</strong></span> <span class='ocrx_word' id='word_1_674' title='bbox 2686 2571 2890 2642; x_wconf 76' lang='lat' dir='ltr'><strong>gentis;</strong></span> <span class='ocrx_word' id='word_1_675' title='bbox 2921 2570 3076 2638; x_wconf 88' lang='lat' dir='ltr'><strong>cujus</strong></span> <span class='ocrx_word' id='word_1_676' title='bbox 3124 2568 3358 2626; x_wconf 86' lang='lat' dir='ltr'><strong>tenebris</strong></span> <span class='ocrx_word' id='word_1_677' title='bbox 3399 2567 3689 2640; x_wconf 69' lang='lat' dir='ltr'><strong>obtegitur,</strong></span> <span class='ocrx_word' id='word_1_678' title='bbox 3731 2577 3793 2626; x_wconf 79' lang='lat' dir='ltr'><strong>ct</strong></span> 
     </span>
    </p>
   </div>
   <div class='ocr_carea' id='block_1_89' title="bbox 2191 2659 3788 2732">
    <p class='ocr_par' dir='ltr' id='par_1_89' title="bbox 2191 2659 3788 2732">
     <span class='ocr_line' id='line_1_89' title="bbox 2191 2659 3788 2732; baseline -0.003 -12"><span class='ocrx_word' id='word_1_679' title='bbox 2191 2665 2428 2720; x_wconf 90' lang='lat' dir='ltr'><strong>nondum</strong></span> <span class='ocrx_word' id='word_1_680' title='bbox 2457 2665 2512 2720; x_wconf 90' lang='lat' dir='ltr'><strong>in</strong></span> <span class='ocrx_word' id='word_1_681' title='bbox 2536 2664 2711 2719; x_wconf 91' lang='lat' dir='ltr'><strong>lucem</strong></span> <span class='ocrx_word' id='word_1_682' title='bbox 2739 2661 2936 2718; x_wconf 87' lang='lat' dir='ltr'><strong>Christi</strong></span> <span class='ocrx_word' id='word_1_683' title='bbox 2968 2670 3124 2716; x_wconf 90' lang='lat' dir='ltr'><strong>natus</strong></span> <span class='ocrx_word' id='word_1_684' title='bbox 3151 2670 3255 2728; x_wconf 88' lang='lat' dir='ltr'><strong>est,</strong></span> <span class='ocrx_word' id='word_1_685' title='bbox 3294 2659 3536 2732; x_wconf 79' lang='lat' dir='ltr'><strong>quisquis</strong></span> <span class='ocrx_word' id='word_1_686' title='bbox 3565 2675 3620 2716; x_wconf 87' lang='grc' dir='ltr'><strong>ιιι</strong></span> <span class='ocrx_word' id='word_1_687' title='bbox 3661 2677 3788 2715; x_wconf 83' lang='lat' dir='ltr'><strong>car-</strong></span> 
     </span>
    </p>
   </div>
   <div class='ocr_carea' id='block_1_90' title="bbox 2193 2748 3794 2810">
    <p class='ocr_par' dir='ltr' id='par_1_90' title="bbox 2193 2748 3794 2810">
     <span class='ocr_line' id='line_1_90' title="bbox 2193 2748 3794 2810; baseline -0.003 0"><span class='ocrx_word' id='word_1_688' title='bbox 2193 2755 2298 2810; x_wconf 77' lang='lat' dir='ltr'><strong>nali</strong></span> <span class='ocrx_word' id='word_1_689' title='bbox 2321 2753 2693 2810; x_wconf 84' lang='lat' dir='ltr'><strong>observatione</strong></span> <span class='ocrx_word' id='word_1_690' title='bbox 2705 2752 2909 2808; x_wconf 85' lang='lat' dir='ltr'><strong>sabbati</strong></span> <span class='ocrx_word' id='word_1_691' title='bbox 2927 2760 2981 2808; x_wconf 91' lang='lat' dir='ltr'><strong>et</strong></span> <span class='ocrx_word' id='word_1_692' title='bbox 2999 2748 3425 2809; x_wconf 84' lang='lat' dir='ltr'><strong>circumcisionis</strong></span> <span class='ocrx_word' id='word_1_693' title='bbox 3439 2761 3794 2807; x_wconf 58' lang='lat' dir='ltr'><strong>ceterorum-</strong></span> 
     </span>
    </p>
   </div>
   <div class='ocr_carea' id='block_1_91' title="bbox 2191 2845 3792 2918">
    <p class='ocr_par' dir='ltr' id='par_1_91' title="bbox 2191 2845 3792 2918">
     <span class='ocr_line' id='line_1_91' title="bbox 2191 2845 3792 2918; baseline -0.002 -18"><span class='ocrx_word' id='word_1_694' title='bbox 2191 2861 2296 2917; x_wconf 90' lang='lat' dir='ltr'><strong>que</strong></span> <span class='ocrx_word' id='word_1_695' title='bbox 2314 2845 2499 2901; x_wconf 88' lang='lat' dir='ltr'><strong>talium</strong></span> <span class='ocrx_word' id='word_1_696' title='bbox 2515 2846 2744 2902; x_wconf 86' lang='lat' dir='ltr'><strong>salutem</strong></span> <span class='ocrx_word' id='word_1_697' title='bbox 2773 2845 2944 2917; x_wconf 87' lang='lat' dir='ltr'><strong>ponit.</strong></span> <span class='ocrx_word' id='word_1_698' title='bbox 2979 2845 3111 2918; x_wconf 87' lang='lat' dir='ltr'><strong>Spes</strong></span> <span class='ocrx_word' id='word_1_699' title='bbox 3131 2863 3243 2900; x_wconf 90' lang='lat' dir='ltr'><strong>mea</strong></span> <span class='ocrx_word' id='word_1_700' title='bbox 3261 2847 3323 2900; x_wconf 86' lang='lat' dir='ltr'><strong>ab</strong></span> <span class='ocrx_word' id='word_1_701' title='bbox 3350 2845 3581 2899; x_wconf 83' lang='lat' dir='ltr'><strong>uberibus</strong></span> <span class='ocrx_word' id='word_1_702' title='bbox 3605 2847 3792 2897; x_wconf 85' lang='lat' dir='ltr'><strong>matris</strong></span> 
     </span>
    </p>
   </div>
   <div class='ocr_carea' id='block_1_92' title="bbox 2193 2937 3790 3012">
    <p class='ocr_par' dir='ltr' id='par_1_92' title="bbox 2193 2937 3790 3012">
     <span class='ocr_line' id='line_1_92' title="bbox 2193 2937 3790 3012; baseline -0.003 -18"><span class='ocrx_word' id='word_1_703' title='bbox 2193 2955 2354 2996; x_wconf 75' lang='lat' dir='ltr'><strong>inec:</strong></span> <span class='ocrx_word' id='word_1_704' title='bbox 2381 2952 2508 3012; x_wconf 83' lang='lat' dir='ltr'><strong>spes</strong></span> <span class='ocrx_word' id='word_1_705' title='bbox 2549 2955 2669 2995; x_wconf 88' lang='lat' dir='ltr'><strong>mea</strong></span> <span class='ocrx_word' id='word_1_706' title='bbox 2707 2939 2872 3005; x_wconf 90' lang='lat' dir='ltr'><strong>Deus,</strong></span> <span class='ocrx_word' id='word_1_707' title='bbox 2904 2955 3011 2992; x_wconf 91' lang='lat' dir='ltr'><strong>non</strong></span> <span class='ocrx_word' id='word_1_708' title='bbox 3037 2953 3102 2993; x_wconf 92' lang='lat' dir='ltr'><strong>ex</strong></span> <span class='ocrx_word' id='word_1_709' title='bbox 3141 2953 3248 3009; x_wconf 91' lang='lat' dir='ltr'><strong>quo</strong></span> <span class='ocrx_word' id='word_1_710' title='bbox 3285 2937 3539 2992; x_wconf 88' lang='lat' dir='ltr'><strong>uberibus</strong></span> <span class='ocrx_word' id='word_1_711' title='bbox 3563 2937 3790 3006; x_wconf 79' lang='lat' dir='ltr'><strong>virginis</strong></span> 
     </span>
    </p>
   </div>
   <div class='ocr_carea' id='block_1_93' title="bbox 2195 3025 3792 3102">
    <p class='ocr_par' dir='ltr' id='par_1_93' title="bbox 2195 3025 3792 3102">
     <span class='ocr_line' id='line_1_93' title="bbox 2195 3025 3792 3102; baseline -0.004 -15"><span class='ocrx_word' id='word_1_712' title='bbox 2195 3031 2380 3088; x_wconf 86' lang='lat' dir='ltr'><strong>lactari</strong></span> <span class='ocrx_word' id='word_1_713' title='bbox 2409 3031 2568 3102; x_wconf 73' lang='lat' dir='ltr'><strong>cmpi,</strong></span> <span class='ocrx_word' id='word_1_714' title='bbox 2592 3046 2716 3086; x_wconf 89' lang='lat' dir='ltr'><strong>nam</strong></span> <span class='ocrx_word' id='word_1_715' title='bbox 2737 3038 2792 3085; x_wconf 88' lang='lat' dir='ltr'><strong>et</strong></span> <span class='ocrx_word' id='word_1_716' title='bbox 2809 3039 2932 3085; x_wconf 90' lang='lat' dir='ltr'><strong>ante</strong></span> <span class='ocrx_word' id='word_1_717' title='bbox 2952 3029 3164 3101; x_wconf 87' lang='lat' dir='ltr'><strong>utique;</strong></span> <span class='ocrx_word' id='word_1_718' title='bbox 3195 3028 3290 3085; x_wconf 89' lang='lat' dir='ltr'><strong>sed</strong></span> <span class='ocrx_word' id='word_1_719' title='bbox 3316 3028 3384 3083; x_wconf 91' lang='lat' dir='ltr'><strong>ab</strong></span> <span class='ocrx_word' id='word_1_720' title='bbox 3412 3027 3666 3084; x_wconf 88' lang='lat' dir='ltr'><strong>uberibus</strong></span> <span class='ocrx_word' id='word_1_721' title='bbox 3683 3025 3792 3101; x_wconf 81' lang='lat' dir='ltr'><strong>Sy-</strong></span> 
     </span>
    </p>
   </div>
   <div class='ocr_carea' id='block_1_94' title="bbox 2193 3119 3794 3195">
    <p class='ocr_par' dir='ltr' id='par_1_94' title="bbox 2193 3119 3794 3195">
     <span class='ocr_line' id='line_1_94' title="bbox 2193 3119 3794 3195; baseline -0.003 -17"><span class='ocrx_word' id='word_1_722' title='bbox 2193 3138 2436 3195; x_wconf 71' lang='lat' dir='ltr'><strong>nagogae,</strong></span> <span class='ocrx_word' id='word_1_723' title='bbox 2458 3124 2596 3178; x_wconf 90' lang='lat' dir='ltr'><strong>sicut</strong></span> <span class='ocrx_word' id='word_1_724' title='bbox 2619 3121 2688 3179; x_wconf 89' lang='lat' dir='ltr'><strong>de</strong></span> <span class='ocrx_word' id='word_1_725' title='bbox 2713 3131 2899 3177; x_wconf 89' lang='lat' dir='ltr'><strong>ventre</strong></span> <span class='ocrx_word' id='word_1_726' title='bbox 2925 3121 3057 3187; x_wconf 84' lang='lat' dir='ltr'><strong>dixi,</strong></span> <span class='ocrx_word' id='word_1_727' title='bbox 3103 3119 3382 3176; x_wconf 89' lang='lat' dir='ltr'><strong>extraxisti</strong></span> <span class='ocrx_word' id='word_1_728' title='bbox 3419 3135 3524 3186; x_wconf 89' lang='lat' dir='ltr'><strong>me,</strong></span> <span class='ocrx_word' id='word_1_729' title='bbox 3571 3135 3640 3175; x_wconf 91' lang='lat' dir='ltr'><strong>ne</strong></span> <span class='ocrx_word' id='word_1_730' title='bbox 3665 3135 3794 3175; x_wconf 89' lang='lat' dir='ltr'><strong>car-</strong></span> 
     </span>
    </p>
   </div>
   <div class='ocr_carea' id='block_1_95' title="bbox 2195 3211 3140 3283">
    <p class='ocr_par' dir='ltr' id='par_1_95' title="bbox 2195 3211 3140 3283">
     <span class='ocr_line' id='line_1_95' title="bbox 2195 3211 3140 3283; baseline 0.001 -16"><span class='ocrx_word' id='word_1_731' title='bbox 2195 3214 2370 3268; x_wconf 92' lang='lat' dir='ltr'><strong>nalem</strong></span> <span class='ocrx_word' id='word_1_732' title='bbox 2401 3211 2845 3268; x_wconf 90' lang='lat' dir='ltr'><strong>consuetudinem</strong></span> <span class='ocrx_word' id='word_1_733' title='bbox 2869 3227 3140 3283; x_wconf 79' lang='lat' dir='ltr'><strong>sugercm.</strong></span> 
     </span>
    </p>
   </div>
   <div class='ocr_carea' id='block_1_96' title="bbox 2267 3301 3796 3377">
    <p class='ocr_par' dir='ltr' id='par_1_96' title="bbox 2267 3301 3796 3377">
     <span class='ocr_line' id='line_1_96' title="bbox 2267 3301 3796 3377; baseline -0.001 -19"><span class='ocrx_word' id='word_1_734' title='bbox 2267 3305 2355 3358; x_wconf 90' lang='lat'><strong>11.</strong></span> <span class='ocrx_word' id='word_1_735' title='bbox 2396 3303 2546 3376; x_wconf 87' lang='lat' dir='ltr'><strong>[vers.</strong></span> <span class='ocrx_word' id='word_1_736' title='bbox 2603 3302 2717 3377; x_wconf 89' lang='lat'><strong>11.]</strong></span> <span class='ocrx_word' id='word_1_737' title='bbox 2745 3301 2808 3357; x_wconf 89' lang='lat' dir='ltr'><strong>In</strong></span> <span class='ocrx_word' id='word_1_738' title='bbox 2831 3315 2878 3358; x_wconf 86' lang='lat' dir='ltr'><strong>te</strong></span> <span class='ocrx_word' id='word_1_739' title='bbox 2905 3305 3233 3372; x_wconf 79' lang='lat' dir='ltr'><strong>conﬁrmatus</strong></span> <span class='ocrx_word' id='word_1_740' title='bbox 3258 3321 3373 3360; x_wconf 85' lang='lat' dir='ltr'><strong>sum</strong></span> <span class='ocrx_word' id='word_1_741' title='bbox 3395 3320 3459 3360; x_wconf 83' lang='lat' dir='ltr'><strong>ea:</strong></span> <span class='ocrx_word' id='word_1_742' title='bbox 3481 3314 3621 3358; x_wconf 81' lang='lat' dir='ltr'><strong>utero</strong></span> <span class='ocrx_word' id='word_1_743' title='bbox 3638 3305 3796 3374; x_wconf 84' lang='lat' dir='ltr'><strong>:ipse</strong></span> 
     </span>
    </p>
   </div>
   <div class='ocr_carea' id='block_1_97' title="bbox 2193 3394 3793 3467">
    <p class='ocr_par' dir='ltr' id='par_1_97' title="bbox 2193 3394 3793 3467">
     <span class='ocr_line' id='line_1_97' title="bbox 2193 3394 3793 3467; baseline -0.001 -17"><span class='ocrx_word' id='word_1_744' title='bbox 2193 3404 2276 3450; x_wconf 89' lang='lat' dir='ltr'><strong>est</strong></span> <span class='ocrx_word' id='word_1_745' title='bbox 2305 3404 2488 3450; x_wconf 90' lang='lat' dir='ltr'><strong>uterus</strong></span> <span class='ocrx_word' id='word_1_746' title='bbox 2517 3395 2836 3467; x_wconf 79' lang='lat' dir='ltr'><strong>Synagogae,</strong></span> <span class='ocrx_word' id='word_1_747' title='bbox 2867 3395 2958 3464; x_wconf 90' lang='lat' dir='ltr'><strong>qui</strong></span> <span class='ocrx_word' id='word_1_748' title='bbox 2985 3410 3071 3450; x_wconf 88' lang='lat' dir='ltr'><strong>me</strong></span> <span class='ocrx_word' id='word_1_749' title='bbox 3095 3409 3199 3450; x_wconf 92' lang='lat' dir='ltr'><strong>non</strong></span> <span class='ocrx_word' id='word_1_750' title='bbox 3233 3395 3470 3466; x_wconf 87' lang='lat' dir='ltr'><strong>pertulit,</strong></span> <span class='ocrx_word' id='word_1_751' title='bbox 3493 3394 3588 3449; x_wconf 84' lang='lat' dir='ltr'><strong>sed</strong></span> <span class='ocrx_word' id='word_1_752' title='bbox 3616 3394 3793 3464; x_wconf 84' lang='lat' dir='ltr'><strong>jacta-</strong></span> 
     </span>
    </p>
   </div>
   <div class='ocr_carea' id='block_1_98' title="bbox 2194 3485 3796 3557">
    <p class='ocr_par' dir='ltr' id='par_1_98' title="bbox 2194 3485 3796 3557">
     <span class='ocr_line' id='line_1_98' title="bbox 2194 3485 3796 3557; baseline 0 -17"><span class='ocrx_word' id='word_1_753' title='bbox 2194 3488 2270 3542; x_wconf 90' lang='lat' dir='ltr'><strong>vit</strong></span> <span class='ocrx_word' id='word_1_754' title='bbox 2298 3502 2413 3543; x_wconf 90' lang='lat' dir='ltr'><strong>me:</strong></span> <span class='ocrx_word' id='word_1_755' title='bbox 2446 3502 2551 3542; x_wconf 91' lang='lat' dir='ltr'><strong>non</strong></span> <span class='ocrx_word' id='word_1_756' title='bbox 2580 3496 2757 3544; x_wconf 90' lang='lat' dir='ltr'><strong>autem</strong></span> <span class='ocrx_word' id='word_1_757' title='bbox 2800 3487 2989 3551; x_wconf 89' lang='lat' dir='ltr'><strong>cecidi,</strong></span> <span class='ocrx_word' id='word_1_758' title='bbox 3030 3486 3156 3557; x_wconf 91' lang='lat' dir='ltr'><strong>quia</strong></span> <span class='ocrx_word' id='word_1_759' title='bbox 3201 3485 3510 3542; x_wconf 89' lang='lat' dir='ltr'><strong>continuisti</strong></span> <span class='ocrx_word' id='word_1_760' title='bbox 3558 3502 3666 3542; x_wconf 87' lang='lat' dir='ltr'><strong>me.</strong></span> <span class='ocrx_word' id='word_1_761' title='bbox 3711 3487 3796 3541; x_wconf 88' lang='lat' dir='ltr'><strong>De</strong></span> 
     </span>
    </p>
   </div>
   <div class='ocr_carea' id='block_1_99' title="bbox 2195 3577 3797 3634">
    <p class='ocr_par' dir='ltr' id='par_1_99' title="bbox 2195 3577 3797 3634">
     <span class='ocr_line' id='line_1_99' title="bbox 2195 3577 3797 3634; baseline 0.001 -2"><span class='ocrx_word' id='word_1_762' title='bbox 2195 3588 2363 3634; x_wconf 85' lang='lat' dir='ltr'><strong>ventre</strong></span> <span class='ocrx_word' id='word_1_763' title='bbox 2381 3580 2560 3632; x_wconf 88' lang='lat' dir='ltr'><strong>matris</strong></span> <span class='ocrx_word' id='word_1_764' title='bbox 2595 3594 2720 3633; x_wconf 70' lang='lat' dir='ltr'><strong>mea</strong></span> <span class='ocrx_word' id='word_1_765' title='bbox 2753 3577 2891 3633; x_wconf 89' lang='lat' dir='ltr'><strong>Deus</strong></span> <span class='ocrx_word' id='word_1_766' title='bbox 2927 3596 3067 3634; x_wconf 88' lang='lat' dir='ltr'><strong>meus</strong></span> <span class='ocrx_word' id='word_1_767' title='bbox 3101 3596 3152 3634; x_wconf 92' lang='lat' dir='ltr'><strong>es</strong></span> <span class='ocrx_word' id='word_1_768' title='bbox 3197 3589 3270 3633; x_wconf 88' lang='lat' dir='ltr'><strong>tu.</strong></span> <span class='ocrx_word' id='word_1_769' title='bbox 3311 3578 3390 3634; x_wconf 87' lang='lat' dir='ltr'><strong>De</strong></span> <span class='ocrx_word' id='word_1_770' title='bbox 3417 3589 3585 3634; x_wconf 88' lang='lat' dir='ltr'><strong>ventre</strong></span> <span class='ocrx_word' id='word_1_771' title='bbox 3611 3581 3797 3634; x_wconf 80' lang='lat' dir='ltr'><strong>matris</strong></span> 
     </span>
    </p>
   </div>
   <div class='ocr_carea' id='block_1_100' title="bbox 2195 3669 3792 3742">
    <p class='ocr_par' dir='ltr' id='par_1_100' title="bbox 2195 3669 3792 3742">
     <span class='ocr_line' id='line_1_100' title="bbox 2195 3669 3792 3742; baseline 0.001 -17"><span class='ocrx_word' id='word_1_772' title='bbox 2195 3688 2320 3726; x_wconf 79' lang='lat' dir='ltr'><strong>mea:</strong></span> <span class='ocrx_word' id='word_1_773' title='bbox 2343 3686 2361 3726; x_wconf 91' lang='lat'><strong><em>:</em></strong></span> <span class='ocrx_word' id='word_1_774' title='bbox 2395 3687 2499 3742; x_wconf 86' lang='lat' dir='ltr'><strong>non</strong></span> <span class='ocrx_word' id='word_1_775' title='bbox 2525 3669 2703 3726; x_wconf 80' lang='lat' dir='ltr'><strong>eﬁ‘ecit</strong></span> <span class='ocrx_word' id='word_1_776' title='bbox 2731 3679 2918 3726; x_wconf 89' lang='lat' dir='ltr'><strong>venter</strong></span> <span class='ocrx_word' id='word_1_777' title='bbox 2944 3671 3130 3725; x_wconf 87' lang='lat' dir='ltr'><strong>matris</strong></span> <span class='ocrx_word' id='word_1_778' title='bbox 3161 3687 3293 3726; x_wconf 79' lang='lat' dir='ltr'><strong>mea:</strong></span> <span class='ocrx_word' id='word_1_779' title='bbox 3316 3679 3373 3725; x_wconf 93' lang='lat' dir='ltr'><strong>ut</strong></span> <span class='ocrx_word' id='word_1_780' title='bbox 3391 3681 3640 3742; x_wconf 89' lang='lat' dir='ltr'><strong>tanquam</strong></span> <span class='ocrx_word' id='word_1_781' title='bbox 3663 3687 3764 3738; x_wconf 81' lang='lat' dir='ltr'><strong>par</strong></span> <span class='ocrx_word' id='word_1_782' title='bbox 3786 3704 3792 3709; x_wconf 90' lang='lat'><em>-</em></span> 
     </span>
    </p>
   </div>
   <div class='ocr_carea' id='block_1_101' title="bbox 2196 3761 2883 3816">
    <p class='ocr_par' dir='ltr' id='par_1_101' title="bbox 2196 3761 2883 3816">
     <span class='ocr_line' id='line_1_101' title="bbox 2196 3761 2883 3816; baseline -0.001 -2"><span class='ocrx_word' id='word_1_783' title='bbox 2196 3762 2352 3816; x_wconf 86' lang='lat' dir='ltr'><strong>vulus</strong></span> <span class='ocrx_word' id='word_1_784' title='bbox 2373 3762 2569 3816; x_wconf 85' lang='lat' dir='ltr'><strong>oblitus</strong></span> <span class='ocrx_word' id='word_1_785' title='bbox 2587 3776 2761 3815; x_wconf 87' lang='lat' dir='ltr'><strong>essem</strong></span> <span class='ocrx_word' id='word_1_786' title='bbox 2787 3761 2883 3814; x_wconf 91' lang='lat' dir='ltr'><strong>tui.</strong></span> 
     </span>
    </p>
   </div>
   <div class='ocr_carea' id='block_1_102' title="bbox 2270 3850 3794 3925">
    <p class='ocr_par' dir='ltr' id='par_1_102' title="bbox 2270 3850 3794 3925">
     <span class='ocr_line' id='line_1_102' title="bbox 2270 3850 3794 3925; baseline 0.001 -18"><span class='ocrx_word' id='word_1_787' title='bbox 2270 3854 2357 3908; x_wconf 70' lang='lat'><strong>12.</strong></span> <span class='ocrx_word' id='word_1_788' title='bbox 2401 3851 2552 3925; x_wconf 88' lang='lat' dir='ltr'><strong>[vers.</strong></span> <span class='ocrx_word' id='word_1_789' title='bbox 2603 3850 2714 3924; x_wconf 71' lang='lat'><strong>12.]</strong></span> <span class='ocrx_word' id='word_1_790' title='bbox 2757 3851 2892 3906; x_wconf 91' lang='lat' dir='ltr'><strong>Deus</strong></span> <span class='ocrx_word' id='word_1_791' title='bbox 2916 3869 3058 3907; x_wconf 84' lang='lat' dir='ltr'><strong>meus</strong></span> <span class='ocrx_word' id='word_1_792' title='bbox 3080 3869 3132 3906; x_wconf 86' lang='lat' dir='ltr'><strong>es</strong></span> <span class='ocrx_word' id='word_1_793' title='bbox 3172 3861 3247 3919; x_wconf 90' lang='lat' dir='ltr'><strong>tu,</strong></span> <span class='ocrx_word' id='word_1_794' title='bbox 3270 3869 3333 3907; x_wconf 86' lang='lat' dir='ltr'><strong>ne</strong></span> <span class='ocrx_word' id='word_1_795' title='bbox 3359 3853 3589 3908; x_wconf 87' lang='lat' dir='ltr'><strong>discedas</strong></span> <span class='ocrx_word' id='word_1_796' title='bbox 3612 3869 3644 3906; x_wconf 90' lang='lat' dir='ltr'><strong>a</strong></span> <span class='ocrx_word' id='word_1_797' title='bbox 3667 3869 3750 3906; x_wconf 85' lang='lat' dir='ltr'><strong>me</strong></span> <span class='ocrx_word' id='word_1_798' title='bbox 3772 3870 3794 3909; x_wconf 88' lang='lat'><strong><em>:</em></strong></span> 
     </span>
    </p>
   </div>
   <div class='ocr_carea' id='block_1_103' title="bbox 2197 3943 3795 4015">
    <p class='ocr_par' dir='ltr' id='par_1_103' title="bbox 2197 3943 3795 4015">
     <span class='ocr_line' id='line_1_103' title="bbox 2197 3943 3795 4015; baseline 0.001 -17"><span class='ocrx_word' id='word_1_799' title='bbox 2197 3945 2434 4015; x_wconf 87' lang='lat' dir='ltr'><strong>quoniam</strong></span> <span class='ocrx_word' id='word_1_800' title='bbox 2464 3943 2718 3997; x_wconf 88' lang='lat' dir='ltr'><strong>tribulatio</strong></span> <span class='ocrx_word' id='word_1_801' title='bbox 2745 3944 2977 4014; x_wconf 71' lang='lat' dir='ltr'><strong>proxima</strong></span> <span class='ocrx_word' id='word_1_802' title='bbox 3002 3953 3092 3999; x_wconf 85' lang='lat' dir='ltr'><strong>est.</strong></span> <span class='ocrx_word' id='word_1_803' title='bbox 3119 3944 3260 3999; x_wconf 89' lang='lat' dir='ltr'><strong>Deus</strong></span> <span class='ocrx_word' id='word_1_804' title='bbox 3288 3959 3439 3999; x_wconf 87' lang='lat' dir='ltr'><strong>meus</strong></span> <span class='ocrx_word' id='word_1_805' title='bbox 3464 3959 3592 4014; x_wconf 78' lang='lat' dir='ltr'><strong>ergo</strong></span> <span class='ocrx_word' id='word_1_806' title='bbox 3619 3960 3679 4000; x_wconf 86' lang='lat' dir='ltr'><strong>es</strong></span> <span class='ocrx_word' id='word_1_807' title='bbox 3705 3956 3795 4011; x_wconf 85' lang='lat' dir='ltr'><strong>tu,</strong></span> 
     </span>
    </p>
   </div>
   <div class='ocr_carea' id='block_1_104' title="bbox 2198 4036 3795 4108">
    <p class='ocr_par' dir='ltr' id='par_1_104' title="bbox 2198 4036 3795 4108">
     <span class='ocr_line' id='line_1_104' title="bbox 2198 4036 3795 4108; baseline -0.001 -15"><span class='ocrx_word' id='word_1_808' title='bbox 2198 4053 2267 4093; x_wconf 89' lang='lat' dir='ltr'><strong>ne</strong></span> <span class='ocrx_word' id='word_1_809' title='bbox 2290 4036 2534 4092; x_wconf 88' lang='lat' dir='ltr'><strong>discedas</strong></span> <span class='ocrx_word' id='word_1_810' title='bbox 2559 4052 2590 4091; x_wconf 91' lang='lat' dir='ltr'><strong>a</strong></span> <span class='ocrx_word' id='word_1_811' title='bbox 2619 4053 2742 4092; x_wconf 88' lang='lat' dir='ltr'><strong>me:</strong></span> <span class='ocrx_word' id='word_1_812' title='bbox 2772 4037 3022 4107; x_wconf 89' lang='lat' dir='ltr'><strong>quoniam</strong></span> <span class='ocrx_word' id='word_1_813' title='bbox 3053 4037 3321 4092; x_wconf 89' lang='lat' dir='ltr'><strong>tribulatio</strong></span> <span class='ocrx_word' id='word_1_814' title='bbox 3355 4037 3504 4108; x_wconf 82' lang='lat' dir='ltr'><strong>juxta</strong></span> <span class='ocrx_word' id='word_1_815' title='bbox 3552 4052 3639 4092; x_wconf 89' lang='lat' dir='ltr'><strong>me</strong></span> <span class='ocrx_word' id='word_1_816' title='bbox 3667 4049 3795 4101; x_wconf 88' lang='lat' dir='ltr'><strong>est;</strong></span> 
     </span>
    </p>
   </div>
   <div class='ocr_carea' id='block_1_105' title="bbox 2199 4127 3800 4199">
    <p class='ocr_par' dir='ltr' id='par_1_105' title="bbox 2199 4127 3800 4199">
     <span class='ocr_line' id='line_1_105' title="bbox 2199 4127 3800 4199; baseline 0.002 -16"><span class='ocrx_word' id='word_1_817' title='bbox 2199 4143 2321 4183; x_wconf 88' lang='lat' dir='ltr'><strong>nam</strong></span> <span class='ocrx_word' id='word_1_818' title='bbox 2343 4137 2427 4183; x_wconf 89' lang='lat' dir='ltr'><strong>est</strong></span> <span class='ocrx_word' id='word_1_819' title='bbox 2449 4129 2500 4182; x_wconf 90' lang='lat' dir='ltr'><strong>in</strong></span> <span class='ocrx_word' id='word_1_820' title='bbox 2527 4143 2756 4197; x_wconf 86' lang='lat' dir='ltr'><strong>corpore</strong></span> <span class='ocrx_word' id='word_1_821' title='bbox 2781 4142 2920 4182; x_wconf 89' lang='lat' dir='ltr'><strong>meo.</strong></span> <span class='ocrx_word' id='word_1_822' title='bbox 2950 4127 3204 4194; x_wconf 85' lang='lat' dir='ltr'><strong>Quoniam</strong></span> <span class='ocrx_word' id='word_1_823' title='bbox 3231 4145 3331 4182; x_wconf 88' lang='lat' dir='ltr'><strong>non</strong></span> <span class='ocrx_word' id='word_1_824' title='bbox 3357 4139 3428 4182; x_wconf 87' lang='lat' dir='ltr'><strong>est</strong></span> <span class='ocrx_word' id='word_1_825' title='bbox 3451 4129 3536 4199; x_wconf 86' lang='lat' dir='ltr'><strong>qui</strong></span> <span class='ocrx_word' id='word_1_826' title='bbox 3555 4129 3761 4198; x_wconf 81' lang='lat' dir='ltr'><strong>adjuvet</strong></span> <span class='ocrx_word' id='word_1_827' title='bbox 3778 4145 3800 4186; x_wconf 89' lang='lat'><strong><em>:</em></strong></span> 
     </span>
    </p>
   </div>
   <div class='ocr_carea' id='block_1_106' title="bbox 2199 4218 3324 4292">
    <p class='ocr_par' dir='ltr' id='par_1_106' title="bbox 2199 4218 3324 4292">
     <span class='ocr_line' id='line_1_106' title="bbox 2199 4218 3324 4292; baseline 0.002 -20"><span class='ocrx_word' id='word_1_828' title='bbox 2199 4221 2317 4292; x_wconf 87' lang='lat' dir='ltr'><strong>quis</strong></span> <span class='ocrx_word' id='word_1_829' title='bbox 2337 4220 2478 4275; x_wconf 89' lang='lat' dir='ltr'><strong>enim</strong></span> <span class='ocrx_word' id='word_1_830' title='bbox 2499 4218 2738 4288; x_wconf 90' lang='lat' dir='ltr'><strong>adjuvat,</strong></span> <span class='ocrx_word' id='word_1_831' title='bbox 2767 4220 2811 4273; x_wconf 90' lang='lat' dir='ltr'><strong>si</strong></span> <span class='ocrx_word' id='word_1_832' title='bbox 2848 4229 2900 4272; x_wconf 94' lang='lat' dir='ltr'><strong>tu</strong></span> <span class='ocrx_word' id='word_1_833' title='bbox 2933 4235 3036 4274; x_wconf 91' lang='lat' dir='ltr'><strong>n0n</strong></span> <span class='ocrx_word' id='word_1_834' title='bbox 3067 4219 3324 4289; x_wconf 80' lang='lat' dir='ltr'><strong>adjuvas?</strong></span> 
     </span>
    </p>
   </div>
   <div class='ocr_carea' id='block_1_107' title="bbox 2270 4309 3803 4383">
    <p class='ocr_par' dir='ltr' id='par_1_107' title="bbox 2270 4309 3803 4383">
     <span class='ocr_line' id='line_1_107' title="bbox 2270 4309 3803 4383; baseline 0.001 -16"><span class='ocrx_word' id='word_1_835' title='bbox 2270 4313 2356 4367; x_wconf 80' lang='grc'><strong>15.</strong></span> <span class='ocrx_word' id='word_1_836' title='bbox 2401 4309 2549 4383; x_wconf 90' lang='lat' dir='ltr'><strong>[vers.</strong></span> <span class='ocrx_word' id='word_1_837' title='bbox 2593 4309 2709 4382; x_wconf 76' lang='lat'><strong>13.]</strong></span> <span class='ocrx_word' id='word_1_838' title='bbox 2769 4309 3219 4365; x_wconf 86' lang='lat' dir='ltr'><strong>Circumdederunt</strong></span> <span class='ocrx_word' id='word_1_839' title='bbox 3274 4328 3352 4366; x_wconf 86' lang='lat' dir='ltr'><strong>nte</strong></span> <span class='ocrx_word' id='word_1_840' title='bbox 3395 4311 3538 4365; x_wconf 88' lang='lat' dir='ltr'><strong>vituli</strong></span> <span class='ocrx_word' id='word_1_841' title='bbox 3593 4312 3748 4366; x_wconf 86' lang='lat' dir='ltr'><strong>multi</strong></span> <span class='ocrx_word' id='word_1_842' title='bbox 3780 4331 3803 4368; x_wconf 91' lang='lat'><strong><em>:</em></strong></span> 
     </span>
    </p>
   </div>
   <div class='ocr_carea' id='block_1_108' title="bbox 2199 4401 3798 4475">
    <p class='ocr_par' dir='ltr' id='par_1_108' title="bbox 2199 4401 3798 4475">
     <span class='ocr_line' id='line_1_108' title="bbox 2199 4401 3798 4475; baseline 0.002 -16"><span class='ocrx_word' id='word_1_843' title='bbox 2199 4401 2550 4459; x_wconf 84' lang='lat' dir='ltr'><strong>circumdedit</strong></span> <span class='ocrx_word' id='word_1_844' title='bbox 2578 4417 2665 4457; x_wconf 92' lang='lat' dir='ltr'><strong>me</strong></span> <span class='ocrx_word' id='word_1_845' title='bbox 2709 4403 2991 4457; x_wconf 89' lang='lat' dir='ltr'><strong>multitudo</strong></span> <span class='ocrx_word' id='word_1_846' title='bbox 3039 4404 3355 4459; x_wconf 75' lang='lat' dir='ltr'><strong>luxuriantis</strong></span> <span class='ocrx_word' id='word_1_847' title='bbox 3397 4403 3588 4475; x_wconf 90' lang='lat' dir='ltr'><strong>plebis.</strong></span> <span class='ocrx_word' id='word_1_848' title='bbox 3629 4405 3798 4462; x_wconf 86' lang='lat' dir='ltr'><strong>Tauri</strong></span> 
     </span>
    </p>
   </div>
   <div class='ocr_carea' id='block_1_109' title="bbox 2201 4491 3804 4569">
    <p class='ocr_par' dir='ltr' id='par_1_109' title="bbox 2201 4491 3804 4569">
     <span class='ocr_line' id='line_1_109' title="bbox 2201 4491 3804 4569; baseline 0.005 -24"><span class='ocrx_word' id='word_1_849' title='bbox 2201 4493 2413 4564; x_wconf 86' lang='lat' dir='ltr'><strong>pingues</strong></span> <span class='ocrx_word' id='word_1_850' title='bbox 2450 4491 2749 4546; x_wconf 85' lang='lat' dir='ltr'><strong>obsederunt</strong></span> <span class='ocrx_word' id='word_1_851' title='bbox 2778 4509 2856 4546; x_wconf 88' lang='lat' dir='ltr'><strong>me</strong></span> <span class='ocrx_word' id='word_1_852' title='bbox 2880 4508 2899 4546; x_wconf 91' lang='lat'><strong><em>:</em></strong></span> <span class='ocrx_word' id='word_1_853' title='bbox 2921 4503 2975 4547; x_wconf 86' lang='lat' dir='ltr'><strong>et</strong></span> <span class='ocrx_word' id='word_1_854' title='bbox 3005 4494 3271 4564; x_wconf 86' lang='lat' dir='ltr'><strong>principes</strong></span> <span class='ocrx_word' id='word_1_855' title='bbox 3314 4495 3431 4566; x_wconf 83' lang='lat' dir='ltr'><strong>ejus</strong></span> <span class='ocrx_word' id='word_1_856' title='bbox 3473 4495 3541 4552; x_wconf 87' lang='lat' dir='ltr'><strong>de</strong></span> <span class='ocrx_word' id='word_1_857' title='bbox 3566 4511 3804 4569; x_wconf 84' lang='lat' dir='ltr'><strong>oppres-</strong></span> 
     </span>
    </p>
   </div>
   <div class='ocr_carea' id='block_1_110' title="bbox 2201 4585 3143 4648">
    <p class='ocr_par' dir='ltr' id='par_1_110' title="bbox 2201 4585 3143 4648">
     <span class='ocr_line' id='line_1_110' title="bbox 2201 4585 3143 4648; baseline -0.001 -7"><span class='ocrx_word' id='word_1_858' title='bbox 2201 4587 2352 4641; x_wconf 91' lang='lat' dir='ltr'><strong>sione</strong></span> <span class='ocrx_word' id='word_1_859' title='bbox 2382 4600 2498 4640; x_wconf 90' lang='lat' dir='ltr'><strong>mea</strong></span> <span class='ocrx_word' id='word_1_860' title='bbox 2527 4585 2654 4648; x_wconf 71' lang='lat' dir='ltr'><strong>laeti,</strong></span> <span class='ocrx_word' id='word_1_861' title='bbox 2686 4585 3014 4640; x_wconf 89' lang='lat' dir='ltr'><strong>obsederunt</strong></span> <span class='ocrx_word' id='word_1_862' title='bbox 3039 4601 3143 4640; x_wconf 87' lang='lat' dir='ltr'><strong>me.</strong></span> 
     </span>
    </p>
   </div>
   <div class='ocr_carea' id='block_1_111' title="bbox 2275 4673 3803 4753">
    <p class='ocr_par' dir='ltr' id='par_1_111' title="bbox 2275 4673 3803 4753">
     <span class='ocr_line' id='line_1_111' title="bbox 2275 4673 3803 4753; baseline 0.004 -23"><span class='ocrx_word' id='word_1_863' title='bbox 2275 4677 2362 4730; x_wconf 69' lang='lat'><strong>11.</strong></span> <span class='ocrx_word' id='word_1_864' title='bbox 2406 4675 2556 4748; x_wconf 87' lang='lat' dir='ltr'><strong>[vers.</strong></span> <span class='ocrx_word' id='word_1_865' title='bbox 2616 4673 2728 4748; x_wconf 72' lang='lat'><strong>14.]</strong></span> <span class='ocrx_word' id='word_1_866' title='bbox 2767 4674 3087 4746; x_wconf 78' lang='lat' dir='ltr'><strong>Aperuernnt</strong></span> <span class='ocrx_word' id='word_1_867' title='bbox 3129 4677 3182 4731; x_wconf 87' lang='lat' dir='ltr'><strong>in</strong></span> <span class='ocrx_word' id='word_1_868' title='bbox 3222 4695 3301 4732; x_wconf 91' lang='lat' dir='ltr'><strong>me</strong></span> <span class='ocrx_word' id='word_1_869' title='bbox 3329 4695 3385 4734; x_wconf 84' lang='lat' dir='ltr'><strong>os</strong></span> <span class='ocrx_word' id='word_1_870' title='bbox 3422 4695 3569 4735; x_wconf 82' lang='lat' dir='ltr'><strong>suum</strong></span> <span class='ocrx_word' id='word_1_871' title='bbox 3604 4696 3623 4737; x_wconf 92' lang='lat'><strong><em>:</em></strong></span> <span class='ocrx_word' id='word_1_872' title='bbox 3663 4697 3803 4753; x_wconf 88' lang='lat' dir='ltr'><strong>ape-</strong></span> 
     </span>
    </p>
   </div>
   <div class='ocr_carea' id='block_1_112' title="bbox 2201 4768 3804 4840">
    <p class='ocr_par' dir='ltr' id='par_1_112' title="bbox 2201 4768 3804 4840">
     <span class='ocr_line' id='line_1_112' title="bbox 2201 4768 3804 4840; baseline 0.005 -17"><span class='ocrx_word' id='word_1_873' title='bbox 2201 4778 2425 4823; x_wconf 90' lang='lat' dir='ltr'><strong>ruerunt</strong></span> <span class='ocrx_word' id='word_1_874' title='bbox 2453 4768 2504 4822; x_wconf 92' lang='lat' dir='ltr'><strong>in</strong></span> <span class='ocrx_word' id='word_1_875' title='bbox 2533 4783 2620 4823; x_wconf 90' lang='lat' dir='ltr'><strong>me</strong></span> <span class='ocrx_word' id='word_1_876' title='bbox 2652 4785 2733 4834; x_wconf 84' lang='lat' dir='ltr'><strong>es,</strong></span> <span class='ocrx_word' id='word_1_877' title='bbox 2764 4784 2870 4823; x_wconf 91' lang='lat' dir='ltr'><strong>non</strong></span> <span class='ocrx_word' id='word_1_878' title='bbox 2899 4769 2966 4824; x_wconf 93' lang='lat' dir='ltr'><strong>de</strong></span> <span class='ocrx_word' id='word_1_879' title='bbox 2995 4769 3286 4840; x_wconf 87' lang='lat' dir='ltr'><strong>Scripturis</strong></span> <span class='ocrx_word' id='word_1_880' title='bbox 3315 4773 3442 4840; x_wconf 91' lang='lat' dir='ltr'><strong>tuis,</strong></span> <span class='ocrx_word' id='word_1_881' title='bbox 3473 4773 3568 4830; x_wconf 87' lang='lat' dir='ltr'><strong>sed</strong></span> <span class='ocrx_word' id='word_1_882' title='bbox 3595 4774 3663 4830; x_wconf 90' lang='lat' dir='ltr'><strong>de</strong></span> <span class='ocrx_word' id='word_1_883' title='bbox 3701 4791 3804 4830; x_wconf 85' lang='lat' dir='ltr'><strong>cu-</strong></span> 
     </span>
    </p>
   </div>
   <div class='ocr_carea' id='block_1_113' title="bbox 2203 4859 3807 4934">
    <p class='ocr_par' dir='ltr' id='par_1_113' title="bbox 2203 4859 3807 4934">
     <span class='ocr_line' id='line_1_113' title="bbox 2203 4859 3807 4934; baseline 0.002 -20"><span class='ocrx_word' id='word_1_884' title='bbox 2203 4860 2513 4930; x_wconf 87' lang='lat' dir='ltr'><strong>piditatibus</strong></span> <span class='ocrx_word' id='word_1_885' title='bbox 2533 4863 2663 4914; x_wconf 92' lang='lat' dir='ltr'><strong>suis.</strong></span> <span class='ocrx_word' id='word_1_886' title='bbox 2698 4859 2844 4915; x_wconf 84' lang='lat' dir='ltr'><strong>Sicut</strong></span> <span class='ocrx_word' id='word_1_887' title='bbox 2872 4861 2949 4914; x_wconf 91' lang='lat' dir='ltr'><strong>leo</strong></span> <span class='ocrx_word' id='word_1_888' title='bbox 2978 4861 3183 4929; x_wconf 87' lang='lat' dir='ltr'><strong>rapiens</strong></span> <span class='ocrx_word' id='word_1_889' title='bbox 3211 4871 3258 4915; x_wconf 91' lang='lat' dir='ltr'><strong>et</strong></span> <span class='ocrx_word' id='word_1_890' title='bbox 3285 4864 3524 4934; x_wconf 84' lang='lat' dir='ltr'><strong>rugiens:</strong></span> <span class='ocrx_word' id='word_1_891' title='bbox 3543 4866 3682 4920; x_wconf 89' lang='lat' dir='ltr'><strong>sicut</strong></span> <span class='ocrx_word' id='word_1_892' title='bbox 3714 4866 3807 4920; x_wconf 71' lang='grc' dir='ltr'>ιρι.</span> 
     </span>
    </p>
   </div>
   <div class='ocr_carea' id='block_1_114' title="bbox 2201 4951 3802 5023">
    <p class='ocr_par' dir='ltr' id='par_1_114' title="bbox 2201 4951 3802 5023">
     <span class='ocr_line' id='line_1_114' title="bbox 2201 4951 3802 5023; baseline 0.004 -18"><span class='ocrx_word' id='word_1_893' title='bbox 2201 4952 2353 5020; x_wconf 90' lang='lat' dir='ltr'><strong>cujus</strong></span> <span class='ocrx_word' id='word_1_894' title='bbox 2386 4951 2569 5022; x_wconf 89' lang='lat' dir='ltr'><strong>rapina</strong></span> <span class='ocrx_word' id='word_1_895' title='bbox 2597 4961 2700 5015; x_wconf 89' lang='lat' dir='ltr'><strong>est,</strong></span> <span class='ocrx_word' id='word_1_896' title='bbox 2728 4952 2869 5022; x_wconf 90' lang='lat' dir='ltr'><strong>quod</strong></span> <span class='ocrx_word' id='word_1_897' title='bbox 2899 4953 3270 5023; x_wconf 88' lang='lat' dir='ltr'><strong>apprehensus</strong></span> <span class='ocrx_word' id='word_1_898' title='bbox 3297 4955 3560 5012; x_wconf 89' lang='lat' dir='ltr'><strong>adductus</strong></span> <span class='ocrx_word' id='word_1_899' title='bbox 3579 4960 3598 4988; x_wconf 83' lang='lat'>&#39;</span> <span class='ocrx_word' id='word_1_900' title='bbox 3637 4972 3760 5012; x_wconf 85' lang='lat' dir='ltr'><strong>sum</strong></span> <span class='ocrx_word' id='word_1_901' title='bbox 3785 4977 3802 5021; x_wconf 60' lang='lat'><strong>,-</strong></span> 
     </span>
    </p>
   </div>
   <div class='ocr_carea' id='block_1_115' title="bbox 2203 5041 3534 5120">
    <p class='ocr_par' dir='ltr' id='par_1_115' title="bbox 2203 5041 3534 5120">
     <span class='ocr_line' id='line_1_115' title="bbox 2203 5041 3534 5120; baseline 0.001 -23"><span class='ocrx_word' id='word_1_902' title='bbox 2203 5052 2255 5097; x_wconf 89' lang='lat' dir='ltr'><strong>et</strong></span> <span class='ocrx_word' id='word_1_903' title='bbox 2279 5043 2502 5113; x_wconf 84' lang='lat' dir='ltr'><strong>rugitus,</strong></span> <span class='ocrx_word' id='word_1_904' title='bbox 2532 5041 2801 5113; x_wconf 80' lang='lat' dir='ltr'><strong>Cruci/iga,</strong></span> <span class='ocrx_word' id='word_1_905' title='bbox 2829 5042 3080 5115; x_wconf 81' lang='lat' dir='ltr'><strong>Cruciﬁge</strong></span> <span class='ocrx_word' id='word_1_906' title='bbox 3104 5045 3122 5115; x_wconf 97' lang='lat'>(</span> <span class='ocrx_word' id='word_1_907' title='bbox 3163 5044 3258 5099; x_wconf 86' lang='lat' dir='ltr'><strong>Id.</strong></span> <span class='ocrx_word' id='word_1_908' title='bbox 3287 5061 3398 5110; x_wconf 81' lang='lat' dir='ltr'><strong>xtx,</strong></span> <span class='ocrx_word' id='word_1_909' title='bbox 3436 5047 3492 5120; x_wconf 88' lang='lat'><strong>6)</strong></span> <span class='ocrx_word' id='word_1_910' title='bbox 3519 5053 3534 5104; x_wconf 86' lang='lat' dir='ltr'><strong>t</strong></span> 
     </span>
    </p>
   </div>
   <div class='ocr_carea' id='block_1_116' title="bbox 2277 5129 3803 5209">
    <p class='ocr_par' dir='ltr' id='par_1_116' title="bbox 2277 5129 3803 5209">
     <span class='ocr_line' id='line_1_116' title="bbox 2277 5129 3803 5209; baseline 0.006 -22"><span class='ocrx_word' id='word_1_911' title='bbox 2277 5135 2362 5188; x_wconf 84' lang='grc'><strong>15.</strong></span> <span class='ocrx_word' id='word_1_912' title='bbox 2405 5129 2557 5206; x_wconf 87' lang='lat' dir='ltr'><strong>[vers.</strong></span> <span class='ocrx_word' id='word_1_913' title='bbox 2611 5133 2724 5206; x_wconf 81' lang='lat'><strong>15.]</strong></span> <span class='ocrx_word' id='word_1_914' title='bbox 2756 5135 2902 5190; x_wconf 83' lang='lat' dir='ltr'><strong>Sicut</strong></span> <span class='ocrx_word' id='word_1_915' title='bbox 2932 5152 3067 5209; x_wconf 90' lang='lat' dir='ltr'><strong>aqua</strong></span> <span class='ocrx_word' id='word_1_916' title='bbox 3093 5136 3286 5204; x_wconf 74' lang='lat' dir='ltr'><strong>effusus</strong></span> <span class='ocrx_word' id='word_1_917' title='bbox 3327 5156 3459 5204; x_wconf 90' lang='lat' dir='ltr'><strong>sum,</strong></span> <span class='ocrx_word' id='word_1_918' title='bbox 3490 5150 3538 5193; x_wconf 83' lang='lat' dir='ltr'><strong>et</strong></span> <span class='ocrx_word' id='word_1_919' title='bbox 3565 5140 3803 5209; x_wconf 58' lang='lat' dir='ltr'><strong>dispersu</strong></span> 
     </span>
    </p>
   </div>
   <div class='ocr_carea' id='block_1_117' title="bbox 2202 5223 3801 5306">
    <p class='ocr_par' dir='ltr' id='par_1_117' title="bbox 2202 5223 3801 5306">
     <span class='ocr_line' id='line_1_117' title="bbox 2202 5223 3801 5306; baseline 0.006 -29"><span class='ocrx_word' id='word_1_920' title='bbox 2202 5232 2318 5277; x_wconf 87' lang='lat' dir='ltr'><strong>sunt</strong></span> <span class='ocrx_word' id='word_1_921' title='bbox 2347 5223 2517 5277; x_wconf 89' lang='lat' dir='ltr'><strong>omnia</strong></span> <span class='ocrx_word' id='word_1_922' title='bbox 2538 5240 2652 5277; x_wconf 90' lang='lat' dir='ltr'><strong>ossa</strong></span> <span class='ocrx_word' id='word_1_923' title='bbox 2673 5241 2820 5279; x_wconf 89' lang='lat' dir='ltr'><strong>mea:</strong></span> <span class='ocrx_word' id='word_1_924' title='bbox 2845 5225 2982 5279; x_wconf 90' lang='lat' dir='ltr'><strong>sicut</strong></span> <span class='ocrx_word' id='word_1_925' title='bbox 3007 5241 3140 5296; x_wconf 88' lang='lat' dir='ltr'><strong>aqua</strong></span> <span class='ocrx_word' id='word_1_926' title='bbox 3167 5227 3369 5283; x_wconf 81' lang='lat' dir='ltr'><strong>ell&#39;usus</strong></span> <span class='ocrx_word' id='word_1_927' title='bbox 3389 5244 3528 5296; x_wconf 90' lang='lat' dir='ltr'><strong>sum,</strong></span> <span class='ocrx_word' id='word_1_928' title='bbox 3550 5231 3637 5286; x_wconf 92' lang='lat' dir='ltr'><strong>ubi</strong></span> <span class='ocrx_word' id='word_1_929' title='bbox 3660 5234 3801 5306; x_wconf 80' lang='lat' dir='ltr'><strong>lapsi</strong></span> 
     </span>
    </p>
   </div>
   <div class='ocr_carea' id='block_1_118' title="bbox 2203 5317 3792 5390">
    <p class='ocr_par' dir='ltr' id='par_1_118' title="bbox 2203 5317 3792 5390">
     <span class='ocr_line' id='line_1_118' title="bbox 2203 5317 3792 5390; baseline 0.008 -21"><span class='ocrx_word' id='word_1_930' title='bbox 2203 5324 2327 5369; x_wconf 90' lang='lat' dir='ltr'><strong>sunt</strong></span> <span class='ocrx_word' id='word_1_931' title='bbox 2354 5325 2728 5386; x_wconf 88' lang='lat' dir='ltr'><strong>persecutores</strong></span> <span class='ocrx_word' id='word_1_932' title='bbox 2754 5317 2888 5380; x_wconf 88' lang='lat' dir='ltr'><strong>mei;</strong></span> <span class='ocrx_word' id='word_1_933' title='bbox 2927 5325 2981 5371; x_wconf 92' lang='lat' dir='ltr'><strong>et</strong></span> <span class='ocrx_word' id='word_1_934' title='bbox 3005 5318 3196 5374; x_wconf 89' lang='lat' dir='ltr'><strong>timore</strong></span> <span class='ocrx_word' id='word_1_935' title='bbox 3223 5319 3460 5390; x_wconf 88' lang='lat' dir='ltr'><strong>dispersa</strong></span> <span class='ocrx_word' id='word_1_936' title='bbox 3489 5334 3614 5376; x_wconf 88' lang='lat' dir='ltr'><strong>sunt</strong></span> <span class='ocrx_word' id='word_1_937' title='bbox 3639 5339 3670 5378; x_wconf 87' lang='lat' dir='ltr'><strong>a</strong></span> <span class='ocrx_word' id='word_1_938' title='bbox 3703 5341 3792 5381; x_wconf 86' lang='lat' dir='ltr'><strong>me</strong></span> 
     </span>
    </p>
   </div>
   <div class='ocr_carea' id='block_1_119' title="bbox 2206 5405 3798 5483">
    <p class='ocr_par' dir='ltr' id='par_1_119' title="bbox 2206 5405 3798 5483">
     <span class='ocr_line' id='line_1_119' title="bbox 2206 5405 3798 5483; baseline 0.009 -25"><span class='ocrx_word' id='word_1_939' title='bbox 2206 5405 2536 5460; x_wconf 84' lang='lat' dir='ltr'><strong>ﬁrmamenta</strong></span> <span class='ocrx_word' id='word_1_940' title='bbox 2566 5407 2827 5476; x_wconf 91' lang='lat' dir='ltr'><strong>corporis,</strong></span> <span class='ocrx_word' id='word_1_941' title='bbox 2857 5406 2959 5462; x_wconf 90' lang='lat' dir='ltr'><strong>hoc</strong></span> <span class='ocrx_word' id='word_1_942' title='bbox 2990 5419 3071 5463; x_wconf 89' lang='lat' dir='ltr'><strong>est</strong></span> <span class='ocrx_word' id='word_1_943' title='bbox 3095 5409 3368 5476; x_wconf 68' lang='lat' dir='ltr'><strong>Ecclesiae,</strong></span> <span class='ocrx_word' id='word_1_944' title='bbox 3400 5411 3646 5483; x_wconf 86' lang='lat' dir='ltr'><strong>discipuli</strong></span> <span class='ocrx_word' id='word_1_945' title='bbox 3668 5419 3798 5475; x_wconf 84' lang='lat' dir='ltr'><strong>mei.</strong></span> 
     </span>
    </p>
   </div>
   <div class='ocr_carea' id='block_1_120' title="bbox 2205 5497 3794 5572">
    <p class='ocr_par' dir='ltr' id='par_1_120' title="bbox 2205 5497 3794 5572">
     <span class='ocr_line' id='line_1_120' title="bbox 2205 5497 3794 5572; baseline 0.009 -22"><span class='ocrx_word' id='word_1_946' title='bbox 2205 5497 2422 5555; x_wconf 66' lang='lat' dir='ltr'><strong>Fadum</strong></span> <span class='ocrx_word' id='word_1_947' title='bbox 2465 5509 2536 5552; x_wconf 92' lang='lat' dir='ltr'><strong>est</strong></span> <span class='ocrx_word' id='word_1_948' title='bbox 2582 5515 2669 5553; x_wconf 90' lang='lat' dir='ltr'><strong>cor</strong></span> <span class='ocrx_word' id='word_1_949' title='bbox 2712 5517 2877 5556; x_wconf 88' lang='lat' dir='ltr'><strong>meum</strong></span> <span class='ocrx_word' id='word_1_950' title='bbox 2903 5501 3035 5555; x_wconf 87' lang='lat' dir='ltr'><strong>sicut</strong></span> <span class='ocrx_word' id='word_1_951' title='bbox 3072 5518 3188 5556; x_wconf 88' lang='lat' dir='ltr'><strong>cera</strong></span> <span class='ocrx_word' id='word_1_952' title='bbox 3215 5504 3514 5572; x_wconf 85' lang='lat' dir='ltr'><strong>liquesceus,</strong></span> <span class='ocrx_word' id='word_1_953' title='bbox 3548 5507 3600 5562; x_wconf 89' lang='lat' dir='ltr'><strong>in</strong></span> <span class='ocrx_word' id='word_1_954' title='bbox 3627 5511 3794 5564; x_wconf 85' lang='lat' dir='ltr'><strong>medio</strong></span> 
     </span>
    </p>
   </div>
   <div class='ocr_carea' id='block_1_121' title="bbox 2267 5674 3420 5739">
    <p class='ocr_par' dir='ltr' id='par_1_121' title="bbox 2267 5674 3420 5739">
     <span class='ocr_line' id='line_1_121' title="bbox 2267 5674 3420 5739; baseline 0.008 -15"><span class='ocrx_word' id='word_1_955' title='bbox 2267 5677 2285 5709; x_wconf 71' lang='grc'>³</span> <span class='ocrx_word' id='word_1_956' title='bbox 2316 5674 2502 5739; x_wconf 74' lang='lat' dir='ltr'><strong>Aliquot</strong></span> <span class='ocrx_word' id='word_1_957' title='bbox 2523 5683 2650 5734; x_wconf 70' lang='lat' dir='ltr'><strong>Mss,</strong></span> <span class='ocrx_word' id='word_1_958' title='bbox 2669 5676 2774 5739; x_wconf 83' lang='lat' dir='ltr'><strong>sine</strong></span> <span class='ocrx_word' id='word_1_959' title='bbox 2797 5676 2975 5739; x_wconf 86' lang='lat' dir='ltr'><strong>semine</strong></span> <span class='ocrx_word' id='word_1_960' title='bbox 2995 5677 3274 5731; x_wconf 85' lang='lat' dir='ltr'><strong>incarnatus</strong></span> <span class='ocrx_word' id='word_1_961' title='bbox 3295 5694 3420 5733; x_wconf 78' lang='lat' dir='ltr'><strong>sum.</strong></span> 
     </span>
    </p>
   </div>
   <div class='ocr_carea' id='block_1_122' title="bbox 2269 5738 3034 5801">
    <p class='ocr_par' dir='ltr' id='par_1_122' title="bbox 2269 5738 3034 5801">
     <span class='ocr_line' id='line_1_122' title="bbox 2269 5738 3034 5801; baseline 0.004 -14"><span class='ocrx_word' id='word_1_962' title='bbox 2269 5739 2290 5769; x_wconf 85' lang='grc'>¹</span> <span class='ocrx_word' id='word_1_963' title='bbox 2311 5746 2383 5787; x_wconf 65' lang='grc' dir='ltr'><strong>διε</strong></span> <span class='ocrx_word' id='word_1_964' title='bbox 2404 5738 2510 5788; x_wconf 71' lang='lat' dir='ltr'><strong>llas.</strong></span> <span class='ocrx_word' id='word_1_965' title='bbox 2537 5746 2593 5789; x_wconf 81' lang='lat' dir='ltr'><strong>At</strong></span> <span class='ocrx_word' id='word_1_966' title='bbox 2619 5738 2752 5801; x_wconf 80' lang='lat' dir='ltr'><strong>Edd,</strong></span> <span class='ocrx_word' id='word_1_967' title='bbox 2778 5738 3034 5791; x_wconf 84' lang='lat' dir='ltr'><strong>abductus.</strong></span> 
     </span>
    </p>
   </div>
  </div>
