4008 6352
202 349 300 408 169

201 466 385 518 ventris
407 459 504 514 mei
529 477 548 514 :
575 460 839 529 sapientia
885 474 1023 526 mea,
1055 475 1172 529 qua:
1216 461 1268 514 in
1313 461 1513 515 sanctis
1556 461 1706 516 libris
1727 460 1796 524 de

204 574 287 611 me
313 555 614 614 conscripta
643 562 748 616 est,
776 561 1028 622 tanquam
1056 552 1189 606 dura
1220 563 1272 606 et
1300 553 1478 607 clausa
1509 569 1612 605 non
1642 553 1797 606 intel-

203 647 510 722 ligebatur;
534 644 630 697 sed
675 652 955 712 postquam
999 643 1133 711 ignis
1166 657 1298 696 mete
1330 643 1590 711 passionis
1618 657 1796 696 ncces-

201 739 287 798 sit,
314 746 564 803 tanquam
595 731 903 800 liquefacta,
929 731 1262 786 manifestata
1281 743 1384 798 est,
1404 741 1454 785 et
1473 742 1694 800 excepta
1715 740 1798 785 est

204 831 254 881 iu
277 826 536 879 memoria
558 823 815 878 Ecclesia:
846 837 1003 877 mete.

280 920 360 973 l6.
405 917 555 991 [vers.
611 915 723 988 16.]
763 915 980 969 Exaruit
1009 917 1139 970 velut
1168 925 1293 968 testa
1331 918 1486 970 virtus
1539 931 1799 969 meme:-

201 1015 340 1065 aruit
365 1010 614 1080 passione
633 1009 800 1061 virtus
831 1023 978 1070 mea;
1004 1024 1106 1060 non
1132 1008 1276 1061 velut
1300 1005 1500 1069 lentim,
1529 1006 1623 1060 sed
1653 1008 1799 1059 velut

205 1113 360 1167 testa,
392 1118 512 1172 qua:
555 1099 615 1154 ﬁt
640 1101 760 1171 igne
783 1101 1009 1153 ﬁrmior.
1035 1099 1098 1152 Et
1116 1099 1292 1171 lingua
1312 1117 1424 1153 mea
1449 1100 1661 1153 adhtesit
1683 1099 1800 1169 fau-

202 1194 344 1246 cibus
371 1193 495 1246 meis
518 1209 536 1246 :
563 1201 618 1247 et
646 1200 994 1245 servaverunt
1022 1190 1161 1260 apud
1191 1205 1248 1245 se
1278 1199 1542 1260 praecepti
1561 1207 1679 1244 mea
1699 1189 1795 1255 illi,

203 1301 297 1355 per
319 1300 458 1354 quos
486 1286 755 1339 locuturus
793 1298 962 1338 eram.
1010 1282 1078 1335 Et
1115 1284 1169 1336 in
1214 1284 1468 1354 pulverem
1500 1285 1674 1336 mortis
1703 1283 1797 1337 de-

199 1377 393 1430 duxisti
424 1391 537 1429 me:
561 1383 616 1428 et
643 1374 693 1427 in
721 1374 912 1442 impios
958 1372 1116 1426 morti
1155 1374 1471 1438 destinatos,
1518 1387 1654 1444 quos
1683 1383 1799 1426 tan-

199 1486 360 1538 quam
394 1469 667 1538 pulverem
700 1466 908 1537 projicit
929 1476 1118 1520 ventus
1144 1482 1172 1518 a
1194 1464 1331 1520 facie
1359 1479 1534 1530 terrm,
1573 1465 1799 1520 deduxi-

201 1567 267 1616 sti
295 1577 403 1615 me.

272 1652 360 1704 17.
406 1649 558 1722 [vers.
614 1647 725 1722 17.]
768 1648 1018 1714 Quoniam
1057 1649 1490 1703 circumdederunt
1533 1668 1611 1703 me
1648 1667 1796 1704 canes

199 1744 346 1796 multi
364 1763 382 1796 :
411 1741 664 1811 quoniam
691 1741 1158 1795 circumdederunt
1181 1757 1288 1805 me,
1308 1756 1413 1793 non
1433 1756 1528 1810 pro
1551 1741 1793 1804 veritate,

198 1837 292 1890 sed
324 1851 423 1904 pro
443 1835 855 1897 consuetudine,
889 1834 1144 1888 latrantes
1173 1835 1349 1888 multi.
1376 1834 1659 1888 Concilium
1683 1852 1794 1888 mav

199 1931 506 2001 lignantium
553 1927 882 1981 circumdedit
922 1943 1016 1980 me.
1072 1925 1335 1980 Foderunt
1381 1943 1559 1981 manus
1585 1944 1721 1981 meas
1749 1938 1796 1982 et

203 2023 353 2088 pedes
375 2020 495 2089 (a):
529 2019 777 2072 foderunt
799 2019 964 2072 clavis
995 2033 1182 2072 manus
1205 2033 1353 2072 meas
1384 2029 1439 2074 et
1467 2019 1649 2086 pedes.

268 2117 356 2171 18.
401 2114 557 2188 [verm
610 2114 722 2186 ‘18.]
765 2114 1219 2168 Dinumeraverunt
1271 2113 1442 2167 omnia
1485 2130 1601 2167 ossa
1644 2131 1753 2167 mea
1777 2129 1796 2166 :

195 2206 678 2260 dinumeraveruut
707 2205 758 2258 in
791 2204 936 2273 ligno
980 2203 1151 2258 crucis
1190 2212 1405 2257 extenta
1452 2204 1630 2257 omnia
1673 2219 1794 2256 ossa

198 2313 334 2350 mea.
362 2296 475 2365 Ipsi
497 2313 611 2349 vero
634 2296 1075 2350 consideraverunt
1096 2304 1140 2347 et
1164 2303 1530 2357 conspexerunt
1555 2311 1635 2347 me
1657 2310 1675 2348 :
1696 2295 1795 2363 ipsi

194 2404 344 2450 vero,
380 2389 431 2440 id
459 2397 543 2442 est
573 2402 674 2440 non
703 2387 912 2451 mutati,
931 2385 1478 2440 consideraveruntet
1495 2399 1797 2462 conSpexe-

197 2491 320 2533 ιἰιηι
347 2495 456 2533 me.

267 2571 354 2627 19.
401 2569 567 2644 [βενε.
625 2571 710 2626 19.
739 2569 761 2644 ]
792 2570 1077 2625 Diviserunt
1119 2569 1214 2622 sibi
1242 2569 1533 2624 vestimenta
1568 2584 1700 2636 mea,
1745 2580 1795 2624 et

196 2681 347 2736 super
374 2679 558 2718 vestem
585 2682 746 2718 meam
771 2665 1013 2718 miserunt
1034 2673 1236 2717 sortem.

265 2757 361 2812 20.
404 2756 556 2829 [vers.
610 2754 729 2830 20.]
772 2756 847 2811 Tu
875 2766 1060 2817 autem,
1096 2755 1328 2820 Domine,
1357 2772 1418 2810 ne
1444 2755 1594 2828 longe
1621 2756 1796 2828 feceris

196 2850 448 2903 auxilium
473 2860 614 2902 tuum
641 2866 675 2901 a
715 2866 794 2901 me
826 2863 844 2901 :
879 2857 933 2901 ιιι
961 2856 1160 2911 autem,
1194 2847 1438 2912 Domine,
1470 2864 1574 2899 non
1604 2848 1654 2899 in
1690 2847 1795 2900 line

198 2941 403 3004 sa-cnli,
434 2942 571 2994 sicut
597 2948 853 3003 ceteros;
885 2938 979 2994 sed
1010 2940 1186 2993 statim
1213 2939 1470 2993 resnscita
1491 2953 1600 2992 me.
1618 2936 1686 2991 In
1708 2938 1796 2991 de-

198 3031 481 3099 fensionem
519 3048 682 3086 meam
724 3030 936 3101 aspice:
966 3031 1180 3101 aspice,
1228 3046 1295 3083 ne
1335 3029 1464 3098 quid
1513 3028 1647 3084 mihi
1690 3044 1794 3084 no-

197 3134 377 3179 cesnt.

266 3218 362 3270 2|.
404 3215 558 3290 [νει-ε.
613 3215 730 3290 2|
771 3215 911 3272 Erue
929 3233 960 3269 α
987 3217 1182 3285 [ramea
1201 3216 1427 3270 animam
1447 3232 1611 3270 meam
1628 3233 1649 3270 .'
1663 3230 1794 3271 erue

199 3309 437 3362 animam
465 3322 638 3363 meam
668 3324 697 3360 a
727 3309 900 3376 lingua
931 3306 1302 3361 dissensionis.
1339 3306 1404 3359 Et
1434 3306 1498 3360 de
1523 3323 1678 3359 manu
1699 3322 1793 3359 ca-

198 3403 276 3454 nis
295 3401 501 3452 unicam
529 3416 693 3454 meam
711 3415 731 3453 :
755 3399 896 3454 etde
919 3408 1184 3467 potestate
1212 3399 1388 3468 populi
1420 3415 1484 3453 ex
1513 3409 1795 3455 consuetu-

196 3491 324 3544 dine
353 3490 598 3544 latrantis
625 3489 919 3544 Ecclesiam
955 3504 1150 3543 meam.

267 3580 361 3634 22.
406 3580 560 3654 [vers.
616 3579 733 3652 22.]
775 3580 986 3634 Salvum
1013 3597 1092 3633 me
1117 3585 1200 3649 [ac
1241 3581 1305 3633 de
1332 3597 1418 3633 ore
1456 3583 1651 3636 leonis:
1681 3584 1790 3638 sal-

194 3691 317 3727 vum
340 3690 429 3728 me
452 3673 532 3728 fac
558 3674 624 3729 de
649 3689 744 3749 ore
773 3675 921 3743 regni
950 3673 1244 3729 smcularis.
1274 3673 1338 3726 Et
1363 3692 1394 3724 η
1418 3676 1652 3728 cornibus
1673 3678 1787 3729 uni~

194 3783 504 3819 cornuarum
535 3767 870 3819 humilitatem
899 3782 1096 3818 meam:
1121 3775 1176 3819 et
1195 3781 1224 3819 a
1248 3767 1667 3821 sublimitatibns
1694 3785 1754 3822 su

197 3860 487 3925 perbcrum
530 3872 590 3911 se
631 3857 975 3926 singulariter
1019 3857 1361 3925 erigentium,
1407 3868 1791 3927 consortesque

194 3965 303 4003 non
336 3949 645 4013 ferentium,
669 3950 871 4003 salvam
898 3948 980 4006 fac
1011 3948 1362 4002 humilitatem
1394 3965 1590 4004 meam.

261 4042 357 4097 25.
425 4058 556 4094 vers.
751 4039 988 4094 Narrabo
1008 4058 1188 4094 nomen
1210 4052 1348 4092 tuum
1382 4042 1624 4112 fratribus
1645 4045 1791 4097 meis:

190 4135 426 4190 narrabo
455 4147 649 4187 nomen
693 4119 840 4186 litum
887 4132 1198 4198 humilibus,
1228 4141 1282 4186 et
1307 4147 1367 4186 se
1407 4133 1632 4188 invicem
1663 4135 1790 4189 dili-

192 4227 440 4294 gentibus
462 4225 600 4277 sicut
625 4242 656 4276 ιι
685 4239 769 4278 me
797 4223 977 4277 dilecti
1001 4233 1126 4276 sunt
1148 4223 1395 4278 fratribus
1419 4225 1568 4277 meis.
1603 4223 1665 4278 In
1689 4243 1792 4279 me-

196 4317 276 4370 dio
321 4316 568 4369 Ecclesia:
604 4315 818 4368 cantabo
863 4326 910 4368 te
931 4330 949 4367 :
989 4315 1042 4368 in
1069 4314 1243 4368 medio
1271 4313 1526 4369 Ecclesia:
1552 4316 1790 4386 gaudens

193 4407 500 4479 pratdicabo
527 4419 596 4461 te.

260 4502 355 4555 24.
398 4499 550 4572 [verm
599 4498 716 4571 24.]
751 4500 851 4566 Qui
876 4501 1060 4553 timetis
1085 4499 1380 4565 Dominum,
1415 4502 1621 4555 laudate
1643 4519 1790 4556 eum:

193 4595 279 4664 ni
306 4592 510 4646 timetis
530 4591 832 4666 Dominum,
854 4590 1019 4644 nolite
1033 4600 1278 4659 quaerere
1303 4591 1515 4647 laudem
1531 4603 1784 4663 vestram,

191 4685 282 4740 sed
315 4684 493 4752 ipsum
523 4682 754 4735 laudate.
789 4680 1089 4735 Universum
1131 4698 1297 4736 semen
1324 4681 1508 4748 Iacob,
1547 4686 1786 4754 magniﬁ-

191 4787 297 4829 cate
338 4791 454 4828 eum
477 4790 495 4826 :
523 4774 826 4826 universum
858 4787 1040 4826 semen
1087 4772 1204 4840 ejus
1235 4774 1316 4826 cui
1363 4774 1534 4842 major
1560 4776 1782 4843 serviet,

191 4867 526 4936 magniﬁcam
565 4882 708 4920 eum.

255 4965 352 5020 25.
399 4963 555 5034 [νει-δ.
617 4958 738 5033 25.]
775 4959 973 5014 Timent
1016 4977 1128 5013 eum
1169 4977 1316 5014 omne
1363 4977 1529 5014 semsn
1578 4960 1785 5016 Israel:

191 5058 414 5110 timeant
445 5071 568 5110 eum
597 5068 786 5107 omnes
810 5053 879 5106 ad
908 5067 1098 5105 novam
1126 5052 1287 5105 vitam
1329 5051 1461 5110 nati.
1505 5062 1559 5106 et
1588 5054 1654 5106 ad
1699 5055 1780 5106 vi-

187 5151 394 5201 sionem
429 5145 519 5199 Dei
550 5144 799 5197 renarati.
849 5143 1105 5204 Ouoniam
1147 5159 1246 5195 non
1291 5144 1478 5210 sprevit
1513 5161 1671 5213 neque
1696 5146 1785 5199 de.

188 5240 351 5306 spexit
380 5254 577 5305 precem
610 5253 847 5306 pauperis
866 5252 885 5288 :
906 5235 1153 5304 quoniam
1181 5250 1286 5288 non
1317 5235 1519 5302 sprevit
1545 5251 1781 5303 precem,

187 5347 296 5383 nou
327 5333 468 5384 Illius
491 5330 580 5400 qui
608 5328 787 5384 verbis
813 5327 1128 5382 delictomm
1159 5328 1394 5381 clamans
1411 5331 1476 5380 ad
1507 5329 1670 5382 Deum
1699 5331 1781 5384 vi-

188 5437 295 5475 tam
343 5439 531 5476 vanam
575 5420 804 5473 transire
845 5419 1077 5479 nolebat,
1125 5418 1218 5471 sed
1263 5433 1479 5487 precem
1529 5422 1780 5488 pauperis

188 5530 294 5569 non
324 5528 575 5569 tumentis
605 5528 661 5565 tn
694 5511 902 5580 pompis
933 5509 1354 5564 transeuntibus.
1387 5508 1569 5579 Neque
1604 5513 1781 5564 avertit

189 5608 370 5675 [acim
397 5623 538 5660 suam
564 5622 596 5657 ιι
622 5619 702 5656 me
731 5618 744 5655 .'
777 5603 914 5656 sicut
940 5603 1006 5656 ab
1037 5602 1128 5654 illo
1157 5602 1245 5670 qui
1270 5601 1499 5666 dicebat,
1523 5602 1781 5658 Clamabo

215 5798 292 5859 (a)
317 5806 379 5849 De
404 5813 530 5850 vers.
563 5800 643 5854 17,
675 5797 752 5852 18,
775 5803 893 5851 cte.,
911 5795 1025 5844 vide
1049 5801 1183 5845 Enar.
1214 5793 1330 5846 Psal.
1359 5809 1561 5860 Lxmv,
1582 5811 1633 5846 ιι.
1652 5797 1708 5846 5.

419 5906 699 5962 ΙιΑτιωι..
743 5891 1040 5952 XXXVI.

1348 348 1741 402 ENARRATIO
1779 347 1845 402 ΙΝ
1885 346 2204 405 PSALMUM
2245 350 2385 407 XXI.

3394 378 3494 434 170

1906 460 1970 512 ad
2001 471 2072 522 te.
2101 477 2201 516 nec
2229 467 2500 520 exaudies.
2537 468 2599 521 Et
2627 487 2739 525 cum
2770 475 3039 533 clamarem
3065 481 3132 533 ad
3168 499 3301 552 eum,
3328 506 3489 544 arau—

1904 552 2027 603 divit
2049 570 2144 605 me.

1975 641 2065 696 26.
2095 640 2240 716 [vers.
2273 646 2386 719 9.6.]
2415 650 2564 716 Apud
2585 662 2632 704 te
2650 655 2760 708 laus
2783 673 2893 715 nua
2937 677 2957 713 :
2974 676 3078 715 non
3111 666 3250 721 enim
3276 667 3486 726 laudent

1907 746 2078 784 meant
2109 749 2326 803 quiem,
2370 740 2489 805 quia
2537 750 2589 793 ιιι
2631 745 2759 797 milii
2788 761 2847 800 es
2904 749 3052 818 laus,
3092 755 3184 817 qui
3225 756 3276 808 in
3305 772 3489 815 sancto

1907 821 2116 878 habitas
2141 869 2155 889 ,
2207 837 2261 882 ct
2297 829 2406 897 jam
2449 846 2693 887 sanctum
2737 847 2790 889 te
2824 837 3204 907 deprecantem
3236 848 3493 916 exaudis,

1907 913 2022 972 laus
2069 915 2253 970 Israel.
2287 918 2353 971 In
2379 919 2611 976 Ecclesia
2632 941 2823 994 magna
2851 932 3124 997 conﬁtebor
3149 935 3236 990 tibi
3261 948 3282 992 :
3310 942 3363 994 in
3393 913 3494 996 Ευέ

1905 1005 2068 1059 clesia
2101 1010 2248 1062 orbis
2281 1023 2540 1066 terrarum
2570 1017 2870 1072 tonlitebor
2909 1021 3023 1075 tibi.
3059 1023 3194 1080 Vota
3229 1045 3341 1083 meti
3377 1039 3494 1087 γετί»

1906 1098 2025 1150 dam
2063 1115 2234 1152 coram
2275 1091 2563 1159 timentibus
2606 1124 2719 1160 eum
2744 1124 3115 1168 :sacrameuta
3156 1121 3398 1188 corporis
3441 1135 3488 1175 et

1908 1192 2183 1258 sanguinis
2210 1194 2313 1246 mei
2345 1195 2562 1249 reddam
2594 1214 2774 1253 coram
2807 1202 3115 1260 timentibus
3146 1224 3291 1263 eum.

1977 1279 2066 1333 :27.
2099 1280 2248 1375 jucrs.
2277 1284 2392 1356 ‘27.]
2425 1286 2589 1341 Edent
2621 1307 2885 1360 pauperes,
2918 1305 2962 1347 et
2992 1303 3352 1356 saturabuntur
3380 1307 3453 1375 (a)
3473 1321 3492 1360 :

1905 1369 2064 1425 edent
2100 1373 2326 1428 humiles
2356 1386 2410 1429 et
2440 1388 2839 1449 contemptores
2877 1389 3087 1452 swculi,
3122 1401 3172 1444 et
3202 1369 3490 1450 imitabim-

1909 1470 2024 1527 tur;
2054 1462 2125 1516 ita
2157 1466 2299 1518 enim
2327 1483 2427 1521 nec
2453 1470 2659 1538 cepioni
2689 1471 2848 1540 hujus
2873 1479 3053 1531 szeculi
3079 1485 3491 1553 concupiscent,

1906 1568 2008 1608 nec
2036 1554 2310 1646 timebunt
2354 1558 2609 1627 inepiam.
2649 1558 2720 1615 Et
2766 1565 3045 1621 laudabunt
3091 1570 3363 1628 Dominum
3407 1581 3493 1646 qui

1905 1644 2166 1707 requirunt
2195 1662 2308 1698 eum
2335 1662 2353 1699 :
2375 1664 2495 1702 nam
2527 1651 2642 1704 laus
2674 1652 2880 1707 Domini
2908 1667 2987 1711 est
3010 1664 3270 1717 eructatio
3297 1644 3492 1720 saturi—

1905 1736 2028 1788 tatis
2074 1735 2235 1790 illius.
2294 1735 2471 1792 Vivent
2516 1742 2672 1794 corda
2712 1760 2886 1798 eorum
2926 1763 2980 1802 tu
3016 1753 3256 1806 ste-culum
3285 1757 3493 1811 steculi:

1903 1839 2025 1877 nam
2056 1826 2207 1882 cibus
2235 1828 2326 1882 ille
2349 1829 2529 1884 cordis
2555 1840 2655 1885 est.

1972 1916 2062 1971 28.
2097 1915 2248 1990 [vers.
2295 1918 2412 1992 28.]
2455 1922 3019 1992 Commentorabuntur,
3047 1941 3106 1985 .et
3146 1947 3491 1992 convertentur

1902 2010 1970 2060 ad
1995 2007 2273 2064 Dominum
2301 2014 2522 2068 universi
2544 2016 2672 2077 fines
2693 2025 2840 2072 teme
2858 2035 2876 2072 :
2890 2028 3457 2084 commemorabuntur
3475 2076 3488 2093 ,

1902 2101 2176 2162 exciderat
2213 2103 2356 2156 enim
2402 2105 2541 2159 Deus
2571 2106 2833 2163 Gentibus
2860 2115 3161 2169 mortalitcr
3195 2120 3332 2173 natis
3355 2131 3412 2176 et
3441 2125 3490 2176 in

1903 2193 2167 2246 exteriora
2209 2193 2578 2263 tendentibus;
2612 2208 2666 2252 et
2703 2208 2829 2256 tunc
2869 2217 3254 2265 convertentur
3282 2212 3349 2266 ad
3379 2213 3491 2269 Do-

1903 2284 2104 2337 minmn
2134 2287 2367 2341 universi
2392 2288 2524 2344 lines
2547 2300 2722 2346 terrae.
2751 2292 2818 2346 Et
2839 2296 3124 2352 adorabunt
3150 2302 3204 2355 in
3225 2319 3491 2375 conspectu

1902 2377 2010 2444 ejus
2041 2377 2289 2431 universa:
2329 2382 2510 2447 patria:
2546 2384 2810 2452 gentium:
2833 2397 2888 2440 et
2929 2389 3227 2448 adorabunt
3264 2395 3320 2450 in
3362 2412 3490 2452 Cott-

1905 2465 2148 2521 scicntiis
2174 2471 2285 2522 suis
2315 2471 2576 2525 universm
2605 2475 2790 2542 patria:
2818 2479 3075 2544 gentium.

1979 2557 2072 2612 29.
2104 2557 2256 2631 {vera
2287 2560 2406 2634 29.]
2433 2562 2683 2629 Quoniam
2710 2565 2918 2621 Domini
2944 2580 3017 2623 est
3045 2588 3272 2643 regnum,
3305 2588 3351 2630 et
3388 2578 3494 2648 ipse

1905 2648 2252 2704 dominabitur
2271 2653 2500 2723 gentium
2526 2655 2810 2724 :quouiam
2853 2658 3062 2716 Domini
3107 2675 3189 2719 est
3227 2682 3446 2738 regnum
3476 2714 3492 2736 ,

1902 2753 2009 2840 non
2038 2743 2393 2810 superborum
2426 2743 2733 2813 hominum;
2763 2756 2821 2803 et
2845 2750 2959 2819 ipse
2981 2751 3339 2813 dominabitur
3363 2775 3496 2830 gen-

1903 2840 2054 2883 Itum.

1973 2922 2061 2976 50.
2091 2920 2240 2995 [vers.
2270 2925 2388 2998 50.]
2421 2925 2858 2984 Manducaverunt
2884 2943 2930 2985 et
2956 2934 3291 2999 admoverunt
3317 2955 3487 2997 omnes

1864 3057 1867 3059 .
1900 3011 2078 3068 divites
2100 3027 2286 3069 terrm:
2309 3019 2762 3076 manducaverunt
2806 3038 3000 3093 corpus
3039 3026 3353 3085 humilitatis
3387 3035 3492 3086 Dn-

1900 3105 2034 3159 mini
2081 3106 2164 3160 sui
2211 3109 2374 3163 etiam
2427 3111 2618 3166 divites
2665 3122 2858 3182 teme,
2908 3133 3007 3172 nec
3049 3121 3185 3175 sicut
3230 3138 3491 3196 pauperes

1899 3201 2122 3252 saturati
2151 3209 2276 3253 sunt
2303 3216 2470 3272 usque
2511 3204 2578 3258 ad
2621 3205 3004 3273 imitationem,
3045 3214 3138 3267 sed
3190 3225 3365 3271 tamen
3395 3220 3490 3274 ad-

1899 3300 2206 3347 oraverunt.
2241 3292 2308 3346 In
2357 3309 2622 3365 conspectu
2661 3301 2769 3369 ejus
2818 3304 3079 3370 procident
3132 3307 3352 3362 universi
3405 3315 3493 3381 qui

1900 3383 2216 3438 descendunt
2263 3385 2314 3438 in
2369 3396 2602 3442 terram:
2634 3391 2781 3444 solus
2834 3393 2977 3448 enim
3027 3396 3172 3450 videt
3223 3403 3492 3467 quomodo

1903 3477 2184 3544 procidant
2233 3479 2504 3544 universi,
2556 3483 2644 3550 qui
2697 3485 2972 3539 emlcstem
3027 3493 3488 3548 conversationem

1901 3569 2246 3635 deserentes,
2289 3574 2339 3628 in
2383 3585 2522 3629 terra
2555 3578 2758 3645 eligunt
2792 3581 2927 3635 beati
2961 3598 3219 3653 apparere
3251 3586 3484 3643 homini-

1900 3662 2016 3722 bus,
2052 3680 2156 3716 non
2185 3665 2484 3720 videntibus
2509 3669 2714 3723 ruinam
2743 3687 2946 3726 eorum.

1972 3754 2060 3806 51.
2101 3753 2252 3825 [vcrs.
2295 3755 2408 3826 5L]
2449 3756 2520 3811 Et
2562 3762 2731 3812 anima
2774 3779 2883 3815 mea
2914 3764 3011 3832 ipsi
3039 3766 3162 3818 viret
3188 3778 3276 3820 :et
3314 3772 3488 3824 anima

1901 3856 2016 3894 mea
2041 3846 2238 3911 quasi"
2270 3857 2582 3917 contemptu
2611 3853 2791 3905 smculi
2828 3853 2983 3920 hujus
3009 3858 3158 3923 quasi
3187 3861 3319 3912 mori
3347 3862 3491 3915 vide-

1900 3942 1987 3984 tur
2029 3934 2356 3998 hominibus,
2407 3956 2510 3992 non
2558 3941 2693 4005 sibi,
2743 3943 2837 3996 sed
2882 3945 2979 4013 ipsi
3031 3949 3189 4001 vivet.
3223 3948 3291 4002 Et
3322 3970 3490 4006 semen

1885 4041 2064 4077 meum
2091 4027 2266 4079 serviet
2291 4029 2370 4081 illi
2391 4045 2408 4081 :
2429 4041 2483 4084 et
2508 4047 2670 4100 opera
2699 4048 2840 4100 mea,
2866 4037 2948 4088 vel
2979 4052 3073 4105 per
3101 4055 3184 4094 me
3209 4043 3491 4099 credentes

1900 4116 1950 4167 in
1973 4132 2117 4181 eum,
2140 4119 2371 4172 servient
2401 4120 2496 4175 illi.

1978 4205 2066 4260 '52.
2127 4205 2278 4279 [vers.
2335 4209 2449 4282 52.]
2505 4213 2901 4267 Annuntiabitur
2957 4216 3180 4272 Domino
3236 4228 3491 4292 generatio

1899 4307 2107 4348 ventura
2132 4315 2150 4350 :
2172 4302 2576 4354 annuntiabitnr
2608 4304 2657 4355 in
2697 4304 2952 4359 honorem
2985 4308 3190 4364 Domini
3220 4319 3489 4381 generatio

1897 4385 2029 4440 Novi
2054 4388 2405 4444 Testamcnti.
2432 4392 2496 4445 Et
2519 4396 2888 4449 annuntiabunt
2914 4399 3022 4451 caeli
3042 4402 3055 4430 ¹
3070 4402 3324 4468 justitiam
3347 4407 3452 4475 ejus
3469 4425 3489 4460 .°

1899 4489 1953 4531 et
1999 4481 2394 4535 aununtiabunt
2426 4483 2780 4553 Evangelistae
2804 4488 3063 4555 justitiam
3104 4492 3241 4560 ejus.
3290 4494 3489 4564 Populo

1897 4572 1981 4639 qui
2007 4583 2237 4625 nascetur
2258 4591 2403 4644 quem
2426 4578 2541 4646 fecit
2569 4575 2817 4632 Dominus
2852 4597 2870 4632 :
2903 4583 3097 4650 pepulo
3123 4585 3214 4654 qui
3241 4601 3496 4642 nascetur

1897 4677 1965 4717 ex
1989 4662 2092 4718 ﬁde
2125 4665 2370 4720 Domino.

2431 4761 2829 4818 ENARRATIO
2889 4763 2948 4819 ΙΙ.

2019 4845 2207 4901 Concio
2233 4849 2402 4901 habita
2423 4852 2474 4902 in
2498 4853 2813 4906 solemnitate
2843 4853 3101 4910 Passionis
3140 4858 3363 4915 Domini.

1968 4942 2019 4992 1.
2053 4940 2204 5006 Quod
2255 4943 2413 4994 taceri
2460 4942 2598 4996 Dens
2638 4945 2806 4998 noluit
2851 4963 2947 5015 per
2987 4946 3290 5018 Scripturas
3332 4971 3483 5026 suas,

1896 5047 1994 5085 nec
2039 5047 2066 5083 a
2115 5033 2270 5085 nobis
2313 5033 2596 5087 tacendum
2639 5047 2754 5101 est,
2799 5048 2851 5089 et
2891 5055 2919 5091 a
2963 5041 3112 5094 vobis
3139 5044 3478 5101 audiendum.

1897 5122 2081 5175 Passio
2113 5123 2356 5189 Domini,
2389 5125 2526 5179 sicut
2554 5127 2753 5180 scimus
2773 5170 2786 5187 ,
2817 5132 2979 5184 semel
3012 5131 3145 5184 facta
3174 5145 3287 5193 est:
3318 5143 3483 5194 semel

1893 5213 2034 5265 enim
2061 5211 2310 5268 Christus
2330 5225 2570 5269 tnortuus
2596 5218 2885 5287 est,justns
2910 5236 3005 5290 pro
3034 5223 3244 5291 injustis
3276 5229 3314 5295 (l
3345 5229 3462 5283 l’etr
3488 5289 3498 5295 ᾕ

1894 5320 1970 5367 ιιι,
2005 5305 2117 5372 18).
2151 5305 2217 5358 ΕΙ.
2243 5307 2475 5373 scimus,
2507 5320 2562 5363 et
2595 5321 2799 5364 certum
2837 5312 3125 5376 habemus,
3170 5329 3223 5371 et
3249 5319 3350 5372 lide
3380 5323 3477 5375 iut~

1893 5395 2076 5448 mobili
2105 5396 2397 5450 retinemus
2421 5440 2437 5464 ,
2479 5400 2596 5468 quia
2622 5399 2850 5455 Christus
2877 5420 3141 5474 resurgens
3168 5426 3197 5457 a
3229 5415 3440 5466 mortuis
3464 5455 3479 5477 ,

1882 5486 1996 5553 jam
2037 5502 2137 5538 non
2182 5489 2425 5552 moritur,
2472 5502 2518 5541 et
2556 5507 2686 5544 mors
2730 5493 2778 5545 ei
2819 5495 2952 5546 ultra
2993 5513 3090 5549 non
3145 5499 3484 5556 dominabitur

1956 5619 2216 5694 t‘jxounulli
2241 5628 2370 5694 uss,
2398 5629 2452 5694 {Et
2475 5626 2822 5677 aununtiabunt
2835 5628 3076 5691 justitiam
3112 5634 3218 5694 ejus
3247 5647 3265 5684 :
3289 5633 3487 5690 omisso.

1889 5680 2015 5742 cmli,
2043 5683 2169 5742 quod
2195 5695 2220 5730 a
2243 5690 2347 5731 LXX
2361 5680 2534 5734 abest.

1893 5803 1912 5851 1
1954 5741 2318 5849 (ἕλῑιιὶηιιὶωιιιι-
2343 5746 2472 5795 idem
2496 5761 2625 5797 vers.
2646 5749 2706 5798 9.7
2725 5752 2772 5800 in
2800 5752 2820 5800 l
2842 5758 2979 5801 Enar.
2995 5755 3114 5803 Psal.
3133 5771 3292 5818 xum,
3329 5773 3488 5815 scrin.

1967 5834 2011 5849 III
2032 5834 2077 5849 ιι.

2942 5903 3118 5967 ,-’Si:r.
3137 5908 3157 5965 Ι
