4008 6350
678 361 785 425 νη

688 480 871 551 (κωκυ
909 494 1000 542 vt,
1045 477 1136 546 9);
1185 474 1349 530 verba
1391 472 1491 527 ista
1537 467 1779 541 Apostoli
1824 474 2179 521 suntztamen
2213 478 2279 517 ne

684 573 1070 629 obliviscamur
1103 565 1247 639 quod
1291 563 1488 619 factum
1534 570 1617 617 est
1659 558 1824 614 semel
1851 599 1867 624 ,
1922 556 1974 611 in
2023 555 2280 609 memoria

692 675 873 721 nostra
917 660 1064 715 omni
1108 673 1252 713 anno
1300 657 1376 711 fit.
1428 653 1649 721 Quoties
1696 649 1894 707 Pascha
1943 648 2279 707 celebratur,

691 752 947 822 numquid
997 749 1157 805 toties
1194 745 1437 802 Christus
1477 741 1737 798 moritur?
1768 740 1871 797 Sed
1906 748 2083 793 tamen
2130 728 2284 791 anni-

694 844 930 899 versaria
972 839 1276 896 recordatio
1300 838 1449 909 quasi
1483 842 1831 905 repraesentat
1874 829 2015 902 quod
2044 829 2170 883 olim
2203 826 2282 880 fa-

693 945 838 988 ctum
865 942 978 993 est,
1021 932 1078 986 et
1103 931 1182 986 sic
1210 944 1307 985 nos
1334 927 1461 982 facit
1499 925 1701 983 moveri
1733 932 1983 992 tanquam
2009 920 2285 974 videamus

692 1022 746 1077 in
769 1037 927 1077 cruce
948 1019 1266 1091 pendentem
1288 1018 1598 1073 Dominum:
1629 1029 1733 1067 non
1762 1021 1938 1065 tamen
1966 1008 2276 1071 irridentes,

693 1115 787 1169 sed
818 1112 1123 1168 credentes.
1164 1107 1413 1166 Pendens
1461 1102 1611 1161 enim'
1656 1105 1707 1158 in
1748 1103 1892 1173 ligno
1931 1101 2121 1154 irrisus
2162 1109 2282 1158 est,

695 1204 888 1260 sedens
926 1204 979 1258 in
1009 1202 1146 1257 coelo
1173 1200 1445 1256 adoratur.
1479 1200 1559 1251 An
1607 1196 1744 1249 forte
1783 1193 1957 1248 adhuc
2001 1188 2281 1254 irridetur,

696 1305 748 1349 et
774 1296 884 1363 jam
917 1308 1022 1348 non
1052 1302 1137 1348 est
1181 1289 1517 1345 irascendum
1549 1286 1771 1349 Judzeis,
1816 1285 1906 1355 qui
1932 1284 2014 1338 vel
2047 1281 2283 1335 morien-

643 1434 645 1437 .
692 1396 799 1441 tem
849 1385 1174 1448 deriserunt,
1227 1397 1333 1436 non
1383 1378 1735 1448 regnantem?
1786 1376 1857 1429 Et
1903 1375 2024 1444 quis
2066 1380 2151 1427 est
2197 1370 2285 1440 qui

692 1479 968 1534 Christum
997 1476 1172 1532 adhuc
1200 1472 1460 1530 irrideat?
1484 1470 1697 1537 Utinam
1727 1484 1864 1523 unus
1892 1475 2057 1530 esset,
2084 1465 2284 1519 utinam

696 1568 827 1633 duo,
887 1568 1090 1623 utinam
1145 1561 1413 1621 numerari
1461 1561 1718 1633 possent!
1770 1557 1903 1612 Tota
1949 1555 2098 1626 palea
2146 1569 2287 1609 area:

704 1660 870 1728 ipsius
908 1655 1095 1714 irridet
1129 1670 1285 1719 eum,
1325 1661 1381 1710 et
1413 1652 1578 1724 gemit
1613 1649 1845 1705 triticum
1872 1646 2080 1703 irrideri
2109 1645 2290 1700 Domi-

698 1764 823 1804 num
847 1765 864 1804 :
886 1746 991 1802 hoc
1028 1746 1152 1801 volo
1177 1746 1392 1815 gemere
1417 1742 1731 1806 vobiscum;
1779 1750 1989 1808 tempus
2032 1744 2115 1794 est
2141 1737 2284 1793 enim

697 1839 936 1911 lugendi.
966 1838 1150 1893 Passio
1176 1834 1387 1890 Domini
1427 1833 1730 1888 celebratur
1756 1848 1770 1884 :
1800 1839 2011 1897 tempus
2039 1825 2287 1899 gemendi

696 1940 781 1985 est
799 1971 814 1994 ,
847 1938 1057 1999 tempus
1083 1926 1266 1990 ﬂendi,
1300 1933 1513 1995 tempus
1540 1920 1829 1979 confitendi
1859 1931 1913 1976 et
1940 1917 2285 1990 deprecandi.

701 2022 766 2075 Et
790 2020 910 2091 quis
936 2027 1177 2075 nostrum
1203 2028 1285 2095 est
1307 2017 1528 2071 idoneus
1554 2014 1620 2069 ad
1647 2012 1995 2069 etl'undendas
2021 2011 2289 2084 lacrymas

701 2128 798 2181 pro
827 2110 1082 2181 dignitate
1122 2108 1325 2164 doloris
1351 2105 1520 2161 tanti?
1546 2104 1652 2162 Sed
1682 2103 1808 2176 quid
1834 2103 1995 2158 modo
2014 2102 2030 2135 ¹
2061 2102 2134 2155 ait
2158 2115 2287 2171 pro-

699 2202 893 2273 pheta?
935 2200 1061 2268 Quis
1104 2198 1243 2253 dabit
1276 2198 1431 2269 capiti
1472 2212 1583 2251 meo
1624 2211 1844 2266 aquam,
1888 2203 1935 2248 et
1960 2192 2121 2246 oculis
2162 2192 2288 2245 meis

696 2297 888 2364 {autem
915 2292 1255 2363 lacrynwrum
1280 2288 1492 2361 (Jerem.
1524 2304 1601 2353 tx,
1631 2287 1728 2359 i)?
1756 2286 1803 2341 si
1829 2300 1954 2342 vere
1974 2283 2093 2339 fons
2112 2284 2287 2353 lacry-

697 2401 903 2441 rnarum
936 2392 1080 2440 esset
1126 2384 1178 2437 in
1209 2382 1379 2437 oculis
1415 2380 1644 2447 nostris,
1695 2394 1799 2435 nec
1838 2378 1955 2449 ipse
1995 2375 2286 2432 sufficeret.

699 2474 908 2531 lrrideri
940 2474 1208 2532 Christum
1252 2474 1305 2527 in
1349 2489 1409 2528 re
1451 2479 1656 2543 aperta,
1705 2471 1759 2525 in
1803 2486 1866 2526 ea
1910 2486 1973 2524 re
2010 2469 2098 2523 ubi
2129 2454 2290 2523 nemo

699 2578 874 2637 potest
898 2566 1099 2634 dicere,
1131 2564 1249 2620 Non
1279 2564 1548 2621 intellexi!
1574 2563 1871 2619 Possidenti
1902 2562 2043 2617 enim
2070 2559 2288 2616 univer-

697 2673 816 2712 sum
841 2658 1026 2713 orbem
1051 2665 1340 2719 terrarum,
1371 2669 1495 2725 pars
1516 2653 1769 2718 oﬂ’ertur;
1791 2659 1849 2707 et
1868 2652 2064 2708 dicitur
2080 2650 2289 2706 sedenti

695 2748 763 2802 ad
792 2747 1065 2803 dexteram
1096 2745 1289 2811 Patris,
1326 2746 1461 2801 Ecce
1485 2743 1613 2815 quid
1642 2745 1725 2797 hic
1754 2742 1953 2799 habes:
1976 2750 2031 2799 et
2056 2756 2151 2814 pro
2180 2749 2287 2796 tota

697 2846 837 2894 terra
863 2836 1159 2892 ostenditur
1182 2834 1253 2889 illi
1283 2835 1397 2890 sola
1428 2835 1600 2889 Africa
1623 2834 1735 2906 (a)!
1966 2830 1967 2833 “

780 2930 836 2984 2.
870 2929 1039 2984 Verba
1068 2941 1187 2999 quae
1215 2927 1376 2983 modo
1412 2923 1741 2992 audivimus,
1774 2927 1992 2990 fratres,
2020 2923 2108 2979 ubi
2134 2923 2289 2997 poni-

697 3022 849 3078 mus?
894 3021 952 3077 Si
1000 3028 1217 3090 possent
1262 3019 1331 3074 de
1376 3018 1627 3089 lacrymis
1672 3017 1982 3073 describi'!
2023 3018 2152 3083 Quae
2194 3014 2290 3070 fuit

698 3112 889 3168 mulier
911 3127 1036 3183 quae
1067 3110 1285 3164 intravit
1312 3125 1432 3164 cum
1464 3120 1737 3180 unguento
1767 3107 1980 3182 (Matth.
2009 3122 2168 3163 xxvt.
2194 3104 2292 3165 7i?

695 3202 860 3274 Cujus
885 3210 1067 3274 typum
1100 3200 1382 3270 portabat?
1408 3214 1587 3255 nonne
1616 3194 1903 3254 Ecelesiaé?
1931 3196 2095 3268 Cujus
2121 3197 2288 3266 figura

696 3301 813 3348 erat
851 3290 980 3347 illud
1024 3290 1390 3359 unguentum?
1429 3305 1607 3345 nonne
1649 3289 1829 3344 odoris
1872 3288 2030 3355 boni,
2074 3288 2142 3342 de
2184 3303 2290 3355 quo

697 3384 827 3439 dicit
866 3380 1406 3453 Apostolus:Christi
1443 3378 1604 3434 bonus
1650 3380 1777 3434 odor
1822 3395 1996 3433 sumus
2042 3378 2097 3432 in
2149 3377 2290 3431 omni

698 3476 808 3530 loco
834 3470 903 3547 (ll
926 3471 1043 3528 Cor.
1073 3486 1110 3528 tt
1130 3513 1147 3539 ,
1176 3471 1280 3536 ιι.
1316 3468 1447 3543 i5)?
1494 3469 1662 3538 Ipsius
1690 3467 1832 3523 enim
1871 3467 2123 3523 Ecclesia:
2162 3466 2291 3523 iusi-

699 3563 898 3621 nuabat
924 3576 1214 3636 personam
1236 3569 1291 3616 et
1321 3560 1641 3631 Apostolus:
1665 3568 1717 3614 et
1746 3559 1887 3629 quod
1910 3558 2063 3619 dixit,
2094 3575 2288 3626 sumus,

703 3654 949 3715 fidelibus
987 3654 1142 3710 dixit.
1201 3653 1270 3708 Et
1317 3652 1444 3722 quid
1488 3650 1659 3707 dixit?
1702 3649 1895 3706 Christi
1940 3650 2113 3705 bonus
2157 3649 2293 3705 odor

700 3761 889 3802 sumus
919 3746 970 3801 in
996 3746 1144 3801 omni
1172 3746 1312 3802 loco.
1339 3744 1395 3800 In
1418 3744 1563 3798 omni
1591 3744 1709 3797 loco
1730 3742 1863 3798 dixit
1884 3743 2074 3797 Paulus
2092 3741 2289 3797 Christi

702 3840 899 3893 bonum
939 3836 1160 3892 odorem
1187 3851 1307 3892 esse
1335 3849 1524 3894 omnes
1554 3834 1765 3899 fideles,
1807 3842 1861 3888 et
1882 3832 2289 3899 contradicitur,

701 3940 753 3982 et
776 3928 973 3985 dicitur
990 3946 1003 3982 :
1021 3927 1199 3984 Africa
1226 3928 1342 3982 sola
1366 3928 1505 3983 bene
1530 3926 1660 3990 olet,
1692 3934 1833 3983 totus
1862 3924 2093 3979 mundus
2120 3932 2289 3993 putet.

703 4018 900 4075 Christi
928 4019 1103 4075 bonus
1132 4018 1266 4074 odor
1289 4033 1475 4073 sumus
1502 4017 1557 4071 in
1575 4016 1740 4079 ,omni
1768 4015 1889 4072 loco
1910 4056 1930 4083 ,
1974 4014 2094 4085 quis
2121 4014 2294 4070 dicit?

705 4110 968 4166 Ecclesia.
1007 4109 1159 4166 illine
1199 4109 1397 4164 bonum
1430 4108 1649 4164 odorem
1676 4105 2006 4179 signiﬁcabat
2040 4104 2172 4163 illud
2200 4120 2296 4164 vas

705 4202 982 4272 unguenti,
1002 4217 1109 4271 quo
1135 4199 1382 4273 perfusus
1405 4208 1489 4254 est
1511 4199 1787 4254 Dominus.
1809 4197 2096 4253 Videamus
2117 4198 2160 4254 si
2187 4212 2295 4255 non

706 4301 1049 4350 mattestatur
1092 4294 1206 4363 ipse
1248 4292 1528 4347 Dominus.
1573 4291 1708 4345 Dum
1750 4290 1963 4361 quidam
2008 4304 2104 4344 sua
2145 4306 2295 4362 qum-

706 4396 884 4443 rentes
903 4428 919 4451 ,
950 4386 1093 4441 avari
1114 4427 1130 4451 ,
1161 4386 1331 4448 fures,
1363 4384 1413 4438 id
1445 4392 1529 4439 est
1556 4382 1722 4438 ludas
1763 4383 1851 4438 ille
1876 4381 2080 4438 diceret
2116 4382 2182 4435 de
2208 4382 2296 4438 illo

706 4488 974 4550 unguento
1006 4496 1021 4532 :
1058 4476 1251 4551 thuid
1290 4476 1390 4531 ista
1428 4475 1686 4542 perditio?
1727 4482 1919 4545 poterat
1960 4490 2039 4527 res
2080 4474 2299 4544 pretiosa

704 4569 1022 4637 venumdari,
1054 4579 1101 4623 et
1129 4568 1396 4641 proﬁcere'
1428 4568 1756 4637 pauperibus,
1787 4565 2005 4621 odorem
2031 4566 2175 4619 enim
2204 4565 2299 4619 bo-

707 4679 833 4721 num
854 4661 1048 4716 Christi
1076 4660 1307 4715 vendere
1328 4660 1557 4719 volebat.
1580 4656 1703 4727 quid
1718 4656 1988 4725 respondit
2009 4654 2299 4710 Dominus?

719 4754 909 4823 (Itquid
950 4751 1144 4809 molesti
1172 4755 1288 4805 estis
1325 4749 1566 4803 mulieri?
1604 4747 1803 4803 Bonum
1841 4762 1967 4818 opus
1994 4755 2201 4815 operata
2229 4755 2301 4800 est

711 4848 763 4900 in
795 4862 893 4899 me.
924 4844 995 4900 Et
1032 4843 1155 4913 quid
1202 4842 1432 4912 amplius
1469 4841 1676 4905 dicam,
1720 4839 1931 4909 quando
1972 4838 2086 4907 ipse
2129 4838 2298 4893 dixit:

721 4933 1029 5003 Ubicumque
1056 4944 1221 4986 autem
1252 4931 1610 5003 pra’dicabitur
1637 4930 1732 4983 hoc
1760 4927 2090 4999 Evangelium
2120 4928 2171 4981 in
2200 4936 2301 4981 toto

710 5027 930 5089 mundo,
971 5023 1163 5079 dicetur
1190 5033 1236 5077 et
1257 5020 1391 5093 quod
1412 5022 1531 5093 fecit
1562 5020 1742 5075 mulier
1774 5029 1871 5075 ista
1907 5019 2120 5089 (Matth.
2152 5034 2298 5079 xxvr,

713 5114 870 5178 8-10,
919 5114 1023 5170 l5?
1065 5111 1163 5168 Est
1205 5112 1345 5182 quod
1394 5112 1633 5166 addere?
1681 5119 1764 5165 est
1800 5109 1939 5181 quod
1984 5108 2302 5164 detrahere?

710 5216 796 5261 est
824 5222 989 5277 quare
1012 5220 1195 5259 aurem
1227 5203 1699 5259 calumniatoribus
1734 5200 2172 5256 accommodare?
2195 5202 2302 5254 Aut

714 5299 972 5353 mentitus
994 5305 1077 5352 est
1105 5295 1379 5362 Dominus,
1405 5301 1499 5347 aut.
1522 5292 1710 5348 fefellit
1738 5290 1921 5345 illum?
1944 5291 2153 5362 Eligant
2176 5290 2301 5361 quid

711 5390 893 5446 dicant
917 5406 934 5444 ς
956 5397 1047 5442 aut
1072 5388 1352 5442 mcntitam
1380 5385 1561 5441 dieant
1587 5383 1883 5446 veritatem,
1908 5390 2001 5435 aut
2024 5381 2300 5451 deceptam

687 5571 691 5575 '
778 5564 793 5593 ’
824 5564 1002 5623 Regius
1022 5566 1186 5623 liget
1210 5558 1377 5623 Vatie.,
1406 5555 1455 5606 si
1472 5552 1707 5623 quomodo
1727 5551 1810 5623 ait.
1835 5550 2191 5623 Forteimelius.

776 5624 805 5655 ”
824 5630 870 5672 tn
890 5613 1007 5671 ἔξω.
1032 5621 1242 5676 additur,
1263 5613 1508 5672 deberent,
1527 5613 1667 5679 quod
1676 5628 1704 5679 ρ
1728 5621 1834 5663 Mss.
1859 5616 2018 5663 abest.

777 5686 797 5716 ³
822 5691 913 5733 Lov
936 5716 951 5730 .
976 5672 1243 5733 renuntiari
1264 5692 1467 5745 magno,
1489 5672 1559 5739 ρι’
1578 5673 1832 5745 proﬁceret
1868 5672 2177 5739 pauperibus.
2217 5681 2305 5723 Nos

717 5758 824 5795 tum
848 5757 948 5794 am.
973 5751 1025 5793 et
1048 5749 1176 5801 Mss...
1199 5741 1467 5792 renuntiari
1487 5750 1533 5791 et
1554 5741 1808 5803 proﬁcere.

779 5809 851 5868 (tt)
878 5813 924 5853 lu
950 5804 1233 5854 mustistas.

1894 351 1955 408 Β.
1998 343 2363 406 ΑυςυδτιΝι
2393 339 2698 401 EPISCOPl

3892 336 3988 399 ιτε

2388 461 2569 537 dicant
2587 461 2885 517 veritatem.
2906 450 3231 533 Ubicumque
3252 458 3612 529 medicabitur
3632 454 3725 515 hoc
3748 457 3988 531 Evange-

2395 553 2543 607 lium.
2571 552 2641 607 Et
2669 552 2817 622 quasi
2840 567 3109 622 qua‘rercs
3138 552 3206 606 ab
3231 566 3296 606 co
3321 569 3333 603 :
3360 549 3463 609 Ubi
3492 551 3634 606 enim
3667 549 3988 622 prmdicabb

2392 644 2517 697 tur?
2567 642 2636 697 In
2687 653 2789 697 toto
2841 643 3067 709 mundo,
3122 643 3310 713 inquit.
3367 642 3634 699 Psalmum
3677 638 3987 698 audiamus.

2393 734 2671 790 videamus
2713 736 2757 789 si
2808 734 2911 790 hoc
2963 736 3111 791 dicit.
3159 734 3451 791 Audiamus
3492 736 3632 806 quod
3686 735 3988 807 plangendt

2393 836 2637 882 cantatur
2658 870 2672 893 ,
2714 838 2770 883 et
2794 843 2921 884 vere
2953 826 3109 899 digna
3136 842 3223 883 res
3262 828 3474 897 planctu
3503 824 3717 899 quando
3741 830 3988 882 cantatut

2393 920 2590 976 surdis.
2625 921 2809 988 Miror,
2844 920 3034 975 fratres
3056 962 3072 987 ,
3114 920 3159 975 si
3202 920 3361 975 hodie
3400 916 3638 991 psalmus
3666 920 3769 976 istc
3796 919 3988 989 legitur

2392 1023 2446 1067 et
2474 1017 2525 1066 in
2555 1021 2705 1083 parte
2737 1012 2948 1067 Donati.
2978 1011 3129 1083 Rogo
3156 1026 3285 1077 vos,
3318 1013 3510 1067 fratres
3549 1011 3651 1066 mei
3672 1052 3690 1080 ,
3727 1012 3988 1067 conﬁteor

2393 1104 2563 1168 vobis,
2592 1104 2740 1158 novit
2759 1102 2955 1157 Christi
2986 1101 3374 1168 misericordia,
3404 1102 3524 1173 quia
3551 1102 3629 1158 sic
3648 1101 3823 1157 miror
3842 1102 3987 1174 quasi

2393 1194 2585 1265 lapidei
2618 1195 2688 1249 ibi
2718 1195 2845 1260 sint,
2870 1204 3051 1249 etnon
3083 1192 3321 1249 audiant.
3343 1193 3479 1262 Quid
3509 1194 3745 1263 apertius
3771 1192 3988 1249 surdis‘

2392 1287 2623 1342 dicitur?
2653 1288 2840 1342 Passio
2880 1287 3081 1342 Christi
3121 1296 3225 1342 tam
3255 1286 3534 1341 evidenter
3557 1285 3710 1358 quasi
3743 1283 3988 1357 Evange-

2394 1379 2525 1434 lium
2558 1379 2815 1434 recitatur
2835 1420 2851 1445 ,
2883 1386 2938 1433 et
2964 1377 3163 1433 dictum
3191 1387 3273 1433 est
3298 1387 3421 1431 ante
3448 1378 3631 1432 nescio
3659 1386 3793 1448 quot
3818 1392 3988 1433 annos

2393 1487 2551 1542 quam
2595 1472 2850 1526 Dominus
2879 1469 2948 1526 de
2974 1469 3138 1524 Maria
3181 1468 3386 1539 virgine
3429 1477 3739 1522 nasceretur
3768 1486 3783 1521 :
3814 1480 3988 1538 prmct

2395 1571 2511 1617 crat
2534 1561 2786 1616 nuntians
2806 1560 3040 1631 iudicem
3068 1561 3327 1615 futurum.
3351 1559 3613 1630 Legamus
3641 1561 3788 1615 illum
3821 1574 3988 1628 quan-

2394 1664 2507 1710 tum
2534 1655 2777 1725 angustia
2797 1654 3055 1723 temporis
3070 1653 3288 1725 patitur,
3311 1667 3416 1708 non
3442 1668 3540 1723 pro
3565 1652 3758 1708 affectu
3784 1654 3988 1708 doloris

2394 1747 2599 1815 nostri,
2631 1745 2723 1802 sed
2747 1789 2761 1810 ,
2790 1756 2851 1800 ut
2875 1745 2983 1800 dixi
3004 1787 3019 1807 ,
3051 1753 3304 1816 quantum
3335 1746 3576 1815 angustia
3602 1748 3872 1815 temporis
3901 1760 3988 1816 pa«

2394 1842 2541 1897 titur.

2469 1931 2525 1987 5.
2556 1928 2706 2004 [υεη.
2733 1928 2813 2005 2.]
2847 1927 3005 1997 Deus,
3037 1926 3171 1983 Deus
3202 1943 3361 1993 meus,
3390 1926 3584 1996 respice
3604 1943 3683 1981 me
3702 1943 3906 1997 :quare
3924 1943 3988 1981 uti

2397 2020 2755 2093 dereliquisti?
2785 2020 2945 2075 istum
2988 2033 3199 2078 versum
3243 2018 3472 2093 primum
3514 2014 3565 2071 iu
3591 2032 3757 2072 cruce
3780 2017 3988 2072 audivi-

2393 2129 2551 2179 mus,
2592 2113 2677 2168 ubi
2716 2112 2970 2169 Dominus
3000 2110 3168 2169 dixit:
3192 2108 3280 2167 Eli
3294 2151 3310 2179 ,
3346 2108 3461 2181 Eli;
3488 2105 3629 2182 quod
3657 2116 3782 2175 est,
3818 2107 3988 2175 Deus,

2396 2221 2557 2268 meus,
2588 2202 2722 2260 Deus
2752 2218 2891 2259 meus
2912 2217 2933 2257 :
2952 2200 3117 2257 Lamo
3143 2199 3477 2259 sabachthani
3491 2198 3519 2254 ?
3542 2198 3682 2275 quod
3703 2206 3813 2269 est,
3840 2215 3988 2276 quan

2399 2313 2481 2351 me
2526 2295 2838 2367 dereliquistl
2862 2288 3073 2367 (Matth.
3105 2307 3280 2359 xxvu,
3308 2287 3442 2367 ‘6)?
3472 2290 3864 2361 interpretatus
3916 2299 3988 2353 est

2394 2388 2519 2443 illud
2542 2386 2897 2457 Evangelista,
2923 2392 2979 2442 et
3000 2384 3134 2441 dixit
3159 2398 3283 2440 eum
3312 2381 3557 2442 ltebralco
3579 2381 3781 2441 dixisse
3810 2399 3825 2436 ε
3862 2380 3988 2439 Dem

2394 2497 2555 2544 meus,
2588 2478 2726 2532 Deus
2761 2494 2935 2540 meus,
2979 2491 3136 2547 quare
3160 2490 3240 2531 me
3265 2472 3619 2545 dereliquisti?
3645 2471 3786 2539 Quid
3829 2472 3988 2531 voluit

2385 2571 2573 2625 dicere
2606 2568 2895 2623 Dominus?
2926 2566 3041 2620 Non
3070 2565 3215 2620 enim
3251 2563 3607 2635 dereliquerat
3643 2562 3793 2619 illum
3830 2561 3988 2627 Deus,

2394 2677 2515 2715 cum
2546 2661 2660 2731 ipse
2688 2668 2832 2714 esset
2858 2659 3039 2718 Deus;
3072 2656 3254 2726 utique
3279 2653 3445 2708 Filius
3476 2653 3573 2707 Dei
3608 2652 3775 2714 Deus.
3810 2652 3988 2725 utiqut

2400 2753 2633 2810 Verbum
2669 2750 2761 2806 Dei
2792 2751 2952 2805 Deus.
2980 2748 3115 2803 Audi
3143 2763 3171 2800 a
3197 2749 3369 2816 capite
3398 2746 3546 2800 illum
3572 2746 3988 2813 evangelistam,

2393 2846 2485 2919 qui
2534 2842 2776 2898 ructabat
2813 2841 2953 2912 quod
2987 2841 3193 2895 biberat
3219 2839 3286 2894 de
3315 2848 3529 2908 pectore
3559 2838 3771 2893 Domini
3809 2836 3988 2907 (Joan.

2395 2951 2510 3001 sui,
2536 2934 2651 3003 23),
2681 2932 2957 2991 videamus
2986 2932 3029 2985 si
3061 2934 3199 2985 Deus
3230 2939 3312 2985 est
3335 2927 3579 2984 Christus
3604 2946 3617 2983 :
3644 2927 3709 2982 In
3739 2930 3988 2999 principia

2394 3039 2503 3082 erat
2536 3024 2773 3103 Verbum,
2806 3035 2854 3079 et
2886 3022 3101 3079 Verbum
3129 3030 3237 3077 erat
3261 3021 3413 3093 apud
3429 3020 3609 3079 Deum,
3639 3031 3686 3074 et
3719 3018 3865 3079 Deus
3892 3030 3988 3075 erat

2408 3116 2640 3173 Verbum.
2672 3116 2847 3187 ipsum
2884 3129 3013 3182 ergo
3045 3112 3277 3169 Verbum
3319 3109 3461 3181 quod
3506 3110 3644 3167 Deus
3686 3121 3840 3176 erat,
3877 3128 3988 3169 cara

2392 3212 2588 3280 factum
2625 3218 2732 3268 est,
2779 3216 2826 3263 et
2870 3205 3111 3261 habitauit
3138 3203 3190 3259 in
3218 3203 3360 3259 nobis
3396 3201 3504 3276 (Id.
3544 3217 3582 3271 ι,
3632 3199 3705 3275 i).
3751 3202 3824 3259 Et
3871 3217 3988 3263 cum

2396 3301 2632 3355 Verbum
2661 3299 2803 3355 Deus
2831 3297 3026 3352 factum
3053 3305 3195 3352 esset
3222 3309 3350 3351 caro
3369 3334 3386 3363 ,
3420 3293 3686 3366 pendebat
3710 3292 3763 3351 in
3797 3308 3987 3359 cruce,

2394 3404 2451 3451 et
2479 3392 2688 3447 dicebat
2718 3408 2733 3446 :
2764 3390 2898 3444 Deus
2925 3405 3085 3451 meus,
3118 3386 3257 3443 Deus
3286 3402 3445 3453 meus,
3477 3386 3665 3458 respice
3694 3403 3774 3441 me
3797 3400 3819 3440 :
3838 3402 3988 3456 quare

2394 3503 2475 3541 me
2499 3483 2849 3555 dereliquisti?
2875 3483 3056 3549 Quare
3091 3479 3289 3537 dicitur
3312 3522 3327 3547 ,
3360 3480 3463 3537 nisi
3492 3479 3614 3551 quia
3644 3494 3743 3537 nos
3771 3480 3851 3535 ibi
3877 3495 3987 3537 era-

2395 3593 2536 3639 mus,
2564 3576 2663 3629 nisi
2691 3574 2813 3645 quia
2842 3588 3038 3644 corpus
3061 3572 3256 3628 Christi
3286 3571 3525 3628 Ecclesia
3555 3569 3772 3643 (Ephes.
3800 3587 3841 3637 ι.
3866 3570 3988 3642 9.3)?

2396 3669 2591 3739 thuid
2634 3668 2789 3735 dixit,
2838 3665 2979 3721 Deus
3024 3680 3183 3729 meus,
3238 3663 3374 3719 Deus
3428 3680 3588 3728 meus,
3634 3664 3837 3732 respice
3880 3678 3988 3717 mer

2396 3777 2553 3829 quare
2587 3775 2667 3814 me
2694 3756 3045 3827 dereliquisti?
3074 3756 3174 3810 nisi
3214 3753 3607 3826 quodammodo
3632 3755 3874 3810 intentos
3899 3767 3987 3809 nos

2397 3851 2596 3906 faciens
2622 3858 2677 3904 et
2699 3848 2885 3904 dicens
2910 3836 2939 3915 ,“
2970 3847 3212 3901 Psalmus
3255 3846 3358 3901 iste
3398 3844 3468 3902 de
3497 3859 3582 3900 me
3611 3845 3848 3915 scriptus
3871 3843 3988 3900 est?

2396 3942 2572 4015 Longe
2594 3959 2627 3995 a
2644 3943 2807 3996 salute
2832 3956 2963 4007 mea,
2986 3938 3133 3993 verba
3160 3936 3458 3991 delictorum
3485 3951 3731 3991 meorum.
3751 3933 3985 4002 Quorum

2397 4034 2714 4092 delictorum
2740 4074 2757 4095 ,
2801 4032 2871 4088 de
2913 4044 3020 4101 quo
3068 4030 3265 4085 dictum
3308 4035 3391 4084 est
3413 4045 3439 4096 ς
3476 4026 3577 4094 Qui
3602 4036 3867 4097 peccatum
3897 4040 3987 4079 non

2399 4127 2537 4201 fecit,
2568 4140 2663 4180 nec
2697 4124 2932 4178 inuentus
2958 4130 3033 4177 est
3058 4121 3210 4175 dolus
3238 4120 3292 4175 in
3322 4135 3408 4175 ore
3435 4120 3544 4190 ejus
3564 4116 3607 4189 (Ι
3638 4115 3755 4171 Pet.
3784 4132 3849 4183 ιι,
3871 4114 3987 4185 12)?

2398 4214 2677 4292 Quomodo
2698 4230 2829 4287 ergo
2852 4214 2981 4270 dicit
3007 4213 3306 4268 delictorum
3329 4225 3594 4273 meorum;
3621 4208 3720 4263 nisi
3747 4210 3874 4278 quia
3902 4218 3988 4277 pro

2399 4309 2609 4367 delictis
2640 4297 2838 4366 nostris
2881 4305 2997 4379 ipse
3042 4311 3288 4375 precatur
3307 4343 3323 4366 ,
3374 4309 3431 4357 et
3458 4299 3651 4356 delicta
3682 4306 3872 4353 nostra
3900 4311 3984 4352 sua

2399 4402 2591 4457 delicta
2642 4399 2802 4467 fecit,
2852 4407 2909 4455 ut
2946 4396 3209 4471 justitiam
3254 4410 3406 4457 suam
3454 4402 3692 4448 nostram
3730 4392 3987 4461 justitiam

2401 4490 2632 4547 faceret?
3072 4500 3073 4503 ‘
3684 4552 3687 4553 ν

2476 4585 2529 4638 4.
2561 4578 2713 4654 [νυνι.
2742 4577 2821 4655 5.]
2853 4578 2991 4637 Dem
3019 4594 3157 4635 metu
3176 4620 3191 4645 ,
3221 4576 3451 4637 clamabo
3478 4575 3547 4635 ad
3575 4584 3623 4635 te
3648 4590 3739 4643 per
3764 4573 3920 4635 diem,
3946 4581 3988 4625 et

2404 4694 2504 4731 non
2527 4675 2811 4740 exaudies;
2855 4683 2902 4727 et
2932 4680 3093 4738 nocte,
3125 4681 3172 4727 et
3215 4686 3317 4728 non
3355 4670 3426 4727 ad
3451 4667 3794 4741 insipientiam
3835 4663 3987 4727 mihi:

2405 4769 2539 4823 dixit
2568 4768 2749 4836 utique
2774 4765 2840 4821 de
2866 4780 2974 4829 me,
3002 4764 3071 4821 de
3099 4771 3171 4825 te.
3193 4762 3263 4819 de
3289 4761 3414 4831 illo;
3443 4772 3638 4832 corpus
3663 4758 3810 4819 enim
3843 4769 3980 4823 suum

2405 4861 2644 4934 gerebat,
2680 4859 2728 4914 id
2760 4868 2846 4914 est
2873 4857 3190 4914 Ecclcsiam.
3227 4854 3336 4911 Nisi
3364 4851 3501 4911 forte
3527 4852 3742 4925 putatis,
3781 4850 3979 4911 fratrem

2406 4954 2526 5023 quia
2565 4950 2778 5022 quando
2820 4949 2953 5005 dixit
3014 4947 3298 5012 Dominus,
3352 4944 3529 5009 Pater,
3578 4943 3622 5000 si
3663 4942 3778 5015 ﬁeri
3816 4948 3981 5013 potest.

2407 5053 2629 5099 transeat
2653 5060 2685 5096 a
2708 5058 2788 5096 me
2823 5040 2961 5096 calix
2983 5040 3076 5095 iste
3101 5036 3309 5107 (Matth.
3340 5051 3465 5091 xxvr
3490 5076 3503 5099 ,
3536 5032 3651 5107 39).
3681 5033 3819 5090 mori
3848 5032 3981 5089 timc-

2408 5137 2516 5191 bat.
2546 5135 2661 5190 Non
2688 5144 2770 5188 est
2797 5132 2989 5186 fortior
3029 5130 3178 5183 miles
3199 5168 3215 5193 ,
3245 5142 3407 5200 quam
3448 5126 3760 5195 imperatur.
3792 5118 3984 5181 Sufficit

2408 5242 2561 5282 servo
2590 5234 2647 5280 ut
2686 5225 2755 5279 sit
2798 5224 2937 5277 sicut
2982 5221 3230 5273 dominus
3258 5218 3374 5288 ejus
3399 5216 3507 5281 (Id.
3541 5232 3605 5280 Χ,
3634 5213 3754 5285 25).
3802 5211 3980 5271 Paulus

2408 5317 2559 5381 dicit,
2592 5317 2744 5371 miles
2784 5313 2925 5383 regis
2948 5311 3181 5366 Christit
3209 5308 3497 5377 Compellor
3523 5323 3549 5359 ρ
3571 5304 3788 5368 duobus,
3817 5318 3983 5359 concu-

2410 5408 2701 5477 piscentiam
2719 5404 2905 5457 habens
2931 5400 3154 5463 dissolvi,
3178 5409 3225 5453 et
3247 5415 3350 5453 esse
3374 5415 3486 5451 cum
3512 5396 3710 5451 Christo
3734 5392 3978 5464 (Philipp.

2411 5516 2448 5562 ι,
2479 5496 2593 5569 23).
2620 5496 2716 5551 ille
2744 5504 2892 5563 Optat
2915 5502 3140 5548 mortem
3166 5532 3180 5547 .
3214 5499 3270 5544 ut
3293 5490 3361 5544 sit
3398 5503 3517 5542 cum
3543 5485 3779 5551 Christo,
3806 5495 3856 5539 et
3885 5484 3981 5552 ipse

2416 5591 2657 5646 Christus
2692 5588 2842 5641 timet
2880 5583 3146 5640 mortem?
3192 5580 3296 5637 Sed
3341 5580 3463 5648 quid
3508 5577 3606 5633 nisi
3639 5576 3980 5630 infirmitatem

2416 5690 2654 5736 nostram
2687 5677 2969 5744 portabat,
2997 5684 3052 5730 et
3080 5688 3175 5744 pro
3203 5673 3286 5728 his
3312 5671 3402 5742 qui
3434 5669 3607 5725 adhuc
3634 5668 3823 5722 timent
3851 5676 3966 5721 mot-

2479 5796 2494 5825 ³
2520 5790 2689 5840 Plures
2708 5796 2816 5841 Mss.
2844 5788 2963 5848 loco,
2989 5784 3172 5847 surdis,
3196 5784 3395 5843 habent,
3424 5786 3635 5832 matres.
