4008 6380
359 413 465 476 Πδ

354 537 466 584 tem
495 528 547 582 in
575 538 800 594 corpore
839 536 937 578 suo
975 518 1338 584 constitutis‘,
1383 519 1481 574 ista
1527 517 1778 573 dicebat?
1820 516 1948 572 Inde

353 629 473 673 erat
499 617 587 671 illa
620 631 742 678 vox,
773 613 1136 668 membrorum
1166 613 1333 683 ipsius
1359 627 1458 664 vox
1504 619 1658 675 erat,
1703 625 1808 663 nou
1858 623 1951 662 ca-

357 708 519 778 pitis;
569 708 646 762 sic
671 717 727 762 et
768 707 886 770 hic,
925 705 1022 758 Per
1048 705 1178 758 diem
1206 714 1252 756 et
1287 713 1480 755 noctem
1506 694 1742 763 clamaui,
1775 711 1820 752 et
1852 716 1952 752 non

355 800 619 854 exaudies.
647 798 794 852 Multi
821 799 961 851 enim
1007 798 1243 850 clamant
1267 796 1318 848 in
1361 795 1702 848 tribulatione
1724 835 1737 854 .
1766 801 1820 846 et
1847 807 1951 844 non

355 891 755 947 “audiuntur:
790 889 881 944 sed
913 889 978 941 ad
1009 887 1267 950 salutem,
1315 901 1419 938 non
1463 883 1528 938 ad
1568 884 1950 952 insipientiam.

356 982 624 1037 Clamavit
655 979 852 1034 Paulus
876 987 932 1031 ut
958 978 1259 1031 auferretur
1286 976 1354 1030 ab
1375 992 1439 1028 eo
1467 975 1716 1028 Stiutulus
1736 974 1912 1026 eat-uis
1936 1012 1950 1036 ,

359 1084 416 1128 et
452 1091 554 1127 non
571 1083 655 1127 est
673 1072 954 1128 exauditus
986 1082 1039 1124 ut
1069 1069 1406 1133 auferretur;
1439 1079 1493 1122 et
1524 1068 1723 1121 dictum
1755 1075 1838 1119 est
1866 1065 1951 1119 ei;

359 1163 558 1233 Snﬂicit
585 1162 672 1216 tibi
714 1164 882 1233 gratia
908 1178 1018 1214 mea
1040 1203 1055 1223 ,
1098 1177 1216 1213 nam
1247 1161 1403 1212 virtus
1435 1159 1484 1210 in
1514 1158 1808 1223 inﬁrmitate
1837 1171 1954 1222 per-

357 1256 528 1322 ﬁcitur
555 1254 623 1321 (ll
652 1251 771 1307 Cor.
804 1252 1002 1319 xn,9).
1033 1253 1171 1321 Ergo
1207 1267 1312 1304 non
1369 1259 1452 1304 est
1497 1248 1807 1306 exauditus;
1860 1245 1954 1298 sed

359 1360 468 1398 non
496 1343 561 1398 ad
601 1343 982 1412 insipientiam,
1012 1342 1106 1396 sed
1137 1341 1201 1395 ad
1228 1340 1545 1408 sapientiam
1572 1356 1584 1390 :
1611 1345 1666 1391 ut
1697 1337 1957 1406 intelligat

360 1441 521 1492 homo
553 1437 819 1492 medicum
849 1451 970 1490 esse
1001 1436 1188 1497 Deum,
1214 1443 1268 1488 et
1295 1432 1691 1486 tribulationem
1721 1429 1956 1484 mediea-

360 1538 601 1583 ineutum
644 1544 764 1582 esse
807 1527 873 1582 ad
905 1527 1160 1589 salutem,
1205 1540 1312 1578 non
1356 1539 1566 1592 plenam
1607 1523 1679 1576 .ad
1729 1523 1954 1575 damna-

362 1621 582 1674 tionem.
625 1617 735 1674 Sub
780 1617 1176 1673 medicamento
1223 1616 1427 1684 positus
1472 1615 1672 1679 ureris,
1723 1614 1953 1678 securis,

359 1709 562 1763 clamas
581 1725 595 1762 :
615 1723 723 1762 non
751 1707 899 1762 audit
924 1706 1165 1762 medicus
1191 1705 1259 1760 ad
1285 1707 1644 1768 voluntatem,
1684 1704 1777 1759 sed
1807 1705 1960 1759 audit

360 1798 428 1853 ad
457 1798 761 1853 sanitatem.

432 1891 488 1944 5.
520 1888 672 1962 [νοτε.
704 1886 783 1961 4.]
814 1886 894 1941 Tu
935 1898 1103 1941 autem
1143 1887 1198 1942 in
1239 1896 1413 1943 sancto
1456 1885 1681 1951 habitas,
1729 1887 1843 1939 laus
1874 1882 1958 1939 ls-

359 1980 490 2035 rael.
523 1980 581 2034 ln
611 1980 714 2034 illis
743 1978 985 2048 habitas,
1016 1993 1151 2052 quos
1178 1977 1518 2034 sanctificasti
1538 2019 1553 2036 .
1591 1986 1645 2032 et
1670 1993 1805 2048 quos
1833 1976 1961 2034 facis

363 2072 664 2142 intelligi-re
692 2072 813 2142 quia
852 2069 920 2126 ad
961 2069 1243 2125 utilitatem
1273 2067 1530 2142 quosdam
1559 2084 1666 2122 non
1695 2067 1919 2124 exaudis
1943 2109 1958 2134 ,

361 2172 422 2225 et.
458 2163 526 2225 ad
556 2163 953 2224 damnationem
980 2161 1238 2235 quosdam
1268 2161 1506 2217 exaudis.
1556 2161 1638 2216 Ad
1680 2161 1959 2216 utilitatem

365 2274 472 2314 non
501 2267 584 2314 est
609 2255 889 2314 exauditus
914 2253 1132 2314 Paulus.
1161 2254 1227 2308 ad
1257 2252 1653 2307 damnationem
1682 2253 1964 2333 exauditus

363 2360 449 2408 est
486 2349 752 2407 diabolus.
779 2348 934 2406 Petiit
960 2346 1062 2404 Joh
1089 2345 1156 2400 ad
1184 2343 1494 2401 tentandum
1517 2385 1532 2409 ,
1565 2353 1620 2399 et
1646 2358 1962 2400 concessum

364 2452 446 2500 est
477 2442 601 2514 (Job
652 2458 690 2504 t,
722 2440 838 2513 1t).
869 2433 1150 2495 Daemones
1177 2435 1447 2508 petierunt
1471 2451 1530 2492 se
1561 2437 1639 2507 ire
1668 2436 1720 2490 in
1748 2449 1962 2506 porcos,

364 2547 421 2592 et
447 2534 684 2591 exauditi
707 2541 831 2589 sunt
849 2531 1063 2606 (Halm.
1096 2545 1210 2596 vtn,
1229 2529 1342 2600 51).
1365 2528 1648 2583 υωηιοηθε
1674 2525 1969 2583 exaudiun-

369 2639 490 2687 tur.
519 2625 811 2697 Apostolus
840 2637 948 2678 non
990 2621 1274 2678 exauditur
1305 2637 1319 2674 :
1351 2620 1444 2675 sed
1487 2619 1561 2674 illi
1607 2617 1968 2675 exaudiuntur

368 2720 434 2774 ad
451 2719 871 2784 damnationem,
891 2714 1179 2786 Apostolus
1196 2728 1299 2767 non
1317 2711 1601 2767 exauditur
1615 2709 1681 2764 ad
1703 2709 1929 2765 salutem
1949 2725 1965 2763 :

367 2814 488 2883 quia
510 2829 613 2866 non
640 2811 708 2866 ad
743 2808 1090 2879 insipientiam
1115 2806 1260 2861 mihi.
1297 2804 1373 2860 Tu
1401 2814 1570 2858 autem
1598 2803 1652 2857 in
1676 2809 1850 2856 sancto
1878 2801 1972 2853 Iza-

370 2905 531 2971 bitas,
565 2903 677 2958 laus
713 2900 900 2956 Israel.
930 2898 1106 2966 Quare
1141 2911 1248 2951 non
1274 2894 1496 2952 exaudis
1521 2901 1578 2948 et
1605 2891 1762 2949 tuos?
1791 2891 1969 2958 Quare

371 2997 495 3054 dico
544 2994 692 3050 ista?
725 2993 1046 3049 Mementote
1071 3003 1285 3058 semper
1330 2987 1453 3053 dici,
1488 2985 1598 3041 Deo
1640 2983 1858 3057 gratias.
1905 2981 1975 3038 Et

383 3103 574 3160 magna
626 3094 712 3142 est
761 3085 848 3141 hic
873 3080 1157 3138 multitudo
1175 3122 1190 3146 ,
1219 3087 1274 3134 et
1297 3078 1388 3150 qui
1415 3092 1520 3132 non
1546 3076 1722 3132 solent
1754 3073 1972 3141 venire,

375 3190 640 3237 venerunt
672 3197 688 3235 :
720 3175 969 3233 omnibus
993 3173 1134 3239 dico,
1169 3171 1290 3242 quia
1321 3171 1373 3224 in
1402 3167 1743 3224 tribulatione
1769 3164 1976 3237 positus

374 3275 699 3332 christianus
731 3270 1015 3341 probatur,
1059 3268 1104 3320 si
1135 3281 1241 3318 non
1282 3261 1564 3330 dereliquit
1594 3261 1760 3314 Deum
1791 3271 1969 3312 suum.

379 3367 510 3421 Nam
540 3363 752 3434 quando
781 3363 917 3415 bene
941 3367 1027 3414 est
1052 3354 1252 3410 homini
1271 3397 1284 3418 ,
1315 3352 1560 3408 desertus
1588 3360 1671 3405 est
1702 3348 1802 3404 sibi
1833 3347 1975 3403 citri-

380 3459 604 3513 stianus.
632 3451 776 3524 Ignis
819 3452 982 3505 intrat
1019 3447 1072 3502 in
1101 3445 1370 3500 fornacem
1390 3483 1407 3510 ,
1435 3451 1488 3497 ct
1529 3442 1716 3495 lornax
1743 3439 1979 3494 auriticis

382 3546 557 3620 magni
590 3541 911 3601 sacramenti
942 3555 1028 3596 res
1052 3546 1154 3594 est.
1187 3536 1262 3591 lbi
1291 3544 1374 3589 est
1401 3547 1590 3586 aurum
1611 3573 1624 3594 ,
1668 3531 1742 3588 ibi
1771 3538 1856 3586 est
1883 3544 1979 3600 pa-

383 3642 488 3707 lea,
507 3639 579 3695 ibi
608 3638 744 3708 ignis
765 3636 818 3690 in
839 3640 1066 3704 augusto
1094 3636 1366 3700 operatur.
1387 3625 1528 3698 Ignis
1557 3624 1648 3682 ille
1672 3638 1777 3679 non
1804 3631 1888 3680 est
1902 3622 1984 3676 di-

382 3749 594 3798 versus,
611 3741 666 3786 et
689 3730 902 3785 diversa
927 3726 1054 3796 agit;
1075 3723 1281 3795 paleam
1309 3721 1361 3778 in
1388 3719 1628 3775 cinerem
1645 3716 1825 3780 vertit,
1848 3727 1983 3768 auro

384 3827 572 3886 sordes
601 3823 755 3879 tollit.
787 3818 845 3875 In
875 3818 1070 3887 quibus
1098 3822 1275 3872 autem
1306 3811 1510 3867 habitat
1540 3811 1700 3872 Deus,
1725 3806 1906 3875 utique
1929 3806 1982 3859 in

390 3914 735 3974 tribulatione
777 3910 1032 3966 meliores
1056 3907 1217 3970 ﬂuut,
1248 3913 1498 3971 tanquam
1526 3913 1711 3953 aurum
1754 3894 1983 3967 probati.

391 4014 460 4068 Et
481 4011 527 4066 si
574 4009 709 4063 forte
741 4003 815 4076 (α)
849 4000 1062 4074 petierit
1088 3994 1336 4052 inimicus
1376 3991 1620 4048 diabolus
1640 4029 1656 4056 ,
1683 3998 1738 4044 et
1762 4001 1987 4043 conces-

391 4119 512 4159 sum
538 4101 614 4156 illi
643 4097 801 4152 fuerit
832 4112 846 4148 :
878 4093 992 4148 sive
1018 4091 1195 4161 aliquo
1221 4087 1407 4141 dolore
1439 4083 1678 4151 corporis
1697 4121 1712 4145 ,
1745 4078 1857 4132 sive
1884 4076 1986 4132 aliv

393 4211 500 4267 quo
523 4195 742 4256 damno,
765 4189 878 4244 sive
902 4182 1192 4240 amissio‘ne
1214 4193 1457 4241 suorum,
1486 4175 1646 4228 fixum
1675 4187 1767 4267 cor
1794 4169 1989 4225 habeat

395 4261 447 4342 in
475 4287 568 4341 illo
584 4283 746 4354 quise
773 4293 876 4333 non
902 4272 1189 4337 subtrahit;
1207 4277 1262 4325 et
1283 4269 1325 4322 si
1343 4267 1496 4338 quasi
1523 4261 1787 4354 subtrahit
1802 4274 1988 4354 aurem

397 4349 650 4449 ploranti,
674 4371 766 4428 sed
793 4369 1010 4439 apponit
1037 4360 1460 4419 misericordiam
1484 4352 1814 4449 deprecanti.
1835 4349 1996 4405 Novit

397 4444 523 4548 quid
550 4475 671 4548 agat
687 4464 776 4541 qui
796 4477 894 4523 nus
924 4458 1065 4519 fecit.
1087 4454 1233 4548 novit
1255 4461 1310 4510 et
1335 4450 1558 4548 reticere
1579 4444 1898 4548 absab-imus.

399 4529 633 4625 ξιῂιοιδι·
657 4529 744 4630 qui
771 4547 1386 4610 :edifieavitdomum;et
1399 4539 1445 4596 si
1474 4533 1671 4608 aliquid
1700 4533 1771 4588 ibi
1789 4529 1997 4587 cecide~

400 4662 467 4714 rit
495 4697 510 4717 .
541 4652 689 4711 novit
717 4645 995 4702 resarcire.

473 4748 525 4807 6.
560 4744 709 4822 (vers.
743 4737 826 4816 5.]
870 4737 938 4795 Et
966 4732 1085 4789 vide
1119 4729 1245 4803 quid
1275 4727 1417 4822 dicat
1497 4721 1562 4776 In
1592 4731 1660 4822 ιε·-
1675 4724 2000 4822 speraverant

405 4812 581 4913 patre;
599 4833 759 4894 nostri
783 4813 1142 4900 :isperaverunt
1163 4863 1178 4888 ,
1209 4830 1255 4877 et
1285 4817 1459 4874 eruisti
1483 4830 1588 4870 eos.
1621 4813 1686 4869 Et
1713 4812 1998 4911 novimus,

400 4911 456 4990 et
485 4929 709 5002 legimus
735 4936 895 4996 quam
939 4918 1133 4973 multos
1175 4920 1354 4981 patres
1382 4917 1595 4962 uestros
1620 4911 1897 5002 sperantes
1946 4917 1996 4954 ιη

402 5040 462 5077 se
490 4994 629 5078 crint
673 4994 834 5073 Dens.
866 5007 1022 5066 Eruit
1064 5009 1232 5078 ipsum
1266 5001 1517 5072 populum
1567 4996 1729 5052 lsrael
1761 4994 1829 5049 de
1861 5003 1999 5047 terra

405 5113 624 5186 Agypti
657 5107 850 5182 (Exod.
884 5118 954 5158 χιι
974 5143 989 5166 ,
1018 5101 1146 5167 Si);
1178 5095 1316 5150 eruit
1344 5102 1452 5186 tres
1479 5095 1673 5186 pueros
1696 5085 1762 5140 de
1792 5084 2002 5186 camino

408 5170 738 5278 (υᾷη.
772 5195 850 5264 ut)
874 5212 890 5259 ;
917 5192 1058 5249 eruit
1086 5187 1354 5277 Dauielem
1380 5179 1596 5278 dclaeu
1637 5177 1852 5278 leonum
1889 5170 2000 5278 (Id.

409 5266 498 5357 δεῖν
522 5301 540 5367 )
567 5266 596 5360 ς’
632 5293 769 5350 eruit
796 5291 1094 5344 Susannam
1126 5281 1192 5334 de
1240 5274 1374 5332 falso
1404 5274 1630 5341 crimine
1681 5267 1821 5367 (Id.
1845 5283 1937 5367 xui
1958 5266 2002 5337 ).

409 5355 612 5448 Omnes
661 5385 1080 5438 invocaverunt,
1131 5380 1186 5426 et
1228 5367 1364 5422 eruti
1410 5372 1551 5419 sunt.
1596 5358 1861 5429 Numquid
1906 5355 2006 5410 de-

413 5481 541 5539 iecit
579 5478 646 5532 ad
675 5473 870 5531 Filium
914 5481 1070 5522 suum
1098 5505 1113 5526 ,
1144 5460 1282 5515 utin
1327 5471 1487 5511 cruce
1532 5451 1850 5521 pendentem
1899 5462 2005 5499 non

403 5569 742 5630 exaudiret?
788 5565 964 5631 Quare
1009 5565 1186 5611 autem
1235 5553 1350 5620 ipse
1397 5563 1502 5601 non
1550 5544 1756 5598 eruitur
1807 5539 2007 5599 modo,

417 5668 507 5738 qui
539 5665 681 5719 dixit
709 5677 724 5712 :
760 5657 826 5712 In
872 5667 918 5708 te
947 5655 1267 5717 speraverant
1312 5652 1481 5709 patres
1510 5637 1707 5698 nostri,
1752 5642 1797 5688 et
1840 5632 2012 5687 eruisti

417 5759 550 5815 eos!

487 5852 503 5883 ¹
529 5850 601 5899 sic
622 5854 696 5895 Er.
724 5853 776 5893 et
795 5848 901 5889 nitas.
925 5840 1132 5899 Αιγιον..
1165 5823 1462 5899 carminum.

485 5890 783 5972 («Xstilis-uit.
809 5898 1080 5964 quempiam
1101 5890 1416 5948 probandum.

1488 395 1886 461 ENARHATIO
1917 403 1979 458 IN
2023 403 2344 459 essanun
2385 394 2527 460 xxt.

3554 404 3654 466 174

2134 518 2185 571 7.
2221 515 2369 589 (vers.
2403 517 2484 591 7.]
2519 517 2628 589 Ego
2670 530 2839 575 autem
2864 537 2976 576 sunt
3008 522 3225 594 vermis,
3261 533 3308 578 et
3348 541 3446 580 non
3485 526 3656 580 Immo.

2073 609 2265 663 Verulis
2285 652 2299 674 ,
2327 622 2374 664 et
2409 628 2510 664 non
2540 611 2690 665 homo
2721 627 2741 665 τ
2770 628 2892 666 nam
2923 622 3003 667 est
3031 623 3084 668 et
3113 615 3275 669 homo
3305 622 3499 673 vermis
3523 637 3536 678 ;
3565 620 3674 672 sed

2066 701 2174 762 ille,
2204 701 2420 766 Vermis,
2438 713 2482 755 et
2511 719 2612 756 non
2639 703 2808 756 homo.
2832 703 2983 759 Unde
3010 721 3112 759 non
3131 705 3474 774 homo?Quia
3497 711 3654 765 Deus.

2062 793 2238 859 Quare
2264 810 2394 864 ergo
2419 795 2495 850 sic
2523 809 2582 850 se
2608 795 2802 864 abjecit
2829 807 2885 850 ut
2908 797 3130 860 diceret,
3175 797 3407 854 Verulis?
3437 806 3515 853 An
3540 803 3662 870 quia

2065 887 2261 940 vermis
2293 885 2360 940 de
2386 901 2550 942 carne
2579 889 2696 942 sine
2723 889 3010 943 concubitu
3043 891 3279 945 nascitur
3298 933 3312 956 ,
3343 893 3480 946 sicut
3507 893 3664 946 Chri-

2063 987 2176 1030 stus
2203 976 2268 1030 de
2285 977 2446 1031 Maria
2474 979 2712 1048 virgine?
2734 979 2800 1033 Et
2815 980 3033 1040 vermis,
3055 990 3108 1034 et
3139 990 3314 1034 tamen
3346 997 3448 1034 non
3480 981 3662 1036 homo.

2063 1067 2242 1133 Quare
2271 1068 2506 1124 vermis?
2535 1069 2668 1137 Quia
2700 1070 2940 1124 mortalis
2961 1113 2973 1131 ,
3003 1072 3124 1140 quia
3156 1072 3224 1126 de
3267 1087 3427 1126 carne
3470 1083 3626 1124 natus
3648 1115 3662 1128 .

2063 1158 2183 1226 quia
2213 1159 2328 1213 sine
2354 1159 2635 1213 concubitu
2667 1170 2841 1214 natus.
2877 1160 3054 1228 Quare
3082 1176 3185 1215 non
3221 1161 3419 1216 homo?
3446 1165 3576 1227 Quia
3615 1165 3664 1214 iu

2063 1249 2325 1318 principio
2347 1260 2461 1302 erat
2485 1249 2738 1315 Verbum,
2757 1259 2810 1305 et
2832 1251 3061 1306 Verbum
3092 1263 3208 1307 erat
3232 1254 3371 1322 apud
3405 1255 3592 1317 Deum,
3613 1263 3667 1305 (ιι

2067 1339 2206 1394 Deus
2232 1349 2349 1394 erat
2377 1341 2626 1398 Verbum.

2135 1431 2188 1484 8.
2226 1429 2567 1501 Opprobrium
2609 1432 2868 1511 hominum
2916 1443 2963 1488 cl
2991 1435 3203 1504 abjertio
3249 1436 3407 1506 plebis
3437 1453 3456 1492 :
3491 1438 3666 1490 videte

2064 1531 2260 1589 quanta
2291 1537 2479 1592 passus
2507 1524 2620 1577 est!
2652 1523 2770 1578 .lam
2803 1535 2859 1578 ut
2886 1525 3130 1580 dicamus
3162 1527 3485 1595 passiOuem,
3515 1539 3569 1582 et
3598 1529 3666 1580 ad

2066 1613 2210 1679 illam
2241 1615 2426 1681 majori
2457 1617 2660 1683 gemitu
2683 1617 2697 1646 ¹
2731 1617 3042 1682 veniamus,
3074 1617 3248 1671 videte
3277 1628 3472 1686 quanta
3507 1618 3667 1671 modo

2065 1707 2263 1774 patitur
2282 1749 2298 1770 ,
2329 1716 2383 1761 ct
2425 1707 2618 1763 deinde
2644 1708 2818 1764 videte
2846 1711 3044 1778 quare!
3075 1709 3206 1778 Quis
3236 1712 3376 1765 enim
3423 1713 3668 1766 fructus?

2069 1799 2206 1853 Ecce
2232 1809 2582 1869 speraveruut
2607 1808 2785 1870 patres
2813 1803 3014 1868 nostri,
3045 1811 3098 1856 et
3124 1804 3259 1857 eruti
3288 1812 3410 1857 sunt
3435 1803 3504 1858 de
3525 1814 3667 1859 terra

2068 1890 2309 1961 Egypti.
2341 1892 2408 1948 Et
2434 1893 2569 1949 sicut
2601 1893 2729 1957 dixi,
2748 1902 2854 1947 tam
2883 1894 3034 1949 multi
3064 1895 3464 1958 invocaverunt,
3488 1907 3541 1950 et
3561 1906 3670 1951 sta-

2071 1984 2164 2038 tim
2192 1984 2257 2038 ad
2290 1997 2520 2054 tempus,
2553 2001 2657 2039 non
2687 1987 2738 2040 in
2767 1986 2938 2040 futura
2967 1987 3094 2050 vita,
3124 1987 3218 2042 sed
3244 1990 3498 2042 continuo
3531 1988 3668 2043 libe-

2070 2078 2170 2132 rati
2197 2088 2339 2131 sunt.
2369 2077 2487 2146 Ipse
2512 2077 2613 2133 Job
2641 2078 2856 2134 diabolo
2884 2081 3082 2147 petenti
3109 2095 3397 2136 concessus
3423 2091 3539 2145 est,
3570 2098 3668 2152 pu-

2072 2177 2310 2223 trescens
2338 2170 2607 2223 vermibus
2641 2188 2654 2222 :
2691 2179 2866 2225 tamen
2896 2170 2948 2224 in
2971 2169 3072 2228 hac
3098 2170 3200 2225 vita
3229 2174 3563 2246 recuperavit
3588 2188 3674 2224 sa~

2071 2257 2234 2312 lutem
2255 2297 2272 2324 ,
2298 2257 2464 2327 duplo
2488 2260 2693 2328 accepit
2719 2275 2835 2329 qua:
2861 2259 3164 2330 perdiderat
3194 2259 3319 2328 (Iob
3365 2277 3468 2317 san
3491 2305 3505 2325 ,
3535 2262 3625 2333 10)
3655 2281 3667 2313 :

2073 2348 2333 2404 Dominus
2375 2358 2554 2405 autem
2583 2348 2983 2420 llagellabatur,
3017 2360 3070 2405 et
3100 2364 3259 2407 nemo
3285 2352 3669 2413 subveniebat;

2073 2443 2244 2512 sputis
2284 2441 2697 2513 deturpabatur,
2727 2451 2783 2498 et
2820 2456 2982 2500 nemo
3021 2442 3401 2510 subveniebat;
3433 2445 3675 2514 colaphis

2073 2529 2399 2600 cedebatur,
2417 2542 2472 2588 et
2497 2548 2657 2589 nemo
2687 2533 3064 2600 subveniebat;
3097 2534 3267 2605 spinis
3293 2535 3670 2602 coronabatur,

2066 2639 2234 2683 nemo
2261 2624 2642 2688 subveniebat;
2673 2625 2963 2680 ‘levabatur
2988 2628 3041 2682 in
3083 2626 3226 2698 ligno
3247 2668 3262 2690 ,
3293 2643 3451 2683 nemo
3493 2630 3673 2692 emit;

2075 2714 2291 2782 clamat,
2323 2714 2458 2770 Deus
2485 2732 2645 2779 meus,
2670 2714 2809 2772 Deus
2835 2734 2997 2784 meus,
3025 2717 3201 2787 utquid
3225 2735 3304 2772 me
3326 2719 3631 2789 dereliquiin
3651 2719 3678 2773 ἵ

2077 2821 2184 2860 non
2214 2807 2527 2862 subvenitur
2557 2807 2772 2881 (Matth.
2819 2809 3010 2879 xxvn).
3053 2810 3265 2878 Quare,
3299 2809 3490 2865 fratres
3527 2814 3677 2866 mei?

2078 2899 2277 2966 quare?
2298 2914 2399 2969 qua
2424 2899 2672 2955 mercede
2703 2908 2845 2954 tanta
2873 2915 3064 2970 passus
3091 2898 3208 2957 est?
3225 2901 3415 2956 Omnia
3440 2903 3536 2956 ista
3559 2920 3679 2972 qum

2081 3004 2271 3060 passus
2296 2999 2399 3056 est,
2427 2991 2656 3061 pretium
2688 3001 2790 3047 est.
2822 2993 2994 3061 Cujus.
3017 2993 3092 3048 rei
3124 2993 3296 3062 pretio
3322 3002 3464 3048 tanta
3492 3010 3680 3064 passus

2080 3091 2185 3148 est,
2217 3083 2525 3145 recitemus,
2557 3083 2838 3138 videamus
2862 3101 2982 3155 qua:
3011 3085 3173 3140 dicat.
3207 3085 3442 3140 Primum
3470 3102 3679 3156 qiuera-

2083 3190 2203 3230 mus
2226 3190 2345 3246 qute
2373 3189 2560 3246 passus
2587 3176 2676 3242 sit,
2694 3175 2888 3233 deinde
2915 3193 3080 3246 quare
3114 3197 3128 3232 :
3159 3188 3215 3234 et
3235 3178 3508 3237 videamus
3522 3194 3680 3249 quant

2083 3268 2190 3323 sint
2217 3268 2397 3322 hostes
2422 3267 2617 3322 Christi
2639 3305 2654 3334 ,
2685 3269 2778 3338 qui
2803 3269 3128 3324 confitentur
3151 3270 3273 3339 quia
3305 3280 3448 3324 tanta
3492 3284 3685 3341 passus

2085 3365 2206 3419 est,
2234 3367 2286 3412 et
2318 3358 2510 3412 tollunt
2547 3374 2734 3429 quare.
2770 3358 2903 3413 Hine
2945 3359 3224 3415 audiamus
3271 3373 3438 3415 totum
3485 3363 3536 3414 in
3584 3361 3686 3413 isto

2087 3448 2332 3517 psalmo,
2364 3457 2419 3504 et
2462 3464 2582 3520 qua:
2629 3464 2819 3519 passus
2863 3449 2970 3514 sit,
3020 3459 3075 3506 et
3118 3467 3302 3519 quare.
3336 3452 3539 3508 Tcnete
3585 3452 3684 3505 ista

2087 3539 2233 3602 duo,
2283 3538 2409 3609 quid
2456 3549 2515 3594 et
2557 3555 2748 3610 quare.
2797 3540 2954 3594 Modo
3002 3541 3174 3609 ipsum
3222 3541 3349 3612 quid
3397 3541 3686 3611 explicem.

2087 3628 2204 3683 Non
2239 3629 2306 3682 ibi
2357 3630 2746 3696 immoremur,
2795 3641 2852 3686 et
2879 3630 3073 3686 melius
3121 3632 3187 3685 ad
3220 3646 3318 3686 vos
3367 3633 3693 3701 perveniunt

2092 3719 2203 3788 ipsa
2237 3719 2392 3772 verba
2424 3719 2639 3774 Psalmi.
2677 3719 2860 3775 Videte
2887 3735 3005 3789 quze
3048 3725 3245 3790 patitur
3275 3721 3571 3785 Dominus,
3604 3731 3692 3776 at-

2092 3811 2295 3867 tendite
2338 3811 2626 3867 Christiani
2661 3830 2674 3868 :
2710 3812 3052 3882 Opprobrium
3095 3815 3357 3868 hominum
3396 3826 3441 3878 et
3479 3815 3693 3886 abjeclio

2166 3996 2219 4051 9.
2253 3993 2403 4068 [vers.
2424 3995 2478 4059 8,
2500 3994 2581 4068 9.]
2622 3997 2806 4051 Omnes
2829 3998 2915 4068 qui
2934 3997 3163 4052 videbant
3191 4015 3288 4063 me,
3319 3999 3694 4054 subsannabrmt

2094 4106 2194 4157 me,
2213 4090 2366 4146 locuti
2389 4099 2506 4143 sunt
2526 4089 2694 4153 labiis,
2722 4098 2771 4143 et
2788 4098 3045 4144 moverunt
3070 4100 3240 4161 caput.
3265 4092 3498 4162 Speravit
3520 4092 3571 4145 in
3592 4093 3698 4145 Do~

2097 4183 2310 4246 minum,
2329 4191 2472 4234 eruat
2487 4198 2624 4246 eum;
2637 4182 2835 4235 salvum
2851 4183 3004 4254 faciat
3017 4198 3151 4246 eum,
3167 4184 3405 4249 quoniam
3423 4186 3530 4240 vult
3546 4202 3657 4236 eum
3681 4213 3692 4247 ς

2100 4272 2196 4328 sed
2222 4288 2388 4342 quare
2416 4272 2666 4327 dicebant
2691 4273 2823 4327 ista?
2844 4274 2976 4341 Quia
3005 4275 3166 4328 homo
3199 4275 3366 4329 factus
3393 4287 3530 4340 erat,
3550 4277 3695 4330 dieo-t

2101 4363 2226 4420 bant
2257 4374 2508 4432 tanquam
2539 4363 2592 4416 in
2619 4361 2911 4418 hominem.

2174 4453 2260 4508 l0.
2293 4450 2444 4526 [vers.
2477 4451 2592 4526 10.]
2626 4454 2876 4519 Quoniam
2907 4464 2962 4507 tu
3002 4470 3054 4508 es
3095 4455 3182 4524 qui
3225 4455 3488 4509 extruxisti
3516 4472 3596 4508 me
3637 4459 3700 4508 de

2103 4555 2273 4600 ventre
2299 4561 2319 4600 :
2350 4546 2604 4615 numquid
2633 4545 2875 4600 dicerent
2903 4547 3023 4597 talia
3056 4546 3108 4598 in
3140 4545 3269 4599 illud
3300 4546 3443 4615 quod
3473 4547 3525 4599 in
3556 4546 3702 4615 prin-

2104 4637 2244 4709 cipio
2269 4649 2386 4707 erat
2416 4635 2668 4698 Verbum,
2691 4643 2748 4689 et
2774 4633 3005 4689 Verbum
3035 4644 3152 4688 erat
3174 4635 3314 4704 apud
3348 4635 3551 4689 Deum?
3575 4634 3705 4690 Ver-

2104 4729 2230 4784 bum
2256 4728 2400 4782 enim
2429 4726 2557 4781 illud
2587 4741 2682 4795 per
2705 4725 2846 4796 quod
2878 4724 3010 4779 facta
3053 4735 3178 4779 sunt
3205 4726 3380 4780 omnia
3407 4768 3422 4785 .
3471 4742 3577 4780 non
3607 4741 3705 4780 ex-

2109 4829 2332 4874 tractum
2361 4826 2444 4874 est
2471 4818 2540 4872 de
2567 4828 2751 4871 ventre
2770 4856 2785 4878 ,
2816 4816 2915 4870 nisi
2943 4818 3068 4885 quia
3097 4815 3328 4870 Verbum
3355 4831 3481 4870 caro
3508 4816 3703 4872 factum

2109 4919 2224 4974 est,
2254 4919 2309 4964 et
2340 4907 2596 4962 habitavit
2622 4907 2673 4960 in
2704 4907 2875 4962 nobis.
2904 4906 3157 4972 Quoniam
3176 4917 3231 4960 tu
3257 4908 3527 4962 extraxiin
3546 4925 3623 4962 me
3643 4909 3708 4961 de

2110 5010 2276 5054 uentre
2291 5016 2310 5052 :
2329 4998 2468 5052 Deus
2494 5015 2633 5051 mens
2651 4999 2695 5065 ’,
2719 4999 2782 5052 ab
2812 4997 3042 5051 uberibus
3069 4997 3243 5050 matris
3270 5014 3393 5052 metu
3409 5015 3427 5052 :
3448 5014 3567 5052 nam
3583 5008 3709 5052 ante

2111 5092 2304 5146 szucula
2349 5091 2510 5144 Pater
2540 5103 2725 5162 meus,
2760 5088 2827 5142 ab
2869 5088 3124 5143 uberibus
3168 5089 3352 5141 matris
3386 5105 3520 5144 mea:
3569 5089 3710 5142 Deus

2114 5200 2281 5239 IIICIIS.

2187 5277 2273 5330 Η.
2306 5271 2456 5346 [vcrs.
2492 5268 2599 5345 ll].
2639 5266 2705 5325 In
2733 5280 2786 5346 te
2807 5272 3033 5342 jactatus
3060 5287 3170 5324 sum
3199 5287 3261 5325 ex
3286 5281 3429 5326 utero
3461 5287 3481 5326 :
3510 5271 3560 5325 id
3587 5281 3670 5326 est
3693 5310 3708 5333 .

2116 5377 2172 5421 ut
2199 5367 2325 5419 mihi
2351 5374 2405 5418 tu
2433 5365 2578 5418 solus
2603 5379 2751 5417 esses
2780 5378 2936 5430 spes,
2965 5362 3075 5431 jam
3105 5372 3353 5433 tanquam
3383 5363 3572 5421 hom).
3597 5363 3707 5431 jam

2120 5468 2368 5528 tauquam
2399 5457 2638 5509 inlirmus
2657 5495 2672 5516 ,
2696 5453 2806 5523 jam
2837 5453 3066 5512 Verbum
3093 5469 3218 5508 caro
3246 5455 3462 5505 factum.
3495 5457 3571 5505 De
3595 5469 3704 5505 uen-

2121 5563 2194 5605 tre
2222 5549 2395 5604 matris
2417 5562 2538 5601 mea!
2555 5546 2691 5600 Deus
2717 5561 2857 5614 gneus
2879 5562 2931 5600 es
2955 5555 3008 5598 tu
3025 5560 3044 5598 :
3062 5543 3251 5600 nonde
3278 5552 3330 5599 te
3359 5544 3496 5598 Deus
3521 5558 3704 5610 meus;

2187 5750 2205 5786 ⁸
2231 5757 2339 5801 Uss.
2373 5749 2552 5809 Regius
2576 5755 2629 5798 et
2651 5747 2817 5802 vatio,
2849 5751 2902 5794 ut
2934 5743 2998 5794 ad
3021 5742 3160 5809 illum
3181 5741 3417 5809 majorem
3437 5739 3682 5809 qentittan.

2188 5813 2209 5845 ⁸
2232 5821 2326 5860 Mn
2350 5810 2420 5858 sic
2443 5803 2492 5857 in
2514 5811 2772 5870 superiore
2792 5815 2977 5863 κοίη-ι’..
2993 5806 3083 5870 sed
3112 5803 3267 5870 juxta
3290 5803 3538 5868 \‘ulgatam
3563 5805 3709 5855 inter.

2126 5876 2449 5939 pretationem
2474 5867 2675 5934 legebat
2695 5883 2707 5916 :
2731 5877 2845 5931 Spes
2868 5881 2975 5918 mea
2999 5869 3060 5917 ab
3083 5867 3329 5921 uberibus.
3367 5867 3463 5916 etc.
