4008 6320
567 326 596 382 ’1
609 325 673 383 75

566 462 689 502 nam
715 445 783 503 de
825 455 877 499 te
900 443 1060 499 Pater
1087 455 1238 496 meus
1273 458 1285 493 :
1319 437 1412 492 sed
1453 436 1520 492 de
1551 443 1734 490 ventre
1774 437 1960 490 matris
1988 452 2119 491 mem
2144 478 2160 502 ,

572 542 712 594 lieus
741 552 910 591 meus.

639 630 726 684 12.
760 627 910 702 [vers.
945 625 1061 698 l1]
1087 623 1168 677 Ne
1193 623 1424 675 discedas
1454 638 1484 672 a
1518 636 1626 672 me:
1648 619 1882 686 quoniam
1912 618 2168 672 tribulatio

571 721 808 790 proxima
834 728 928 782 est,
947 717 1188 783 quoniam
1215 730 1315 765 non
1342 711 1512 779 estqui
1537 709 1778 780 adjuvet:
1798 709 1970 762 videte
1987 707 2167 762 deser-

571 824 716 874 tum;
746 821 800 867 et
826 827 904 863 va:
933 809 1105 872 nobis,
1130 823 1174 860 δι
1203 807 1316 875 ipse
1345 820 1439 858 nos
1464 804 1697 868 deserat,
1715 801 1953 872 quoniam
1974 817 2073 852 non
2095 809 2167 852 est

570 906 656 974 qui
675 903 898 972 adjuvet.

646 996 730 1049 15.
765 992 916 1066 [vers.
951 989 1063 1063 15.]
1087 987 1536 1046 Circumdederunt
1563 1003 1640 1039 me
1665 985 1808 1040 vituli
1836 984 1998 1048 multi,
2035 984 2167 1036 tauri

573 1091 784 1161 pingues
811 1087 1106 1141 obsederunt
1136 1102 1210 1138 me
1228 1101 1246 1137 :
1269 1081 1492 1152 populus
1518 1089 1572 1135 et
1599 1079 1895 1148 principes;
1918 1076 2163 1146 populus,

571 1181 717 1234 vituli
741 1179 922 1242 multi;
949 1177 1239 1246 principes,
1263 1174 1399 1228 tauri
1425 1172 1666 1242 pingues.

642 1272 728 1326 H.
749 1268 898 1344 [vers.
935 1266 1381 1340 14.]Aperuerunt
1402 1279 1552 1333 super
1573 1278 1650 1314 me
1669 1277 1725 1313 os
1746 1276 1913 1322 suum,
1932 1260 2059 1311 sicut
2091 1259 2168 1311 leo

569 1363 771 1433 rapiens
787 1371 832 1415 et
853 1361 1090 1430 rugiens:
1110 1358 1388 1412 audiamus
1407 1355 1636 1424 rugitum
1659 1353 1896 1421 ipsorum
1922 1350 1972 1402 in
1998 1351 2168 1402 Evan-

565 1456 726 1527 gelio,
751 1453 1019 1524 Cruciﬁge,
1044 1449 1294 1519 Cruciﬁge
1313 1445 1492 1518 (Joan.
1517 1461 1625 1510 m,
1652 1443 1736 1513 6)!

639 1546 726 1601 15.
761 1542 910 1619 [υετδ.
945 1540 1060 1614 15.]
1092 1541 1236 1595 Sicut
1264 1555 1396 1608 aqua
1437 1535 1628 1602 eﬂ'usus
1670 1549 1815 1599 sum,
1862 1542 1909 1584 et
1939 1531 2168 1599 dispersa

569 1649 683 1694 sunt
705 1637 876 1692 omnia
905 1652 1018 1689 ossa
1044 1650 1154 1686 mea
1175 1648 1194 1686 :
1217 1646 1335 1685 ossa
1361 1645 1478 1694 sua,
1503 1629 1686 1681 tirmos
1712 1640 1838 1679 suos
1861 1624 2021 1688 dicit;
2045 1637 2166 1676 ossa

568 1730 709 1783 enim
735 1729 887 1780 firma
911 1736 1033 1779 sunt
1061 1726 1375 1790 incorpore.
1396 1718 1621 1787 Quando
1639 1716 1887 1785 diSpersit
1905 1729 2028 1768 ossa
2046 1714 2167 1768 sua?

564 1819 791 1888 Quando
820 1819 947 1872 dixit
982 1818 1084 1869 illis
1116 1831 1129 1867 :
1167 1814 1300 1868 Ecce
1343 1830 1431 1884 ego
1464 1813 1602 1864 mitto
1633 1826 1720 1863 vos
1761 1810 1897 1862 velut
1927 1824 2086 1878 agnos
2113 1807 2165 1860 in

572 1910 735 1964 medio
761 1911 994 1978 luporum
1023 1906 1236 1974 (Matth.
1270 1905 1441 1969 x,16;
1465 1901 1591 1954 Luc.
1624 1918 1677 1967 x,
1697 1901 1772 1968 5).
1805 1899 2016 1953 Firtnos
2041 1913 2166 1951 suos

569 2002 839 2069 dispersit,
856 2010 912 2052 et
937 1999 1074 2053 sicut
1098 2012 1232 2066 aqua
1256 1996 1458 2050 effusus
1483 2003 1597 2048 est:
1619 2007 1756 2062 aqua
1783 1989 1924 2045 enim
1951 1989 2166 2059 quando

569 2092 879 2157 etfunditur,
898 2100 988 2143 aut
1016 2089 1202 2150 abluit,
1227 2095 1318 2140 aut
1343 2086 1560 2154 irrigat;
1594 2081 1795 2138 effusus
1817 2090 1899 2135 est
1922 2079 2166 2134 Christus

567 2188 704 2240 sicut
724 2200 883 2256 aqua,
903 2183 1067 2238 abluti
1086 2189 1211 2235 sunt
1229 2179 1528 2239 sordentes,
1549 2178 1732 2246 rigata:
1754 2183 1876 2228 sunt
1895 2180 2104 2226 mentes
2123 2173 2162 2224 ⁸.

575 2278 786 2332 Factum
810 2286 880 2330 est
907 2293 995 2329 cor
1021 2290 1184 2328 meum
1209 2282 1450 2338 tanquam
1472 2286 1587 2322 cera
1612 2268 1907 2336 liquescens,
1926 2265 1980 2318 in
2001 2263 2164 2316 medio

565 2373 749 2427 ventris
796 2371 892 2423 mei
933 2387 954 2426 :
1003 2375 1242 2422 ventrem
1292 2379 1446 2418 suum
1495 2362 1627 2417 dicit
1673 2360 1912 2414 intirtnos
1958 2356 2011 2411 in
2060 2356 2163 2410 Ec-

565 2466 729 2520 clcsia
777 2479 893 2517 sua.
927 2460 1208 2529 Quomodo
1236 2472 1331 2513 cor
1361 2457 1526 2526 ipsius
1556 2453 1752 2508 factum
1784 2460 1866 2506 est
1909 2449 2047 2503 sicut
2075 2463 2163 2502 ce-

566 2559 666 2611 ra?
713 2555 818 2610 Cor
866 2555 1032 2625 ipsius
1062 2553 1332 2619 Scriptura
1381 2549 1583 2616 ipsius.
1636 2544 1686 2598 id
1732 2552 1852 2606 est,
1902 2539 2159 2608 sapientia

567 2649 732 2714 ipsius
782 2653 903 2716 quae
953 2653 1069 2698 erat
1121 2644 1171 2695 in
1225 2639 1535 2708 Scriptnris.
1595 2635 1787 2691 Clausa
1844 2631 1988 2686 enim
2045 2639 2162 2684 erat

565 2739 877 2808 Scriptura;
932 2749 1091 2790 nemo
1141 2733 1282 2786 illam
1331 2728 1710 2798 intelligebat':
1741 2725 2031 2778 cruciﬁxus
2078 2729 2160 2774 est

570 2829 862 2892 Dominus,
912 2836 966 2880 et
1014 2821 1300 2894 liquefacta
1349 2830 1431 2875 est
1475 2819 1613 2873 sicut
1658 2831 1821 2881 cera,
1868 2823 1927 2868 ut
1971 2825 2162 2866 omnes

566 2922 761 2974 inlii‘tni
813 2917 1168 2985 intelligerent
1211 2911 1584 2986 Scripturam;
1630 2922 1754 2961 nam
1799 2903 1922 2958 inde
1969 2911 2023 2957 et
2063 2915 2159 2956 ve-

565 3015 672 3068 lum
722 3009 903 3079 templi
931 3007 1156 3063 sci‘ssum
1205 3014 1328 3070 est,
1360 3003 1480 3072 quia
1511 2997 1652 3070 quod
1687 2997 1966 3053 velabatur
1994 3009 2157 3050 reve-

565 3105 726 3158 latum
758 3111 862 3157 est.

637 3194 720 3248 16.
753 3190 903 3265 [vers.
939 3185 1056 3261 16.]
1090 3185 1301 3241 Exaruit
1340 3184 1470 3238 velut
1495 3191 1618 3236 testa
1657 3180 1812 3235 virtus
1851 3194 1960 3232 mea
1987 3194 2007 3232 :
2038 3191 2156 3230 ma-

560 3286 750 3356 gnifice
779 3281 918 3354 quod
959 3280 1126 3345 dixit,
1156 3276 1392 3332 Firmius
1419 3273 1614 3328 factum
1643 3279 1725 3326 est
1755 3285 1950 3324 nomen
1977 3283 2153 3322 meum

559 3377 625 3431 de
651 3375 1009 3432 tribulatione.
1031 3369 1312 3438 Quomodo
1338 3367 1480 3421 enim
1504 3372 1637 3418 testa
1664 3370 1787 3416 ante
1818 3361 1993 3431 ignem
2022 3358 2156 3413 mol-

560 3471 623 3523 lis
651 3475 752 3532 est,
775 3476 892 3536 post
922 3465 1096 3534 ignem
1125 3459 1307 3523 fortis;
1331 3457 1407 3512 sic
1437 3454 1643 3510 Domini
1672 3467 1864 3506 nomen
1894 3459 2018 3504 ante
2035 3461 2160 3520 pas-

559 3563 763 3613 sionem
791 3553 1253 3617 contemnebatur,
1276 3557 1399 3621 post
1425 3547 1724 3616 passionem
1750 3543 2152 3598 honorificatur.

565 3649 628 3702 Et
655 3650 832 3719 lingua
856 3662 966 3700 mea
991 3642 1205 3698 adhazsit
1235 3639 1464 3710 faucibus
1491 3637 1611 3690 meis
1643 3651 1660 3688 :
1689 3635 1959 3705 quonde
1986 3647 2156 3686 mem-

561 3745 712 3795 brum
760 3739 888 3793 illud
934 3738 986 3792 in
1020 3735 1172 3790 nobis
1203 3749 1307 3787 non
1344 3733 1486 3784 valet
1533 3729 1632 3783 nisi
1677 3727 1742 3780 ad
1789 3725 2153 3796 loquendum;

557 3833 636 3885 sic
689 3829 1066 3901 prmdicatores
1116 3839 1282 3888 suos,
1337 3822 1572 3890 linguam
1625 3834 1815 3883 suam,
1869 3817 2008 3870 dixit
2058 3815 2156 3870 ad-

559 3922 778 3976 inrisisse
821 3919 1058 3974 faucibus
1101 3917 1253 3980 suis,
1303 3923 1360 3969 ut
1402 3913 1470 3967 de
1515 3910 1857 3966 interioribus
1899 3907 2016 3978 ejus
2060 3923 2153 3962 ea-

558 4021 746 4082 perent
790 4011 1124 4081 sapientiam.
1170 4007 1239 4061 Et
1280 4007 1335 4060 in
1377 4006 1634 4074 pulverem
1682 4002 1858 4056 mortis
1901 4001 2155 4054 deduxisti

556 4123 654 4160 me.

629 4198 716 4251 Π.
763 4195 915 4269 [verm
951 4192 1064 4267 17.]
1111 4192 1366 4259 Quoniam
1409 4187 1844 4242 circumdederunt
1885 4201 1964 4238 me
2007 4200 2154 4238 canes

553 4288 733 4350 multi,
766 4286 1035 4340 concilium
1064 4282 1452 4353 malignantium
1479 4277 1808 4333 circumdedit
1832 4294 1912 4332 me
1941 4293 1962 4331 :
1990 4277 2150 4330 etiam

558 4379 730 4433 videte
780 4377 1146 4447 Evangelium.
1191 4373 1458 4427 Foderunt
1500 4385 1680 4423 manus
1727 4385 1865 4422 meas
1908 4377 1954 4420 et
2001 4367 2152 4436 pedes

554 4486 710 4524 meos.
757 4468 905 4523 Tunc
950 4467 1085 4522 facta
1129 4473 1253 4520 sunt
1293 4463 1552 4526 vulnera,
1594 4474 1822 4530 quorum
1868 4458 2148 4512 vulnerum

551 4558 828 4614 cicatrices
874 4557 1120 4612 dubitans
1166 4553 1457 4624 discipulus
1486 4549 1884 4614 contrectavit,
1918 4548 2010 4603 ille
2057 4548 2148 4617 qui

550 4650 734 4703 dixit:
768 4647 886 4703 Nisi
933 4648 1113 4702 misero
1159 4646 1343 4717 digitos
1387 4660 1524 4698 meos
1567 4643 1621 4696 in
1669 4642 1924 4695 cicatrices
1967 4639 2148 4694 vulne—

551 4759 664 4795 rum
691 4744 803 4811 ejus
827 4783 842 4806 ,
875 4757 974 4794 non
1006 4740 1228 4793 credam.
1265 4736 1489 4806 Quando
1518 4736 1566 4790 ei
1597 4735 1772 4800 dixit,
1813 4732 1978 4799 Veni,
2012 4735 2150 4788 mitte

551 4848 758 4885 manum
803 4840 979 4895 tuam,
1026 4829 1321 4894 incredule;
1352 4839 1406 4883 et
1448 4827 1593 4881 misit
1623 4841 1836 4879 ntanutn
1869 4841 2018 4879 suam
2045 4867 2061 4889 ,
2094 4835 2150 4880 et

550 4924 805 4977 clamavit
837 4941 849 4975 :
886 4922 1131 4976 Dominus
1161 4935 1298 4975 meus
1327 4931 1371 4974 et
1402 4918 1538 4973 Deus
1565 4919 1742 4972 meus!
1774 4919 1836 4971 Et
1863 4919 1949 4972 ille
1975 4917 2148 4982 :‘Quia

550 5016 718 5069 vidisti
762 5032 880 5079 me,
930 5015 1230 5076 credidisti;
1278 5013 1404 5066 beati
1451 5011 1536 5081 qui
1583 5027 1684 5064 non
1731 5010 1897 5062 vident
1943 5019 1990 5062 et
2035 5026 2145 5062 cre-

551 5109 674 5160 dunt
705 5106 883 5176 (Joan.
916 5123 1007 5171 xx,
1035 5105 1126 5170 25,
1157 5104 1248 5171 27,
1281 5104 1398 5174 28).
1434 5102 1482 5155 ιν
1484 5103 1697 5156 oderunt
1727 5119 1905 5154 manus
1935 5117 2072 5154 meas
2099 5111 2147 5154 et

549 5199 700 5270 pedes
724 5215 877 5251 meos.

621 5290 710 5343 18.
729 5289 877 5361 [vers.
894 5286 1011 5359 18.]
1029 5287 1477 5340 Dinumeraverunt
1503 5283 1675 5337 omnia
1689 5297 1802 5336 ossa
1834 5298 1971 5335 mea:
1987 5297 2148 5350 quan-

549 5384 618 5437 do
636 5380 874 5452 pendens
887 5390 1136 5436 extentus
1152 5389 1267 5432 erat
1283 5378 1334 5431 in
1355 5377 1519 5446 ligno.
1533 5375 1648 5429 Non
1667 5377 1839 5443 potuit
1857 5374 2045 5433 melius
2061 5373 2148 5427 de-

550 5477 708 5532 scribi
735 5475 976 5529 extensio
1000 5471 1240 5542 corporis
1263 5472 1312 5524 in
1343 5470 1507 5540 ligno,
1526 5483 1685 5539 quam
1716 5477 1772 5521 ut
1794 5467 2027 5521 diceret:
2051 5465 2143 5520 Di-

548 5575 932 5620 numeraveram
955 5568 1123 5616 omnia
1145 5579 1257 5614 0880
1279 5577 1408 5613 mea.

625 5657 711 5713 l9.
747 5656 896 5729 hers.
933 5653 1044 5725 l9.]
1075 5652 1187 5723 Ipsi
1215 5668 1330 5705 vero
1365 5651 1824 5718 consideraverunt,
1861 5659 1907 5704 et
1936 5664 2145 5719 conspe-

611 5815 628 5845 ⁶
656 5815 830 5874 Regius
850 5818 931 5860 Its.
956 5818 1007 5859 et
1030 5811 1196 5870 Vatia,
1221 5807 1363 5871 rigati
1385 5805 1610 5857 sitientes.

1813 315 1870 373 S.
1903 315 2268 374 AUGUSTINI
2310 321 2614 376 EPISCOPI
3773 323 3866 378 116

2275 451 2456 494 xerunt
2505 459 2583 495 me
2613 459 2630 496 :
2661 441 3168 507 consideraverunt,
3215 455 3270 497 et
3299 457 3402 496 non
3449 441 3863 502 intellexerunt;

2275 542 2691 602 conspexerunt.
2710 543 2764 588 et
2792 549 2894 587 non
2913 534 3180 588 viderunt.
3202 533 3378 604 Usque
3403 533 3468 587 ad
3494 549 3716 588 carnem
3745 549 3867 588 ocu-

2275 623 2354 676 los
2374 664 2388 686 ,
2422 639 2522 676 non
2554 640 2720 693 usque
2749 624 2814 678 ad
2849 624 3076 679 Verbum
3102 639 3194 678 cor
3225 624 3544 678 habuerunt.
3577 623 3867 678 Divisa-qu

2273 713 2368 766 sibi
2395 715 2683 766 vestimenta
2708 731 2818 767 mea
2849 731 2868 769 :
2899 715 3215 774 vestimenta
3258 730 3351 769 sua
3373 757 3386 777 ,
3420 727 3755 769 sacramenta
3787 716 3870 785 ip-

2274 805 2402 857 sius.
2433 805 2720 868 Attendite,
2753 806 2964 860 fratres.
2995 805 3318 860 Vestimenta
3347 805 3530 874 ipsius,
3560 820 3868 859 sacramen-

2276 906 2324 948 ta
2354 897 2518 965 ipsius
2547 905 2834 965 potuerunt
2873 896 3033 950 dividi
3066 913 3160 966 per
3200 897 3430 951 barrescs
3463 914 3478 951 :
3510 896 3608 951 sed
3650 907 3770 951 erat
3799 897 3867 950 ibi

2273 990 2647 1048 vestimentum
2675 989 2819 1060 quod
2849 1006 3005 1044 nemo
3031 989 3228 1044 divisit.
3259 989 3322 1043 Et
3347 1006 3498 1060 super
3521 990 3869 1043 vestimentum

2275 1097 2440 1133 meum
2465 1080 2705 1134 miserunt
2733 1091 2933 1133 sortem.
2970 1079 3094 1133 Erat
3122 1081 3191 1133 ibi
3219 1081 3413 1146 tunica,
3441 1079 3568 1134 dicit
3595 1066 3868 1149 evangeli-

2275 1183 2376 1235 sta,
2405 1171 2617 1241 desuper
2643 1180 2776 1224 texta
2794 1171 2968 1239 (Joan.
2995 1187 3100 1234 xix,
3129 1171 3244 1240 23).
3275 1170 3414 1240 Ergo
3428 1170 3494 1223 de
3511 1170 3668 1233 cado,
3692 1187 3868 1239 ergoa

2274 1261 2431 1316 Patre
2455 1302 2470 1324 ,
2503 1277 2631 1329 ergo
2660 1277 2690 1314 a
2719 1261 2916 1330 Spiritu
2965 1269 3170 1315 sancto.
3215 1260 3345 1326 Qua:
3391 1269 3472 1314 est
3501 1262 3599 1314 ista
3647 1262 3826 1315 tunica
3852 1304 3867 1323 ,

2275 1352 2372 1407 nisi
2416 1352 2650 1407 charitas
2673 1394 2688 1416 ,
2720 1368 2876 1423 quam
2921 1367 3079 1407 nemo
3111 1361 3283 1421 potest
3311 1352 3593 1407 dividere?
3622 1352 3757 1420 Quae
3785 1362 3868 1405 est

2275 1445 2372 1499 ista
2406 1445 2582 1499 tunica
2606 1487 2620 1509 ,
2653 1445 2754 1499 nisi
2785 1445 3002 1500 unitas?
3032 1445 3086 1500 ln
3118 1447 3282 1514 ipsam
3326 1461 3442 1499 sors
3468 1446 3693 1500 mittitur
3717 1488 3734 1510 ,
3771 1460 3869 1500 ne-

2274 1551 2362 1590 mo
2389 1536 2533 1589 illam
2577 1536 2788 1590 dividit.
2823 1536 3166 1591 SacramenL'I
3210 1538 3310 1592 sibi
3352 1536 3588 1592 hatretici
3619 1538 3869 1592 dividere

2274 1635 2597 1696 potuerunt,
2629 1626 2946 1683 charitatem
2996 1643 3098 1682 non
3145 1629 3466 1684 diviserunt.
3514 1630 3580 1683 Et
3624 1631 3750 1699 quia
3780 1629 3868 1683 di-

2274 1719 2458 1772 videre
2489 1735 2591 1772 non
2638 1729 2960 1787 potuerunt,
2995 1728 3331 1774 recesserunt
3363 1739 3377 1774 :
3411 1720 3496 1774 illa
3539 1729 3715 1775 autem
3747 1736 3869 1774 ma-

2274 1820 2363 1864 net
2408 1810 2632 1880 integra.
2682 1809 2838 1866 Sorte
2879 1809 3098 1864 obvenit
3141 1810 3455 1880 quibusdam
3504 1829 3516 1863 :
3565 1811 3654 1880 qui
3703 1811 3870 1865 habet

2275 1901 2448 1966 hanc,
2499 1916 2720 1957 securus
2767 1911 2886 1965 est;
2937 1916 3093 1956 nemo
3140 1903 3286 1957 illum
3333 1912 3515 1958 movet
3559 1904 3626 1958 de
3672 1904 3868 1960 Eccle-

2271 1990 2348 2045 sia
2395 1991 2655 2046 catholica
2681 2033 2697 2058 ,
2727 2001 2778 2048 et
2810 1993 2854 2047 si
2899 1991 3028 2048 foris
3070 1993 3212 2048 illam
3261 1995 3478 2065 incipiat
3507 1994 3703 2051 habere
3725 2037 3744 2063 ,
3778 1997 3870 2051 in-

2273 2084 2620 2150 tromittitur,
2655 2083 2925 2155 quomodo
2966 2100 3148 2141 ramus
3184 2087 3342 2141 olivae.
3371 2101 3402 2141 a
3430 2087 3673 2144 columba
3705 2088 3871 2160 (Gen.

2272 2192 2361 2231 vnt
2383 2217 2398 2243 ,
2433 2178 2546 2249 Η).

2337 2270 2430 2324 20.
2452 2269 2601 2344 [vers.
2620 2268 2736 2343 20.]
2758 2269 2832 2323 Tu
2860 2280 3050 2337 autem,
3074 2269 3305 2337 Domine,
3325 2283 3387 2326 ne
3407 2272 3554 2344 longe
3574 2272 3752 2341 feceris
3783 2289 3872 2327 au-

2267 2365 2449 2418 xilium
2464 2375 2625 2416 tuum.
2645 2363 2712 2416 Et
2730 2363 2922 2424 factum
2942 2373 3022 2418 est
3041 2380 3055 2416 :
3077 2370 3199 2433 post
3215 2362 3448 2418 triduum
3467 2363 3782 2419 resurrexit.
3802 2363 3872 2418 In

2269 2455 2609 2524 defensionem
2631 2470 2790 2507 meum
2815 2455 3004 2524 aspice.
3852 2517 3861 2525 _

2338 2546 2428 2599 fit.
2456 2543 2604 2617 [rem
2641 2545 2703 2600 9.!
2785 2545 2918 2599 Erue
2943 2562 2976 2598 a
3005 2550 3197 2618 framea
3223 2546 3447 2599 animam
3472 2558 3633 2599 meam
3652 2563 3672 2600 :
3695 2544 3749 2600 id
3785 2556 3873 2602 est

2268 2654 2297 2693 a
2317 2649 2516 2702 morte;
2539 2638 2736 2692 framea
2763 2639 2904 2692 enim
2927 2639 3135 2709 gladius
3159 2649 3260 2704 est,
3280 2647 3335 2692 et
3359 2653 3454 2709 per
3469 2638 3702 2710 gladium
3721 2655 3873 2696 mor-

2271 2739 2377 2784 tem
2409 2729 2626 2799 intelligi
2658 2729 2842 2783 voluit.
2872 2729 2938 2783 Et
2981 2729 3044 2784 de
3069 2746 3222 2782 manu
3263 2729 3404 2784 canis
3433 2730 3632 2783 unicam
3677 2746 3869 2784 meam.

2267 2818 2506 2874 Animam
2552 2837 2752 2884 meam,
2804 2821 3006 2873 unicam
3057 2837 3258 2886 meam,
3312 2829 3472 2889 caput
3518 2829 3573 2874 et
3617 2835 3868 2892 corpus:

2274 2913 2489 2969 Unicum
2517 2913 2694 2979 dixit,
2725 2911 3024 2969 Ecclesiam
3059 2934 3074 2969 :
3106 2913 3168 2966 de
3213 2929 3368 2966 manu
3391 2954 3407 2976 ,
3441 2912 3491 2966 id
3539 2923 3620 2967 est
3663 2914 3732 2968 de
3765 2928 3875 2982 po-

2271 3014 2463 3060 testate
2509 3005 2676 3060 canis.
2708 3005 2808 3072 Qui
2851 3013 2978 3059 sunt
3021 3004 3227 3059 canes?
3273 3003 3372 3069 Qui
3423 3005 3615 3058 canino
3661 3019 3816 3060 more
3851 3007 3872 3036 ι

2269 3097 2502 3164 latrant,
2535 3111 2636 3169 nep
2681 3097 2982 3166 intelligunt
3025 3105 3208 3150 contra
3240 3110 3394 3165 quos.
3428 3092 3565 3148 Nihil
3614 3095 3716 3148 illis
3765 3097 3866 3158 lit.

2267 3196 2323 3242 et
2365 3187 2576 3241 latrant.
2629 3186 2763 3255 Quid
2815 3186 2936 3241 fecit
2982 3187 3101 3240 cani
3151 3186 3414 3240 transiens
3466 3185 3604 3238 viam
3654 3202 3810 3240 suum
3845 3193 3874 3240 τ

2268 3278 2469 3332 Tamen
2521 3279 2606 3331 ille
2659 3278 2833 3330 latrat.
2885 3275 2985 3344 Qui
3034 3275 3229 3330 latrant
3274 3275 3434 3330 ctucis
3479 3275 3650 3330 oculis
3683 3317 3700 3340 ,
3753 3292 3870 3341 non

2266 3370 2634 3426 discernentes
2686 3378 2868 3423 contra
2924 3383 3058 3439 quos
3108 3377 3199 3422 aut
3251 3384 3350 3440 pro
3397 3367 3597 3440 quibus
3629 3411 3644 3436 ,
3699 3386 3873 3427 canes

2264 3473 2409 3517 sunt.

2335 3554 2425 3609 22,
2459 3553 2626 3629 [vers.
2657 3552 2784 3626 22.]
2814 3553 3029 3609 Salvum
3074 3570 3153 3608 me
3197 3553 3279 3622 [ac
3320 3553 3384 3609 de
3425 3564 3512 3608 ore
3539 3553 3708 3609 leonis
3729 3572 3754 3613 :
3782 3558 3872 3611 leu

2265 3647 2482 3716 rugiens
2513 3645 2680 3700 nostis
2710 3646 2831 3714 quis
2859 3645 2949 3711 sit,
2979 3645 3302 3700 circumiens
3329 3656 3384 3702 et
3403 3659 3660 3717 'quaarens
3697 3665 3867 3718 quem

2264 3737 2486 3792 devoret
2507 3737 2547 3807 (I
2578 3736 2717 3791 Petr.
2742 3753 2794 3804 v,
2823 3735 2901 3810 8).
2930 3736 2995 3790 Et
3019 3736 3312 3791 acornibus
3346 3739 3665 3792 unicornium
3693 3740 3868 3794 Imm-

2262 3831 2456 3884 litatem
2481 3846 2640 3882 meam
2666 3844 2686 3882 :
2711 3831 2997 3884 nuicornes
3027 3845 3132 3884 non
3161 3829 3388 3896 diceret,
3423 3831 3524 3884 nisi
3553 3832 3862 3901 superbos;

2263 3922 2384 3977 ideo
2415 3921 2666 3990 subjecit,
2697 3921 3034 3975 humilitatem
3063 3935 3246 3975 meam.

2332 4011 2422 4065 25.
2456 4009 2620 4083 [verm
2647 4009 2777 4084 23.]
2815 4011 3049 4066 Audistis
3088 4027 3207 4081 qua:
3250 4026 3438 4081 passus
3476 4021 3588 4079 est,
3629 4021 3684 4068 et
3730 4014 3864 4081 quid

2260 4103 2464 4168 oravit,
2499 4111 2558 4157 ut
2587 4109 2807 4158 eruatur
2835 4103 2902 4157 ab
2931 4103 3047 4156 istis
3073 4119 3086 4157 :
3117 4103 3454 4159 attendamus
3491 4104 3652 4158 modo
3690 4121 3865 4174 quare

2261 4211 2449 4266 passus
2487 4205 2588 4250 est.
2617 4195 2776 4250 Modo
2801 4195 2910 4265 jam
2936 4195 3142 4260 videte,
3173 4194 3364 4252 fratres
3391 4238 3404 4260 ,
3433 4199 3522 4268 qui
3554 4213 3658 4251 non
3688 4211 3774 4252 est
3805 4200 3861 4254 in

2259 4305 2322 4344 ea
2369 4298 2547 4355 sorte,
2596 4297 2814 4359 propter
2852 4303 3012 4355 quam
3042 4303 3234 4358 passos
3271 4298 3352 4342 est
3380 4287 3659 4355 Christus,
3687 4304 3862 4360 quare

2257 4380 2579 4436 cbristianus
2606 4380 2730 4434 est?
2759 4380 2928 4445 Ecce,
2960 4379 3307 4450 intelligimus
3340 4396 3459 4450 quas
3503 4396 3688 4450 passus
3729 4395 3858 4440 est:

2256 4473 2594 4528 dinumerata
2624 4479 2749 4525 sunt
2775 4486 2896 4526 ossa
2936 4471 3087 4540 ejus,
3135 4471 3322 4527 irrisus
3360 4483 3478 4538 est,
3519 4471 3686 4528 divisa
3729 4486 3862 4530 sunt

2257 4565 2574 4620 vestimenta
2601 4564 2738 4633 ejus,
2771 4564 2989 4634 insuper
3015 4564 3177 4620 missa
3203 4577 3284 4618 est
3311 4579 3432 4618 sors
3459 4581 3621 4634 super
3646 4575 3856 4622 vestem

2257 4660 2424 4730 ipsius
2447 4701 2463 4726 ,
2509 4658 2979 4714 circumdederunt
3009 4659 3155 4714 illum
3183 4659 3419 4715 furentes
3445 4671 3498 4714 et
3527 4661 3814 4717 savientes
3841 4705 3856 4725 .

2260 4764 2315 4808 et
2337 4753 2582 4824 dispersa
2614 4763 2738 4808 sunt
2767 4753 2946 4808 omnia
2976 4767 3096 4806 ossa
3125 4753 3241 4822 ejus
3263 4795 3278 4818 ,
3319 4763 3373 4808 et
3403 4753 3490 4810 hic
3523 4754 3774 4812 audimus
3802 4767 3856 4813 et

2256 4845 2309 4898 in
2360 4844 2645 4913 Evangelio
2689 4843 2932 4914 legimus.
2984 4843 3271 4900 Videamus
3316 4861 3502 4914 quare.
3550 4846 3595 4901 0
3635 4846 3858 4905 Christe

2255 4922 2496 5002 Fili‘Dei,
2529 4937 2573 4990 si
2606 4936 2810 5004 nolles,
2844 4950 2949 4991 non
2981 4938 3277 5006 patereris,
3305 4938 3529 4994 ostende
3556 4938 3712 4994 nobis
3737 4939 3854 4994 frun-

2255 5040 2398 5085 ctum
2425 5029 2690 5100 passionis
2720 5039 2844 5084 tuae.
2869 5029 3042 5096 Audi,
3076 5031 3244 5100 inquit
3263 5071 3278 5094 ,
3319 5029 3550 5086 fructum
3578 5049 3592 5086 :
3617 5048 3718 5103 ego
3741 5049 3856 5090 non

2257 5133 2427 5187 taceo,
2461 5121 2554 5177 sed
2585 5122 2730 5176 surdi
2761 5132 2885 5175 sunt
2911 5121 3175 5176 homines.
3209 5122 3365 5186 Audi,
3393 5124 3585 5194 inquit,
3611 5123 3846 5180 fruetum

2253 5230 2420 5285 quare
2471 5228 2660 5283 passus
2702 5228 2820 5267 sum
2853 5213 2952 5266 ista
2979 5213 3180 5267 omnia.
3215 5211 3452 5268 Narrabo
3495 5232 3677 5270 nomen
3706 5227 3850 5270 tuum

2256 5305 2495 5377 fratribus
2525 5305 2664 5359 meis.
2700 5305 2985 5359 Videamus
3033 5303 3076 5358 si
3127 5305 3178 5359 in
3228 5316 3377 5374 parte
3421 5317 3602 5361 narrat
3647 5324 3845 5363 nomen

2257 5401 2349 5455 Dei
2371 5399 2623 5454 fratribus
2643 5398 2773 5454 suis.
2795 5396 3034 5452 Narrabo
3056 5415 3239 5452 nomen
3267 5408 3407 5452 tuum
3425 5401 3664 5470 fratribus
3685 5405 3844 5455 meis:

2252 5495 2305 5547 in
2349 5493 2513 5546 medio
2550 5491 2791 5545 Ecclesiae
2816 5492 3027 5545 cantabo
3057 5501 3123 5546 te.
3152 5491 3241 5547 Fit
3282 5491 3383 5547 hoc
3415 5493 3593 5549 modo.
3628 5492 3735 5549 Sed
3767 5497 3842 5548 vi-

2254 5585 2477 5640 deamus
2505 5585 2617 5654 ipsa
2647 5583 2885 5639 Ecclesia
2913 5599 3034 5655 qua:
3062 5593 3163 5639 est.
3205 5583 3336 5639 Nam
3375 5584 3508 5640 dixit
3536 5603 3550 5639 :
3585 5585 3652 5641 In
3681 5589 3845 5643 medio

2321 5803 2337 5834 ⁸
2373 5808 2422 5850 tn
2447 5808 2556 5850 uss.
2588 5812 2669 5862 qm
2687 5810 2815 5850 ceco
2835 5809 2986 5850 mre.
