  <div class='ocr_page' id='page_1' title='image "/cluster/home/n/w/nwhite01/storage/ocr_20150623/36/umn.319510024773307/098.png"; bbox 0 0 4008 6318; ppageno 0'>
   <div class='ocr_carea' id='block_1_1' title="bbox 155 393 2264 456">
    <p class='ocr_par' dir='ltr' id='par_1_1' title="bbox 155 393 2264 456">
     <span class='ocr_line' id='line_1_1' title="bbox 155 393 2264 456; baseline 0.002 -5"><span class='ocrx_word' id='word_1_1' title='bbox 155 401 241 453; x_wconf 73' lang='lat' dir='ltr'><strong>H7</strong></span> <span class='ocrx_word' id='word_1_2' title='bbox 1133 403 1139 410; x_wconf 85' lang='grc'><em>’</em></span> <span class='ocrx_word' id='word_1_3' title='bbox 1219 396 1624 456; x_wconf 70' lang='grc' dir='ltr'><strong>ΕΝᾹῙὶΒᾹΤΙΟ</strong></span> <span class='ocrx_word' id='word_1_4' title='bbox 1658 393 1732 454; x_wconf 72' lang='grc' dir='ltr'><strong>ἶΝ</strong></span> <span class='ocrx_word' id='word_1_5' title='bbox 1754 395 2080 455; x_wconf 67' lang='grc' dir='ltr'><strong>ΡΞΜΛῙΠΜ</strong></span> <span class='ocrx_word' id='word_1_6' title='bbox 2122 402 2264 456; x_wconf 70' lang='lat' dir='ltr'><strong>XXI.</strong></span> 
     </span>
    </p>
   </div>
   <div class='ocr_carea' id='block_1_2' title="bbox 156 514 1724 587">
    <p class='ocr_par' dir='ltr' id='par_1_2' title="bbox 156 514 1724 587">
     <span class='ocr_line' id='line_1_2' title="bbox 156 514 1724 587; baseline 0 -15"><span class='ocrx_word' id='word_1_7' title='bbox 156 514 381 572; x_wconf 74' lang='grc' dir='ltr'><strong>εεειεεὶω</strong></span> <span class='ocrx_word' id='word_1_8' title='bbox 421 520 635 575; x_wconf 80' lang='lat' dir='ltr'><strong>cantabo</strong></span> <span class='ocrx_word' id='word_1_9' title='bbox 688 526 752 571; x_wconf 85' lang='lat' dir='ltr'><strong>te.</strong></span> <span class='ocrx_word' id='word_1_10' title='bbox 800 516 1095 572; x_wconf 86' lang='lat' dir='ltr'><strong>Ecclesiam</strong></span> <span class='ocrx_word' id='word_1_11' title='bbox 1145 516 1459 584; x_wconf 82' lang='lat' dir='ltr'><strong>videamus,</strong></span> <span class='ocrx_word' id='word_1_12' title='bbox 1502 527 1724 587; x_wconf 88' lang='lat' dir='ltr'><strong>propter</strong></span> 
     </span>
    </p>
   </div>
   <div class='ocr_carea' id='block_1_3' title="bbox 151 619 652 676">
    <p class='ocr_par' dir='ltr' id='par_1_3' title="bbox 151 619 652 676">
     <span class='ocr_line' id='line_1_3' title="bbox 151 619 652 676; baseline 0.006 -19"><span class='ocrx_word' id='word_1_13' title='bbox 151 623 294 676; x_wconf 81' lang='lat' dir='ltr'><strong>quam</strong></span> <span class='ocrx_word' id='word_1_14' title='bbox 331 621 518 675; x_wconf 88' lang='lat' dir='ltr'><strong>passus</strong></span> <span class='ocrx_word' id='word_1_15' title='bbox 545 619 652 663; x_wconf 89' lang='lat' dir='ltr'><strong>est.</strong></span> 
     </span>
    </p>
   </div>
   <div class='ocr_carea' id='block_1_4' title="bbox 211 695 1731 772">
    <p class='ocr_par' dir='ltr' id='par_1_4' title="bbox 211 695 1731 772">
     <span class='ocr_line' id='line_1_4' title="bbox 211 695 1731 772; baseline -0.001 -20"><span class='ocrx_word' id='word_1_16' title='bbox 211 700 295 752; x_wconf 67' lang='grc' dir='ltr'><strong>ει.</strong></span> <span class='ocrx_word' id='word_1_17' title='bbox 327 695 476 769; x_wconf 83' lang='lat' dir='ltr'><strong>[vers.</strong></span> <span class='ocrx_word' id='word_1_18' title='bbox 502 698 622 772; x_wconf 67' lang='lat'><strong>24.]</strong></span> <span class='ocrx_word' id='word_1_19' title='bbox 657 697 758 766; x_wconf 86' lang='lat' dir='ltr'><strong>Qui</strong></span> <span class='ocrx_word' id='word_1_20' title='bbox 800 698 982 752; x_wconf 85' lang='lat' dir='ltr'><strong>timetis</strong></span> <span class='ocrx_word' id='word_1_21' title='bbox 1022 697 1541 763; x_wconf 87' lang='lat' dir='ltr'><strong>Dominum,laudate</strong></span> <span class='ocrx_word' id='word_1_22' title='bbox 1568 713 1682 750; x_wconf 87' lang='lat' dir='ltr'><strong>eum</strong></span> <span class='ocrx_word' id='word_1_23' title='bbox 1711 712 1731 750; x_wconf 91' lang='lat'><strong><em>:</em></strong></span> 
     </span>
    </p>
   </div>
   <div class='ocr_carea' id='block_1_5' title="bbox 152 787 1726 858">
    <p class='ocr_par' dir='ltr' id='par_1_5' title="bbox 152 787 1726 858">
     <span class='ocr_line' id='line_1_5' title="bbox 152 787 1726 858; baseline -0.001 -18"><span class='ocrx_word' id='word_1_24' title='bbox 152 789 458 858; x_wconf 84' lang='lat' dir='ltr'><strong>ubicumque</strong></span> <span class='ocrx_word' id='word_1_25' title='bbox 483 791 700 844; x_wconf 87' lang='lat' dir='ltr'><strong>timetur</strong></span> <span class='ocrx_word' id='word_1_26' title='bbox 728 789 869 843; x_wconf 83' lang='lat' dir='ltr'><strong>Deus</strong></span> <span class='ocrx_word' id='word_1_27' title='bbox 895 797 950 843; x_wconf 88' lang='lat' dir='ltr'><strong>et</strong></span> <span class='ocrx_word' id='word_1_28' title='bbox 979 787 1245 852; x_wconf 76' lang='lat' dir='ltr'><strong>laudatur,</strong></span> <span class='ocrx_word' id='word_1_29' title='bbox 1275 787 1346 842; x_wconf 88' lang='lat' dir='ltr'><strong>ibi</strong></span> <span class='ocrx_word' id='word_1_30' title='bbox 1379 795 1464 842; x_wconf 89' lang='lat' dir='ltr'><strong>est</strong></span> <span class='ocrx_word' id='word_1_31' title='bbox 1487 787 1726 840; x_wconf 80' lang='lat' dir='ltr'><strong>Ecclesia</strong></span> 
     </span>
    </p>
   </div>
   <div class='ocr_carea' id='block_1_6' title="bbox 153 878 1727 948">
    <p class='ocr_par' dir='ltr' id='par_1_6' title="bbox 153 878 1727 948">
     <span class='ocr_line' id='line_1_6' title="bbox 153 878 1727 948; baseline -0.002 -14"><span class='ocrx_word' id='word_1_32' title='bbox 153 880 355 934; x_wconf 78' lang='lat' dir='ltr'><strong>ChriSti.</strong></span> <span class='ocrx_word' id='word_1_33' title='bbox 389 880 578 936; x_wconf 78' lang='lat' dir='ltr'><strong>Videte</strong></span> <span class='ocrx_word' id='word_1_34' title='bbox 600 923 615 947; x_wconf 91' lang='lat'><strong>,</strong></span> <span class='ocrx_word' id='word_1_35' title='bbox 644 879 838 935; x_wconf 87' lang='lat' dir='ltr'><strong>fratres</strong></span> <span class='ocrx_word' id='word_1_36' title='bbox 868 881 1002 943; x_wconf 90' lang='lat' dir='ltr'><strong>mei,</strong></span> <span class='ocrx_word' id='word_1_37' title='bbox 1035 880 1078 934; x_wconf 89' lang='lat' dir='ltr'><strong>si</strong></span> <span class='ocrx_word' id='word_1_38' title='bbox 1105 878 1190 933; x_wconf 86' lang='lat' dir='ltr'><strong>his</strong></span> <span class='ocrx_word' id='word_1_39' title='bbox 1220 879 1410 933; x_wconf 89' lang='lat' dir='ltr'><strong>diebus</strong></span> <span class='ocrx_word' id='word_1_40' title='bbox 1437 894 1531 948; x_wconf 92' lang='lat' dir='ltr'><strong>per</strong></span> <span class='ocrx_word' id='word_1_41' title='bbox 1559 888 1727 931; x_wconf 89' lang='lat' dir='ltr'><strong>totum</strong></span> 
     </span>
    </p>
   </div>
   <div class='ocr_carea' id='block_1_7' title="bbox 148 971 1723 1036">
    <p class='ocr_par' dir='ltr' id='par_1_7' title="bbox 148 971 1723 1036">
     <span class='ocr_line' id='line_1_7' title="bbox 148 971 1723 1036; baseline -0.001 -10"><span class='ocrx_word' id='word_1_42' title='bbox 148 974 317 1028; x_wconf 85' lang='lat' dir='ltr'><strong>orbem</strong></span> <span class='ocrx_word' id='word_1_43' title='bbox 340 981 606 1027; x_wconf 88' lang='lat' dir='ltr'><strong>terrarum</strong></span> <span class='ocrx_word' id='word_1_44' title='bbox 633 974 750 1028; x_wconf 84' lang='lat' dir='ltr'><strong>sine</strong></span> <span class='ocrx_word' id='word_1_45' title='bbox 768 987 926 1027; x_wconf 84' lang='lat' dir='ltr'><strong>causa</strong></span> <span class='ocrx_word' id='word_1_46' title='bbox 949 971 1166 1036; x_wconf 89' lang='lat' dir='ltr'><strong>dicitur,</strong></span> <span class='ocrx_word' id='word_1_47' title='bbox 1195 973 1366 1026; x_wconf 84' lang='lat' dir='ltr'><strong>Amen</strong></span> <span class='ocrx_word' id='word_1_48' title='bbox 1389 981 1444 1025; x_wconf 86' lang='lat' dir='ltr'><strong>et</strong></span> <span class='ocrx_word' id='word_1_49' title='bbox 1468 971 1723 1025; x_wconf 76' lang='lat' dir='ltr'><strong>Alleluia.</strong></span> 
     </span>
    </p>
   </div>
   <div class='ocr_carea' id='block_1_8' title="bbox 149 1061 1727 1120">
    <p class='ocr_par' dir='ltr' id='par_1_8' title="bbox 149 1061 1727 1120">
     <span class='ocr_line' id='line_1_8' title="bbox 149 1061 1727 1120; baseline -0.003 -2"><span class='ocrx_word' id='word_1_50' title='bbox 149 1064 252 1119; x_wconf 85' lang='lat' dir='ltr'><strong>Non</strong></span> <span class='ocrx_word' id='word_1_51' title='bbox 279 1064 346 1117; x_wconf 86' lang='lat' dir='ltr'><strong>ibi</strong></span> <span class='ocrx_word' id='word_1_52' title='bbox 378 1064 602 1119; x_wconf 91' lang='lat' dir='ltr'><strong>timetur</strong></span> <span class='ocrx_word' id='word_1_53' title='bbox 628 1064 808 1120; x_wconf 76' lang='lat' dir='ltr'><strong>Deus?</strong></span> <span class='ocrx_word' id='word_1_54' title='bbox 826 1062 940 1118; x_wconf 86' lang='lat' dir='ltr'><strong>Non</strong></span> <span class='ocrx_word' id='word_1_55' title='bbox 973 1063 1044 1118; x_wconf 85' lang='lat' dir='ltr'><strong>ibi</strong></span> <span class='ocrx_word' id='word_1_56' title='bbox 1069 1063 1317 1116; x_wconf 83' lang='lat' dir='ltr'><strong>laudatur</strong></span> <span class='ocrx_word' id='word_1_57' title='bbox 1347 1062 1525 1116; x_wconf 83' lang='lat' dir='ltr'><strong>Deos‘t</strong></span> <span class='ocrx_word' id='word_1_58' title='bbox 1547 1061 1727 1114; x_wconf 79' lang='lat' dir='ltr'><strong>Exivit</strong></span> 
     </span>
    </p>
   </div>
   <div class='ocr_carea' id='block_1_9' title="bbox 151 1155 1724 1222">
    <p class='ocr_par' dir='ltr' id='par_1_9' title="bbox 151 1155 1724 1222">
     <span class='ocr_line' id='line_1_9' title="bbox 151 1155 1724 1222; baseline -0.001 -10"><span class='ocrx_word' id='word_1_59' title='bbox 151 1159 371 1212; x_wconf 78' lang='lat' dir='ltr'><strong>Donatus</strong></span> <span class='ocrx_word' id='word_1_60' title='bbox 391 1199 406 1222; x_wconf 94' lang='lat'><strong>,</strong></span> <span class='ocrx_word' id='word_1_61' title='bbox 439 1166 493 1212; x_wconf 88' lang='lat' dir='ltr'><strong>et</strong></span> <span class='ocrx_word' id='word_1_62' title='bbox 518 1159 629 1212; x_wconf 88' lang='lat' dir='ltr'><strong>ait:</strong></span> <span class='ocrx_word' id='word_1_63' title='bbox 662 1158 889 1213; x_wconf 86' lang='lat' dir='ltr'><strong>Prorsus</strong></span> <span class='ocrx_word' id='word_1_64' title='bbox 923 1171 1026 1212; x_wconf 89' lang='lat' dir='ltr'><strong>non</strong></span> <span class='ocrx_word' id='word_1_65' title='bbox 1061 1157 1296 1221; x_wconf 83' lang='lat' dir='ltr'><strong>timetur,</strong></span> <span class='ocrx_word' id='word_1_66' title='bbox 1326 1166 1467 1210; x_wconf 89' lang='lat' dir='ltr'><strong>totus</strong></span> <span class='ocrx_word' id='word_1_67' title='bbox 1491 1155 1724 1210; x_wconf 89' lang='lat' dir='ltr'><strong>mundus</strong></span> 
     </span>
    </p>
   </div>
   <div class='ocr_carea' id='block_1_10' title="bbox 150 1247 1727 1317">
    <p class='ocr_par' dir='ltr' id='par_1_10' title="bbox 150 1247 1727 1317">
     <span class='ocr_line' id='line_1_10' title="bbox 150 1247 1727 1317; baseline -0.001 -15"><span class='ocrx_word' id='word_1_68' title='bbox 150 1250 308 1317; x_wconf 79' lang='lat' dir='ltr'><strong>periit.</strong></span> <span class='ocrx_word' id='word_1_69' title='bbox 339 1247 472 1304; x_wconf 88' lang='lat' dir='ltr'><strong>Sine</strong></span> <span class='ocrx_word' id='word_1_70' title='bbox 499 1263 657 1304; x_wconf 84' lang='lat' dir='ltr'><strong>causa</strong></span> <span class='ocrx_word' id='word_1_71' title='bbox 685 1248 819 1303; x_wconf 91' lang='lat' dir='ltr'><strong>dicis</strong></span> <span class='ocrx_word' id='word_1_72' title='bbox 848 1268 862 1304; x_wconf 92' lang='lat'><strong>:</strong></span> <span class='ocrx_word' id='word_1_73' title='bbox 894 1248 1063 1304; x_wconf 90' lang='lat' dir='ltr'><strong>Totus</strong></span> <span class='ocrx_word' id='word_1_74' title='bbox 1101 1248 1334 1302; x_wconf 90' lang='lat' dir='ltr'><strong>mundus</strong></span> <span class='ocrx_word' id='word_1_75' title='bbox 1379 1248 1555 1316; x_wconf 89' lang='lat' dir='ltr'><strong>periit.</strong></span> <span class='ocrx_word' id='word_1_76' title='bbox 1585 1247 1727 1317; x_wconf 83' lang='lat' dir='ltr'><strong>Ergo</strong></span> 
     </span>
    </p>
   </div>
   <div class='ocr_carea' id='block_1_11' title="bbox 149 1341 1724 1411">
    <p class='ocr_par' dir='ltr' id='par_1_11' title="bbox 149 1341 1724 1411">
     <span class='ocr_line' id='line_1_11' title="bbox 149 1341 1724 1411; baseline -0.003 -15"><span class='ocrx_word' id='word_1_77' title='bbox 149 1341 344 1396; x_wconf 84' lang='lat' dir='ltr'><strong>modica</strong></span> <span class='ocrx_word' id='word_1_78' title='bbox 376 1355 504 1408; x_wconf 87' lang='lat' dir='ltr'><strong>pars</strong></span> <span class='ocrx_word' id='word_1_79' title='bbox 527 1343 785 1396; x_wconf 83' lang='lat' dir='ltr'><strong>remansit</strong></span> <span class='ocrx_word' id='word_1_80' title='bbox 820 1341 874 1394; x_wconf 91' lang='lat' dir='ltr'><strong>in</strong></span> <span class='ocrx_word' id='word_1_81' title='bbox 914 1341 1138 1395; x_wconf 87' lang='lat' dir='ltr'><strong>Africa?</strong></span> <span class='ocrx_word' id='word_1_82' title='bbox 1166 1342 1304 1411; x_wconf 87' lang='lat' dir='ltr'><strong>Ergo</strong></span> <span class='ocrx_word' id='word_1_83' title='bbox 1331 1357 1436 1395; x_wconf 90' lang='lat' dir='ltr'><strong>non</strong></span> <span class='ocrx_word' id='word_1_84' title='bbox 1465 1341 1596 1394; x_wconf 90' lang='lat' dir='ltr'><strong>dicit</strong></span> <span class='ocrx_word' id='word_1_85' title='bbox 1623 1341 1724 1395; x_wconf 82' lang='lat' dir='ltr'><strong>ali-</strong></span> 
     </span>
    </p>
   </div>
   <div class='ocr_carea' id='block_1_12' title="bbox 148 1431 1730 1500">
    <p class='ocr_par' dir='ltr' id='par_1_12' title="bbox 148 1431 1730 1500">
     <span class='ocr_line' id='line_1_12' title="bbox 148 1431 1730 1500; baseline 0.002 -16"><span class='ocrx_word' id='word_1_86' title='bbox 148 1431 260 1500; x_wconf 87' lang='lat' dir='ltr'><strong>quid</strong></span> <span class='ocrx_word' id='word_1_87' title='bbox 283 1432 537 1487; x_wconf 79' lang='lat' dir='ltr'><strong>Christus</strong></span> <span class='ocrx_word' id='word_1_88' title='bbox 556 1475 570 1497; x_wconf 89' lang='lat'><strong>,</strong></span> <span class='ocrx_word' id='word_1_89' title='bbox 618 1432 761 1488; x_wconf 91' lang='lat' dir='ltr'><strong>unde</strong></span> <span class='ocrx_word' id='word_1_90' title='bbox 787 1432 1004 1489; x_wconf 88' lang='lat' dir='ltr'><strong>obturet</strong></span> <span class='ocrx_word' id='word_1_91' title='bbox 1043 1432 1144 1487; x_wconf 90' lang='lat' dir='ltr'><strong>ista</strong></span> <span class='ocrx_word' id='word_1_92' title='bbox 1175 1432 1309 1487; x_wconf 81' lang='lat' dir='ltr'><strong>ora?</strong></span> <span class='ocrx_word' id='word_1_93' title='bbox 1334 1449 1439 1488; x_wconf 92' lang='lat' dir='ltr'><strong>non</strong></span> <span class='ocrx_word' id='word_1_94' title='bbox 1473 1432 1604 1488; x_wconf 92' lang='lat' dir='ltr'><strong>dicit</strong></span> <span class='ocrx_word' id='word_1_95' title='bbox 1628 1434 1730 1488; x_wconf 88' lang='lat' dir='ltr'><strong>ali-</strong></span> 
     </span>
    </p>
   </div>
   <div class='ocr_carea' id='block_1_13' title="bbox 148 1523 1728 1594">
    <p class='ocr_par' dir='ltr' id='par_1_13' title="bbox 148 1523 1728 1594">
     <span class='ocr_line' id='line_1_13' title="bbox 148 1523 1728 1594; baseline 0.002 -18"><span class='ocrx_word' id='word_1_96' title='bbox 148 1523 282 1592; x_wconf 89' lang='lat' dir='ltr'><strong>quid,</strong></span> <span class='ocrx_word' id='word_1_97' title='bbox 302 1523 442 1578; x_wconf 91' lang='lat' dir='ltr'><strong>unde</strong></span> <span class='ocrx_word' id='word_1_98' title='bbox 457 1524 696 1580; x_wconf 81' lang='lat' dir='ltr'><strong>eradicet</strong></span> <span class='ocrx_word' id='word_1_99' title='bbox 717 1525 924 1594; x_wconf 83' lang='lat' dir='ltr'><strong>linguas</strong></span> <span class='ocrx_word' id='word_1_100' title='bbox 950 1525 1047 1579; x_wconf 87' lang='lat' dir='ltr'><strong>ista</strong></span> <span class='ocrx_word' id='word_1_101' title='bbox 1065 1525 1357 1580; x_wconf 88' lang='lat' dir='ltr'><strong>dicentium</strong></span> <span class='ocrx_word' id='word_1_102' title='bbox 1371 1526 1396 1578; x_wconf 68' lang='grc' dir='ltr'><em>ἲ</em></span> <span class='ocrx_word' id='word_1_103' title='bbox 1421 1525 1728 1592; x_wconf 84' lang='lat' dir='ltr'><strong>Videamus,</strong></span> 
     </span>
    </p>
   </div>
   <div class='ocr_carea' id='block_1_14' title="bbox 149 1613 1732 1681">
    <p class='ocr_par' dir='ltr' id='par_1_14' title="bbox 149 1613 1732 1681">
     <span class='ocr_line' id='line_1_14' title="bbox 149 1613 1732 1681; baseline 0.003 -14"><span class='ocrx_word' id='word_1_104' title='bbox 149 1629 208 1668; x_wconf 90' lang='lat' dir='ltr'><strong>ne</strong></span> <span class='ocrx_word' id='word_1_105' title='bbox 236 1613 368 1669; x_wconf 89' lang='lat' dir='ltr'><strong>forte</strong></span> <span class='ocrx_word' id='word_1_106' title='bbox 411 1614 773 1670; x_wconf 72' lang='lat' dir='ltr'><strong>inveniamus.</strong></span> <span class='ocrx_word' id='word_1_107' title='bbox 807 1614 997 1671; x_wconf 84' lang='lat' dir='ltr'><strong>Adhuc</strong></span> <span class='ocrx_word' id='word_1_108' title='bbox 1040 1616 1194 1670; x_wconf 91' lang='lat' dir='ltr'><strong>nobis</strong></span> <span class='ocrx_word' id='word_1_109' title='bbox 1223 1615 1438 1681; x_wconf 82' lang='lat' dir='ltr'><strong>dicitur,</strong></span> <span class='ocrx_word' id='word_1_110' title='bbox 1472 1615 1538 1670; x_wconf 85' lang='lat' dir='ltr'><strong>In</strong></span> <span class='ocrx_word' id='word_1_111' title='bbox 1565 1617 1732 1671; x_wconf 87' lang='lat' dir='ltr'><strong>medio</strong></span> 
     </span>
    </p>
   </div>
   <div class='ocr_carea' id='block_1_15' title="bbox 152 1704 1723 1774">
    <p class='ocr_par' dir='ltr' id='par_1_15' title="bbox 152 1704 1723 1774">
     <span class='ocr_line' id='line_1_15' title="bbox 152 1704 1723 1774; baseline 0.003 -16"><span class='ocrx_word' id='word_1_112' title='bbox 152 1704 378 1762; x_wconf 81' lang='lat' dir='ltr'><strong>Ecclesia:</strong></span> <span class='ocrx_word' id='word_1_113' title='bbox 405 1723 424 1761; x_wconf 90' lang='lat'><strong><em>:</em></strong></span> <span class='ocrx_word' id='word_1_114' title='bbox 449 1707 524 1763; x_wconf 90' lang='lat' dir='ltr'><strong>de</strong></span> <span class='ocrx_word' id='word_1_115' title='bbox 549 1707 785 1764; x_wconf 85' lang='lat' dir='ltr'><strong>Ecclesia</strong></span> <span class='ocrx_word' id='word_1_116' title='bbox 813 1716 993 1765; x_wconf 89' lang='lat' dir='ltr'><strong>nostra</strong></span> <span class='ocrx_word' id='word_1_117' title='bbox 1024 1708 1174 1764; x_wconf 87' lang='lat' dir='ltr'><strong>dicit.</strong></span> <span class='ocrx_word' id='word_1_118' title='bbox 1203 1708 1302 1774; x_wconf 86' lang='lat' dir='ltr'><strong>Qui</strong></span> <span class='ocrx_word' id='word_1_119' title='bbox 1333 1709 1515 1764; x_wconf 76' lang='lat' dir='ltr'><strong>timetis</strong></span> <span class='ocrx_word' id='word_1_120' title='bbox 1537 1709 1723 1763; x_wconf 89' lang='lat' dir='ltr'><strong>Domi-</strong></span> 
     </span>
    </p>
   </div>
   <div class='ocr_carea' id='block_1_16' title="bbox 149 1797 1734 1870">
    <p class='ocr_par' dir='ltr' id='par_1_16' title="bbox 149 1797 1734 1870">
     <span class='ocr_line' id='line_1_16' title="bbox 149 1797 1734 1870; baseline 0.004 -22"><span class='ocrx_word' id='word_1_121' title='bbox 149 1814 277 1862; x_wconf 79' lang='lat' dir='ltr'><strong>num,</strong></span> <span class='ocrx_word' id='word_1_122' title='bbox 308 1797 516 1852; x_wconf 82' lang='lat' dir='ltr'><strong>laudate</strong></span> <span class='ocrx_word' id='word_1_123' title='bbox 536 1798 970 1855; x_wconf 84' lang='lat' dir='ltr'><strong>eum:videamus</strong></span> <span class='ocrx_word' id='word_1_124' title='bbox 997 1799 1041 1854; x_wconf 90' lang='lat' dir='ltr'><strong>si</strong></span> <span class='ocrx_word' id='word_1_125' title='bbox 1076 1799 1149 1853; x_wconf 91' lang='lat' dir='ltr'><strong>illi</strong></span> <span class='ocrx_word' id='word_1_126' title='bbox 1180 1800 1399 1854; x_wconf 87' lang='lat' dir='ltr'><strong>laudant</strong></span> <span class='ocrx_word' id='word_1_127' title='bbox 1425 1801 1734 1870; x_wconf 89' lang='lat' dir='ltr'><strong>Dominum,</strong></span> 
     </span>
    </p>
   </div>
   <div class='ocr_carea' id='block_1_17' title="bbox 148 1889 1733 1961">
    <p class='ocr_par' dir='ltr' id='par_1_17' title="bbox 148 1889 1733 1961">
     <span class='ocr_line' id='line_1_17' title="bbox 148 1889 1733 1961; baseline 0.002 -18"><span class='ocrx_word' id='word_1_128' title='bbox 148 1900 194 1943; x_wconf 89' lang='lat' dir='ltr'><strong>et</strong></span> <span class='ocrx_word' id='word_1_129' title='bbox 220 1889 576 1959; x_wconf 82' lang='lat' dir='ltr'><strong>intelligamus</strong></span> <span class='ocrx_word' id='word_1_130' title='bbox 601 1890 647 1945; x_wconf 91' lang='lat' dir='ltr'><strong>si</strong></span> <span class='ocrx_word' id='word_1_131' title='bbox 673 1889 742 1944; x_wconf 87' lang='lat' dir='ltr'><strong>de</strong></span> <span class='ocrx_word' id='word_1_132' title='bbox 773 1890 904 1961; x_wconf 86' lang='lat' dir='ltr'><strong>ipsis</strong></span> <span class='ocrx_word' id='word_1_133' title='bbox 930 1889 1082 1956; x_wconf 81' lang='lat' dir='ltr'><strong>dicit,</strong></span> <span class='ocrx_word' id='word_1_134' title='bbox 1108 1899 1162 1946; x_wconf 90' lang='lat' dir='ltr'><strong>et</strong></span> <span class='ocrx_word' id='word_1_135' title='bbox 1187 1891 1234 1945; x_wconf 93' lang='lat' dir='ltr'><strong>si</strong></span> <span class='ocrx_word' id='word_1_136' title='bbox 1265 1893 1316 1945; x_wconf 91' lang='lat' dir='ltr'><strong>in</strong></span> <span class='ocrx_word' id='word_1_137' title='bbox 1343 1890 1522 1945; x_wconf 87' lang='lat' dir='ltr'><strong>medio</strong></span> <span class='ocrx_word' id='word_1_138' title='bbox 1543 1891 1733 1946; x_wconf 87' lang='lat' dir='ltr'><strong>Eccle-</strong></span> 
     </span>
    </p>
   </div>
   <div class='ocr_carea' id='block_1_18' title="bbox 149 1981 1730 2052">
    <p class='ocr_par' dir='ltr' id='par_1_18' title="bbox 149 1981 1730 2052">
     <span class='ocr_line' id='line_1_18' title="bbox 149 1981 1730 2052; baseline 0.002 -19"><span class='ocrx_word' id='word_1_139' title='bbox 149 1981 229 2032; x_wconf 59' lang='grc' dir='ltr'><strong>εἰη»</strong></span> <span class='ocrx_word' id='word_1_140' title='bbox 260 1981 493 2048; x_wconf 91' lang='lat' dir='ltr'><strong>ipsorum</strong></span> <span class='ocrx_word' id='word_1_141' title='bbox 544 1981 810 2035; x_wconf 85' lang='lat' dir='ltr'><strong>laudatur.</strong></span> <span class='ocrx_word' id='word_1_142' title='bbox 848 1981 1130 2048; x_wconf 84' lang='lat' dir='ltr'><strong>Quomodo</strong></span> <span class='ocrx_word' id='word_1_143' title='bbox 1166 1983 1385 2038; x_wconf 85' lang='lat' dir='ltr'><strong>laudant</strong></span> <span class='ocrx_word' id='word_1_144' title='bbox 1420 1983 1730 2052; x_wconf 80' lang='lat' dir='ltr'><strong>Christum,</strong></span> 
     </span>
    </p>
   </div>
   <div class='ocr_carea' id='block_1_19' title="bbox 149 2072 1729 2141">
    <p class='ocr_par' dir='ltr' id='par_1_19' title="bbox 149 2072 1729 2141">
     <span class='ocr_line' id='line_1_19' title="bbox 149 2072 1729 2141; baseline 0.004 -17"><span class='ocrx_word' id='word_1_145' title='bbox 149 2073 226 2140; x_wconf 86' lang='lat' dir='ltr'><strong>qui</strong></span> <span class='ocrx_word' id='word_1_146' title='bbox 255 2072 430 2126; x_wconf 90' lang='lat' dir='ltr'><strong>dicunt</strong></span> <span class='ocrx_word' id='word_1_147' title='bbox 463 2090 479 2126; x_wconf 87' lang='lat'><strong>:</strong></span> <span class='ocrx_word' id='word_1_148' title='bbox 511 2072 748 2127; x_wconf 85' lang='lat' dir='ltr'><strong>Perdidit</strong></span> <span class='ocrx_word' id='word_1_149' title='bbox 779 2082 950 2128; x_wconf 89' lang='lat' dir='ltr'><strong>totum</strong></span> <span class='ocrx_word' id='word_1_150' title='bbox 994 2074 1179 2129; x_wconf 88' lang='lat' dir='ltr'><strong>orbem</strong></span> <span class='ocrx_word' id='word_1_151' title='bbox 1228 2084 1512 2141; x_wconf 84' lang='lat' dir='ltr'><strong>terrarum,</strong></span> <span class='ocrx_word' id='word_1_152' title='bbox 1541 2075 1729 2130; x_wconf 87' lang='lat' dir='ltr'><strong>diabo-</strong></span> 
     </span>
    </p>
   </div>
   <div class='ocr_carea' id='block_1_20' title="bbox 153 2164 1732 2234">
    <p class='ocr_par' dir='ltr' id='par_1_20' title="bbox 153 2164 1732 2234">
     <span class='ocr_line' id='line_1_20' title="bbox 153 2164 1732 2234; baseline 0.004 -19"><span class='ocrx_word' id='word_1_153' title='bbox 153 2165 224 2216; x_wconf 88' lang='lat' dir='ltr'><strong>lus</strong></span> <span class='ocrx_word' id='word_1_154' title='bbox 254 2165 322 2216; x_wconf 89' lang='lat' dir='ltr'><strong>illi</strong></span> <span class='ocrx_word' id='word_1_155' title='bbox 357 2172 527 2217; x_wconf 88' lang='lat' dir='ltr'><strong>totnm</strong></span> <span class='ocrx_word' id='word_1_156' title='bbox 575 2164 814 2228; x_wconf 87' lang='lat' dir='ltr'><strong>abstulit,</strong></span> <span class='ocrx_word' id='word_1_157' title='bbox 837 2176 892 2219; x_wconf 90' lang='lat' dir='ltr'><strong>et</strong></span> <span class='ocrx_word' id='word_1_158' title='bbox 919 2166 968 2218; x_wconf 90' lang='lat' dir='ltr'><strong>in</strong></span> <span class='ocrx_word' id='word_1_159' title='bbox 1000 2174 1150 2234; x_wconf 88' lang='lat' dir='ltr'><strong>parte</strong></span> <span class='ocrx_word' id='word_1_160' title='bbox 1172 2165 1286 2234; x_wconf 87' lang='lat' dir='ltr'><strong>ipse</strong></span> <span class='ocrx_word' id='word_1_161' title='bbox 1311 2166 1603 2220; x_wconf 83' lang='lat' dir='ltr'><strong>remansit?</strong></span> <span class='ocrx_word' id='word_1_162' title='bbox 1625 2165 1732 2221; x_wconf 89' lang='lat' dir='ltr'><strong>Sed</strong></span> 
     </span>
    </p>
   </div>
   <div class='ocr_carea' id='block_1_21' title="bbox 151 2255 1724 2326">
    <p class='ocr_par' dir='ltr' id='par_1_21' title="bbox 151 2255 1724 2326">
     <span class='ocr_line' id='line_1_21' title="bbox 151 2255 1724 2326; baseline 0.004 -21"><span class='ocrx_word' id='word_1_163' title='bbox 151 2255 306 2309; x_wconf 81' lang='lat' dir='ltr'><strong>adhuc</strong></span> <span class='ocrx_word' id='word_1_164' title='bbox 335 2255 646 2320; x_wconf 84' lang='lat' dir='ltr'><strong>videamus,</strong></span> <span class='ocrx_word' id='word_1_165' title='bbox 689 2255 926 2326; x_wconf 89' lang='lat' dir='ltr'><strong>apertius</strong></span> <span class='ocrx_word' id='word_1_166' title='bbox 955 2256 1130 2322; x_wconf 88' lang='lat' dir='ltr'><strong>dicat,</strong></span> <span class='ocrx_word' id='word_1_167' title='bbox 1161 2257 1403 2326; x_wconf 86' lang='lat' dir='ltr'><strong>apertius</strong></span> <span class='ocrx_word' id='word_1_168' title='bbox 1435 2258 1683 2325; x_wconf 84' lang='lat' dir='ltr'><strong>loquatur</strong></span> <span class='ocrx_word' id='word_1_169' title='bbox 1709 2275 1724 2311; x_wconf 91' lang='lat'><strong>:</strong></span> 
     </span>
    </p>
   </div>
   <div class='ocr_carea' id='block_1_22' title="bbox 153 2347 1727 2419">
    <p class='ocr_par' dir='ltr' id='par_1_22' title="bbox 153 2347 1727 2419">
     <span class='ocr_line' id='line_1_22' title="bbox 153 2347 1727 2419; baseline 0.004 -22"><span class='ocrx_word' id='word_1_170' title='bbox 153 2362 245 2399; x_wconf 90' lang='lat' dir='ltr'><strong>non</strong></span> <span class='ocrx_word' id='word_1_171' title='bbox 290 2349 355 2401; x_wconf 85' lang='lat' dir='ltr'><strong>sit</strong></span> <span class='ocrx_word' id='word_1_172' title='bbox 401 2347 550 2417; x_wconf 89' lang='lat' dir='ltr'><strong>quod</strong></span> <span class='ocrx_word' id='word_1_173' title='bbox 597 2348 973 2417; x_wconf 87' lang='lat' dir='ltr'><strong>interpretari,</strong></span> <span class='ocrx_word' id='word_1_174' title='bbox 1015 2365 1120 2401; x_wconf 91' lang='lat' dir='ltr'><strong>non</strong></span> <span class='ocrx_word' id='word_1_175' title='bbox 1162 2349 1231 2401; x_wconf 88' lang='lat' dir='ltr'><strong>sit</strong></span> <span class='ocrx_word' id='word_1_176' title='bbox 1260 2350 1400 2418; x_wconf 88' lang='lat' dir='ltr'><strong>quod</strong></span> <span class='ocrx_word' id='word_1_177' title='bbox 1447 2350 1727 2419; x_wconf 90' lang='lat' dir='ltr'><strong>suspicari.</strong></span> 
     </span>
    </p>
   </div>
   <div class='ocr_carea' id='block_1_23' title="bbox 157 2437 1732 2505">
    <p class='ocr_par' dir='ltr' id='par_1_23' title="bbox 157 2437 1732 2505">
     <span class='ocr_line' id='line_1_23' title="bbox 157 2437 1732 2505; baseline 0.003 -15"><span class='ocrx_word' id='word_1_178' title='bbox 157 2437 434 2490; x_wconf 69' lang='lat' dir='ltr'><strong>linirersnm</strong></span> <span class='ocrx_word' id='word_1_179' title='bbox 464 2455 635 2492; x_wconf 83' lang='lat' dir='ltr'><strong>semen</strong></span> <span class='ocrx_word' id='word_1_180' title='bbox 661 2438 842 2505; x_wconf 73' lang='lat' dir='ltr'><strong>Iacob,</strong></span> <span class='ocrx_word' id='word_1_181' title='bbox 861 2439 1186 2505; x_wconf 75' lang='lat' dir='ltr'><strong>magni/itote</strong></span> <span class='ocrx_word' id='word_1_182' title='bbox 1212 2455 1345 2492; x_wconf 82' lang='lat' dir='ltr'><strong>eum.</strong></span> <span class='ocrx_word' id='word_1_183' title='bbox 1373 2439 1534 2494; x_wconf 82' lang='lat' dir='ltr'><strong>Forte</strong></span> <span class='ocrx_word' id='word_1_184' title='bbox 1556 2439 1732 2495; x_wconf 88' lang='lat' dir='ltr'><strong>adhuc</strong></span> 
     </span>
    </p>
   </div>
   <div class='ocr_carea' id='block_1_24' title="bbox 153 2526 1734 2600">
    <p class='ocr_par' dir='ltr' id='par_1_24' title="bbox 153 2526 1734 2600">
     <span class='ocr_line' id='line_1_24' title="bbox 153 2526 1734 2600; baseline 0.004 -22"><span class='ocrx_word' id='word_1_185' title='bbox 153 2527 317 2581; x_wconf 85' lang='lat' dir='ltr'><strong>dicunt</strong></span> <span class='ocrx_word' id='word_1_186' title='bbox 342 2545 356 2582; x_wconf 85' lang='lat'><strong>:</strong></span> <span class='ocrx_word' id='word_1_187' title='bbox 384 2526 494 2583; x_wconf 90' lang='lat' dir='ltr'><strong>Nos</strong></span> <span class='ocrx_word' id='word_1_188' title='bbox 531 2545 715 2584; x_wconf 88' lang='lat' dir='ltr'><strong>sumus</strong></span> <span class='ocrx_word' id='word_1_189' title='bbox 741 2545 925 2583; x_wconf 91' lang='lat' dir='ltr'><strong>semen</strong></span> <span class='ocrx_word' id='word_1_190' title='bbox 951 2527 1136 2584; x_wconf 81' lang='lat' dir='ltr'><strong>Jacob.</strong></span> <span class='ocrx_word' id='word_1_191' title='bbox 1169 2528 1225 2584; x_wconf 90' lang='lat' dir='ltr'><strong>Si</strong></span> <span class='ocrx_word' id='word_1_192' title='bbox 1254 2529 1360 2583; x_wconf 83' lang='lat' dir='ltr'><strong>sint</strong></span> <span class='ocrx_word' id='word_1_193' title='bbox 1389 2531 1523 2600; x_wconf 91' lang='lat' dir='ltr'><strong>ipsi,</strong></span> <span class='ocrx_word' id='word_1_194' title='bbox 1551 2529 1734 2585; x_wconf 79' lang='lat' dir='ltr'><strong>videa-</strong></span> 
     </span>
    </p>
   </div>
   <div class='ocr_carea' id='block_1_25' title="bbox 153 2636 272 2674">
    <p class='ocr_par' dir='ltr' id='par_1_25' title="bbox 153 2636 272 2674">
     <span class='ocr_line' id='line_1_25' title="bbox 153 2636 272 2674; baseline 0.042 -5"><span class='ocrx_word' id='word_1_195' title='bbox 153 2636 272 2674; x_wconf 73' lang='lat' dir='ltr'><strong>&quot;IIIS.</strong></span> 
     </span>
    </p>
   </div>
   <div class='ocr_carea' id='block_1_26' title="bbox 210 2713 1730 2788">
    <p class='ocr_par' dir='ltr' id='par_1_26' title="bbox 210 2713 1730 2788">
     <span class='ocr_line' id='line_1_26' title="bbox 210 2713 1730 2788; baseline 0.001 -19"><span class='ocrx_word' id='word_1_196' title='bbox 210 2714 292 2769; x_wconf 72' lang='grc'><strong>25.</strong></span> <span class='ocrx_word' id='word_1_197' title='bbox 321 2713 480 2788; x_wconf 66' lang='grc' dir='ltr'><strong>[ειη-ε.</strong></span> <span class='ocrx_word' id='word_1_198' title='bbox 511 2713 584 2771; x_wconf 73' lang='grc'><strong>25</strong></span> <span class='ocrx_word' id='word_1_199' title='bbox 627 2713 648 2788; x_wconf 93' lang='grc'>]</span> <span class='ocrx_word' id='word_1_200' title='bbox 681 2713 875 2768; x_wconf 83' lang='lat' dir='ltr'><strong>Timent</strong></span> <span class='ocrx_word' id='word_1_201' title='bbox 899 2733 1012 2769; x_wconf 88' lang='lat' dir='ltr'><strong>eum</strong></span> <span class='ocrx_word' id='word_1_202' title='bbox 1037 2733 1184 2770; x_wconf 87' lang='lat' dir='ltr'><strong>omne</strong></span> <span class='ocrx_word' id='word_1_203' title='bbox 1209 2734 1375 2770; x_wconf 80' lang='lat' dir='ltr'><strong>semen</strong></span> <span class='ocrx_word' id='word_1_204' title='bbox 1411 2715 1589 2770; x_wconf 84' lang='lat' dir='ltr'><strong>Israel.</strong></span> <span class='ocrx_word' id='word_1_205' title='bbox 1618 2715 1730 2770; x_wconf 87' lang='lat' dir='ltr'><strong>Ad-</strong></span> 
     </span>
    </p>
   </div>
   <div class='ocr_carea' id='block_1_27' title="bbox 150 2803 1730 2875">
    <p class='ocr_par' dir='ltr' id='par_1_27' title="bbox 150 2803 1730 2875">
     <span class='ocr_line' id='line_1_27' title="bbox 150 2803 1730 2875; baseline 0.003 -19"><span class='ocrx_word' id='word_1_206' title='bbox 150 2803 239 2858; x_wconf 81' lang='lat' dir='ltr'><strong>huc</strong></span> <span class='ocrx_word' id='word_1_207' title='bbox 277 2805 485 2866; x_wconf 86' lang='lat' dir='ltr'><strong>dicant.</strong></span> <span class='ocrx_word' id='word_1_208' title='bbox 530 2806 638 2860; x_wconf 85' lang='lat' dir='ltr'><strong>Nos</strong></span> <span class='ocrx_word' id='word_1_209' title='bbox 678 2821 864 2860; x_wconf 88' lang='lat' dir='ltr'><strong>sumus</strong></span> <span class='ocrx_word' id='word_1_210' title='bbox 890 2821 1074 2862; x_wconf 87' lang='lat' dir='ltr'><strong>semen</strong></span> <span class='ocrx_word' id='word_1_211' title='bbox 1102 2807 1296 2871; x_wconf 88' lang='lat' dir='ltr'><strong>lsrael;</strong></span> <span class='ocrx_word' id='word_1_212' title='bbox 1334 2809 1730 2875; x_wconf 89' lang='lat' dir='ltr'><strong>permittamus,</strong></span> 
     </span>
    </p>
   </div>
   <div class='ocr_carea' id='block_1_28' title="bbox 147 2894 1732 2967">
    <p class='ocr_par' dir='ltr' id='par_1_28' title="bbox 147 2894 1732 2967">
     <span class='ocr_line' id='line_1_28' title="bbox 147 2894 1732 2967; baseline 0.003 -21"><span class='ocrx_word' id='word_1_213' title='bbox 147 2894 326 2948; x_wconf 90' lang='lat' dir='ltr'><strong>dicant.</strong></span> <span class='ocrx_word' id='word_1_214' title='bbox 353 2896 611 2962; x_wconf 79' lang='lat' dir='ltr'><strong>Quoniam</strong></span> <span class='ocrx_word' id='word_1_215' title='bbox 634 2912 731 2948; x_wconf 87' lang='lat' dir='ltr'><strong>non</strong></span> <span class='ocrx_word' id='word_1_216' title='bbox 758 2898 942 2966; x_wconf 70' lang='lat' dir='ltr'><strong>sprevit</strong></span> <span class='ocrx_word' id='word_1_217' title='bbox 961 2913 1116 2966; x_wconf 82' lang='lat' dir='ltr'><strong>neque</strong></span> <span class='ocrx_word' id='word_1_218' title='bbox 1135 2897 1359 2965; x_wconf 64' lang='lat' dir='ltr'><strong>despexit</strong></span> <span class='ocrx_word' id='word_1_219' title='bbox 1385 2915 1579 2967; x_wconf 83' lang='lat' dir='ltr'><strong>precem</strong></span> <span class='ocrx_word' id='word_1_220' title='bbox 1602 2915 1732 2967; x_wconf 85' lang='lat' dir='ltr'><strong>pau-</strong></span> 
     </span>
    </p>
   </div>
   <div class='ocr_carea' id='block_1_29' title="bbox 148 2987 1725 3059">
    <p class='ocr_par' dir='ltr' id='par_1_29' title="bbox 148 2987 1725 3059">
     <span class='ocr_line' id='line_1_29' title="bbox 148 2987 1725 3059; baseline 0.001 -19"><span class='ocrx_word' id='word_1_221' title='bbox 148 3004 304 3054; x_wconf 75' lang='lat' dir='ltr'><strong>perum</strong></span> <span class='ocrx_word' id='word_1_222' title='bbox 327 3005 344 3040; x_wconf 93' lang='lat'><strong><em>:</em></strong></span> <span class='ocrx_word' id='word_1_223' title='bbox 364 3004 595 3058; x_wconf 90' lang='lat' dir='ltr'><strong>quorum</strong></span> <span class='ocrx_word' id='word_1_224' title='bbox 621 2987 954 3059; x_wconf 83' lang='lat' dir='ltr'><strong>pauperum?</strong></span> <span class='ocrx_word' id='word_1_225' title='bbox 975 2987 1090 3042; x_wconf 84' lang='lat' dir='ltr'><strong>Non</strong></span> <span class='ocrx_word' id='word_1_226' title='bbox 1106 2988 1172 3041; x_wconf 86' lang='lat' dir='ltr'><strong>de</strong></span> <span class='ocrx_word' id='word_1_227' title='bbox 1195 3005 1251 3042; x_wconf 82' lang='lat' dir='ltr'><strong>5e</strong></span> <span class='ocrx_word' id='word_1_228' title='bbox 1273 2989 1725 3056; x_wconf 66' lang='lat' dir='ltr'><strong>[iftl‘SlllllClllillm.</strong></span> 
     </span>
    </p>
   </div>
   <div class='ocr_carea' id='block_1_30' title="bbox 149 3078 1732 3150">
    <p class='ocr_par' dir='ltr' id='par_1_30' title="bbox 149 3078 1732 3150">
     <span class='ocr_line' id='line_1_30' title="bbox 149 3078 1732 3150; baseline 0.003 -19"><span class='ocrx_word' id='word_1_229' title='bbox 149 3078 414 3135; x_wconf 69' lang='lat' dir='ltr'><strong>Videamus</strong></span> <span class='ocrx_word' id='word_1_230' title='bbox 443 3081 488 3136; x_wconf 91' lang='lat' dir='ltr'><strong>si</strong></span> <span class='ocrx_word' id='word_1_231' title='bbox 528 3095 790 3150; x_wconf 79' lang='lat' dir='ltr'><strong>pauperes</strong></span> <span class='ocrx_word' id='word_1_232' title='bbox 817 3090 976 3142; x_wconf 84' lang='lat' dir='ltr'><strong>sunt.</strong></span> <span class='ocrx_word' id='word_1_233' title='bbox 1017 3082 1106 3150; x_wconf 89' lang='lat' dir='ltr'><strong>qui</strong></span> <span class='ocrx_word' id='word_1_234' title='bbox 1139 3079 1322 3135; x_wconf 89' lang='lat' dir='ltr'><strong>dicunt</strong></span> <span class='ocrx_word' id='word_1_235' title='bbox 1352 3099 1364 3133; x_wconf 93' lang='lat'><strong>:</strong></span> <span class='ocrx_word' id='word_1_236' title='bbox 1399 3080 1506 3134; x_wconf 89' lang='lat' dir='ltr'><strong>Nos</strong></span> <span class='ocrx_word' id='word_1_237' title='bbox 1543 3097 1732 3136; x_wconf 87' lang='lat' dir='ltr'><strong>sumus</strong></span> 
     </span>
    </p>
   </div>
   <div class='ocr_carea' id='block_1_31' title="bbox 142 3172 1729 3243">
    <p class='ocr_par' dir='ltr' id='par_1_31' title="bbox 142 3172 1729 3243">
     <span class='ocr_line' id='line_1_31' title="bbox 142 3172 1729 3243; baseline 0.003 -20"><span class='ocrx_word' id='word_1_238' title='bbox 142 3173 273 3238; x_wconf 85' lang='lat' dir='ltr'><strong>justi.</strong></span> <span class='ocrx_word' id='word_1_239' title='bbox 304 3173 552 3227; x_wconf 68' lang='lat' dir='ltr'><strong>Christus</strong></span> <span class='ocrx_word' id='word_1_240' title='bbox 579 3174 773 3227; x_wconf 86' lang='lat' dir='ltr'><strong>clamat</strong></span> <span class='ocrx_word' id='word_1_241' title='bbox 799 3213 815 3237; x_wconf 93' lang='lat'><strong>,</strong></span> <span class='ocrx_word' id='word_1_242' title='bbox 865 3172 1036 3243; x_wconf 88' lang='lat' dir='ltr'><strong>Longe</strong></span> <span class='ocrx_word' id='word_1_243' title='bbox 1060 3189 1092 3225; x_wconf 91' lang='lat' dir='ltr'><strong>a</strong></span> <span class='ocrx_word' id='word_1_244' title='bbox 1129 3174 1293 3227; x_wconf 80' lang='lat' dir='ltr'><strong>salute</strong></span> <span class='ocrx_word' id='word_1_245' title='bbox 1325 3191 1435 3227; x_wconf 88' lang='lat' dir='ltr'><strong>mea</strong></span> <span class='ocrx_word' id='word_1_246' title='bbox 1464 3173 1622 3227; x_wconf 79' lang='lat' dir='ltr'><strong>verba</strong></span> <span class='ocrx_word' id='word_1_247' title='bbox 1642 3174 1729 3228; x_wconf 89' lang='lat' dir='ltr'><strong>de-</strong></span> 
     </span>
    </p>
   </div>
   <div class='ocr_carea' id='block_1_32' title="bbox 145 3265 1722 3336">
    <p class='ocr_par' dir='ltr' id='par_1_32' title="bbox 145 3265 1722 3336">
     <span class='ocr_line' id='line_1_32' title="bbox 145 3265 1722 3336; baseline 0.003 -20"><span class='ocrx_word' id='word_1_248' title='bbox 145 3266 356 3318; x_wconf 85' lang='lat' dir='ltr'><strong>lictorum</strong></span> <span class='ocrx_word' id='word_1_249' title='bbox 381 3283 630 3322; x_wconf 85' lang='lat' dir='ltr'><strong>meorum.</strong></span> <span class='ocrx_word' id='word_1_250' title='bbox 655 3265 762 3319; x_wconf 87' lang='lat' dir='ltr'><strong>Sed</strong></span> <span class='ocrx_word' id='word_1_251' title='bbox 792 3265 964 3323; x_wconf 80' lang='lat' dir='ltr'><strong>adhuc</strong></span> <span class='ocrx_word' id='word_1_252' title='bbox 990 3265 1170 3320; x_wconf 85' lang='lat' dir='ltr'><strong>dicant</strong></span> <span class='ocrx_word' id='word_1_253' title='bbox 1197 3265 1336 3336; x_wconf 89' lang='lat' dir='ltr'><strong>quod</strong></span> <span class='ocrx_word' id='word_1_254' title='bbox 1368 3266 1572 3320; x_wconf 84' lang='lat' dir='ltr'><strong>volunt.</strong></span> <span class='ocrx_word' id='word_1_255' title='bbox 1610 3265 1722 3320; x_wconf 82' lang='lat' dir='ltr'><strong>Ne-</strong></span> 
     </span>
    </p>
   </div>
   <div class='ocr_carea' id='block_1_33' title="bbox 143 3358 1729 3428">
    <p class='ocr_par' dir='ltr' id='par_1_33' title="bbox 143 3358 1729 3428">
     <span class='ocr_line' id='line_1_33' title="bbox 143 3358 1729 3428; baseline 0.002 -20"><span class='ocrx_word' id='word_1_256' title='bbox 143 3373 225 3426; x_wconf 82' lang='lat' dir='ltr'><strong>que</strong></span> <span class='ocrx_word' id='word_1_257' title='bbox 260 3360 430 3412; x_wconf 78' lang='lat' dir='ltr'><strong>avertit</strong></span> <span class='ocrx_word' id='word_1_258' title='bbox 480 3359 666 3428; x_wconf 79' lang='lat' dir='ltr'><strong>faciem</strong></span> <span class='ocrx_word' id='word_1_259' title='bbox 705 3374 851 3411; x_wconf 86' lang='lat' dir='ltr'><strong>suam</strong></span> <span class='ocrx_word' id='word_1_260' title='bbox 882 3375 914 3411; x_wconf 91' lang='lat' dir='ltr'><strong>a</strong></span> <span class='ocrx_word' id='word_1_261' title='bbox 942 3375 1050 3422; x_wconf 83' lang='lat' dir='ltr'><strong>nte,</strong></span> <span class='ocrx_word' id='word_1_262' title='bbox 1098 3367 1144 3412; x_wconf 87' lang='lat' dir='ltr'><strong>et</strong></span> <span class='ocrx_word' id='word_1_263' title='bbox 1189 3374 1303 3412; x_wconf 86' lang='lat' dir='ltr'><strong>cum</strong></span> <span class='ocrx_word' id='word_1_264' title='bbox 1343 3359 1615 3412; x_wconf 81' lang='lat' dir='ltr'><strong>clamarem</strong></span> <span class='ocrx_word' id='word_1_265' title='bbox 1660 3358 1729 3411; x_wconf 79' lang='lat' dir='ltr'><strong>ad</strong></span> 
     </span>
    </p>
   </div>
   <div class='ocr_carea' id='block_1_34' title="bbox 143 3449 1727 3520">
    <p class='ocr_par' dir='ltr' id='par_1_34' title="bbox 143 3449 1727 3520">
     <span class='ocr_line' id='line_1_34' title="bbox 143 3449 1727 3520; baseline 0.002 -19"><span class='ocrx_word' id='word_1_266' title='bbox 143 3465 264 3515; x_wconf 71' lang='lat' dir='ltr'><strong>sunt,</strong></span> <span class='ocrx_word' id='word_1_267' title='bbox 284 3451 542 3503; x_wconf 76' lang='lat' dir='ltr'><strong>exaudivit</strong></span> <span class='ocrx_word' id='word_1_268' title='bbox 570 3466 670 3503; x_wconf 87' lang='lat' dir='ltr'><strong>me.</strong></span> <span class='ocrx_word' id='word_1_269' title='bbox 697 3449 893 3517; x_wconf 90' lang='lat' dir='ltr'><strong>thuid</strong></span> <span class='ocrx_word' id='word_1_270' title='bbox 924 3450 1226 3505; x_wconf 78' lang='lat' dir='ltr'><strong>exaudivit?</strong></span> <span class='ocrx_word' id='word_1_271' title='bbox 1263 3451 1326 3507; x_wconf 88' lang='lat' dir='ltr'><strong>ad</strong></span> <span class='ocrx_word' id='word_1_272' title='bbox 1368 3466 1525 3520; x_wconf 87' lang='lat' dir='ltr'><strong>quam</strong></span> <span class='ocrx_word' id='word_1_273' title='bbox 1576 3452 1727 3505; x_wconf 88' lang='lat' dir='ltr'><strong>rem?</strong></span> 
     </span>
    </p>
   </div>
   <div class='ocr_carea' id='block_1_35' title="bbox 201 3542 1724 3617">
    <p class='ocr_par' dir='ltr' id='par_1_35' title="bbox 201 3542 1724 3617">
     <span class='ocr_line' id='line_1_35' title="bbox 201 3542 1724 3617; baseline 0 -20"><span class='ocrx_word' id='word_1_274' title='bbox 201 3542 287 3597; x_wconf 74' lang='lat'><strong>26.</strong></span> <span class='ocrx_word' id='word_1_275' title='bbox 321 3542 492 3616; x_wconf 79' lang='lat' dir='ltr'><strong>[vers.</strong></span> <span class='ocrx_word' id='word_1_276' title='bbox 518 3543 653 3617; x_wconf 71' lang='lat'><strong>26.]</strong></span> <span class='ocrx_word' id='word_1_277' title='bbox 680 3543 831 3613; x_wconf 78' lang='lat' dir='ltr'><strong>Apud</strong></span> <span class='ocrx_word' id='word_1_278' title='bbox 860 3552 907 3597; x_wconf 82' lang='lat' dir='ltr'><strong>te</strong></span> <span class='ocrx_word' id='word_1_279' title='bbox 931 3552 1006 3597; x_wconf 86' lang='lat' dir='ltr'><strong>est</strong></span> <span class='ocrx_word' id='word_1_280' title='bbox 1043 3544 1155 3598; x_wconf 83' lang='lat' dir='ltr'><strong>laus</strong></span> <span class='ocrx_word' id='word_1_281' title='bbox 1186 3561 1295 3598; x_wconf 88' lang='lat' dir='ltr'><strong>mea</strong></span> <span class='ocrx_word' id='word_1_282' title='bbox 1327 3560 1346 3599; x_wconf 90' lang='lat'><strong><em>:</em></strong></span> <span class='ocrx_word' id='word_1_283' title='bbox 1370 3543 1512 3612; x_wconf 87' lang='lat' dir='ltr'><strong>apud</strong></span> <span class='ocrx_word' id='word_1_284' title='bbox 1557 3543 1724 3599; x_wconf 88' lang='lat' dir='ltr'><strong>Deum</strong></span> 
     </span>
    </p>
   </div>
   <div class='ocr_carea' id='block_1_36' title="bbox 144 3635 1721 3706">
    <p class='ocr_par' dir='ltr' id='par_1_36' title="bbox 144 3635 1721 3706">
     <span class='ocr_line' id='line_1_36' title="bbox 144 3635 1721 3706; baseline -0.001 -16"><span class='ocrx_word' id='word_1_285' title='bbox 144 3635 302 3702; x_wconf 82' lang='lat' dir='ltr'><strong>posuit</strong></span> <span class='ocrx_word' id='word_1_286' title='bbox 329 3636 540 3691; x_wconf 88' lang='lat' dir='ltr'><strong>laudem</strong></span> <span class='ocrx_word' id='word_1_287' title='bbox 571 3651 724 3691; x_wconf 90' lang='lat' dir='ltr'><strong>suam</strong></span> <span class='ocrx_word' id='word_1_288' title='bbox 747 3652 763 3702; x_wconf 91' lang='lat'><strong>;</strong></span> <span class='ocrx_word' id='word_1_289' title='bbox 786 3635 968 3689; x_wconf 86' lang='lat' dir='ltr'><strong>docuit</strong></span> <span class='ocrx_word' id='word_1_290' title='bbox 996 3650 1104 3689; x_wconf 92' lang='lat' dir='ltr'><strong>non</strong></span> <span class='ocrx_word' id='word_1_291' title='bbox 1127 3636 1379 3706; x_wconf 71' lang='lat' dir='ltr'><strong>prmsumi</strong></span> <span class='ocrx_word' id='word_1_292' title='bbox 1401 3636 1450 3688; x_wconf 89' lang='lat' dir='ltr'><strong>in</strong></span> <span class='ocrx_word' id='word_1_293' title='bbox 1482 3635 1721 3690; x_wconf 87' lang='lat' dir='ltr'><strong>homine.</strong></span> 
     </span>
    </p>
   </div>
   <div class='ocr_carea' id='block_1_37' title="bbox 144 3727 1727 3800">
    <p class='ocr_par' dir='ltr' id='par_1_37' title="bbox 144 3727 1727 3800">
     <span class='ocr_line' id='line_1_37' title="bbox 144 3727 1727 3800; baseline 0.003 -21"><span class='ocrx_word' id='word_1_294' title='bbox 144 3727 314 3782; x_wconf 71' lang='lat' dir='ltr'><strong>Adilll!</strong></span> <span class='ocrx_word' id='word_1_295' title='bbox 357 3729 540 3788; x_wconf 76' lang='lat' dir='ltr'><strong>dicant</strong></span> <span class='ocrx_word' id='word_1_296' title='bbox 587 3727 729 3800; x_wconf 89' lang='lat' dir='ltr'><strong>quod</strong></span> <span class='ocrx_word' id='word_1_297' title='bbox 777 3729 983 3782; x_wconf 83' lang='lat' dir='ltr'><strong>volunt.</strong></span> <span class='ocrx_word' id='word_1_298' title='bbox 1025 3728 1142 3783; x_wconf 68' lang='lat' dir='ltr'><strong>iam</strong></span> <span class='ocrx_word' id='word_1_299' title='bbox 1187 3728 1404 3799; x_wconf 84' lang='lat' dir='ltr'><strong>quidem</strong></span> <span class='ocrx_word' id='word_1_300' title='bbox 1446 3738 1727 3799; x_wconf 71' lang='lat' dir='ltr'><strong>ea&#39;pcrunt</strong></span> 
     </span>
    </p>
   </div>
   <div class='ocr_carea' id='block_1_38' title="bbox 144 3819 1717 3892">
    <p class='ocr_par' dir='ltr' id='par_1_38' title="bbox 144 3819 1717 3892">
     <span class='ocr_line' id='line_1_38' title="bbox 144 3819 1717 3892; baseline 0.002 -20"><span class='ocrx_word' id='word_1_301' title='bbox 144 3819 234 3879; x_wconf 91' lang='lat' dir='ltr'><strong>uri.</strong></span> <span class='ocrx_word' id='word_1_302' title='bbox 263 3821 423 3890; x_wconf 74' lang='lat' dir='ltr'><strong>empit</strong></span> <span class='ocrx_word' id='word_1_303' title='bbox 449 3822 817 3892; x_wconf 82' lang='lat' dir='ltr'><strong>propinquare</strong></span> <span class='ocrx_word' id='word_1_304' title='bbox 846 3820 1016 3890; x_wconf 82' lang='lat' dir='ltr'><strong>ignis;</strong></span> <span class='ocrx_word' id='word_1_305' title='bbox 1043 3838 1146 3874; x_wconf 89' lang='lat' dir='ltr'><strong>non</strong></span> <span class='ocrx_word' id='word_1_306' title='bbox 1176 3831 1260 3877; x_wconf 75' lang='lat' dir='ltr'><strong>est</strong></span> <span class='ocrx_word' id='word_1_307' title='bbox 1286 3820 1377 3890; x_wconf 92' lang='lat' dir='ltr'><strong>qui</strong></span> <span class='ocrx_word' id='word_1_308' title='bbox 1405 3835 1464 3875; x_wconf 91' lang='lat' dir='ltr'><strong>se</strong></span> <span class='ocrx_word' id='word_1_309' title='bbox 1487 3821 1717 3875; x_wconf 89' lang='lat' dir='ltr'><strong>abscon-</strong></span> 
     </span>
    </p>
   </div>
   <div class='ocr_carea' id='block_1_39' title="bbox 143 3911 1724 3986">
    <p class='ocr_par' dir='ltr' id='par_1_39' title="bbox 143 3911 1724 3986">
     <span class='ocr_line' id='line_1_39' title="bbox 143 3911 1724 3986; baseline 0.001 -22"><span class='ocrx_word' id='word_1_310' title='bbox 143 3911 270 3966; x_wconf 84' lang='lat' dir='ltr'><strong>data</strong></span> <span class='ocrx_word' id='word_1_311' title='bbox 297 3914 476 3969; x_wconf 90' lang='lat' dir='ltr'><strong>calore</strong></span> <span class='ocrx_word' id='word_1_312' title='bbox 502 3913 622 3983; x_wconf 90' lang='lat' dir='ltr'><strong>ejus</strong></span> <span class='ocrx_word' id='word_1_313' title='bbox 645 3912 666 3986; x_wconf 97' lang='lat'>(</span> <span class='ocrx_word' id='word_1_314' title='bbox 688 3912 832 3972; x_wconf 62' lang='grc' dir='ltr'><strong>[διαί.</strong></span> <span class='ocrx_word' id='word_1_315' title='bbox 864 3929 1016 3977; x_wconf 79' lang='lat' dir='ltr'><strong>xvut,</strong></span> <span class='ocrx_word' id='word_1_316' title='bbox 1046 3914 1140 3982; x_wconf 88' lang='lat'><strong>7).</strong></span> <span class='ocrx_word' id='word_1_317' title='bbox 1171 3911 1276 3967; x_wconf 91' lang='lat' dir='ltr'><strong>Sed</strong></span> <span class='ocrx_word' id='word_1_318' title='bbox 1304 3911 1479 3967; x_wconf 91' lang='lat' dir='ltr'><strong>adhuc</strong></span> <span class='ocrx_word' id='word_1_319' title='bbox 1505 3913 1724 3980; x_wconf 89' lang='lat' dir='ltr'><strong>dicant,</strong></span> 
     </span>
    </p>
   </div>
   <div class='ocr_carea' id='block_1_40' title="bbox 145 4001 1725 4074">
    <p class='ocr_par' dir='ltr' id='par_1_40' title="bbox 145 4001 1725 4074">
     <span class='ocr_line' id='line_1_40' title="bbox 145 4001 1725 4074; baseline 0.001 -18"><span class='ocrx_word' id='word_1_320' title='bbox 145 4001 202 4056; x_wconf 84' lang='lat' dir='ltr'><strong>Et</strong></span> <span class='ocrx_word' id='word_1_321' title='bbox 225 4018 317 4058; x_wconf 89' lang='lat' dir='ltr'><strong>nos</strong></span> <span class='ocrx_word' id='word_1_322' title='bbox 342 4003 481 4074; x_wconf 87' lang='lat' dir='ltr'><strong>apud</strong></span> <span class='ocrx_word' id='word_1_323' title='bbox 513 4004 665 4059; x_wconf 91' lang='lat' dir='ltr'><strong>illum</strong></span> <span class='ocrx_word' id='word_1_324' title='bbox 695 4003 904 4061; x_wconf 89' lang='lat' dir='ltr'><strong>laudem</strong></span> <span class='ocrx_word' id='word_1_325' title='bbox 932 4012 1168 4059; x_wconf 83' lang='lat' dir='ltr'><strong>n0stram</strong></span> <span class='ocrx_word' id='word_1_326' title='bbox 1202 4003 1478 4073; x_wconf 90' lang='lat' dir='ltr'><strong>posuimus</strong></span> <span class='ocrx_word' id='word_1_327' title='bbox 1501 4045 1517 4068; x_wconf 91' lang='lat'><strong>,</strong></span> <span class='ocrx_word' id='word_1_328' title='bbox 1545 4013 1601 4058; x_wconf 90' lang='lat' dir='ltr'><strong>et</strong></span> <span class='ocrx_word' id='word_1_329' title='bbox 1625 4019 1725 4057; x_wconf 91' lang='lat' dir='ltr'><strong>nos</strong></span> 
     </span>
    </p>
   </div>
   <div class='ocr_carea' id='block_1_41' title="bbox 145 4093 1727 4168">
    <p class='ocr_par' dir='ltr' id='par_1_41' title="bbox 145 4093 1727 4168">
     <span class='ocr_line' id='line_1_41' title="bbox 145 4093 1727 4168; baseline 0.001 -21"><span class='ocrx_word' id='word_1_330' title='bbox 145 4095 192 4149; x_wconf 88' lang='lat' dir='ltr'><strong>in</strong></span> <span class='ocrx_word' id='word_1_331' title='bbox 215 4097 360 4153; x_wconf 90' lang='lat' dir='ltr'><strong>nobis</strong></span> <span class='ocrx_word' id='word_1_332' title='bbox 390 4113 495 4168; x_wconf 84' lang='lat' dir='ltr'><strong>non</strong></span> <span class='ocrx_word' id='word_1_333' title='bbox 525 4096 936 4167; x_wconf 53' lang='lat' dir='ltr'><strong>praesumimus;</strong></span> <span class='ocrx_word' id='word_1_334' title='bbox 966 4094 1148 4151; x_wconf 87' lang='lat' dir='ltr'><strong>dicant</strong></span> <span class='ocrx_word' id='word_1_335' title='bbox 1172 4094 1366 4149; x_wconf 92' lang='lat' dir='ltr'><strong>adhuc.</strong></span> <span class='ocrx_word' id='word_1_336' title='bbox 1401 4093 1466 4148; x_wconf 87' lang='lat' dir='ltr'><strong>In</strong></span> <span class='ocrx_word' id='word_1_337' title='bbox 1493 4093 1727 4150; x_wconf 83' lang='lat' dir='ltr'><strong>Ecclesia</strong></span> 
     </span>
    </p>
   </div>
   <div class='ocr_carea' id='block_1_42' title="bbox 145 4187 1725 4258">
    <p class='ocr_par' dir='ltr' id='par_1_42' title="bbox 145 4187 1725 4258">
     <span class='ocr_line' id='line_1_42' title="bbox 145 4187 1725 4258; baseline 0.003 -20"><span class='ocrx_word' id='word_1_338' title='bbox 145 4203 309 4258; x_wconf 83' lang='lat' dir='ltr'><strong>magna</strong></span> <span class='ocrx_word' id='word_1_339' title='bbox 333 4190 614 4258; x_wconf 80' lang='lat' dir='ltr'><strong>conﬁtebor</strong></span> <span class='ocrx_word' id='word_1_340' title='bbox 648 4187 777 4242; x_wconf 83' lang='lat' dir='ltr'><strong>tibi:</strong></span> <span class='ocrx_word' id='word_1_341' title='bbox 799 4188 909 4257; x_wconf 89' lang='lat' dir='ltr'><strong>jam</strong></span> <span class='ocrx_word' id='word_1_342' title='bbox 940 4187 1024 4242; x_wconf 84' lang='lat' dir='ltr'><strong>hic</strong></span> <span class='ocrx_word' id='word_1_343' title='bbox 1053 4197 1180 4257; x_wconf 89' lang='lat' dir='ltr'><strong>puto</strong></span> <span class='ocrx_word' id='word_1_344' title='bbox 1200 4229 1214 4253; x_wconf 94' lang='lat'><strong>,</strong></span> <span class='ocrx_word' id='word_1_345' title='bbox 1242 4191 1363 4257; x_wconf 90' lang='lat' dir='ltr'><strong>quia</strong></span> <span class='ocrx_word' id='word_1_346' title='bbox 1390 4188 1554 4255; x_wconf 67' lang='lat' dir='ltr'><strong>etrapit</strong></span> <span class='ocrx_word' id='word_1_347' title='bbox 1586 4188 1725 4242; x_wconf 58' lang='lat' dir='ltr'><strong>inteo</strong></span> 
     </span>
    </p>
   </div>
   <div class='ocr_carea' id='block_1_43' title="bbox 145 4277 1724 4350">
    <p class='ocr_par' dir='ltr' id='par_1_43' title="bbox 145 4277 1724 4350">
     <span class='ocr_line' id='line_1_43' title="bbox 145 4277 1724 4350; baseline 0.001 -19"><span class='ocrx_word' id='word_1_348' title='bbox 145 4278 268 4333; x_wconf 86' lang='lat' dir='ltr'><strong>riora</strong></span> <span class='ocrx_word' id='word_1_349' title='bbox 291 4289 524 4350; x_wconf 81' lang='lat' dir='ltr'><strong>tangere.</strong></span> <span class='ocrx_word' id='word_1_350' title='bbox 548 4279 790 4334; x_wconf 86' lang='lat' dir='ltr'><strong>Ecclesia</strong></span> <span class='ocrx_word' id='word_1_351' title='bbox 814 4294 1002 4349; x_wconf 85' lang='lat' dir='ltr'><strong>magna</strong></span> <span class='ocrx_word' id='word_1_352' title='bbox 1028 4279 1152 4348; x_wconf 88' lang='lat' dir='ltr'><strong>quid</strong></span> <span class='ocrx_word' id='word_1_353' title='bbox 1179 4284 1282 4340; x_wconf 57' lang='lat' dir='ltr'><strong>est.</strong></span> <span class='ocrx_word' id='word_1_354' title='bbox 1308 4278 1537 4333; x_wconf 77' lang='lat' dir='ltr'><strong>fratres?</strong></span> <span class='ocrx_word' id='word_1_355' title='bbox 1559 4277 1724 4334; x_wconf 84' lang='lat' dir='ltr'><strong>Num-</strong></span> 
     </span>
    </p>
   </div>
   <div class='ocr_carea' id='block_1_44' title="bbox 147 4369 1727 4442">
    <p class='ocr_par' dir='ltr' id='par_1_44' title="bbox 147 4369 1727 4442">
     <span class='ocr_line' id='line_1_44' title="bbox 147 4369 1727 4442; baseline 0 -18"><span class='ocrx_word' id='word_1_356' title='bbox 147 4371 255 4440; x_wconf 89' lang='lat' dir='ltr'><strong>quid</strong></span> <span class='ocrx_word' id='word_1_357' title='bbox 279 4373 458 4442; x_wconf 79' lang='lat' dir='ltr'><strong>exigua</strong></span> <span class='ocrx_word' id='word_1_358' title='bbox 488 4387 618 4442; x_wconf 88' lang='lat' dir='ltr'><strong>pars</strong></span> <span class='ocrx_word' id='word_1_359' title='bbox 647 4371 794 4427; x_wconf 89' lang='lat' dir='ltr'><strong>orbis</strong></span> <span class='ocrx_word' id='word_1_360' title='bbox 821 4379 1079 4425; x_wconf 84' lang='lat' dir='ltr'><strong>terrarum</strong></span> <span class='ocrx_word' id='word_1_361' title='bbox 1108 4369 1343 4426; x_wconf 82' lang='lat' dir='ltr'><strong>Ecclesia</strong></span> <span class='ocrx_word' id='word_1_362' title='bbox 1377 4385 1566 4438; x_wconf 84' lang='lat' dir='ltr'><strong>magna</strong></span> <span class='ocrx_word' id='word_1_363' title='bbox 1595 4379 1676 4424; x_wconf 90' lang='lat' dir='ltr'><strong>cst</strong></span> <span class='ocrx_word' id='word_1_364' title='bbox 1703 4370 1727 4424; x_wconf 86' lang='lat'><strong>?</strong></span> 
     </span>
    </p>
   </div>
   <div class='ocr_carea' id='block_1_45' title="bbox 149 4461 1731 4536">
    <p class='ocr_par' dir='ltr' id='par_1_45' title="bbox 149 4461 1731 4536">
     <span class='ocr_line' id='line_1_45' title="bbox 149 4461 1731 4536; baseline -0.003 -18"><span class='ocrx_word' id='word_1_365' title='bbox 149 4465 358 4521; x_wconf 75' lang='lat' dir='ltr'><strong>Ecclesia</strong></span> <span class='ocrx_word' id='word_1_366' title='bbox 383 4482 573 4536; x_wconf 87' lang='lat' dir='ltr'><strong>magna</strong></span> <span class='ocrx_word' id='word_1_367' title='bbox 595 4475 738 4519; x_wconf 91' lang='lat' dir='ltr'><strong>totus</strong></span> <span class='ocrx_word' id='word_1_368' title='bbox 761 4463 905 4518; x_wconf 83' lang='lat' dir='ltr'><strong>orbis</strong></span> <span class='ocrx_word' id='word_1_369' title='bbox 920 4472 1020 4518; x_wconf 88' lang='lat' dir='ltr'><strong>cst.</strong></span> <span class='ocrx_word' id='word_1_370' title='bbox 1049 4461 1202 4518; x_wconf 84' lang='lat' dir='ltr'><strong>Modo</strong></span> <span class='ocrx_word' id='word_1_371' title='bbox 1228 4461 1271 4515; x_wconf 91' lang='lat' dir='ltr'><strong>si</strong></span> <span class='ocrx_word' id='word_1_372' title='bbox 1293 4463 1411 4530; x_wconf 89' lang='lat' dir='ltr'><strong>quis</strong></span> <span class='ocrx_word' id='word_1_373' title='bbox 1438 4462 1731 4516; x_wconf 85' lang='lat' dir='ltr'><strong>velitChri-</strong></span> 
     </span>
    </p>
   </div>
   <div class='ocr_carea' id='block_1_46' title="bbox 147 4550 1728 4620">
    <p class='ocr_par' dir='ltr' id='par_1_46' title="bbox 147 4550 1728 4620">
     <span class='ocr_line' id='line_1_46' title="bbox 147 4550 1728 4620; baseline 0 -14"><span class='ocrx_word' id='word_1_374' title='bbox 147 4565 218 4608; x_wconf 89' lang='lat' dir='ltr'><strong>sto</strong></span> <span class='ocrx_word' id='word_1_375' title='bbox 244 4557 607 4612; x_wconf 87' lang='lat' dir='ltr'><strong>contradicere</strong></span> <span class='ocrx_word' id='word_1_376' title='bbox 627 4573 639 4608; x_wconf 89' lang='lat'><strong>:</strong></span> <span class='ocrx_word' id='word_1_377' title='bbox 657 4555 752 4609; x_wconf 91' lang='lat' dir='ltr'><strong>Dic</strong></span> <span class='ocrx_word' id='word_1_378' title='bbox 781 4554 954 4620; x_wconf 84' lang='lat' dir='ltr'><strong>nobis,</strong></span> <span class='ocrx_word' id='word_1_379' title='bbox 976 4562 1028 4607; x_wconf 90' lang='lat' dir='ltr'><strong>tu</strong></span> <span class='ocrx_word' id='word_1_380' title='bbox 1047 4553 1246 4615; x_wconf 83' lang='lat' dir='ltr'><strong>dixisti,</strong></span> <span class='ocrx_word' id='word_1_381' title='bbox 1270 4550 1334 4605; x_wconf 83' lang='lat' dir='ltr'><strong>In</strong></span> <span class='ocrx_word' id='word_1_382' title='bbox 1365 4551 1594 4608; x_wconf 83' lang='lat' dir='ltr'><strong>Ecclesia</strong></span> <span class='ocrx_word' id='word_1_383' title='bbox 1618 4570 1728 4610; x_wconf 87' lang='lat' dir='ltr'><strong>ma-</strong></span> 
     </span>
    </p>
   </div>
   <div class='ocr_carea' id='block_1_47' title="bbox 147 4644 1728 4720">
    <p class='ocr_par' dir='ltr' id='par_1_47' title="bbox 147 4644 1728 4720">
     <span class='ocr_line' id='line_1_47' title="bbox 147 4644 1728 4720; baseline 0.001 -22"><span class='ocrx_word' id='word_1_384' title='bbox 147 4664 231 4713; x_wconf 86' lang='lat' dir='ltr'><strong>gna</strong></span> <span class='ocrx_word' id='word_1_385' title='bbox 255 4650 520 4720; x_wconf 77' lang='lat' dir='ltr'><strong>conﬁtebor</strong></span> <span class='ocrx_word' id='word_1_386' title='bbox 549 4648 641 4702; x_wconf 85' lang='lat' dir='ltr'><strong>tibi</strong></span> <span class='ocrx_word' id='word_1_387' title='bbox 663 4663 681 4701; x_wconf 93' lang='lat'><strong><em>:</em></strong></span> <span class='ocrx_word' id='word_1_388' title='bbox 701 4661 822 4718; x_wconf 79' lang='lat' dir='ltr'><strong>quae</strong></span> <span class='ocrx_word' id='word_1_389' title='bbox 848 4645 1082 4701; x_wconf 79' lang='lat' dir='ltr'><strong>Ecclesia</strong></span> <span class='ocrx_word' id='word_1_390' title='bbox 1114 4645 1338 4715; x_wconf 79' lang='lat' dir='ltr'><strong>magna?</strong></span> <span class='ocrx_word' id='word_1_391' title='bbox 1378 4644 1454 4698; x_wconf 77' lang='lat' dir='ltr'><strong>Ad</strong></span> <span class='ocrx_word' id='word_1_392' title='bbox 1501 4644 1728 4700; x_wconf 81' lang='lat' dir='ltr'><strong>frustum</strong></span> 
     </span>
    </p>
   </div>
   <div class='ocr_carea' id='block_1_48' title="bbox 148 4736 1725 4807">
    <p class='ocr_par' dir='ltr' id='par_1_48' title="bbox 148 4736 1725 4807">
     <span class='ocr_line' id='line_1_48' title="bbox 148 4736 1725 4807; baseline 0 -16"><span class='ocrx_word' id='word_1_393' title='bbox 148 4739 318 4795; x_wconf 69' lang='lat' dir='ltr'><strong>Africa:</strong></span> <span class='ocrx_word' id='word_1_394' title='bbox 341 4739 646 4796; x_wconf 89' lang='lat' dir='ltr'><strong>remansisti</strong></span> <span class='ocrx_word' id='word_1_395' title='bbox 667 4740 707 4805; x_wconf 75' lang='grc'><strong>⁸,</strong></span> <span class='ocrx_word' id='word_1_396' title='bbox 735 4747 900 4793; x_wconf 89' lang='lat' dir='ltr'><strong>totum</strong></span> <span class='ocrx_word' id='word_1_397' title='bbox 924 4736 1178 4791; x_wconf 90' lang='lat' dir='ltr'><strong>mundum</strong></span> <span class='ocrx_word' id='word_1_398' title='bbox 1209 4736 1510 4807; x_wconf 88' lang='lat' dir='ltr'><strong>perdidisti:</strong></span> <span class='ocrx_word' id='word_1_399' title='bbox 1530 4736 1725 4791; x_wconf 84' lang='lat' dir='ltr'><strong>cll&#39;udi-</strong></span> 
     </span>
    </p>
   </div>
   <div class='ocr_carea' id='block_1_49' title="bbox 147 4828 1725 4904">
    <p class='ocr_par' dir='ltr' id='par_1_49' title="bbox 147 4828 1725 4904">
     <span class='ocr_line' id='line_1_49' title="bbox 147 4828 1725 4904; baseline -0.001 -22"><span class='ocrx_word' id='word_1_400' title='bbox 147 4830 202 4884; x_wconf 86' lang='lat' dir='ltr'><strong>sti</strong></span> <span class='ocrx_word' id='word_1_401' title='bbox 229 4835 531 4904; x_wconf 88' lang='lat' dir='ltr'><strong>sanguinem</strong></span> <span class='ocrx_word' id='word_1_402' title='bbox 572 4848 672 4902; x_wconf 89' lang='lat' dir='ltr'><strong>pro</strong></span> <span class='ocrx_word' id='word_1_403' title='bbox 700 4840 832 4896; x_wconf 89' lang='lat' dir='ltr'><strong>toto,</strong></span> <span class='ocrx_word' id='word_1_404' title='bbox 856 4830 950 4885; x_wconf 88' lang='lat' dir='ltr'><strong>sed</strong></span> <span class='ocrx_word' id='word_1_405' title='bbox 991 4829 1290 4884; x_wconf 88' lang='lat' dir='ltr'><strong>invasorcm</strong></span> <span class='ocrx_word' id='word_1_406' title='bbox 1311 4843 1499 4899; x_wconf 87' lang='lat' dir='ltr'><strong>passus</strong></span> <span class='ocrx_word' id='word_1_407' title='bbox 1519 4843 1596 4880; x_wconf 81' lang='lat' dir='ltr'><strong>es.</strong></span> <span class='ocrx_word' id='word_1_408' title='bbox 1624 4828 1725 4881; x_wconf 89' lang='lat' dir='ltr'><strong>Ista</strong></span> 
     </span>
    </p>
   </div>
   <div class='ocr_carea' id='block_1_50' title="bbox 149 4921 1723 4993">
    <p class='ocr_par' dir='ltr' id='par_1_50' title="bbox 149 4921 1723 4993">
     <span class='ocr_line' id='line_1_50' title="bbox 149 4921 1723 4993; baseline -0.003 -19"><span class='ocrx_word' id='word_1_409' title='bbox 149 4939 233 4977; x_wconf 88' lang='lat' dir='ltr'><strong>nos</strong></span> <span class='ocrx_word' id='word_1_410' title='bbox 258 4925 480 4981; x_wconf 73' lang='lat' dir='ltr'><strong>diximus</strong></span> <span class='ocrx_word' id='word_1_411' title='bbox 529 4925 759 4980; x_wconf 88' lang='lat' dir='ltr'><strong>Domino</strong></span> <span class='ocrx_word' id='word_1_412' title='bbox 808 4933 1060 4993; x_wconf 89' lang='lat' dir='ltr'><strong>tanquam</strong></span> <span class='ocrx_word' id='word_1_413' title='bbox 1106 4932 1447 4992; x_wconf 59' lang='lat' dir='ltr'><strong>quaerentes,</strong></span> <span class='ocrx_word' id='word_1_414' title='bbox 1492 4921 1723 4973; x_wconf 80' lang='lat' dir='ltr'><strong>scientes</strong></span> 
     </span>
    </p>
   </div>
   <div class='ocr_carea' id='block_1_51' title="bbox 149 5011 1718 5087">
    <p class='ocr_par' dir='ltr' id='par_1_51' title="bbox 149 5011 1718 5087">
     <span class='ocr_line' id='line_1_51' title="bbox 149 5011 1718 5087; baseline -0.002 -22"><span class='ocrx_word' id='word_1_415' title='bbox 149 5023 303 5072; x_wconf 78' lang='lat' dir='ltr'><strong>tamen</strong></span> <span class='ocrx_word' id='word_1_416' title='bbox 332 5019 454 5087; x_wconf 91' lang='lat' dir='ltr'><strong>quid</strong></span> <span class='ocrx_word' id='word_1_417' title='bbox 486 5017 705 5072; x_wconf 88' lang='lat' dir='ltr'><strong>dicturi.</strong></span> <span class='ocrx_word' id='word_1_418' title='bbox 740 5015 1008 5072; x_wconf 84' lang='lat' dir='ltr'><strong>Ponamns</strong></span> <span class='ocrx_word' id='word_1_419' title='bbox 1034 5028 1130 5067; x_wconf 89' lang='lat' dir='ltr'><strong>nos</strong></span> <span class='ocrx_word' id='word_1_420' title='bbox 1159 5013 1364 5066; x_wconf 87' lang='lat' dir='ltr'><strong>nescire</strong></span> <span class='ocrx_word' id='word_1_421' title='bbox 1391 5011 1515 5080; x_wconf 88' lang='lat' dir='ltr'><strong>quid</strong></span> <span class='ocrx_word' id='word_1_422' title='bbox 1539 5011 1718 5065; x_wconf 84' lang='lat' dir='ltr'><strong>dicat:</strong></span> 
     </span>
    </p>
   </div>
   <div class='ocr_carea' id='block_1_52' title="bbox 151 5102 1724 5174">
    <p class='ocr_par' dir='ltr' id='par_1_52' title="bbox 151 5102 1724 5174">
     <span class='ocr_line' id='line_1_52' title="bbox 151 5102 1724 5174; baseline -0.004 -17"><span class='ocrx_word' id='word_1_423' title='bbox 151 5119 305 5161; x_wconf 85' lang='lat' dir='ltr'><strong>nonne</strong></span> <span class='ocrx_word' id='word_1_424' title='bbox 333 5109 486 5162; x_wconf 90' lang='lat' dir='ltr'><strong>nobis</strong></span> <span class='ocrx_word' id='word_1_425' title='bbox 517 5105 855 5174; x_wconf 87' lang='lat' dir='ltr'><strong>respondet?</strong></span> <span class='ocrx_word' id='word_1_426' title='bbox 885 5104 1159 5170; x_wconf 80' lang='lat' dir='ltr'><strong>Quicscite</strong></span> <span class='ocrx_word' id='word_1_427' title='bbox 1185 5145 1199 5170; x_wconf 95' lang='lat'><strong>,</strong></span> <span class='ocrx_word' id='word_1_428' title='bbox 1229 5103 1403 5157; x_wconf 90' lang='lat' dir='ltr'><strong>adhuc</strong></span> <span class='ocrx_word' id='word_1_429' title='bbox 1433 5102 1554 5156; x_wconf 86' lang='lat' dir='ltr'><strong>dico</strong></span> <span class='ocrx_word' id='word_1_430' title='bbox 1583 5103 1724 5161; x_wconf 79' lang='lat' dir='ltr'><strong>unde</strong></span> 
     </span>
    </p>
   </div>
   <div class='ocr_carea' id='block_1_53' title="bbox 154 5195 1721 5266">
    <p class='ocr_par' dir='ltr' id='par_1_53' title="bbox 154 5195 1721 5266">
     <span class='ocr_line' id='line_1_53' title="bbox 154 5195 1721 5266; baseline -0.001 -14"><span class='ocrx_word' id='word_1_431' title='bbox 154 5210 289 5252; x_wconf 64' lang='lat' dir='ltr'><strong>nemo</strong></span> <span class='ocrx_word' id='word_1_432' title='bbox 311 5200 536 5254; x_wconf 84' lang='lat' dir='ltr'><strong>dubitet.</strong></span> <span class='ocrx_word' id='word_1_433' title='bbox 570 5197 960 5265; x_wconf 76' lang='lat' dir='ltr'><strong>Exspectemus</strong></span> <span class='ocrx_word' id='word_1_434' title='bbox 1005 5211 1134 5266; x_wconf 83' lang='lat' dir='ltr'><strong>ergo</strong></span> <span class='ocrx_word' id='word_1_435' title='bbox 1178 5195 1304 5264; x_wconf 88' lang='lat' dir='ltr'><strong>quid</strong></span> <span class='ocrx_word' id='word_1_436' title='bbox 1351 5195 1591 5249; x_wconf 87' lang='lat' dir='ltr'><strong>dicturus</strong></span> <span class='ocrx_word' id='word_1_437' title='bbox 1618 5205 1721 5250; x_wconf 88' lang='lat' dir='ltr'><strong>est.</strong></span> 
     </span>
    </p>
   </div>
   <div class='ocr_carea' id='block_1_54' title="bbox 151 5285 1721 5360">
    <p class='ocr_par' dir='ltr' id='par_1_54' title="bbox 151 5285 1721 5360">
     <span class='ocr_line' id='line_1_54' title="bbox 151 5285 1721 5360; baseline 0.001 -24"><span class='ocrx_word' id='word_1_438' title='bbox 151 5286 247 5341; x_wconf 86' lang='lat' dir='ltr'><strong>lam</strong></span> <span class='ocrx_word' id='word_1_439' title='bbox 272 5306 365 5360; x_wconf 84' lang='lat' dir='ltr'><strong>ego</strong></span> <span class='ocrx_word' id='word_1_440' title='bbox 391 5291 640 5345; x_wconf 86' lang='lat' dir='ltr'><strong>volebam</strong></span> <span class='ocrx_word' id='word_1_441' title='bbox 676 5289 1023 5357; x_wconf 88' lang='lat' dir='ltr'><strong>pronuntiare</strong></span> <span class='ocrx_word' id='word_1_442' title='bbox 1046 5329 1059 5351; x_wconf 89' lang='lat'><strong>,</strong></span> <span class='ocrx_word' id='word_1_443' title='bbox 1092 5295 1146 5341; x_wconf 90' lang='lat' dir='ltr'><strong>et</strong></span> <span class='ocrx_word' id='word_1_444' title='bbox 1173 5301 1278 5339; x_wconf 91' lang='lat' dir='ltr'><strong>non</strong></span> <span class='ocrx_word' id='word_1_445' title='bbox 1309 5286 1589 5340; x_wconf 77' lang='lat' dir='ltr'><strong>admittere</strong></span> <span class='ocrx_word' id='word_1_446' title='bbox 1621 5285 1721 5338; x_wconf 88' lang='lat' dir='ltr'><strong>ho-</strong></span> 
     </span>
    </p>
   </div>
   <div class='ocr_carea' id='block_1_55' title="bbox 152 5378 1718 5452">
    <p class='ocr_par' dir='ltr' id='par_1_55' title="bbox 152 5378 1718 5452">
     <span class='ocr_line' id='line_1_55' title="bbox 152 5378 1718 5452; baseline 0 -22"><span class='ocrx_word' id='word_1_447' title='bbox 152 5381 300 5437; x_wconf 89' lang='lat' dir='ltr'><strong>mines</strong></span> <span class='ocrx_word' id='word_1_448' title='bbox 328 5383 466 5438; x_wconf 90' lang='lat' dir='ltr'><strong>aliud</strong></span> <span class='ocrx_word' id='word_1_449' title='bbox 491 5380 694 5452; x_wconf 89' lang='lat' dir='ltr'><strong>aliquid</strong></span> <span class='ocrx_word' id='word_1_450' title='bbox 723 5379 1085 5450; x_wconf 86' lang='lat' dir='ltr'><strong>interpretari,</strong></span> <span class='ocrx_word' id='word_1_451' title='bbox 1118 5395 1236 5431; x_wconf 83' lang='lat' dir='ltr'><strong>cum</strong></span> <span class='ocrx_word' id='word_1_452' title='bbox 1265 5379 1406 5432; x_wconf 85' lang='lat' dir='ltr'><strong>dicat</strong></span> <span class='ocrx_word' id='word_1_453' title='bbox 1431 5378 1677 5431; x_wconf 84' lang='lat' dir='ltr'><strong>Christus</strong></span> <span class='ocrx_word' id='word_1_454' title='bbox 1704 5395 1718 5431; x_wconf 90' lang='lat'><strong>:</strong></span> 
     </span>
    </p>
   </div>
   <div class='ocr_carea' id='block_1_56' title="bbox 152 5467 1723 5544">
    <p class='ocr_par' dir='ltr' id='par_1_56' title="bbox 152 5467 1723 5544">
     <span class='ocr_line' id='line_1_56' title="bbox 152 5467 1723 5544; baseline 0.001 -23"><span class='ocrx_word' id='word_1_455' title='bbox 152 5467 205 5522; x_wconf 84' lang='lat' dir='ltr'><strong>ln</strong></span> <span class='ocrx_word' id='word_1_456' title='bbox 226 5469 440 5527; x_wconf 77' lang='lat' dir='ltr'><strong>Ecclesia</strong></span> <span class='ocrx_word' id='word_1_457' title='bbox 462 5490 670 5544; x_wconf 84' lang='lat' dir='ltr'><strong>magna.</strong></span> <span class='ocrx_word' id='word_1_458' title='bbox 699 5472 766 5526; x_wconf 86' lang='lat' dir='ltr'><strong>Et</strong></span> <span class='ocrx_word' id='word_1_459' title='bbox 792 5482 845 5524; x_wconf 93' lang='lat' dir='ltr'><strong>tu</strong></span> <span class='ocrx_word' id='word_1_460' title='bbox 875 5471 1008 5525; x_wconf 88' lang='lat' dir='ltr'><strong>dicis</strong></span> <span class='ocrx_word' id='word_1_461' title='bbox 1034 5470 1156 5539; x_wconf 87' lang='lat' dir='ltr'><strong>quia</strong></span> <span class='ocrx_word' id='word_1_462' title='bbox 1201 5470 1250 5524; x_wconf 91' lang='lat' dir='ltr'><strong>in</strong></span> <span class='ocrx_word' id='word_1_463' title='bbox 1281 5480 1520 5523; x_wconf 78' lang='lat' dir='ltr'><strong>extrema</strong></span> <span class='ocrx_word' id='word_1_464' title='bbox 1572 5480 1723 5537; x_wconf 90' lang='lat' dir='ltr'><strong>parte</strong></span> 
     </span>
    </p>
   </div>
   <div class='ocr_carea' id='block_1_57' title="bbox 154 5559 1718 5620">
    <p class='ocr_par' dir='ltr' id='par_1_57' title="bbox 154 5559 1718 5620">
     <span class='ocr_line' id='line_1_57' title="bbox 154 5559 1718 5620; baseline -0.001 -8"><span class='ocrx_word' id='word_1_465' title='bbox 154 5566 400 5619; x_wconf 82' lang='lat' dir='ltr'><strong>remansit.</strong></span> <span class='ocrx_word' id='word_1_466' title='bbox 433 5565 501 5620; x_wconf 86' lang='lat' dir='ltr'><strong>Et</strong></span> <span class='ocrx_word' id='word_1_467' title='bbox 527 5564 704 5617; x_wconf 89' lang='lat' dir='ltr'><strong>adhuc</strong></span> <span class='ocrx_word' id='word_1_468' title='bbox 732 5562 931 5616; x_wconf 88' lang='lat' dir='ltr'><strong>audent</strong></span> <span class='ocrx_word' id='word_1_469' title='bbox 957 5561 1159 5619; x_wconf 83' lang='lat' dir='ltr'><strong>dicere.</strong></span> <span class='ocrx_word' id='word_1_470' title='bbox 1186 5560 1250 5613; x_wconf 87' lang='lat' dir='ltr'><strong>Et</strong></span> <span class='ocrx_word' id='word_1_471' title='bbox 1277 5568 1457 5612; x_wconf 88' lang='lat' dir='ltr'><strong>nostra</strong></span> <span class='ocrx_word' id='word_1_472' title='bbox 1483 5559 1718 5613; x_wconf 81' lang='lat' dir='ltr'><strong>Ecclesia</strong></span> 
     </span>
    </p>
   </div>
   <div class='ocr_carea' id='block_1_58' title="bbox 154 5647 1720 5724">
    <p class='ocr_par' dir='ltr' id='par_1_58' title="bbox 154 5647 1720 5724">
     <span class='ocr_line' id='line_1_58' title="bbox 154 5647 1720 5724; baseline 0.002 -25"><span class='ocrx_word' id='word_1_473' title='bbox 154 5667 316 5723; x_wconf 83' lang='lat' dir='ltr'><strong>magna</strong></span> <span class='ocrx_word' id='word_1_474' title='bbox 339 5665 438 5720; x_wconf 87' lang='lat' dir='ltr'><strong>est,</strong></span> <span class='ocrx_word' id='word_1_475' title='bbox 462 5654 592 5724; x_wconf 91' lang='lat' dir='ltr'><strong>quid</strong></span> <span class='ocrx_word' id='word_1_476' title='bbox 633 5652 723 5707; x_wconf 84' lang='lat' dir='ltr'><strong>tibi</strong></span> <span class='ocrx_word' id='word_1_477' title='bbox 750 5651 959 5705; x_wconf 88' lang='lat' dir='ltr'><strong>videtur</strong></span> <span class='ocrx_word' id='word_1_478' title='bbox 1011 5650 1166 5721; x_wconf 83' lang='lat' dir='ltr'><strong>Bagai</strong></span> <span class='ocrx_word' id='word_1_479' title='bbox 1220 5657 1274 5703; x_wconf 90' lang='lat' dir='ltr'><strong>et</strong></span> <span class='ocrx_word' id='word_1_480' title='bbox 1299 5647 1644 5718; x_wconf 86' lang='lat' dir='ltr'><strong>Tamngade?</strong></span> <span class='ocrx_word' id='word_1_481' title='bbox 1665 5648 1720 5702; x_wconf 92' lang='lat' dir='ltr'><strong>Si</strong></span> 
     </span>
    </p>
   </div>
   <div class='ocr_carea' id='block_1_59' title="bbox 207 5797 1720 5868">
    <p class='ocr_par' dir='ltr' id='par_1_59' title="bbox 207 5797 1720 5868">
     <span class='ocr_line' id='line_1_59' title="bbox 207 5797 1720 5868; baseline -0.003 -12"><span class='ocrx_word' id='word_1_482' title='bbox 207 5806 220 5836; x_wconf 82' lang='grc'>⁸</span> <span class='ocrx_word' id='word_1_483' title='bbox 242 5807 363 5861; x_wconf 81' lang='lat' dir='ltr'><strong>Edd..</strong></span> <span class='ocrx_word' id='word_1_484' title='bbox 384 5811 453 5857; x_wconf 67' lang='lat' dir='ltr'><strong>Ad</strong></span> <span class='ocrx_word' id='word_1_485' title='bbox 475 5812 666 5868; x_wconf 87' lang='lat' dir='ltr'><strong>partem</strong></span> <span class='ocrx_word' id='word_1_486' title='bbox 691 5803 864 5868; x_wconf 63' lang='lat' dir='ltr'><strong>Africa:</strong></span> <span class='ocrx_word' id='word_1_487' title='bbox 881 5801 1184 5868; x_wconf 82' lang='lat' dir='ltr'><strong>remansisse.</strong></span> <span class='ocrx_word' id='word_1_488' title='bbox 1204 5807 1279 5868; x_wconf 85' lang='lat' dir='ltr'><strong>est</strong></span> <span class='ocrx_word' id='word_1_489' title='bbox 1296 5797 1504 5868; x_wconf 70' lang='lat' dir='ltr'><strong>Ecclesia</strong></span> <span class='ocrx_word' id='word_1_490' title='bbox 1527 5814 1607 5851; x_wconf 89' lang='lat' dir='ltr'><strong>ma</strong></span> <span class='ocrx_word' id='word_1_491' title='bbox 1609 5814 1720 5868; x_wconf 63' lang='lat' dir='ltr'><strong>grta.</strong></span> 
     </span>
    </p>
   </div>
   <div class='ocr_carea' id='block_1_60' title="bbox 155 5867 1451 5932">
    <p class='ocr_par' dir='ltr' id='par_1_60' title="bbox 155 5867 1451 5932">
     <span class='ocr_line' id='line_1_60' title="bbox 155 5867 1451 5932; baseline -0.002 -15"><span class='ocrx_word' id='word_1_492' title='bbox 155 5867 537 5932; x_wconf 63' lang='lat' dir='ltr'><strong>totumtotde</strong></span> <span class='ocrx_word' id='word_1_493' title='bbox 565 5876 660 5919; x_wconf 86' lang='lat' dir='ltr'><strong>etc.</strong></span> <span class='ocrx_word' id='word_1_494' title='bbox 688 5867 859 5918; x_wconf 74' lang='lat' dir='ltr'><strong>meum</strong></span> <span class='ocrx_word' id='word_1_495' title='bbox 883 5867 942 5917; x_wconf 82' lang='lat' dir='ltr'><strong>ad</strong></span> <span class='ocrx_word' id='word_1_496' title='bbox 964 5873 1070 5916; x_wconf 75' lang='lat' dir='ltr'><strong>uss.</strong></span> <span class='ocrx_word' id='word_1_497' title='bbox 1096 5867 1451 5927; x_wconf 76' lang='lat' dir='ltr'><strong>castigavtmus.</strong></span> 
     </span>
    </p>
   </div>
   <div class='ocr_carea' id='block_1_61' title="bbox 3299 423 3402 478">
    <p class='ocr_par' dir='ltr' id='par_1_61' title="bbox 3299 423 3402 478">
     <span class='ocr_line' id='line_1_61' title="bbox 3299 423 3402 478; baseline 0 -1"><span class='ocrx_word' id='word_1_498' title='bbox 3299 423 3402 478; x_wconf 71' lang='grc'><strong>178</strong></span> 
     </span>
    </p>
   </div>
   <div class='ocr_carea' id='block_1_62' title="bbox 1843 515 3424 595">
    <p class='ocr_par' dir='ltr' id='par_1_62' title="bbox 1843 515 3424 595">
     <span class='ocr_line' id='line_1_62' title="bbox 1843 515 3424 595; baseline 0.015 -27"><span class='ocrx_word' id='word_1_499' title='bbox 1843 531 1945 569; x_wconf 91' lang='lat' dir='ltr'><strong>non</strong></span> <span class='ocrx_word' id='word_1_500' title='bbox 1977 515 2108 573; x_wconf 89' lang='lat' dir='ltr'><strong>dicit</strong></span> <span class='ocrx_word' id='word_1_501' title='bbox 2135 521 2333 588; x_wconf 89' lang='lat' dir='ltr'><strong>aliquid</strong></span> <span class='ocrx_word' id='word_1_502' title='bbox 2359 523 2373 552; x_wconf 79' lang='grc' dir='ltr'>ί</span> <span class='ocrx_word' id='word_1_503' title='bbox 2409 524 2546 576; x_wconf 89' lang='lat' dir='ltr'><strong>unde</strong></span> <span class='ocrx_word' id='word_1_504' title='bbox 2591 525 2959 582; x_wconf 82' lang='lat' dir='ltr'><strong>obmutescam</strong></span> <span class='ocrx_word' id='word_1_505' title='bbox 2987 573 3001 595; x_wconf 90' lang='lat'><strong>,</strong></span> <span class='ocrx_word' id='word_1_506' title='bbox 3031 530 3204 594; x_wconf 83' lang='lat' dir='ltr'><strong>adhuc</strong></span> <span class='ocrx_word' id='word_1_507' title='bbox 3247 537 3424 595; x_wconf 80' lang='lat' dir='ltr'><strong>dicant</strong></span> 
     </span>
    </p>
   </div>
   <div class='ocr_carea' id='block_1_63' title="bbox 1836 606 2991 678">
    <p class='ocr_par' dir='ltr' id='par_1_63' title="bbox 1836 606 2991 678">
     <span class='ocr_line' id='line_1_63' title="bbox 1836 606 2991 678; baseline 0.014 -20"><span class='ocrx_word' id='word_1_508' title='bbox 1836 606 1957 676; x_wconf 87' lang='lat' dir='ltr'><strong>quia</strong></span> <span class='ocrx_word' id='word_1_509' title='bbox 1989 623 2174 678; x_wconf 83' lang='lat' dir='ltr'><strong>magna</strong></span> <span class='ocrx_word' id='word_1_510' title='bbox 2204 621 2286 665; x_wconf 91' lang='lat' dir='ltr'><strong>est</strong></span> <span class='ocrx_word' id='word_1_511' title='bbox 2315 612 2552 667; x_wconf 75' lang='lat' dir='ltr'><strong>Ecclesia</strong></span> <span class='ocrx_word' id='word_1_512' title='bbox 2580 617 2694 670; x_wconf 88' lang='lat' dir='ltr'><strong>sola</strong></span> <span class='ocrx_word' id='word_1_513' title='bbox 2721 617 2991 674; x_wconf 85' lang='lat' dir='ltr'><strong>Numidia.</strong></span> 
     </span>
    </p>
   </div>
   <div class='ocr_carea' id='block_1_64' title="bbox 1906 697 3416 776">
    <p class='ocr_par' dir='ltr' id='par_1_64' title="bbox 1906 697 3416 776">
     <span class='ocr_line' id='line_1_64' title="bbox 1906 697 3416 776; baseline 0.017 -25"><span class='ocrx_word' id='word_1_514' title='bbox 1906 698 1996 752; x_wconf 77' lang='lat'><strong>9.7.</strong></span> <span class='ocrx_word' id='word_1_515' title='bbox 2032 697 2181 772; x_wconf 85' lang='lat' dir='ltr'><strong>[vers.</strong></span> <span class='ocrx_word' id='word_1_516' title='bbox 2206 702 2295 767; x_wconf 68' lang='lat'><strong>27,</strong></span> <span class='ocrx_word' id='word_1_517' title='bbox 2318 702 2434 776; x_wconf 74' lang='lat'><strong>9.8.]</strong></span> <span class='ocrx_word' id='word_1_518' title='bbox 2462 704 2749 762; x_wconf 76' lang='lat' dir='ltr'><strong>Videamus</strong></span> <span class='ocrx_word' id='word_1_519' title='bbox 2769 752 2782 773; x_wconf 93' lang='lat'><strong>,</strong></span> <span class='ocrx_word' id='word_1_520' title='bbox 2814 712 3091 768; x_wconf 90' lang='lat' dir='ltr'><strong>audiamus</strong></span> <span class='ocrx_word' id='word_1_521' title='bbox 3121 725 3294 772; x_wconf 83' lang='lat' dir='ltr'><strong>adhuc</strong></span> <span class='ocrx_word' id='word_1_522' title='bbox 3318 721 3416 776; x_wconf 84' lang='lat' dir='ltr'><strong>Do-</strong></span> 
     </span>
    </p>
   </div>
   <div class='ocr_carea' id='block_1_65' title="bbox 1837 790 3424 876">
    <p class='ocr_par' dir='ltr' id='par_1_65' title="bbox 1837 790 3424 876">
     <span class='ocr_line' id='line_1_65' title="bbox 1837 790 3424 876; baseline 0.011 -32"><span class='ocrx_word' id='word_1_523' title='bbox 1837 790 2040 844; x_wconf 87' lang='lat' dir='ltr'><strong>minum</strong></span> <span class='ocrx_word' id='word_1_524' title='bbox 2066 809 2080 845; x_wconf 90' lang='lat'><strong>:</strong></span> <span class='ocrx_word' id='word_1_525' title='bbox 2119 791 2243 846; x_wconf 85' lang='lat' dir='ltr'><strong>Vota</strong></span> <span class='ocrx_word' id='word_1_526' title='bbox 2273 811 2381 849; x_wconf 81' lang='lat' dir='ltr'><strong>mea</strong></span> <span class='ocrx_word' id='word_1_527' title='bbox 2406 797 2613 850; x_wconf 84' lang='lat' dir='ltr'><strong>reddam</strong></span> <span class='ocrx_word' id='word_1_528' title='bbox 2644 816 2815 853; x_wconf 88' lang='lat' dir='ltr'><strong>coram</strong></span> <span class='ocrx_word' id='word_1_529' title='bbox 2838 803 3122 859; x_wconf 86' lang='lat' dir='ltr'><strong>timentibus</strong></span> <span class='ocrx_word' id='word_1_530' title='bbox 3142 823 3272 860; x_wconf 86' lang='lat' dir='ltr'><strong>eum.</strong></span> <span class='ocrx_word' id='word_1_531' title='bbox 3295 812 3424 876; x_wconf 64' lang='lat' dir='ltr'><strong>Quae</strong></span> 
     </span>
    </p>
   </div>
   <div class='ocr_carea' id='block_1_66' title="bbox 1839 883 3431 959">
    <p class='ocr_par' dir='ltr' id='par_1_66' title="bbox 1839 883 3431 959">
     <span class='ocr_line' id='line_1_66' title="bbox 1839 883 3431 959; baseline 0.013 -27"><span class='ocrx_word' id='word_1_532' title='bbox 1839 889 1965 934; x_wconf 91' lang='lat' dir='ltr'><strong>sunt</strong></span> <span class='ocrx_word' id='word_1_533' title='bbox 1989 892 2108 935; x_wconf 86' lang='lat' dir='ltr'><strong>vota</strong></span> <span class='ocrx_word' id='word_1_534' title='bbox 2140 885 2272 938; x_wconf 90' lang='lat' dir='ltr'><strong>sua?</strong></span> <span class='ocrx_word' id='word_1_535' title='bbox 2301 883 2632 943; x_wconf 83' lang='lat' dir='ltr'><strong>Sacrificiqu</strong></span> <span class='ocrx_word' id='word_1_536' title='bbox 2678 892 2818 959; x_wconf 92' lang='lat' dir='ltr'><strong>quod</strong></span> <span class='ocrx_word' id='word_1_537' title='bbox 2867 893 3060 948; x_wconf 89' lang='lat' dir='ltr'><strong>obtulit</strong></span> <span class='ocrx_word' id='word_1_538' title='bbox 3091 896 3220 950; x_wconf 90' lang='lat' dir='ltr'><strong>Deo.</strong></span> <span class='ocrx_word' id='word_1_539' title='bbox 3249 897 3431 954; x_wconf 79' lang='lat' dir='ltr'><strong>Nestis</strong></span> 
     </span>
    </p>
   </div>
   <div class='ocr_carea' id='block_1_67' title="bbox 1835 970 3435 1054">
    <p class='ocr_par' dir='ltr' id='par_1_67' title="bbox 1835 970 3435 1054">
     <span class='ocr_line' id='line_1_67' title="bbox 1835 970 3435 1054; baseline 0.014 -32"><span class='ocrx_word' id='word_1_540' title='bbox 1835 970 1993 1038; x_wconf 91' lang='lat' dir='ltr'><strong>quale</strong></span> <span class='ocrx_word' id='word_1_541' title='bbox 2016 973 2381 1030; x_wconf 83' lang='lat' dir='ltr'><strong>sacrificium?</strong></span> <span class='ocrx_word' id='word_1_542' title='bbox 2417 976 2623 1034; x_wconf 84' lang='lat' dir='ltr'><strong>Norunt</strong></span> <span class='ocrx_word' id='word_1_543' title='bbox 2654 980 2842 1036; x_wconf 86' lang='lat' dir='ltr'><strong>fideles</strong></span> <span class='ocrx_word' id='word_1_544' title='bbox 2872 994 2992 1038; x_wconf 92' lang='lat' dir='ltr'><strong>vota</strong></span> <span class='ocrx_word' id='word_1_545' title='bbox 3040 1001 3160 1054; x_wconf 71' lang='lat' dir='ltr'><strong>quae</strong></span> <span class='ocrx_word' id='word_1_546' title='bbox 3198 988 3435 1044; x_wconf 88' lang='lat' dir='ltr'><strong>reddidit</strong></span> 
     </span>
    </p>
   </div>
   <div class='ocr_carea' id='block_1_68' title="bbox 1835 1065 3424 1146">
    <p class='ocr_par' dir='ltr' id='par_1_68' title="bbox 1835 1065 3424 1146">
     <span class='ocr_line' id='line_1_68' title="bbox 1835 1065 3424 1146; baseline 0.012 -32"><span class='ocrx_word' id='word_1_547' title='bbox 1835 1075 2018 1118; x_wconf 86' lang='lat' dir='ltr'><strong>coram</strong></span> <span class='ocrx_word' id='word_1_548' title='bbox 2050 1065 2358 1120; x_wconf 89' lang='lat' dir='ltr'><strong>timentibus</strong></span> <span class='ocrx_word' id='word_1_549' title='bbox 2387 1082 2509 1123; x_wconf 90' lang='lat' dir='ltr'><strong>cum</strong></span> <span class='ocrx_word' id='word_1_550' title='bbox 2537 1085 2549 1123; x_wconf 89' lang='lat'><strong>:</strong></span> <span class='ocrx_word' id='word_1_551' title='bbox 2581 1085 2702 1124; x_wconf 90' lang='lat' dir='ltr'><strong>nam</strong></span> <span class='ocrx_word' id='word_1_552' title='bbox 2739 1075 3001 1142; x_wconf 88' lang='lat' dir='ltr'><strong>sequitur,</strong></span> <span class='ocrx_word' id='word_1_553' title='bbox 3031 1075 3199 1131; x_wconf 80' lang='lat' dir='ltr'><strong>Edent</strong></span> <span class='ocrx_word' id='word_1_554' title='bbox 3228 1096 3424 1146; x_wconf 84' lang='lat' dir='ltr'><strong>panpe-</strong></span> 
     </span>
    </p>
   </div>
   <div class='ocr_carea' id='block_1_69' title="bbox 1835 1157 3434 1236">
    <p class='ocr_par' dir='ltr' id='par_1_69' title="bbox 1835 1157 3434 1236">
     <span class='ocr_line' id='line_1_69' title="bbox 1835 1157 3434 1236; baseline 0.014 -31"><span class='ocrx_word' id='word_1_555' title='bbox 1835 1169 1934 1216; x_wconf 86' lang='lat' dir='ltr'><strong>res,</strong></span> <span class='ocrx_word' id='word_1_556' title='bbox 1959 1164 2008 1207; x_wconf 87' lang='lat' dir='ltr'><strong>et</strong></span> <span class='ocrx_word' id='word_1_557' title='bbox 2045 1157 2428 1212; x_wconf 84' lang='lat' dir='ltr'><strong>saturabuntur.</strong></span> <span class='ocrx_word' id='word_1_558' title='bbox 2459 1160 2604 1214; x_wconf 85' lang='lat' dir='ltr'><strong>Beati</strong></span> <span class='ocrx_word' id='word_1_559' title='bbox 2633 1178 2926 1233; x_wconf 84' lang='lat' dir='ltr'><strong>pauperes,</strong></span> <span class='ocrx_word' id='word_1_560' title='bbox 2955 1167 3074 1236; x_wconf 89' lang='lat' dir='ltr'><strong>quia</strong></span> <span class='ocrx_word' id='word_1_561' title='bbox 3118 1169 3240 1224; x_wconf 91' lang='lat' dir='ltr'><strong>ideo</strong></span> <span class='ocrx_word' id='word_1_562' title='bbox 3269 1172 3434 1227; x_wconf 86' lang='lat' dir='ltr'><strong>edunt</strong></span> 
     </span>
    </p>
   </div>
   <div class='ocr_carea' id='block_1_70' title="bbox 1835 1251 3434 1329">
    <p class='ocr_par' dir='ltr' id='par_1_70' title="bbox 1835 1251 3434 1329">
     <span class='ocr_line' id='line_1_70' title="bbox 1835 1251 3434 1329; baseline 0.014 -32"><span class='ocrx_word' id='word_1_563' title='bbox 1835 1254 1895 1298; x_wconf 89' lang='lat' dir='ltr'><strong>ut</strong></span> <span class='ocrx_word' id='word_1_564' title='bbox 1923 1255 2232 1303; x_wconf 88' lang='lat' dir='ltr'><strong>saturentur</strong></span> <span class='ocrx_word' id='word_1_565' title='bbox 2259 1268 2272 1305; x_wconf 89' lang='lat'><strong>:</strong></span> <span class='ocrx_word' id='word_1_566' title='bbox 2306 1251 2472 1306; x_wconf 91' lang='lat' dir='ltr'><strong>edunt</strong></span> <span class='ocrx_word' id='word_1_567' title='bbox 2501 1254 2644 1308; x_wconf 89' lang='lat' dir='ltr'><strong>enim</strong></span> <span class='ocrx_word' id='word_1_568' title='bbox 2689 1271 2986 1326; x_wconf 88' lang='lat' dir='ltr'><strong>pauperes;</strong></span> <span class='ocrx_word' id='word_1_569' title='bbox 3015 1260 3104 1329; x_wconf 91' lang='lat' dir='ltr'><strong>qui</strong></span> <span class='ocrx_word' id='word_1_570' title='bbox 3139 1272 3320 1317; x_wconf 89' lang='lat' dir='ltr'><strong>autem</strong></span> <span class='ocrx_word' id='word_1_571' title='bbox 3349 1265 3434 1318; x_wconf 72' lang='lat' dir='ltr'><strong>di-</strong></span> 
     </span>
    </p>
   </div>
   <div class='ocr_carea' id='block_1_71' title="bbox 1834 1337 3427 1415">
    <p class='ocr_par' dir='ltr' id='par_1_71' title="bbox 1834 1337 3427 1415">
     <span class='ocr_line' id='line_1_71' title="bbox 1834 1337 3427 1415; baseline 0.014 -28"><span class='ocrx_word' id='word_1_572' title='bbox 1834 1337 1970 1391; x_wconf 80' lang='lat' dir='ltr'><strong>vites</strong></span> <span class='ocrx_word' id='word_1_573' title='bbox 2001 1348 2160 1406; x_wconf 91' lang='lat' dir='ltr'><strong>sunt,</strong></span> <span class='ocrx_word' id='word_1_574' title='bbox 2194 1356 2301 1395; x_wconf 89' lang='lat' dir='ltr'><strong>non</strong></span> <span class='ocrx_word' id='word_1_575' title='bbox 2345 1343 2626 1412; x_wconf 84' lang='lat' dir='ltr'><strong>satiantur,</strong></span> <span class='ocrx_word' id='word_1_576' title='bbox 2655 1347 2774 1415; x_wconf 85' lang='lat' dir='ltr'><strong>quia</strong></span> <span class='ocrx_word' id='word_1_577' title='bbox 2805 1365 2910 1403; x_wconf 91' lang='lat' dir='ltr'><strong>non</strong></span> <span class='ocrx_word' id='word_1_578' title='bbox 2963 1353 3224 1407; x_wconf 89' lang='lat' dir='ltr'><strong>esuriunt.</strong></span> <span class='ocrx_word' id='word_1_579' title='bbox 3258 1355 3427 1408; x_wconf 87' lang='lat' dir='ltr'><strong>Com-</strong></span> 
     </span>
    </p>
   </div>
   <div class='ocr_carea' id='block_1_72' title="bbox 1840 1426 3410 1508">
    <p class='ocr_par' dir='ltr' id='par_1_72' title="bbox 1840 1426 3410 1508">
     <span class='ocr_line' id='line_1_72' title="bbox 1840 1426 3410 1508; baseline 0.015 -31"><span class='ocrx_word' id='word_1_580' title='bbox 1840 1426 2001 1479; x_wconf 85' lang='lat' dir='ltr'><strong>cdent</strong></span> <span class='ocrx_word' id='word_1_581' title='bbox 2030 1443 2286 1498; x_wconf 88' lang='lat' dir='ltr'><strong>pauperes</strong></span> <span class='ocrx_word' id='word_1_582' title='bbox 2313 1449 2325 1482; x_wconf 90' lang='lat'><strong>:</strong></span> <span class='ocrx_word' id='word_1_583' title='bbox 2357 1431 2480 1486; x_wconf 88' lang='lat' dir='ltr'><strong>inde</strong></span> <span class='ocrx_word' id='word_1_584' title='bbox 2524 1444 2640 1489; x_wconf 86' lang='lat' dir='ltr'><strong>erat</strong></span> <span class='ocrx_word' id='word_1_585' title='bbox 2666 1437 2897 1505; x_wconf 89' lang='lat' dir='ltr'><strong>piscator</strong></span> <span class='ocrx_word' id='word_1_586' title='bbox 2923 1439 3011 1494; x_wconf 91' lang='lat' dir='ltr'><strong>ille</strong></span> <span class='ocrx_word' id='word_1_587' title='bbox 3050 1441 3258 1508; x_wconf 86' lang='lat' dir='ltr'><strong>Petrus,</strong></span> <span class='ocrx_word' id='word_1_588' title='bbox 3291 1445 3410 1500; x_wconf 87' lang='lat' dir='ltr'><strong>inde</strong></span> 
     </span>
    </p>
   </div>
   <div class='ocr_carea' id='block_1_73' title="bbox 1836 1518 3421 1606">
    <p class='ocr_par' dir='ltr' id='par_1_73' title="bbox 1836 1518 3421 1606">
     <span class='ocr_line' id='line_1_73' title="bbox 1836 1518 3421 1606; baseline 0.014 -38"><span class='ocrx_word' id='word_1_589' title='bbox 1836 1526 1952 1570; x_wconf 90' lang='lat' dir='ltr'><strong>erat</strong></span> <span class='ocrx_word' id='word_1_590' title='bbox 1980 1518 2114 1572; x_wconf 89' lang='lat' dir='ltr'><strong>alius</strong></span> <span class='ocrx_word' id='word_1_591' title='bbox 2142 1520 2374 1588; x_wconf 88' lang='lat' dir='ltr'><strong>piscator</strong></span> <span class='ocrx_word' id='word_1_592' title='bbox 2401 1522 2635 1580; x_wconf 81' lang='lat' dir='ltr'><strong>Joannes</strong></span> <span class='ocrx_word' id='word_1_593' title='bbox 2663 1540 2716 1581; x_wconf 88' lang='lat' dir='ltr'><strong>ct</strong></span> <span class='ocrx_word' id='word_1_594' title='bbox 2750 1527 2980 1584; x_wconf 71' lang='lat' dir='ltr'><strong>Iacobus</strong></span> <span class='ocrx_word' id='word_1_595' title='bbox 3025 1531 3189 1587; x_wconf 81' lang='lat' dir='ltr'><strong>frater</strong></span> <span class='ocrx_word' id='word_1_596' title='bbox 3221 1537 3384 1606; x_wconf 84' lang='lat' dir='ltr'><strong>ipsius</strong></span> <span class='ocrx_word' id='word_1_597' title='bbox 3408 1578 3421 1598; x_wconf 77' lang='grc'>,</span> 
     </span>
    </p>
   </div>
   <div class='ocr_carea' id='block_1_74' title="bbox 1837 1606 3429 1694">
    <p class='ocr_par' dir='ltr' id='par_1_74' title="bbox 1837 1606 3429 1694">
     <span class='ocr_line' id='line_1_74' title="bbox 1837 1606 3429 1694; baseline 0.014 -36"><span class='ocrx_word' id='word_1_598' title='bbox 1837 1606 1959 1661; x_wconf 89' lang='lat' dir='ltr'><strong>inde</strong></span> <span class='ocrx_word' id='word_1_599' title='bbox 1984 1619 2098 1660; x_wconf 84' lang='lat' dir='ltr'><strong>erat</strong></span> <span class='ocrx_word' id='word_1_600' title='bbox 2128 1610 2290 1666; x_wconf 85' lang='lat' dir='ltr'><strong>etiam</strong></span> <span class='ocrx_word' id='word_1_601' title='bbox 2331 1613 2649 1682; x_wconf 85' lang='lat' dir='ltr'><strong>publicanus</strong></span> <span class='ocrx_word' id='word_1_602' title='bbox 2676 1618 2979 1677; x_wconf 71' lang='lat' dir='ltr'><strong>Matthtrtts.</strong></span> <span class='ocrx_word' id='word_1_603' title='bbox 3006 1623 3081 1678; x_wconf 91' lang='lat' dir='ltr'><strong>De</strong></span> <span class='ocrx_word' id='word_1_604' title='bbox 3108 1628 3429 1694; x_wconf 83' lang='lat' dir='ltr'><strong>pauperibus</strong></span> 
     </span>
    </p>
   </div>
   <div class='ocr_carea' id='block_1_75' title="bbox 1837 1695 3429 1786">
    <p class='ocr_par' dir='ltr' id='par_1_75' title="bbox 1837 1695 3429 1786">
     <span class='ocr_line' id='line_1_75' title="bbox 1837 1695 3429 1786; baseline 0.014 -37"><span class='ocrx_word' id='word_1_605' title='bbox 1837 1695 1934 1765; x_wconf 85' lang='lat' dir='ltr'><strong>ipsi</strong></span> <span class='ocrx_word' id='word_1_606' title='bbox 1958 1708 2131 1765; x_wconf 89' lang='lat' dir='ltr'><strong>erant,</strong></span> <span class='ocrx_word' id='word_1_607' title='bbox 2157 1704 2244 1768; x_wconf 91' lang='lat' dir='ltr'><strong>qui</strong></span> <span class='ocrx_word' id='word_1_608' title='bbox 2272 1704 2622 1760; x_wconf 89' lang='lat' dir='ltr'><strong>comederunt</strong></span> <span class='ocrx_word' id='word_1_609' title='bbox 2642 1717 2695 1762; x_wconf 90' lang='lat' dir='ltr'><strong>et</strong></span> <span class='ocrx_word' id='word_1_610' title='bbox 2719 1711 2942 1764; x_wconf 88' lang='lat' dir='ltr'><strong>saturati</strong></span> <span class='ocrx_word' id='word_1_611' title='bbox 2968 1722 3112 1780; x_wconf 86' lang='lat' dir='ltr'><strong>sunt,</strong></span> <span class='ocrx_word' id='word_1_612' title='bbox 3139 1716 3260 1768; x_wconf 90' lang='lat' dir='ltr'><strong>talia</strong></span> <span class='ocrx_word' id='word_1_613' title='bbox 3288 1721 3429 1786; x_wconf 86' lang='lat' dir='ltr'><strong>passi</strong></span> 
     </span>
    </p>
   </div>
   <div class='ocr_carea' id='block_1_76' title="bbox 1835 1788 3429 1874">
    <p class='ocr_par' dir='ltr' id='par_1_76' title="bbox 1835 1788 3429 1874">
     <span class='ocr_line' id='line_1_76' title="bbox 1835 1788 3429 1874; baseline 0.014 -35"><span class='ocrx_word' id='word_1_614' title='bbox 1835 1788 2008 1856; x_wconf 90' lang='lat' dir='ltr'><strong>qualia</strong></span> <span class='ocrx_word' id='word_1_615' title='bbox 2041 1791 2516 1848; x_wconf 88' lang='lat' dir='ltr'><strong>manducaverunt.</strong></span> <span class='ocrx_word' id='word_1_616' title='bbox 2539 1795 2952 1864; x_wconf 58' lang='lat' dir='ltr'><strong>Ctenam,suam</strong></span> <span class='ocrx_word' id='word_1_617' title='bbox 3002 1802 3179 1868; x_wconf 88' lang='lat' dir='ltr'><strong>dedit,</strong></span> <span class='ocrx_word' id='word_1_618' title='bbox 3221 1809 3429 1874; x_wconf 47' lang='lat' dir='ltr'><strong>passio.</strong></span> 
     </span>
    </p>
   </div>
   <div class='ocr_carea' id='block_1_77' title="bbox 1836 1883 3418 1962">
    <p class='ocr_par' dir='ltr' id='par_1_77' title="bbox 1836 1883 3418 1962">
     <span class='ocr_line' id='line_1_77' title="bbox 1836 1883 3418 1962; baseline 0.011 -31"><span class='ocrx_word' id='word_1_619' title='bbox 1836 1895 1958 1933; x_wconf 89' lang='lat' dir='ltr'><strong>nem</strong></span> <span class='ocrx_word' id='word_1_620' title='bbox 1989 1897 2137 1935; x_wconf 89' lang='lat' dir='ltr'><strong>suam</strong></span> <span class='ocrx_word' id='word_1_621' title='bbox 2169 1883 2315 1940; x_wconf 89' lang='lat' dir='ltr'><strong>dedit</strong></span> <span class='ocrx_word' id='word_1_622' title='bbox 2343 1903 2356 1940; x_wconf 88' lang='lat'><strong>:</strong></span> <span class='ocrx_word' id='word_1_623' title='bbox 2391 1887 2477 1942; x_wconf 90' lang='lat' dir='ltr'><strong>ille</strong></span> <span class='ocrx_word' id='word_1_624' title='bbox 2507 1897 2795 1956; x_wconf 89' lang='lat' dir='ltr'><strong>saturatur,</strong></span> <span class='ocrx_word' id='word_1_625' title='bbox 2824 1894 2913 1962; x_wconf 88' lang='lat' dir='ltr'><strong>qui</strong></span> <span class='ocrx_word' id='word_1_626' title='bbox 2934 1893 3191 1949; x_wconf 86' lang='lat' dir='ltr'><strong>imitatur.</strong></span> <span class='ocrx_word' id='word_1_627' title='bbox 3226 1897 3418 1952; x_wconf 80' lang='lat' dir='ltr'><strong>lmitati</strong></span> 
     </span>
    </p>
   </div>
   <div class='ocr_carea' id='block_1_78' title="bbox 1835 1977 3434 2052">
    <p class='ocr_par' dir='ltr' id='par_1_78' title="bbox 1835 1977 3434 2052">
     <span class='ocr_line' id='line_1_78' title="bbox 1835 1977 3434 2052; baseline 0.012 -29"><span class='ocrx_word' id='word_1_628' title='bbox 1835 1981 1960 2024; x_wconf 90' lang='lat' dir='ltr'><strong>sunt</strong></span> <span class='ocrx_word' id='word_1_629' title='bbox 2007 1987 2308 2042; x_wconf 87' lang='lat' dir='ltr'><strong>pauperes:</strong></span> <span class='ocrx_word' id='word_1_630' title='bbox 2340 1977 2440 2046; x_wconf 90' lang='lat' dir='ltr'><strong>ipsi</strong></span> <span class='ocrx_word' id='word_1_631' title='bbox 2484 1980 2626 2034; x_wconf 91' lang='lat' dir='ltr'><strong>enim</strong></span> <span class='ocrx_word' id='word_1_632' title='bbox 2670 1981 2749 2036; x_wconf 89' lang='lat' dir='ltr'><strong>sic</strong></span> <span class='ocrx_word' id='word_1_633' title='bbox 2789 1985 2929 2052; x_wconf 91' lang='lat' dir='ltr'><strong>passi</strong></span> <span class='ocrx_word' id='word_1_634' title='bbox 2962 1995 3119 2048; x_wconf 86' lang='lat' dir='ltr'><strong>sunt,</strong></span> <span class='ocrx_word' id='word_1_635' title='bbox 3152 1999 3201 2041; x_wconf 89' lang='lat' dir='ltr'><strong>ut</strong></span> <span class='ocrx_word' id='word_1_636' title='bbox 3233 1989 3434 2045; x_wconf 74' lang='lat' dir='ltr'><strong>Clu&#39;is&#39;i</strong></span> 
     </span>
    </p>
   </div>
   <div class='ocr_carea' id='block_1_79' title="bbox 1836 2062 3427 2148">
    <p class='ocr_par' dir='ltr' id='par_1_79' title="bbox 1836 2062 3427 2148">
     <span class='ocr_line' id='line_1_79' title="bbox 1836 2062 3427 2148; baseline 0.012 -36"><span class='ocrx_word' id='word_1_637' title='bbox 1836 2062 2053 2130; x_wconf 85' lang='lat' dir='ltr'><strong>vestigia</strong></span> <span class='ocrx_word' id='word_1_638' title='bbox 2084 2077 2456 2134; x_wconf 90' lang='lat' dir='ltr'><strong>sequerentur.</strong></span> <span class='ocrx_word' id='word_1_639' title='bbox 2497 2067 2659 2124; x_wconf 85' lang='lat' dir='ltr'><strong>Edent</strong></span> <span class='ocrx_word' id='word_1_640' title='bbox 2686 2089 2956 2142; x_wconf 84' lang='lat' dir='ltr'><strong>pauperes.</strong></span> <span class='ocrx_word' id='word_1_641' title='bbox 2980 2073 3085 2130; x_wconf 88' lang='lat' dir='ltr'><strong>Sed</strong></span> <span class='ocrx_word' id='word_1_642' title='bbox 3113 2093 3274 2148; x_wconf 91' lang='lat' dir='ltr'><strong>quare</strong></span> <span class='ocrx_word' id='word_1_643' title='bbox 3302 2095 3427 2146; x_wconf 82' lang='lat' dir='ltr'><strong>pau-</strong></span> 
     </span>
    </p>
   </div>
   <div class='ocr_carea' id='block_1_80' title="bbox 1838 2155 3424 2236">
    <p class='ocr_par' dir='ltr' id='par_1_80' title="bbox 1838 2155 3424 2236">
     <span class='ocr_line' id='line_1_80' title="bbox 1838 2155 3424 2236; baseline 0.011 -30"><span class='ocrx_word' id='word_1_644' title='bbox 1838 2157 2030 2224; x_wconf 88' lang='lat' dir='ltr'><strong>peres?</strong></span> <span class='ocrx_word' id='word_1_645' title='bbox 2055 2155 2118 2209; x_wconf 88' lang='lat' dir='ltr'><strong>Et</strong></span> <span class='ocrx_word' id='word_1_646' title='bbox 2146 2158 2430 2212; x_wconf 85' lang='lat' dir='ltr'><strong>laudabunt</strong></span> <span class='ocrx_word' id='word_1_647' title='bbox 2463 2160 2737 2216; x_wconf 84' lang='lat' dir='ltr'><strong>Dominum</strong></span> <span class='ocrx_word' id='word_1_648' title='bbox 2776 2165 2863 2233; x_wconf 87' lang='lat' dir='ltr'><strong>qui</strong></span> <span class='ocrx_word' id='word_1_649' title='bbox 2887 2167 3144 2236; x_wconf 82' lang='lat' dir='ltr'><strong>requirunt</strong></span> <span class='ocrx_word' id='word_1_650' title='bbox 3175 2185 3309 2221; x_wconf 86' lang='lat' dir='ltr'><strong>eum.</strong></span> <span class='ocrx_word' id='word_1_651' title='bbox 3343 2171 3424 2224; x_wconf 78' lang='lat' dir='ltr'><strong>lli-</strong></span> 
     </span>
    </p>
   </div>
   <div class='ocr_carea' id='block_1_81' title="bbox 1838 2248 3430 2328">
    <p class='ocr_par' dir='ltr' id='par_1_81' title="bbox 1838 2248 3430 2328">
     <span class='ocr_line' id='line_1_81' title="bbox 1838 2248 3430 2328; baseline 0.011 -30"><span class='ocrx_word' id='word_1_652' title='bbox 1838 2248 1972 2301; x_wconf 91' lang='lat' dir='ltr'><strong>vites</strong></span> <span class='ocrx_word' id='word_1_653' title='bbox 1999 2263 2057 2302; x_wconf 92' lang='lat' dir='ltr'><strong>se</strong></span> <span class='ocrx_word' id='word_1_654' title='bbox 2086 2249 2338 2315; x_wconf 86' lang='lat' dir='ltr'><strong>laudant,</strong></span> <span class='ocrx_word' id='word_1_655' title='bbox 2369 2267 2636 2322; x_wconf 88' lang='lat' dir='ltr'><strong>pauperes</strong></span> <span class='ocrx_word' id='word_1_656' title='bbox 2665 2256 2945 2314; x_wconf 90' lang='lat' dir='ltr'><strong>Dominum</strong></span> <span class='ocrx_word' id='word_1_657' title='bbox 2988 2259 3220 2313; x_wconf 86' lang='lat' dir='ltr'><strong>laudant.</strong></span> <span class='ocrx_word' id='word_1_658' title='bbox 3254 2261 3430 2328; x_wconf 66' lang='grc' dir='ltr'><strong>ριιςιηξ</strong></span> 
     </span>
    </p>
   </div>
   <div class='ocr_carea' id='block_1_82' title="bbox 1834 2341 3428 2413">
    <p class='ocr_par' dir='ltr' id='par_1_82' title="bbox 1834 2341 3428 2413">
     <span class='ocr_line' id='line_1_82' title="bbox 1834 2341 3428 2413; baseline 0.01 -24"><span class='ocrx_word' id='word_1_659' title='bbox 1834 2348 1960 2391; x_wconf 91' lang='lat' dir='ltr'><strong>sunt</strong></span> <span class='ocrx_word' id='word_1_660' title='bbox 1987 2342 2294 2410; x_wconf 79' lang='lat' dir='ltr'><strong>pauperes?</strong></span> <span class='ocrx_word' id='word_1_661' title='bbox 2319 2341 2453 2409; x_wconf 82' lang='lat' dir='ltr'><strong>Quia</strong></span> <span class='ocrx_word' id='word_1_662' title='bbox 2487 2345 2765 2399; x_wconf 77' lang='lat' dir='ltr'><strong>Dominum</strong></span> <span class='ocrx_word' id='word_1_663' title='bbox 2797 2347 3033 2413; x_wconf 90' lang='lat' dir='ltr'><strong>laudant,</strong></span> <span class='ocrx_word' id='word_1_664' title='bbox 3063 2359 3116 2402; x_wconf 91' lang='lat' dir='ltr'><strong>et</strong></span> <span class='ocrx_word' id='word_1_665' title='bbox 3145 2351 3428 2408; x_wconf 80' lang='lat' dir='ltr'><strong>Dominum</strong></span> 
     </span>
    </p>
   </div>
   <div class='ocr_carea' id='block_1_83' title="bbox 1834 2433 3432 2508">
    <p class='ocr_par' dir='ltr' id='par_1_83' title="bbox 1834 2433 3432 2508">
     <span class='ocr_line' id='line_1_83' title="bbox 1834 2433 3432 2508; baseline 0.009 -25"><span class='ocrx_word' id='word_1_666' title='bbox 1834 2439 2100 2499; x_wconf 68' lang='lat' dir='ltr'><strong>qumrunt.</strong></span> <span class='ocrx_word' id='word_1_667' title='bbox 2125 2433 2385 2488; x_wconf 92' lang='lat' dir='ltr'><strong>Dominus</strong></span> <span class='ocrx_word' id='word_1_668' title='bbox 2405 2445 2486 2489; x_wconf 88' lang='lat' dir='ltr'><strong>est</strong></span> <span class='ocrx_word' id='word_1_669' title='bbox 2518 2436 2720 2491; x_wconf 61' lang='lat' dir='ltr'><strong>divitia:</strong></span> <span class='ocrx_word' id='word_1_670' title='bbox 2750 2441 3042 2508; x_wconf 83' lang='lat' dir='ltr'><strong>pauperum</strong></span> <span class='ocrx_word' id='word_1_671' title='bbox 3066 2458 3079 2495; x_wconf 91' lang='lat'><strong>:</strong></span> <span class='ocrx_word' id='word_1_672' title='bbox 3105 2441 3225 2498; x_wconf 88' lang='lat' dir='ltr'><strong>ideo</strong></span> <span class='ocrx_word' id='word_1_673' title='bbox 3257 2444 3432 2497; x_wconf 85' lang='lat' dir='ltr'><strong>inanis</strong></span> 
     </span>
    </p>
   </div>
   <div class='ocr_carea' id='block_1_84' title="bbox 1834 2522 3422 2602">
    <p class='ocr_par' dir='ltr' id='par_1_84' title="bbox 1834 2522 3422 2602">
     <span class='ocr_line' id='line_1_84' title="bbox 1834 2522 3422 2602; baseline 0.008 -27"><span class='ocrx_word' id='word_1_674' title='bbox 1834 2530 1918 2576; x_wconf 92' lang='lat' dir='ltr'><strong>est</strong></span> <span class='ocrx_word' id='word_1_675' title='bbox 1941 2522 2153 2591; x_wconf 87' lang='lat' dir='ltr'><strong>domus,</strong></span> <span class='ocrx_word' id='word_1_676' title='bbox 2178 2534 2234 2579; x_wconf 93' lang='lat' dir='ltr'><strong>ut</strong></span> <span class='ocrx_word' id='word_1_677' title='bbox 2256 2541 2350 2580; x_wconf 89' lang='lat' dir='ltr'><strong>cor</strong></span> <span class='ocrx_word' id='word_1_678' title='bbox 2377 2527 2592 2597; x_wconf 90' lang='lat' dir='ltr'><strong>plenum</strong></span> <span class='ocrx_word' id='word_1_679' title='bbox 2617 2527 2814 2588; x_wconf 81' lang='lat' dir='ltr'><strong>divitiis</strong></span> <span class='ocrx_word' id='word_1_680' title='bbox 2836 2531 2924 2583; x_wconf 88' lang='lat' dir='ltr'><strong>sit.</strong></span> <span class='ocrx_word' id='word_1_681' title='bbox 2958 2531 3156 2587; x_wconf 87' lang='lat' dir='ltr'><strong>Divites</strong></span> <span class='ocrx_word' id='word_1_682' title='bbox 3184 2549 3422 2602; x_wconf 70' lang='lat' dir='ltr'><strong>quaerant</strong></span> 
     </span>
    </p>
   </div>
   <div class='ocr_carea' id='block_1_85' title="bbox 1836 2613 3428 2689">
    <p class='ocr_par' dir='ltr' id='par_1_85' title="bbox 1836 2613 3428 2689">
     <span class='ocr_line' id='line_1_85' title="bbox 1836 2613 3428 2689; baseline 0.009 -23"><span class='ocrx_word' id='word_1_683' title='bbox 1836 2613 1976 2668; x_wconf 90' lang='lat' dir='ltr'><strong>unde</strong></span> <span class='ocrx_word' id='word_1_684' title='bbox 2021 2631 2199 2670; x_wconf 88' lang='lat' dir='ltr'><strong>arcam</strong></span> <span class='ocrx_word' id='word_1_685' title='bbox 2233 2617 2524 2686; x_wconf 89' lang='lat' dir='ltr'><strong>impleant,</strong></span> <span class='ocrx_word' id='word_1_686' title='bbox 2568 2634 2833 2689; x_wconf 87' lang='lat' dir='ltr'><strong>pauperes</strong></span> <span class='ocrx_word' id='word_1_687' title='bbox 2863 2633 3109 2689; x_wconf 64' lang='lat' dir='ltr'><strong>quaerunt</strong></span> <span class='ocrx_word' id='word_1_688' title='bbox 3153 2624 3292 2679; x_wconf 88' lang='lat' dir='ltr'><strong>unde</strong></span> <span class='ocrx_word' id='word_1_689' title='bbox 3337 2644 3428 2680; x_wconf 88' lang='lat' dir='ltr'><strong>cor</strong></span> 
     </span>
    </p>
   </div>
   <div class='ocr_carea' id='block_1_86' title="bbox 1835 2705 3426 2786">
    <p class='ocr_par' dir='ltr' id='par_1_86' title="bbox 1835 2705 3426 2786">
     <span class='ocr_line' id='line_1_86' title="bbox 1835 2705 3426 2786; baseline 0.008 -29"><span class='ocrx_word' id='word_1_690' title='bbox 1835 2705 2092 2774; x_wconf 81' lang='lat' dir='ltr'><strong>impleant</strong></span> <span class='ocrx_word' id='word_1_691' title='bbox 2118 2728 2130 2762; x_wconf 92' lang='lat'><strong>:</strong></span> <span class='ocrx_word' id='word_1_692' title='bbox 2157 2717 2210 2762; x_wconf 90' lang='lat' dir='ltr'><strong>et</strong></span> <span class='ocrx_word' id='word_1_693' title='bbox 2239 2723 2359 2763; x_wconf 89' lang='lat' dir='ltr'><strong>eum</strong></span> <span class='ocrx_word' id='word_1_694' title='bbox 2392 2708 2753 2778; x_wconf 87' lang='lat' dir='ltr'><strong>impleveriut,</strong></span> <span class='ocrx_word' id='word_1_695' title='bbox 2779 2712 2998 2767; x_wconf 89' lang='lat' dir='ltr'><strong>laudant</strong></span> <span class='ocrx_word' id='word_1_696' title='bbox 3030 2714 3311 2769; x_wconf 86' lang='lat' dir='ltr'><strong>Dominum</strong></span> <span class='ocrx_word' id='word_1_697' title='bbox 3338 2721 3426 2786; x_wconf 90' lang='lat' dir='ltr'><strong>qui</strong></span> 
     </span>
    </p>
   </div>
   <div class='ocr_carea' id='block_1_87' title="bbox 1834 2799 3430 2879">
    <p class='ocr_par' dir='ltr' id='par_1_87' title="bbox 1834 2799 3430 2879">
     <span class='ocr_line' id='line_1_87' title="bbox 1834 2799 3430 2879; baseline 0.007 -27"><span class='ocrx_word' id='word_1_698' title='bbox 1834 2799 2118 2869; x_wconf 89' lang='lat' dir='ltr'><strong>requirunt</strong></span> <span class='ocrx_word' id='word_1_699' title='bbox 2147 2815 2292 2856; x_wconf 91' lang='lat' dir='ltr'><strong>cum.</strong></span> <span class='ocrx_word' id='word_1_700' title='bbox 2329 2803 2390 2856; x_wconf 85' lang='lat' dir='ltr'><strong>Et</strong></span> <span class='ocrx_word' id='word_1_701' title='bbox 2417 2803 2617 2872; x_wconf 87' lang='lat' dir='ltr'><strong>videte,</strong></span> <span class='ocrx_word' id='word_1_702' title='bbox 2651 2804 2863 2872; x_wconf 76' lang='lat' dir='ltr'><strong>fratres,</strong></span> <span class='ocrx_word' id='word_1_703' title='bbox 2897 2807 2986 2876; x_wconf 88' lang='lat' dir='ltr'><strong>qui</strong></span> <span class='ocrx_word' id='word_1_704' title='bbox 3019 2823 3142 2863; x_wconf 88' lang='lat' dir='ltr'><strong>vere</strong></span> <span class='ocrx_word' id='word_1_705' title='bbox 3170 2823 3430 2879; x_wconf 76' lang='lat' dir='ltr'><strong>pauperes</strong></span> 
     </span>
    </p>
   </div>
   <div class='ocr_carea' id='block_1_88' title="bbox 1832 2891 3426 2966">
    <p class='ocr_par' dir='ltr' id='par_1_88' title="bbox 1832 2891 3426 2966">
     <span class='ocr_line' id='line_1_88' title="bbox 1832 2891 3426 2966; baseline 0.007 -24"><span class='ocrx_word' id='word_1_706' title='bbox 1832 2899 1976 2956; x_wconf 87' lang='lat' dir='ltr'><strong>sunt,</strong></span> <span class='ocrx_word' id='word_1_707' title='bbox 2007 2891 2158 2960; x_wconf 87' lang='lat' dir='ltr'><strong>cujus</strong></span> <span class='ocrx_word' id='word_1_708' title='bbox 2186 2893 2263 2947; x_wconf 89' lang='lat' dir='ltr'><strong>rei</strong></span> <span class='ocrx_word' id='word_1_709' title='bbox 2295 2892 2485 2948; x_wconf 87' lang='lat' dir='ltr'><strong>divites</strong></span> <span class='ocrx_word' id='word_1_710' title='bbox 2515 2895 2619 2949; x_wconf 90' lang='lat' dir='ltr'><strong>sint</strong></span> <span class='ocrx_word' id='word_1_711' title='bbox 2652 2914 2664 2950; x_wconf 89' lang='lat'>:</span> <span class='ocrx_word' id='word_1_712' title='bbox 2694 2897 2816 2966; x_wconf 89' lang='lat' dir='ltr'><strong>quia</strong></span> <span class='ocrx_word' id='word_1_713' title='bbox 2847 2913 2951 2952; x_wconf 89' lang='lat' dir='ltr'><strong>non</strong></span> <span class='ocrx_word' id='word_1_714' title='bbox 2985 2898 3035 2952; x_wconf 91' lang='lat' dir='ltr'><strong>in</strong></span> <span class='ocrx_word' id='word_1_715' title='bbox 3067 2914 3210 2963; x_wconf 85' lang='lat' dir='ltr'><strong>area,</strong></span> <span class='ocrx_word' id='word_1_716' title='bbox 3245 2915 3348 2952; x_wconf 90' lang='lat' dir='ltr'><strong>non</strong></span> <span class='ocrx_word' id='word_1_717' title='bbox 3376 2903 3426 2953; x_wconf 90' lang='lat' dir='ltr'><strong>in</strong></span> 
     </span>
    </p>
   </div>
   <div class='ocr_carea' id='block_1_89' title="bbox 1833 2981 3416 3056">
    <p class='ocr_par' dir='ltr' id='par_1_89' title="bbox 1833 2981 3416 3056">
     <span class='ocr_line' id='line_1_89' title="bbox 1833 2981 3416 3056; baseline 0.008 -22"><span class='ocrx_word' id='word_1_718' title='bbox 1833 2981 2047 3049; x_wconf 90' lang='lat' dir='ltr'><strong>horreo,</strong></span> <span class='ocrx_word' id='word_1_719' title='bbox 2075 2999 2178 3037; x_wconf 92' lang='lat' dir='ltr'><strong>non</strong></span> <span class='ocrx_word' id='word_1_720' title='bbox 2210 2986 2261 3038; x_wconf 91' lang='lat' dir='ltr'><strong>in</strong></span> <span class='ocrx_word' id='word_1_721' title='bbox 2289 2985 2570 3056; x_wconf 85' lang='lat' dir='ltr'><strong>apotheca,</strong></span> <span class='ocrx_word' id='word_1_722' title='bbox 2601 2987 2774 3043; x_wconf 79' lang='lat' dir='ltr'><strong>l’ivent</strong></span> <span class='ocrx_word' id='word_1_723' title='bbox 2799 2989 2954 3044; x_wconf 85' lang='lat' dir='ltr'><strong>corda</strong></span> <span class='ocrx_word' id='word_1_724' title='bbox 2976 3009 3151 3045; x_wconf 84' lang='lat' dir='ltr'><strong>eorum</strong></span> <span class='ocrx_word' id='word_1_725' title='bbox 3179 2993 3230 3046; x_wconf 87' lang='lat' dir='ltr'><strong>in</strong></span> <span class='ocrx_word' id='word_1_726' title='bbox 3259 3009 3416 3046; x_wconf 65' lang='lat' dir='ltr'><strong>siccu-</strong></span> 
     </span>
    </p>
   </div>
   <div class='ocr_carea' id='block_1_90' title="bbox 1833 3073 2160 3129">
    <p class='ocr_par' dir='ltr' id='par_1_90' title="bbox 1833 3073 2160 3129">
     <span class='ocr_line' id='line_1_90' title="bbox 1833 3073 2160 3129; baseline 0.015 -5"><span class='ocrx_word' id='word_1_727' title='bbox 1833 3073 1938 3124; x_wconf 85' lang='lat' dir='ltr'><strong>lnm</strong></span> <span class='ocrx_word' id='word_1_728' title='bbox 1969 3076 2160 3129; x_wconf 75' lang='lat' dir='ltr'><strong>swcnli.</strong></span> 
     </span>
    </p>
   </div>
   <div class='ocr_carea' id='block_1_91' title="bbox 1900 3164 3426 3240">
    <p class='ocr_par' dir='ltr' id='par_1_91' title="bbox 1900 3164 3426 3240">
     <span class='ocr_line' id='line_1_91' title="bbox 1900 3164 3426 3240; baseline 0.008 -23"><span class='ocrx_word' id='word_1_729' title='bbox 1900 3164 1988 3218; x_wconf 73' lang='lat'><strong>28.</strong></span> <span class='ocrx_word' id='word_1_730' title='bbox 2023 3165 2164 3235; x_wconf 86' lang='lat' dir='ltr'><strong>Ergo</strong></span> <span class='ocrx_word' id='word_1_731' title='bbox 2209 3167 2486 3223; x_wconf 86' lang='lat' dir='ltr'><strong>attendite.</strong></span> <span class='ocrx_word' id='word_1_732' title='bbox 2554 3169 2750 3224; x_wconf 84' lang='lat' dir='ltr'><strong>Passus</strong></span> <span class='ocrx_word' id='word_1_733' title='bbox 2794 3182 2876 3226; x_wconf 90' lang='lat' dir='ltr'><strong>est</strong></span> <span class='ocrx_word' id='word_1_734' title='bbox 2915 3173 3200 3240; x_wconf 87' lang='lat' dir='ltr'><strong>Dominus;</strong></span> <span class='ocrx_word' id='word_1_735' title='bbox 3251 3177 3426 3229; x_wconf 88' lang='lat' dir='ltr'><strong>omnia</strong></span> 
     </span>
    </p>
   </div>
   <div class='ocr_carea' id='block_1_92' title="bbox 1830 3256 3427 3335">
    <p class='ocr_par' dir='ltr' id='par_1_92' title="bbox 1830 3256 3427 3335">
     <span class='ocr_line' id='line_1_92' title="bbox 1830 3256 3427 3335; baseline 0.008 -27"><span class='ocrx_word' id='word_1_736' title='bbox 1830 3270 1949 3324; x_wconf 68' lang='lat' dir='ltr'><strong>quin</strong></span> <span class='ocrx_word' id='word_1_737' title='bbox 1987 3256 2212 3311; x_wconf 88' lang='lat' dir='ltr'><strong>audistis</strong></span> <span class='ocrx_word' id='word_1_738' title='bbox 2258 3274 2445 3327; x_wconf 82' lang='lat' dir='ltr'><strong>passus</strong></span> <span class='ocrx_word' id='word_1_739' title='bbox 2491 3269 2574 3313; x_wconf 89' lang='lat' dir='ltr'><strong>est</strong></span> <span class='ocrx_word' id='word_1_740' title='bbox 2617 3261 2894 3316; x_wconf 88' lang='lat' dir='ltr'><strong>Dominus.</strong></span> <span class='ocrx_word' id='word_1_741' title='bbox 2927 3266 3227 3330; x_wconf 79' lang='lat' dir='ltr'><strong>Quzcritnus</strong></span> <span class='ocrx_word' id='word_1_742' title='bbox 3264 3281 3427 3335; x_wconf 90' lang='lat' dir='ltr'><strong>quare</strong></span> 
     </span>
    </p>
   </div>
   <div class='ocr_carea' id='block_1_93' title="bbox 1831 3352 3427 3422">
    <p class='ocr_par' dir='ltr' id='par_1_93' title="bbox 1831 3352 3427 3422">
     <span class='ocr_line' id='line_1_93' title="bbox 1831 3352 3427 3422; baseline 0.006 -21"><span class='ocrx_word' id='word_1_743' title='bbox 1831 3364 2018 3417; x_wconf 89' lang='lat' dir='ltr'><strong>passus</strong></span> <span class='ocrx_word' id='word_1_744' title='bbox 2044 3359 2159 3414; x_wconf 90' lang='lat' dir='ltr'><strong>est,</strong></span> <span class='ocrx_word' id='word_1_745' title='bbox 2206 3358 2263 3406; x_wconf 89' lang='lat' dir='ltr'><strong>et</strong></span> <span class='ocrx_word' id='word_1_746' title='bbox 2306 3352 2469 3422; x_wconf 73' lang='lat' dir='ltr'><strong>cmpit</strong></span> <span class='ocrx_word' id='word_1_747' title='bbox 2509 3369 2769 3410; x_wconf 85' lang='lat' dir='ltr'><strong>narrare:</strong></span> <span class='ocrx_word' id='word_1_748' title='bbox 2809 3353 3045 3409; x_wconf 78' lang='lat' dir='ltr'><strong>Narrabo</strong></span> <span class='ocrx_word' id='word_1_749' title='bbox 3074 3375 3254 3411; x_wconf 86' lang='lat' dir='ltr'><strong>nomen</strong></span> <span class='ocrx_word' id='word_1_750' title='bbox 3286 3371 3427 3411; x_wconf 86' lang='lat' dir='ltr'><strong>tuum</strong></span> 
     </span>
    </p>
   </div>
   <div class='ocr_carea' id='block_1_94' title="bbox 1831 3441 3427 3510">
    <p class='ocr_par' dir='ltr' id='par_1_94' title="bbox 1831 3441 3427 3510">
     <span class='ocr_line' id='line_1_94' title="bbox 1831 3441 3427 3510; baseline 0.007 -18"><span class='ocrx_word' id='word_1_751' title='bbox 1831 3441 2074 3510; x_wconf 76' lang='lat' dir='ltr'><strong>fratribus</strong></span> <span class='ocrx_word' id='word_1_752' title='bbox 2094 3443 2236 3507; x_wconf 87' lang='lat' dir='ltr'><strong>meis,</strong></span> <span class='ocrx_word' id='word_1_753' title='bbox 2261 3444 2312 3496; x_wconf 92' lang='lat' dir='ltr'><strong>in</strong></span> <span class='ocrx_word' id='word_1_754' title='bbox 2341 3445 2504 3497; x_wconf 79' lang='lat' dir='ltr'><strong>medio</strong></span> <span class='ocrx_word' id='word_1_755' title='bbox 2529 3444 2770 3499; x_wconf 74' lang='lat' dir='ltr'><strong>Ecclesia-</strong></span> <span class='ocrx_word' id='word_1_756' title='bbox 2789 3448 3003 3501; x_wconf 84' lang='lat' dir='ltr'><strong>cantabo</strong></span> <span class='ocrx_word' id='word_1_757' title='bbox 3032 3459 3098 3501; x_wconf 89' lang='lat' dir='ltr'><strong>te.</strong></span> <span class='ocrx_word' id='word_1_758' title='bbox 3125 3449 3232 3504; x_wconf 87' lang='lat' dir='ltr'><strong>Sed</strong></span> <span class='ocrx_word' id='word_1_759' title='bbox 3253 3449 3427 3503; x_wconf 86' lang='lat' dir='ltr'><strong>adhuc</strong></span> 
     </span>
    </p>
   </div>
   <div class='ocr_carea' id='block_1_95' title="bbox 1829 3531 3426 3594">
    <p class='ocr_par' dir='ltr' id='par_1_95' title="bbox 1829 3531 3426 3594">
     <span class='ocr_line' id='line_1_95' title="bbox 1829 3531 3426 3594; baseline 0.006 -10"><span class='ocrx_word' id='word_1_760' title='bbox 1829 3531 2047 3592; x_wconf 85' lang='lat' dir='ltr'><strong>dicunt.</strong></span> <span class='ocrx_word' id='word_1_761' title='bbox 2083 3533 2187 3587; x_wconf 87' lang='lat' dir='ltr'><strong>Ista</strong></span> <span class='ocrx_word' id='word_1_762' title='bbox 2231 3545 2313 3588; x_wconf 88' lang='lat' dir='ltr'><strong>est</strong></span> <span class='ocrx_word' id='word_1_763' title='bbox 2361 3535 2621 3590; x_wconf 81' lang='lat' dir='ltr'><strong>Ecclesia.</strong></span> <span class='ocrx_word' id='word_1_764' title='bbox 2667 3536 2862 3590; x_wconf 87' lang='lat' dir='ltr'><strong>Timeat</strong></span> <span class='ocrx_word' id='word_1_765' title='bbox 2907 3555 3020 3592; x_wconf 85' lang='lat' dir='ltr'><strong>eum</strong></span> <span class='ocrx_word' id='word_1_766' title='bbox 3069 3555 3217 3594; x_wconf 85' lang='lat' dir='ltr'><strong>omne</strong></span> <span class='ocrx_word' id='word_1_767' title='bbox 3258 3557 3426 3594; x_wconf 87' lang='lat' dir='ltr'><strong>semen</strong></span> 
     </span>
    </p>
   </div>
   <div class='ocr_carea' id='block_1_96' title="bbox 1828 3621 3440 3695">
    <p class='ocr_par' dir='ltr' id='par_1_96' title="bbox 1828 3621 3440 3695">
     <span class='ocr_line' id='line_1_96' title="bbox 1828 3621 3440 3695; baseline 0.002 -20"><span class='ocrx_word' id='word_1_768' title='bbox 1828 3621 2016 3676; x_wconf 84' lang='lat' dir='ltr'><strong>Israel.</strong></span> <span class='ocrx_word' id='word_1_769' title='bbox 2041 3623 2255 3689; x_wconf 92' lang='lat' dir='ltr'><strong>Dicunt,</strong></span> <span class='ocrx_word' id='word_1_770' title='bbox 2288 3624 2394 3680; x_wconf 86' lang='lat' dir='ltr'><strong>Nos</strong></span> <span class='ocrx_word' id='word_1_771' title='bbox 2415 3639 2600 3679; x_wconf 89' lang='lat' dir='ltr'><strong>sumus</strong></span> <span class='ocrx_word' id='word_1_772' title='bbox 2626 3641 2810 3682; x_wconf 89' lang='lat' dir='ltr'><strong>semen</strong></span> <span class='ocrx_word' id='word_1_773' title='bbox 2839 3627 3020 3682; x_wconf 88' lang='lat' dir='ltr'><strong>Israel.</strong></span> <span class='ocrx_word' id='word_1_774' title='bbox 3045 3629 3300 3695; x_wconf 84' lang='lat' dir='ltr'><strong>Quoniam</strong></span> <span class='ocrx_word' id='word_1_775' title='bbox 3327 3646 3440 3682; x_wconf 83' lang='lat' dir='ltr'><strong>non.</strong></span> 
     </span>
    </p>
   </div>
   <div class='ocr_carea' id='block_1_97' title="bbox 1828 3714 3414 3787">
    <p class='ocr_par' dir='ltr' id='par_1_97' title="bbox 1828 3714 3414 3787">
     <span class='ocr_line' id='line_1_97' title="bbox 1828 3714 3414 3787; baseline 0.004 -22"><span class='ocrx_word' id='word_1_776' title='bbox 1828 3717 2215 3784; x_wconf 80' lang='lat' dir='ltr'><strong>sprevit,neque</strong></span> <span class='ocrx_word' id='word_1_777' title='bbox 2257 3714 2484 3784; x_wconf 71' lang='lat' dir='ltr'><strong>despexit</strong></span> <span class='ocrx_word' id='word_1_778' title='bbox 2528 3734 2723 3786; x_wconf 87' lang='lat' dir='ltr'><strong>precem</strong></span> <span class='ocrx_word' id='word_1_779' title='bbox 2774 3720 3046 3787; x_wconf 57' lang='lat' dir='ltr'><strong>pauperis-</strong></span> <span class='ocrx_word' id='word_1_780' title='bbox 3095 3721 3282 3775; x_wconf 80' lang='lat' dir='ltr'><strong>Adhuc</strong></span> <span class='ocrx_word' id='word_1_781' title='bbox 3331 3721 3414 3774; x_wconf 87' lang='lat' dir='ltr'><strong>di-</strong></span> 
     </span>
    </p>
   </div>
   <div class='ocr_carea' id='block_1_98' title="bbox 1828 3802 3421 3879">
    <p class='ocr_par' dir='ltr' id='par_1_98' title="bbox 1828 3802 3421 3879">
     <span class='ocr_line' id='line_1_98' title="bbox 1828 3802 3421 3879; baseline 0.004 -22"><span class='ocrx_word' id='word_1_782' title='bbox 1828 3813 1974 3867; x_wconf 86' lang='lat' dir='ltr'><strong>cunt,</strong></span> <span class='ocrx_word' id='word_1_783' title='bbox 2015 3802 2123 3858; x_wconf 84' lang='lat' dir='ltr'><strong>Nos</strong></span> <span class='ocrx_word' id='word_1_784' title='bbox 2163 3821 2367 3859; x_wconf 87' lang='lat' dir='ltr'><strong>sumus.</strong></span> <span class='ocrx_word' id='word_1_785' title='bbox 2401 3804 2578 3876; x_wconf 84' lang='lat' dir='ltr'><strong>Neque</strong></span> <span class='ocrx_word' id='word_1_786' title='bbox 2617 3809 2796 3859; x_wconf 78' lang='lat' dir='ltr'><strong>avertit</strong></span> <span class='ocrx_word' id='word_1_787' title='bbox 2829 3809 3011 3879; x_wconf 76' lang='lat' dir='ltr'><strong>faciem</strong></span> <span class='ocrx_word' id='word_1_788' title='bbox 3054 3827 3201 3861; x_wconf 87' lang='lat' dir='ltr'><strong>suam</strong></span> <span class='ocrx_word' id='word_1_789' title='bbox 3243 3829 3273 3862; x_wconf 90' lang='lat' dir='ltr'><strong>a</strong></span> <span class='ocrx_word' id='word_1_790' title='bbox 3305 3826 3421 3864; x_wconf 87' lang='lat' dir='ltr'><strong>mc:</strong></span> 
     </span>
    </p>
   </div>
   <div class='ocr_carea' id='block_1_99' title="bbox 1829 3892 3421 3965">
    <p class='ocr_par' dir='ltr' id='par_1_99' title="bbox 1829 3892 3421 3965">
     <span class='ocr_line' id='line_1_99' title="bbox 1829 3892 3421 3965; baseline 0.005 -17"><span class='ocrx_word' id='word_1_791' title='bbox 1829 3894 1944 3964; x_wconf 88' lang='lat' dir='ltr'><strong>ipse</strong></span> <span class='ocrx_word' id='word_1_792' title='bbox 1968 3892 2209 3950; x_wconf 87' lang='lat' dir='ltr'><strong>Christus</strong></span> <span class='ocrx_word' id='word_1_793' title='bbox 2239 3897 2497 3952; x_wconf 90' lang='lat' dir='ltr'><strong>Dominus</strong></span> <span class='ocrx_word' id='word_1_794' title='bbox 2539 3914 2570 3952; x_wconf 91' lang='lat' dir='ltr'><strong>a</strong></span> <span class='ocrx_word' id='word_1_795' title='bbox 2611 3915 2690 3963; x_wconf 90' lang='lat' dir='ltr'><strong>se,</strong></span> <span class='ocrx_word' id='word_1_796' title='bbox 2721 3899 2771 3953; x_wconf 91' lang='lat' dir='ltr'><strong>id</strong></span> <span class='ocrx_word' id='word_1_797' title='bbox 2804 3910 2886 3954; x_wconf 90' lang='lat' dir='ltr'><strong>est</strong></span> <span class='ocrx_word' id='word_1_798' title='bbox 2926 3901 2993 3954; x_wconf 82' lang='lat' dir='ltr'><strong>ab</strong></span> <span class='ocrx_word' id='word_1_799' title='bbox 3023 3902 3259 3955; x_wconf 82' lang='lat' dir='ltr'><strong>Ecclesia</strong></span> <span class='ocrx_word' id='word_1_800' title='bbox 3303 3917 3421 3965; x_wconf 82' lang='lat' dir='ltr'><strong>sua,</strong></span> 
     </span>
    </p>
   </div>
   <div class='ocr_carea' id='block_1_100' title="bbox 1827 3987 3419 4061">
    <p class='ocr_par' dir='ltr' id='par_1_100' title="bbox 1827 3987 3419 4061">
     <span class='ocr_line' id='line_1_100' title="bbox 1827 3987 3419 4061; baseline 0.003 -23"><span class='ocrx_word' id='word_1_801' title='bbox 1827 4001 1947 4056; x_wconf 65' lang='lat' dir='ltr'><strong>qua:</strong></span> <span class='ocrx_word' id='word_1_802' title='bbox 1975 3993 2059 4041; x_wconf 89' lang='lat' dir='ltr'><strong>est</strong></span> <span class='ocrx_word' id='word_1_803' title='bbox 2087 4001 2280 4056; x_wconf 87' lang='lat' dir='ltr'><strong>corpus</strong></span> <span class='ocrx_word' id='word_1_804' title='bbox 2325 3987 2510 4056; x_wconf 89' lang='lat' dir='ltr'><strong>ipsius.</strong></span> <span class='ocrx_word' id='word_1_805' title='bbox 2559 3989 2711 4058; x_wconf 83' lang='lat' dir='ltr'><strong>Apud</strong></span> <span class='ocrx_word' id='word_1_806' title='bbox 2753 4000 2799 4044; x_wconf 82' lang='lat' dir='ltr'><strong>te</strong></span> <span class='ocrx_word' id='word_1_807' title='bbox 2841 3990 2952 4043; x_wconf 87' lang='lat' dir='ltr'><strong>laus</strong></span> <span class='ocrx_word' id='word_1_808' title='bbox 2980 4008 3105 4044; x_wconf 86' lang='lat' dir='ltr'><strong>mea.</strong></span> <span class='ocrx_word' id='word_1_809' title='bbox 3144 3991 3248 4044; x_wconf 84' lang='lat' dir='ltr'><strong>Vos</strong></span> <span class='ocrx_word' id='word_1_810' title='bbox 3276 3990 3419 4061; x_wconf 81' lang='lat' dir='ltr'><strong>ipSos</strong></span> 
     </span>
    </p>
   </div>
   <div class='ocr_carea' id='block_1_101' title="bbox 1830 4076 3419 4151">
    <p class='ocr_par' dir='ltr' id='par_1_101' title="bbox 1830 4076 3419 4151">
     <span class='ocr_line' id='line_1_101' title="bbox 1830 4076 3419 4151; baseline 0.003 -23"><span class='ocrx_word' id='word_1_811' title='bbox 1830 4076 1992 4136; x_wconf 91' lang='lat' dir='ltr'><strong>vultis</strong></span> <span class='ocrx_word' id='word_1_812' title='bbox 2021 4076 2258 4133; x_wconf 87' lang='lat' dir='ltr'><strong>laudare.</strong></span> <span class='ocrx_word' id='word_1_813' title='bbox 2283 4076 2386 4132; x_wconf 87' lang='lat' dir='ltr'><strong>Sed</strong></span> <span class='ocrx_word' id='word_1_814' title='bbox 2421 4079 2766 4148; x_wconf 87' lang='lat' dir='ltr'><strong>respondent,</strong></span> <span class='ocrx_word' id='word_1_815' title='bbox 2796 4081 3022 4134; x_wconf 85' lang='lat' dir='ltr'><strong>Prorsus</strong></span> <span class='ocrx_word' id='word_1_816' title='bbox 3043 4091 3096 4136; x_wconf 89' lang='lat' dir='ltr'><strong>et</strong></span> <span class='ocrx_word' id='word_1_817' title='bbox 3128 4098 3223 4134; x_wconf 84' lang='lat' dir='ltr'><strong>nos</strong></span> <span class='ocrx_word' id='word_1_818' title='bbox 3247 4082 3419 4151; x_wconf 88' lang='lat' dir='ltr'><strong>ipsmn</strong></span> 
     </span>
    </p>
   </div>
   <div class='ocr_carea' id='block_1_102' title="bbox 1829 4166 3436 4224">
    <p class='ocr_par' dir='ltr' id='par_1_102' title="bbox 1829 4166 3436 4224">
     <span class='ocr_line' id='line_1_102' title="bbox 1829 4166 3436 4224; baseline 0.003 -5"><span class='ocrx_word' id='word_1_819' title='bbox 1829 4166 2127 4222; x_wconf 87' lang='lat' dir='ltr'><strong>laudamus.</strong></span> <span class='ocrx_word' id='word_1_820' title='bbox 2168 4166 2294 4222; x_wconf 75' lang='lat' dir='ltr'><strong>Vota</strong></span> <span class='ocrx_word' id='word_1_821' title='bbox 2324 4185 2434 4222; x_wconf 88' lang='lat' dir='ltr'><strong>mea</strong></span> <span class='ocrx_word' id='word_1_822' title='bbox 2466 4168 2681 4222; x_wconf 90' lang='lat' dir='ltr'><strong>Domino</strong></span> <span class='ocrx_word' id='word_1_823' title='bbox 2710 4170 2917 4222; x_wconf 83' lang='lat' dir='ltr'><strong>reddant</strong></span> <span class='ocrx_word' id='word_1_824' title='bbox 2943 4187 3112 4223; x_wconf 89' lang='lat' dir='ltr'><strong>coram</strong></span> <span class='ocrx_word' id='word_1_825' title='bbox 3142 4171 3436 4224; x_wconf 79' lang='lat' dir='ltr'><strong>timentibus.</strong></span> 
     </span>
    </p>
   </div>
   <div class='ocr_carea' id='block_1_103' title="bbox 1830 4259 3421 4331">
    <p class='ocr_par' dir='ltr' id='par_1_103' title="bbox 1830 4259 3421 4331">
     <span class='ocr_line' id='line_1_103' title="bbox 1830 4259 3421 4331; baseline 0.001 -17"><span class='ocrx_word' id='word_1_826' title='bbox 1830 4275 1964 4314; x_wconf 82' lang='lat' dir='ltr'><strong>eum.</strong></span> <span class='ocrx_word' id='word_1_827' title='bbox 1995 4259 2324 4316; x_wconf 88' lang='lat' dir='ltr'><strong>Sacrificium</strong></span> <span class='ocrx_word' id='word_1_828' title='bbox 2363 4262 2541 4331; x_wconf 83' lang='lat' dir='ltr'><strong>pacis,</strong></span> <span class='ocrx_word' id='word_1_829' title='bbox 2573 4264 2888 4318; x_wconf 88' lang='lat' dir='ltr'><strong>saerilicium</strong></span> <span class='ocrx_word' id='word_1_830' title='bbox 2921 4263 3193 4318; x_wconf 83' lang='lat' dir='ltr'><strong>eharitatis</strong></span> <span class='ocrx_word' id='word_1_831' title='bbox 3215 4307 3228 4327; x_wconf 92' lang='lat'><strong>,</strong></span> <span class='ocrx_word' id='word_1_832' title='bbox 3258 4266 3421 4318; x_wconf 85' lang='lat' dir='ltr'><strong>sacri-</strong></span> 
     </span>
    </p>
   </div>
   <div class='ocr_carea' id='block_1_104' title="bbox 1832 4351 3424 4426">
    <p class='ocr_par' dir='ltr' id='par_1_104' title="bbox 1832 4351 3424 4426">
     <span class='ocr_line' id='line_1_104' title="bbox 1832 4351 3424 4426; baseline 0.003 -22"><span class='ocrx_word' id='word_1_833' title='bbox 1832 4351 2008 4405; x_wconf 88' lang='lat' dir='ltr'><strong>ficium</strong></span> <span class='ocrx_word' id='word_1_834' title='bbox 2053 4352 2297 4422; x_wconf 87' lang='lat' dir='ltr'><strong>corporis</strong></span> <span class='ocrx_word' id='word_1_835' title='bbox 2347 4354 2428 4408; x_wconf 92' lang='lat' dir='ltr'><strong>sui</strong></span> <span class='ocrx_word' id='word_1_836' title='bbox 2482 4363 2681 4408; x_wconf 87' lang='lat' dir='ltr'><strong>norunt</strong></span> <span class='ocrx_word' id='word_1_837' title='bbox 2727 4353 2912 4409; x_wconf 82' lang='lat' dir='ltr'><strong>ﬁdeles</strong></span> <span class='ocrx_word' id='word_1_838' title='bbox 2944 4373 2955 4408; x_wconf 91' lang='lat'>:</span> <span class='ocrx_word' id='word_1_839' title='bbox 2989 4357 3247 4426; x_wconf 86' lang='lat' dir='ltr'><strong>disputari</strong></span> <span class='ocrx_word' id='word_1_840' title='bbox 3305 4357 3424 4409; x_wconf 88' lang='lat' dir='ltr'><strong>inde</strong></span> 
     </span>
    </p>
   </div>
   <div class='ocr_carea' id='block_1_105' title="bbox 1831 4445 3419 4514">
    <p class='ocr_par' dir='ltr' id='par_1_105' title="bbox 1831 4445 3419 4514">
     <span class='ocr_line' id='line_1_105' title="bbox 1831 4445 3419 4514; baseline 0.003 -17"><span class='ocrx_word' id='word_1_841' title='bbox 1831 4445 1991 4503; x_wconf 87' lang='lat' dir='ltr'><strong>tuon</strong></span> <span class='ocrx_word' id='word_1_842' title='bbox 2017 4460 2122 4499; x_wconf 91' lang='lat' dir='ltr'><strong>non</strong></span> <span class='ocrx_word' id='word_1_843' title='bbox 2157 4456 2347 4514; x_wconf 83' lang='lat' dir='ltr'><strong>potest.</strong></span> <span class='ocrx_word' id='word_1_844' title='bbox 2389 4445 2514 4501; x_wconf 78' lang='lat' dir='ltr'><strong>Vota</strong></span> <span class='ocrx_word' id='word_1_845' title='bbox 2542 4464 2650 4499; x_wconf 89' lang='lat' dir='ltr'><strong>mea</strong></span> <span class='ocrx_word' id='word_1_846' title='bbox 2679 4448 2887 4500; x_wconf 88' lang='lat' dir='ltr'><strong>reddam</strong></span> <span class='ocrx_word' id='word_1_847' title='bbox 2918 4465 3088 4501; x_wconf 87' lang='lat' dir='ltr'><strong>coram</strong></span> <span class='ocrx_word' id='word_1_848' title='bbox 3133 4450 3419 4502; x_wconf 84' lang='lat' dir='ltr'><strong>timentibus</strong></span> 
     </span>
    </p>
   </div>
   <div class='ocr_carea' id='block_1_106' title="bbox 1831 4539 3422 4610">
    <p class='ocr_par' dir='ltr' id='par_1_106' title="bbox 1831 4539 3422 4610">
     <span class='ocr_line' id='line_1_106' title="bbox 1831 4539 3422 4610; baseline 0.004 -20"><span class='ocrx_word' id='word_1_849' title='bbox 1831 4555 1962 4609; x_wconf 76' lang='lat' dir='ltr'><strong>eum.</strong></span> <span class='ocrx_word' id='word_1_850' title='bbox 1998 4539 2168 4610; x_wconf 67' lang='lat' dir='ltr'><strong>Edam</strong></span> <span class='ocrx_word' id='word_1_851' title='bbox 2197 4542 2493 4608; x_wconf 82' lang='lat' dir='ltr'><strong>publicani,</strong></span> <span class='ocrx_word' id='word_1_852' title='bbox 2527 4541 2685 4595; x_wconf 89' lang='lat' dir='ltr'><strong>edant</strong></span> <span class='ocrx_word' id='word_1_853' title='bbox 2714 4543 3038 4610; x_wconf 87' lang='lat' dir='ltr'><strong>piscatores,</strong></span> <span class='ocrx_word' id='word_1_854' title='bbox 3073 4543 3389 4596; x_wconf 86' lang='lat' dir='ltr'><strong>manducent</strong></span> <span class='ocrx_word' id='word_1_855' title='bbox 3410 4586 3422 4605; x_wconf 85' lang='lat'><strong>,</strong></span> 
     </span>
    </p>
   </div>
   <div class='ocr_carea' id='block_1_107' title="bbox 1832 4631 3416 4703">
    <p class='ocr_par' dir='ltr' id='par_1_107' title="bbox 1832 4631 3416 4703">
     <span class='ocr_line' id='line_1_107' title="bbox 1832 4631 3416 4703; baseline 0.003 -21"><span class='ocrx_word' id='word_1_856' title='bbox 1832 4631 2105 4685; x_wconf 88' lang='lat' dir='ltr'><strong>imitentur</strong></span> <span class='ocrx_word' id='word_1_857' title='bbox 2134 4633 2416 4688; x_wconf 89' lang='lat' dir='ltr'><strong>Dominum</strong></span> <span class='ocrx_word' id='word_1_858' title='bbox 2439 4676 2453 4696; x_wconf 94' lang='lat'><strong>,</strong></span> <span class='ocrx_word' id='word_1_859' title='bbox 2492 4634 2788 4703; x_wconf 87' lang='lat' dir='ltr'><strong>patiantur,</strong></span> <span class='ocrx_word' id='word_1_860' title='bbox 2822 4643 3152 4688; x_wconf 88' lang='lat' dir='ltr'><strong>saturentur.</strong></span> <span class='ocrx_word' id='word_1_861' title='bbox 3182 4634 3416 4688; x_wconf 77' lang='lat' dir='ltr'><strong>Mortuus</strong></span> 
     </span>
    </p>
   </div>
   <div class='ocr_carea' id='block_1_108' title="bbox 1830 4725 3422 4795">
    <p class='ocr_par' dir='ltr' id='par_1_108' title="bbox 1830 4725 3422 4795">
     <span class='ocr_line' id='line_1_108' title="bbox 1830 4725 3422 4795; baseline 0.001 -18"><span class='ocrx_word' id='word_1_862' title='bbox 1830 4733 1913 4777; x_wconf 86' lang='lat' dir='ltr'><strong>est</strong></span> <span class='ocrx_word' id='word_1_863' title='bbox 1943 4725 2054 4795; x_wconf 86' lang='lat' dir='ltr'><strong>ipse</strong></span> <span class='ocrx_word' id='word_1_864' title='bbox 2086 4725 2361 4789; x_wconf 84' lang='lat' dir='ltr'><strong>Dominus,</strong></span> <span class='ocrx_word' id='word_1_865' title='bbox 2390 4725 2690 4781; x_wconf 87' lang='lat' dir='ltr'><strong>moriuntur</strong></span> <span class='ocrx_word' id='word_1_866' title='bbox 2715 4735 2767 4779; x_wconf 92' lang='lat' dir='ltr'><strong>et</strong></span> <span class='ocrx_word' id='word_1_867' title='bbox 2801 4741 3062 4794; x_wconf 86' lang='lat' dir='ltr'><strong>pauperes</strong></span> <span class='ocrx_word' id='word_1_868' title='bbox 3089 4743 3102 4777; x_wconf 90' lang='lat'><strong>:</strong></span> <span class='ocrx_word' id='word_1_869' title='bbox 3135 4726 3348 4778; x_wconf 89' lang='lat' dir='ltr'><strong>additur</strong></span> <span class='ocrx_word' id='word_1_870' title='bbox 3373 4735 3422 4779; x_wconf 92' lang='lat' dir='ltr'><strong>et</strong></span> 
     </span>
    </p>
   </div>
   <div class='ocr_carea' id='block_1_109' title="bbox 1831 4817 3428 4888">
    <p class='ocr_par' dir='ltr' id='par_1_109' title="bbox 1831 4817 3428 4888">
     <span class='ocr_line' id='line_1_109' title="bbox 1831 4817 3428 4888; baseline 0.001 -19"><span class='ocrx_word' id='word_1_871' title='bbox 1831 4833 1977 4871; x_wconf 86' lang='lat' dir='ltr'><strong>mors</strong></span> <span class='ocrx_word' id='word_1_872' title='bbox 2014 4817 2392 4888; x_wconf 88' lang='lat' dir='ltr'><strong>discipulorum</strong></span> <span class='ocrx_word' id='word_1_873' title='bbox 2438 4818 2595 4872; x_wconf 88' lang='lat' dir='ltr'><strong>morti</strong></span> <span class='ocrx_word' id='word_1_874' title='bbox 2649 4819 2908 4888; x_wconf 77' lang='lat' dir='ltr'><strong>magistri.</strong></span> <span class='ocrx_word' id='word_1_875' title='bbox 2947 4818 3165 4883; x_wconf 81' lang='lat' dir='ltr'><strong>Quare?</strong></span> <span class='ocrx_word' id='word_1_876' title='bbox 3193 4818 3265 4872; x_wconf 91' lang='lat' dir='ltr'><strong>Da</strong></span> <span class='ocrx_word' id='word_1_877' title='bbox 3298 4817 3428 4871; x_wconf 86' lang='lat' dir='ltr'><strong>mihi</strong></span> 
     </span>
    </p>
   </div>
   <div class='ocr_carea' id='block_1_110' title="bbox 1831 4908 3423 4979">
    <p class='ocr_par' dir='ltr' id='par_1_110' title="bbox 1831 4908 3423 4979">
     <span class='ocr_line' id='line_1_110' title="bbox 1831 4908 3423 4979; baseline -0.002 -16"><span class='ocrx_word' id='word_1_878' title='bbox 1831 4908 2079 4977; x_wconf 81' lang='lat' dir='ltr'><strong>fructum.</strong></span> <span class='ocrx_word' id='word_1_879' title='bbox 2105 4910 2662 4977; x_wconf 82' lang='lat' dir='ltr'><strong>(.‘ommemorabnntur,</strong></span> <span class='ocrx_word' id='word_1_880' title='bbox 2696 4919 2741 4961; x_wconf 76' lang='lat' dir='ltr'><strong>et</strong></span> <span class='ocrx_word' id='word_1_881' title='bbox 2780 4919 3127 4979; x_wconf 78' lang='lat' dir='ltr'><strong>convertentur</strong></span> <span class='ocrx_word' id='word_1_882' title='bbox 3152 4910 3220 4962; x_wconf 83' lang='lat' dir='ltr'><strong>ad</strong></span> <span class='ocrx_word' id='word_1_883' title='bbox 3251 4908 3423 4963; x_wconf 86' lang='lat' dir='ltr'><strong>Domi-</strong></span> 
     </span>
    </p>
   </div>
   <div class='ocr_carea' id='block_1_111' title="bbox 1830 4999 3428 5070">
    <p class='ocr_par' dir='ltr' id='par_1_111' title="bbox 1830 4999 3428 5070">
     <span class='ocr_line' id='line_1_111' title="bbox 1830 4999 3428 5070; baseline -0.001 -18"><span class='ocrx_word' id='word_1_884' title='bbox 1830 5019 1947 5053; x_wconf 84' lang='lat' dir='ltr'><strong>num</strong></span> <span class='ocrx_word' id='word_1_885' title='bbox 1978 5001 2193 5054; x_wconf 76' lang='lat' dir='ltr'><strong>universi</strong></span> <span class='ocrx_word' id='word_1_886' title='bbox 2219 5001 2344 5070; x_wconf 78' lang='lat' dir='ltr'><strong>ﬁnes</strong></span> <span class='ocrx_word' id='word_1_887' title='bbox 2372 5012 2537 5054; x_wconf 67' lang='lat' dir='ltr'><strong>terror.</strong></span> <span class='ocrx_word' id='word_1_888' title='bbox 2571 5001 2662 5054; x_wconf 76' lang='lat' dir='ltr'><strong>Eia</strong></span> <span class='ocrx_word' id='word_1_889' title='bbox 2697 4999 2886 5054; x_wconf 76' lang='lat' dir='ltr'><strong>fratres</strong></span> <span class='ocrx_word' id='word_1_890' title='bbox 2908 5043 2920 5063; x_wconf 88' lang='lat'><strong>,</strong></span> <span class='ocrx_word' id='word_1_891' title='bbox 2963 5000 3084 5069; x_wconf 89' lang='lat' dir='ltr'><strong>quid</strong></span> <span class='ocrx_word' id='word_1_892' title='bbox 3128 5000 3364 5068; x_wconf 73' lang='lat' dir='ltr'><strong>qlltltl&#39;iiis</strong></span> <span class='ocrx_word' id='word_1_893' title='bbox 3399 5015 3428 5051; x_wconf 87' lang='lat' dir='ltr'><strong>a</strong></span> 
     </span>
    </p>
   </div>
   <div class='ocr_carea' id='block_1_112' title="bbox 1829 5091 3426 5164">
    <p class='ocr_par' dir='ltr' id='par_1_112' title="bbox 1829 5091 3426 5164">
     <span class='ocr_line' id='line_1_112' title="bbox 1829 5091 3426 5164; baseline -0.003 -19"><span class='ocrx_word' id='word_1_894' title='bbox 1829 5093 1982 5147; x_wconf 84' lang='lat' dir='ltr'><strong>nobis</strong></span> <span class='ocrx_word' id='word_1_895' title='bbox 2004 5093 2128 5164; x_wconf 83' lang='lat' dir='ltr'><strong>quid</strong></span> <span class='ocrx_word' id='word_1_896' title='bbox 2152 5092 2572 5161; x_wconf 83' lang='lat' dir='ltr'><strong>respondeamus</strong></span> <span class='ocrx_word' id='word_1_897' title='bbox 2594 5093 2727 5160; x_wconf 86' lang='lat' dir='ltr'><strong>parti</strong></span> <span class='ocrx_word' id='word_1_898' title='bbox 2750 5092 2978 5145; x_wconf 85' lang='lat' dir='ltr'><strong>Donati?</strong></span> <span class='ocrx_word' id='word_1_899' title='bbox 3003 5093 3138 5145; x_wconf 75' lang='lat' dir='ltr'><strong>Ecce</strong></span> <span class='ocrx_word' id='word_1_900' title='bbox 3161 5091 3426 5154; x_wconf 78' lang='lat' dir='ltr'><strong>Psalutus,</strong></span> 
     </span>
    </p>
   </div>
   <div class='ocr_carea' id='block_1_113' title="bbox 1829 5183 3430 5254">
    <p class='ocr_par' dir='ltr' id='par_1_113' title="bbox 1829 5183 3430 5254">
     <span class='ocr_line' id='line_1_113' title="bbox 1829 5183 3430 5254; baseline -0.001 -17"><span class='ocrx_word' id='word_1_901' title='bbox 1829 5196 1882 5238; x_wconf 89' lang='lat' dir='ltr'><strong>et</strong></span> <span class='ocrx_word' id='word_1_902' title='bbox 1899 5186 1982 5240; x_wconf 88' lang='lat' dir='ltr'><strong>hic</strong></span> <span class='ocrx_word' id='word_1_903' title='bbox 2002 5185 2190 5253; x_wconf 74' lang='lat' dir='ltr'><strong>legitur</strong></span> <span class='ocrx_word' id='word_1_904' title='bbox 2208 5185 2386 5248; x_wconf 89' lang='lat' dir='ltr'><strong>hodie,</strong></span> <span class='ocrx_word' id='word_1_905' title='bbox 2404 5193 2459 5238; x_wconf 89' lang='lat' dir='ltr'><strong>et</strong></span> <span class='ocrx_word' id='word_1_906' title='bbox 2475 5185 2542 5237; x_wconf 88' lang='lat' dir='ltr'><strong>ibi</strong></span> <span class='ocrx_word' id='word_1_907' title='bbox 2561 5185 2756 5254; x_wconf 81' lang='lat' dir='ltr'><strong>legitur</strong></span> <span class='ocrx_word' id='word_1_908' title='bbox 2770 5185 2946 5240; x_wconf 88' lang='lat' dir='ltr'><strong>hodie.</strong></span> <span class='ocrx_word' id='word_1_909' title='bbox 2961 5184 3266 5239; x_wconf 85' lang='lat' dir='ltr'><strong>Scribamus</strong></span> <span class='ocrx_word' id='word_1_910' title='bbox 3280 5183 3430 5238; x_wconf 73' lang='lat' dir='ltr'><strong>illiilli</strong></span> 
     </span>
    </p>
   </div>
   <div class='ocr_carea' id='block_1_114' title="bbox 1828 5276 3432 5345">
    <p class='ocr_par' dir='ltr' id='par_1_114' title="bbox 1828 5276 3432 5345">
     <span class='ocr_line' id='line_1_114' title="bbox 1828 5276 3432 5345; baseline -0.003 -12"><span class='ocrx_word' id='word_1_911' title='bbox 1828 5280 1881 5334; x_wconf 92' lang='lat' dir='ltr'><strong>in</strong></span> <span class='ocrx_word' id='word_1_912' title='bbox 1901 5279 2161 5333; x_wconf 81' lang='lat' dir='ltr'><strong>frontibus</strong></span> <span class='ocrx_word' id='word_1_913' title='bbox 2181 5280 2397 5341; x_wconf 84' lang='lat' dir='ltr'><strong>nostris,</strong></span> <span class='ocrx_word' id='word_1_914' title='bbox 2419 5293 2537 5332; x_wconf 92' lang='lat' dir='ltr'><strong>cum</strong></span> <span class='ocrx_word' id='word_1_915' title='bbox 2563 5278 2653 5331; x_wconf 89' lang='lat' dir='ltr'><strong>illo</strong></span> <span class='ocrx_word' id='word_1_916' title='bbox 2681 5278 3048 5345; x_wconf 87' lang='lat' dir='ltr'><strong>procedamus,</strong></span> <span class='ocrx_word' id='word_1_917' title='bbox 3073 5291 3174 5328; x_wconf 92' lang='lat' dir='ltr'><strong>non</strong></span> <span class='ocrx_word' id='word_1_918' title='bbox 3195 5276 3432 5345; x_wconf 86' lang='lat' dir='ltr'><strong>quiescat</strong></span> 
     </span>
    </p>
   </div>
   <div class='ocr_carea' id='block_1_115' title="bbox 1830 5369 3431 5438">
    <p class='ocr_par' dir='ltr' id='par_1_115' title="bbox 1830 5369 3431 5438">
     <span class='ocr_line' id='line_1_115' title="bbox 1830 5369 3431 5438; baseline -0.003 -14"><span class='ocrx_word' id='word_1_919' title='bbox 1830 5371 2002 5438; x_wconf 80' lang='lat' dir='ltr'><strong>lingua</strong></span> <span class='ocrx_word' id='word_1_920' title='bbox 2025 5379 2227 5433; x_wconf 88' lang='lat' dir='ltr'><strong>nostra,</strong></span> <span class='ocrx_word' id='word_1_921' title='bbox 2250 5371 2348 5422; x_wconf 91' lang='lat' dir='ltr'><strong>ista</strong></span> <span class='ocrx_word' id='word_1_922' title='bbox 2371 5369 2537 5423; x_wconf 90' lang='lat' dir='ltr'><strong>dicat:</strong></span> <span class='ocrx_word' id='word_1_923' title='bbox 2560 5370 2695 5423; x_wconf 84' lang='lat' dir='ltr'><strong>Ecce</strong></span> <span class='ocrx_word' id='word_1_924' title='bbox 2719 5369 2963 5422; x_wconf 86' lang='lat' dir='ltr'><strong>Christus</strong></span> <span class='ocrx_word' id='word_1_925' title='bbox 2987 5381 3173 5436; x_wconf 87' lang='lat' dir='ltr'><strong>passos</strong></span> <span class='ocrx_word' id='word_1_926' title='bbox 3189 5377 3291 5430; x_wconf 88' lang='lat' dir='ltr'><strong>est,</strong></span> <span class='ocrx_word' id='word_1_927' title='bbox 3307 5382 3431 5420; x_wconf 88' lang='lat' dir='ltr'><strong>ecce</strong></span> 
     </span>
    </p>
   </div>
   <div class='ocr_carea' id='block_1_116' title="bbox 1830 5457 3428 5528">
    <p class='ocr_par' dir='ltr' id='par_1_116' title="bbox 1830 5457 3428 5528">
     <span class='ocr_line' id='line_1_116' title="bbox 1830 5457 3428 5528; baseline -0.002 -16"><span class='ocrx_word' id='word_1_928' title='bbox 1830 5471 2094 5514; x_wconf 85' lang='lat' dir='ltr'><strong>mercator</strong></span> <span class='ocrx_word' id='word_1_929' title='bbox 2124 5460 2359 5514; x_wconf 83' lang='lat' dir='ltr'><strong>ostendit</strong></span> <span class='ocrx_word' id='word_1_930' title='bbox 2387 5459 2688 5514; x_wconf 85' lang='lat' dir='ltr'><strong>mercedem</strong></span> <span class='ocrx_word' id='word_1_931' title='bbox 2711 5501 2725 5526; x_wconf 95' lang='lat'><strong>,</strong></span> <span class='ocrx_word' id='word_1_932' title='bbox 2755 5473 2880 5514; x_wconf 84' lang='lat' dir='ltr'><strong>ecce</strong></span> <span class='ocrx_word' id='word_1_933' title='bbox 2906 5460 3134 5528; x_wconf 83' lang='lat' dir='ltr'><strong>pretium</strong></span> <span class='ocrx_word' id='word_1_934' title='bbox 3163 5457 3303 5528; x_wconf 90' lang='lat' dir='ltr'><strong>quod</strong></span> <span class='ocrx_word' id='word_1_935' title='bbox 3334 5457 3428 5510; x_wconf 53' lang='lat' dir='ltr'><strong>de.</strong></span> 
     </span>
    </p>
   </div>
   <div class='ocr_carea' id='block_1_117' title="bbox 1893 5610 3426 5676">
    <p class='ocr_par' dir='ltr' id='par_1_117' title="bbox 1893 5610 3426 5676">
     <span class='ocr_line' id='line_1_117' title="bbox 1893 5610 3426 5676; baseline -0.002 -13"><span class='ocrx_word' id='word_1_936' title='bbox 1893 5618 1909 5647; x_wconf 82' lang='grc' dir='ltr'><strong>ι</strong></span> <span class='ocrx_word' id='word_1_937' title='bbox 1937 5621 2033 5673; x_wconf 82' lang='lat' dir='ltr'><strong>Er.,</strong></span> <span class='ocrx_word' id='word_1_938' title='bbox 2056 5613 2180 5675; x_wconf 82' lang='lat' dir='ltr'><strong>Quid</strong></span> <span class='ocrx_word' id='word_1_939' title='bbox 2221 5614 2308 5664; x_wconf 82' lang='lat' dir='ltr'><strong>tibi</strong></span> <span class='ocrx_word' id='word_1_940' title='bbox 2348 5612 2578 5665; x_wconf 81' lang='lat' dir='ltr'><strong>videtur?</strong></span> <span class='ocrx_word' id='word_1_941' title='bbox 2605 5615 2716 5676; x_wconf 82' lang='lat' dir='ltr'><strong>jam</strong></span> <span class='ocrx_word' id='word_1_942' title='bbox 2739 5613 2884 5664; x_wconf 87' lang='lat' dir='ltr'><strong>etiam</strong></span> <span class='ocrx_word' id='word_1_943' title='bbox 2907 5614 3072 5664; x_wconf 84' lang='lat' dir='ltr'><strong>audio.</strong></span> <span class='ocrx_word' id='word_1_944' title='bbox 3099 5612 3148 5662; x_wconf 72' lang='lat' dir='ltr'><strong>si</strong></span> <span class='ocrx_word' id='word_1_945' title='bbox 3170 5625 3262 5660; x_wconf 80' lang='lat' dir='ltr'><strong>non</strong></span> <span class='ocrx_word' id='word_1_946' title='bbox 3300 5610 3426 5661; x_wconf 77' lang='lat' dir='ltr'><strong>dici-</strong></span> 
     </span>
    </p>
   </div>
   <div class='ocr_carea' id='block_1_118' title="bbox 1827 5676 3428 5738">
    <p class='ocr_par' dir='ltr' id='par_1_118' title="bbox 1827 5676 3428 5738">
     <span class='ocr_line' id='line_1_118' title="bbox 1827 5676 3428 5738; baseline -0.001 -13"><span class='ocrx_word' id='word_1_947' title='bbox 1827 5683 1924 5734; x_wconf 87' lang='lat' dir='ltr'><strong>tur,</strong></span> <span class='ocrx_word' id='word_1_948' title='bbox 1941 5687 2035 5726; x_wconf 87' lang='lat' dir='ltr'><strong>etc.</strong></span> <span class='ocrx_word' id='word_1_949' title='bbox 2061 5685 2147 5725; x_wconf 78' lang='lat' dir='ltr'><strong>tov</strong></span> <span class='ocrx_word' id='word_1_950' title='bbox 2159 5713 2190 5734; x_wconf 93' lang='lat'><strong>.,</strong></span> <span class='ocrx_word' id='word_1_951' title='bbox 2208 5677 2330 5736; x_wconf 74' lang='grc' dir='ltr'><strong>ῳιιίά</strong></span> <span class='ocrx_word' id='word_1_952' title='bbox 2352 5676 2436 5727; x_wconf 83' lang='lat' dir='ltr'><strong>tibi</strong></span> <span class='ocrx_word' id='word_1_953' title='bbox 2461 5676 2649 5728; x_wconf 71' lang='lat' dir='ltr'><strong>videtur</strong></span> <span class='ocrx_word' id='word_1_954' title='bbox 2662 5685 2705 5725; x_wconf 87' lang='lat' dir='ltr'><strong>et</strong></span> <span class='ocrx_word' id='word_1_955' title='bbox 2731 5677 2921 5738; x_wconf 66' lang='lat' dir='ltr'><strong>nequire</strong></span> <span class='ocrx_word' id='word_1_956' title='bbox 2932 5685 2974 5726; x_wconf 85' lang='lat' dir='ltr'><strong>et</strong></span> <span class='ocrx_word' id='word_1_957' title='bbox 3000 5677 3302 5738; x_wconf 74' lang='lat' dir='ltr'><strong>&#39;I&#39;amugadae.</strong></span> <span class='ocrx_word' id='word_1_958' title='bbox 3321 5680 3428 5724; x_wconf 75' lang='lat' dir='ltr'><strong>Mss.</strong></span> 
     </span>
    </p>
   </div>
   <div class='ocr_carea' id='block_1_119' title="bbox 1827 5735 3430 5806">
    <p class='ocr_par' dir='ltr' id='par_1_119' title="bbox 1827 5735 3430 5806">
     <span class='ocr_line' id='line_1_119' title="bbox 1827 5735 3430 5806; baseline -0.002 -19"><span class='ocrx_word' id='word_1_959' title='bbox 1827 5753 1966 5806; x_wconf 76' lang='lat' dir='ltr'><strong>vero,</strong></span> <span class='ocrx_word' id='word_1_960' title='bbox 1989 5739 2109 5799; x_wconf 77' lang='lat' dir='ltr'><strong>Quid</strong></span> <span class='ocrx_word' id='word_1_961' title='bbox 2134 5738 2221 5788; x_wconf 82' lang='lat' dir='ltr'><strong>tibi</strong></span> <span class='ocrx_word' id='word_1_962' title='bbox 2240 5739 2430 5806; x_wconf 60' lang='lat' dir='ltr'><strong>ridetur</strong></span> <span class='ocrx_word' id='word_1_963' title='bbox 2454 5738 2601 5806; x_wconf 76' lang='lat' dir='ltr'><strong>nagai</strong></span> <span class='ocrx_word' id='word_1_964' title='bbox 2623 5746 2668 5788; x_wconf 87' lang='lat' dir='ltr'><strong>et</strong></span> <span class='ocrx_word' id='word_1_965' title='bbox 2694 5735 3010 5806; x_wconf 72' lang='lat' dir='ltr'><strong>&#39;t‘amngadco.</strong></span> <span class='ocrx_word' id='word_1_966' title='bbox 3030 5735 3173 5806; x_wconf 60' lang='lat' dir='ltr'><strong>forte</strong></span> <span class='ocrx_word' id='word_1_967' title='bbox 3199 5735 3329 5806; x_wconf 34' lang='lat' dir='ltr'><strong>leg...</strong></span> <span class='ocrx_word' id='word_1_968' title='bbox 3345 5745 3430 5783; x_wconf 78' lang='lat' dir='ltr'><strong>Ilu-</strong></span> 
     </span>
    </p>
   </div>
   <div class='ocr_carea' id='block_1_120' title="bbox 1827 5799 3430 5872">
    <p class='ocr_par' dir='ltr' id='par_1_120' title="bbox 1827 5799 3430 5872">
     <span class='ocr_line' id='line_1_120' title="bbox 1827 5799 3430 5872; baseline -0.003 -20"><span class='ocrx_word' id='word_1_969' title='bbox 1827 5799 1908 5871; x_wconf 70' lang='lat' dir='ltr'><strong>gai</strong></span> <span class='ocrx_word' id='word_1_970' title='bbox 1931 5809 1975 5850; x_wconf 85' lang='lat' dir='ltr'><strong>et</strong></span> <span class='ocrx_word' id='word_1_971' title='bbox 2005 5800 2415 5872; x_wconf 15' lang='lat' dir='ltr'><strong>&#39;I&#39;wtut&#39;qadc,ivel,</strong></span> <span class='ocrx_word' id='word_1_972' title='bbox 2445 5799 2762 5872; x_wconf 64' lang='lat' dir='ltr'><strong>t‘ltcimugadc.</strong></span> <span class='ocrx_word' id='word_1_973' title='bbox 2793 5799 2900 5851; x_wconf 69' lang='lat' dir='ltr'><strong>tunc</strong></span> <span class='ocrx_word' id='word_1_974' title='bbox 2928 5802 3153 5849; x_wconf 84' lang='lat' dir='ltr'><strong>nimirum</strong></span> <span class='ocrx_word' id='word_1_975' title='bbox 3188 5799 3430 5862; x_wconf 54' lang='lat' dir='ltr'><strong>praeit-ul</strong></span> 
     </span>
    </p>
   </div>
   <div class='ocr_carea' id='block_1_121' title="bbox 1828 5864 2818 5926">
    <p class='ocr_par' dir='ltr' id='par_1_121' title="bbox 1828 5864 2818 5926">
     <span class='ocr_line' id='line_1_121' title="bbox 1828 5864 2818 5926; baseline 0.001 -15"><span class='ocrx_word' id='word_1_976' title='bbox 1828 5867 2026 5912; x_wconf 83' lang='lat' dir='ltr'><strong>t&#39;ucrunt</strong></span> <span class='ocrx_word' id='word_1_977' title='bbox 2048 5864 2222 5926; x_wconf 79' lang='lat' dir='ltr'><strong>Oppida</strong></span> <span class='ocrx_word' id='word_1_978' title='bbox 2247 5876 2274 5912; x_wconf 86' lang='lat' dir='ltr'><strong>a</strong></span> <span class='ocrx_word' id='word_1_979' title='bbox 2299 5864 2554 5913; x_wconf 80' lang='lat' dir='ltr'><strong>Donatistis</strong></span> <span class='ocrx_word' id='word_1_980' title='bbox 2573 5874 2818 5926; x_wconf 59' lang='lat' dir='ltr'><strong>occupata.</strong></span> 
     </span>
    </p>
   </div>
  </div>
