4008 6326
358 382 460 439 179

349 495 461 560 dit,
492 492 709 565 sanguis
732 492 848 565 ejus
878 491 1025 547 fusus
1054 500 1157 546 est.
1193 490 1248 545 In
1278 503 1437 545 sacco
1464 488 1669 544 ferebat
1710 487 1939 558 pretium

350 596 590 640 nostrum
617 602 630 638 :
662 599 946 655 percussus
971 592 1055 638 est
1083 583 1265 637 lancea
1286 624 1301 648 ,
1332 585 1479 635 fusus
1508 589 1591 635 est
1628 593 1817 634 saccus
1840 620 1855 640 ,
1889 588 1943 631 et

348 678 579 732 manavit
610 677 837 748 pretium
869 676 1016 731 orbis
1060 684 1345 747 terrarum.
1369 672 1509 739 Quid
1538 672 1668 727 mihi
1702 671 1837 726 dicis
1858 712 1873 735 ,
1908 686 1942 725 ο

350 769 636 823 lucrezice?
659 767 770 822 Non
793 776 874 822 est
895 767 1120 837 pretium
1144 765 1290 821 orbis
1312 776 1569 819 terrarum
1584 764 1610 817 ?
1629 762 1806 818 Africa
1826 762 1940 817 Sola

349 858 623 925 retieiupta
653 858 767 912 est?
799 858 910 910 Non
940 856 1106 911 audes
1132 856 1310 911 dicere
1334 872 1348 909 :
1372 853 1537 908 Totus
1564 853 1713 907 orbis
1733 853 1944 906 redem-

352 957 472 1012 ptus
497 956 600 1010 est,
627 946 719 1001 sed
752 947 923 1015 periit.
950 946 1117 1012 Quem
1143 944 1442 1000 invasorem
1469 958 1657 1017 passus
1675 954 1757 998 est
1783 942 1942 996 Chri-

347 1046 483 1101 stus,
516 1047 569 1091 ut
602 1038 851 1106 perderet
876 1053 987 1091 rem
1015 1036 1209 1091 suam?
1238 1036 1372 1091 Ecce
1397 1035 1937 1097 eommenwrabuntur,

350 1138 394 1181 tt
416 1138 764 1182 convertentur
790 1130 859 1181 ad
882 1128 1152 1181 Dominum
1175 1127 1391 1198 universi
1411 1127 1537 1195 ﬁnes
1560 1135 1725 1179 term.
1753 1124 1940 1177 Adhuc

349 1220 514 1273 satici.
536 1231 619 1283 te,
652 1230 704 1274 et
734 1220 892 1274 dicat.
925 1219 979 1275 Si
1016 1219 1217 1274 diceret
1247 1219 1379 1273 fines
1418 1227 1611 1283 terrae,
1642 1226 1696 1271 et
1723 1230 1826 1270 non
1857 1216 1941 1268 di-

348 1319 497 1363 ceret
528 1310 745 1363 universi
770 1310 897 1378 ﬁnes
928 1320 1109 1372 teme;
1131 1307 1311 1364 dicere
1345 1306 1649 1371 habebant,
1682 1306 1819 1360 Ecce
1851 1305 1940 1357 ha-

349 1400 539 1454 bemus
567 1399 700 1455 ilnes
729 1410 886 1455 terrm
920 1400 973 1454 in
1004 1400 1336 1455 Mauritania.
1365 1397 1599 1456 Universi
1629 1399 1755 1467 ﬁnes
1796 1408 1944 1450 terra:

348 1490 482 1544 dixit
510 1508 523 1545 :
550 1505 584 1545 ο
614 1490 865 1547 lueretice
888 1533 903 1557 ,
934 1490 1153 1545 universi
1177 1490 1471 1561 dixit;'qua
1499 1492 1739 1544 exiturus
1765 1503 1822 1541 es
1843 1528 1856 1546 ,
1887 1495 1943 1541 ut

348 1581 544 1636 evadas
568 1582 959 1653 qumstionem?
983 1580 1101 1636 Non
1127 1581 1296 1636 habes
1316 1595 1419 1651 qua
1444 1594 1628 1641 exeas,
1654 1578 1748 1633 sed
1778 1577 1943 1639 habes

351 1690 459 1745 quo
488 1675 676 1730 intres.

421 1767 513 1823 29.
548 1765 716 1840 [νοτε.
749 1766 880 1839 29.]
906 1768 1053 1837 Rogo
1079 1782 1172 1821 vos
1192 1809 1207 1832 ,
1240 1772 1362 1821 noto
1392 1764 1516 1819 inde
1538 1762 1844 1833 disputare,
1875 1774 1946 1826 ne

352 1838 587 1925 dicatur,
631 1858 755 1928 quia
801 1838 981 1929 sermo
1029 1872 1179 1911 meus
1225 1860 1423 1926 aliquid
1469 1838 1945 1929 valettPsalmum

351 1950 608 2003 attendite
625 1988 642 2015 ,
671 1948 939 2026 Psalmum
966 1948 1143 2018 legite.
1169 1946 1312 2001 Ecce
1340 1943 1585 2000 Christus
1609 1957 1799 2014 passus
1825 1951 1909 1997 est
1927 1980 1944 2005 ,

351 2038 569 2109 sanguis
594 2037 713 2109 ejus
741 2036 890 2093 fusus
918 2048 1038 2093 est:
1068 2053 1196 2092 ecce
1236 2036 1544 2105 redemptor
1581 2041 1789 2095 noster,
1818 2046 1946 2088 ecce

352 2118 579 2199 pretium
612 2137 876 2183 nostrum.
904 2126 1041 2206 Quid
1075 2128 1240 2189 emit,
1282 2127 1491 2181 dicatur
1516 2124 1666 2180 mihi.
1695 2124 1831 2191 Quid
1860 2124 1945 2179 in-

354 2226 724 2290 terrogamus?
743 2218 879 2286 Quid
904 2219 948 2274 si
976 2218 1103 2274 mihi
1129 2218 1320 2288 aliquis
1340 2216 1483 2294 dicat
1512 2235 1524 2269 :
1551 2214 1597 2271 Ο
1619 2216 1797 2291 stulte,
1820 2214 1947 2293 quid

352 2312 691 2379 interrogas?
711 2308 961 2364 Codice!"
997 2294 1193 2379 portas,
1226 2308 1296 2363 ibi
1329 2295 1493 2362 babes
1522 2307 1663 2362 unde
1687 2294 1855 2368 emit,
1875 2305 1948 2359 ibi

356 2418 536 2468 qurere
565 2401 689 2472 quid
719 2404 864 2455 entit.
897 2401 1033 2456 Ecce
1070 2400 1139 2455 ibi
1166 2398 1363 2468 habes,
1394 2396 1945 2463 Contmemorabuntur,

356 2505 405 2547 et
431 2504 782 2548 convertentur
807 2494 876 2546 ad
908 2491 1178 2546 Dominum
1203 2491 1425 2545 universi
1450 2490 1574 2559 ﬁnes
1601 2499 1764 2544 terrm.
1789 2487 1950 2542 Fines

356 2585 499 2640 enim
547 2594 703 2638 terra:
744 2581 1324 2639 commemorabuntur.
1366 2580 1473 2636 Sed
1519 2579 1754 2635 haeretici
1799 2577 1947 2632 obliti

356 2684 503 2735 sunt,
527 2684 579 2728 ct
604 2674 721 2729 ideo
747 2673 968 2727 audiunt
991 2673 1136 2727 omni
1161 2688 1320 2726 anno.
1346 2671 1509 2727 Putas
1536 2671 1605 2725 ibi
1633 2680 1836 2741 ponunt
1856 2684 1954 2723 au—

357 2780 467 2828 res,
496 2754 710 2832 quando
737 2763 907 2819 lector
935 2764 1170 2833 ipsorum
1195 2762 1322 2817 dicit
1351 2780 1363 2815 :
1394 2760 1948 2826 Commemorabuntur,

356 2865 402 2909 et
426 2851 774 2909 cdrwertentur
801 2854 871 2907 ad
896 2852 1175 2908 Dominum
1204 2852 1420 2907 universi
1458 2853 1586 2921 ﬁnes
1610 2850 1798 2905 terrae?
1823 2850 1949 2913 Eia,

358 2944 495 2999 forte
519 2961 654 2999 lillllS
686 2959 871 3000 versus
899 2953 983 3000 est
1009 2961 1024 3000 :
1050 2943 1266 2998 aliunde
1293 2941 1567 3013 cogitabas
1592 2984 1609 3008 ,
1637 2956 1758 2997 cum
1788 2939 1954 2995 fratre

362 3048 449 3091 tuo
480 3038 826 3100 fabulabaris,
855 3035 1068 3106 quando
1098 3034 1227 3090 illud
1254 3034 1389 3089 dixit
1412 3052 1426 3087 :
1454 3034 1694 3101 attende,
1717 3033 1840 3104 quia
1865 3048 1953 3087 re-

362 3132 513 3197 petit,
545 3140 596 3181 et
624 3126 815 3182 surdos
843 3130 1017 3197 pulsat
1042 3145 1056 3181 :
1080 3125 1149 3179 Et
1178 3125 1458 3180 adorabunt
1482 3124 1535 3178 in
1557 3132 1826 3195 conspectu
1847 3124 1956 3194 ejus

360 3222 607 3273 universa:
628 3219 808 3287 patrita
826 3219 1072 3290 gentium.
1099 3216 1288 3270 Adhuc
1313 3215 1507 3271 surdus
1527 3224 1628 3278 est,
1653 3230 1759 3270 non
1785 3214 1953 3279 audit,

362 3312 601 3379 pulsetur
628 3309 820 3363 iterum
852 3327 865 3361 :
893 3308 1147 3373 Quoniam
1170 3306 1378 3362 Domini
1405 3316 1482 3362 est
1512 3322 1743 3378 regnum,
1773 3315 1820 3360 et
1850 3306 1957 3376 ipse

361 3400 705 3461 dominabitur
729 3402 970 3471 gentium.
992 3399 1125 3454 Tres
1154 3402 1281 3453 istos
1308 3413 1495 3471 versus
1514 3398 1710 3465 tenete,
1740 3396 1959 3452 fratres.

368 3494 533 3548 Hodie
563 3494 760 3547 eantati
804 3502 930 3547 sunt
960 3502 1013 3547 et
1043 3492 1150 3555 ibi,
1184 3502 1275 3545 aut
1307 3493 1444 3555 forte
1487 3471 1806 3546 deleverunt
1842 3506 1955 3543 eos.

363 3586 579 3639 Credite
607 3583 733 3639 Inibi
758 3628 772 3650 ,
808 3582 1005 3639 fratres
1031 3585 1171 3647 mei,
1198 3584 1268 3637 ita
1298 3593 1468 3639 aestuo
1487 3624 1503 3649 ,
1532 3582 1601 3636 ita
1629 3563 1734 3636 vim
1764 3582 1955 3650 patior,

366 3688 421 3729 ut
454 3693 614 3730 mirer
644 3676 823 3730 nescio
856 3691 1013 3745 quam
1057 3674 1372 3749 surditatem
1409 3682 1465 3729 et
1503 3672 1752 3744 duritiam
1781 3672 1961 3727 cordis

367 3784 604 3837 ipsorum
626 3811 640 3827 .
673 3777 730 3821 ut
768 3766 1054 3825 aliquando
1093 3766 1330 3821 dubitem
1359 3774 1536 3819 utrum
1566 3761 1797 3836 habeant
1826 3762 1961 3817 illud

366 3860 418 3912 in
450 3859 742 3912 cadit-ibus.
767 3858 936 3912 Hodie
961 3868 1181 3921 currunt
1207 3872 1398 3911 omnes
1424 3856 1490 3909 ad
1517 3854 1798 3910 ecclesiam
1820 3896 1835 3921 ,
1864 3854 1937 3908 ho

367 3951 454 4005 die
481 3964 669 4004 onnics
699 3959 886 4003 lltlellll
917 3947 1141 4002 audiunt
1169 3947 1459 4010 Psalmum,
1486 3959 1674 4000 omnes
1698 3958 1965 4014 suspenso

367 4043 533 4096 corde
558 4041 800 4096 audiunt.
827 4040 938 4097 Sed
969 4040 1053 4096 fac
1083 4042 1206 4110 quia
1238 4055 1343 4094 non
1375 4050 1501 4094 sunt
1539 4038 1728 4093 intenti
1759 4056 1773 4090 :
1807 4052 1963 4092 num-

365 4139 493 4203 quid
520 4149 655 4189 unus
692 4148 879 4205 versus
907 4140 1027 4197 est,
1055 4131 1612 4195 Commemorabuutur,
1658 4140 1707 4185 et
1750 4146 1962 4185 conver-

365 4235 534 4277 tentur
562 4225 630 4277 ad
658 4208 933 4279 Dominum
967 4223 1191 4277 universi
1213 4224 1340 4293 fines
1368 4222 1555 4277 terra-1’
1574 4222 1835 4293 Evigilas,
1866 4219 1964 4276 sed

367 4321 542 4373 adhuc
586 4319 745 4373 l‘ricas
785 4318 970 4373 oculos
998 4335 1012 4371 :
1038 4316 1109 4372 Et
1134 4316 1419 4371 adorabunt
1460 4317 1515 4371 in
1551 4324 1827 4393 conspectu.
1854 4315 1965 4385 ejus

370 4414 613 4465 τηιὲυινηιε
637 4412 818 4479 pan-ia:
842 4410 1082 4480 gentium.
1105 4398 1317 4463 Excute
1333 4422 1608 4475 somnum,
1635 4407 1811 4463 adhuc
1838 4420 1963 4476 gra-

371 4501 533 4562 varis,
552 4501 674 4575 audi
701 4519 715 4554 :
742 4492 997 4568 Quoniam
1018 4500 1223 4553 Domini
1241 4509 1313 4553 est
1337 4516 1569 4571 regnum,
1589 4509 1640 4577 et
1660 4499 1769 4571 ipse
1795 4496 1968 4552 domi-

370 4595 571 4647 nabitur
589 4592 835 4663 gentium.

441 4684 530 4741 εο.
570 4682 628 4757 Si
657 4693 740 4738 est
762 4682 935 4738 adhuc
959 4682 1101 4753 quod
1128 4683 1328 4746 dicant,
1352 4681 1538 4737 nescio
1565 4697 1581 4734 :
1612 4680 1821 4752 iitigent
1842 4694 1965 4735 cum

373 4776 683 4844 Scripturis,
719 4788 823 4827 non
859 4773 1159 4827 nobiscum.
1198 4773 1337 4828 Ecce
1374 4771 1543 4827 codex
1584 4770 1736 4842 ipse,
1778 4779 1965 4825 contra

372 4864 520 4923 illum
552 4874 778 4920 certent.
814 4863 911 4919 Ubi
953 4873 1037 4917 est
1066 4864 1264 4939 lingua,
1312 4862 1422 4918 Nos
1460 4860 1792 4917 servavimus
1826 4848 1970 4917 Scri-

372 4972 575 5029 pturas,
608 4973 676 5012 ne
700 4958 952 5012 arderent
994 4943 1116 5026 (a)?
1159 4952 1403 5011 Servata:
1431 4964 1592 5021 sunt,
1622 4952 1764 5009 unde
1792 4964 1848 5006 tu
1877 4968 1967 5005 ar-

370 5050 520 5106 deas.
547 5048 684 5115 Quid
723 5046 995 5103 servasti?
1021 5044 1186 5117 Aperi
1210 5086 1226 5111 ,
1256 5047 1374 5116 lege
1405 5062 1420 5099 :
1450 5054 1505 5100 tu
1528 5044 1766 5101 .servasti
1790 5085 1807 5110 ,
1828 5053 1884 5100 et
1914 5053 1968 5097 tu

372 5156 668 5211 oppugnas.
697 5139 835 5206 Quid
875 5140 1103 5194 servasti
1144 5153 1176 5193 a
1214 5135 1452 5202 flamma,
1494 5136 1634 5209 quod
1668 5136 1848 5191 delere
1889 5134 1969 5189 vis

372 5233 589 5304 lingua?
618 5231 734 5287 Non
763 5232 944 5297 credo,
970 5246 1073 5285 non
1102 5231 1267 5286 credo
1293 5231 1415 5301 quia
1444 5231 1667 5285 servasti
1701 5248 1714 5283 :
1748 5245 1968 5300 prorsus

372 5340 480 5382 non
534 5326 715 5390 credo,
759 5340 863 5380 non
908 5324 1161 5378 servasti.
1217 5322 1509 5378 Verissime
1544 5321 1731 5377 dicunt
1775 5320 1965 5387 noset-i,

370 5416 494 5485 quia
540 5426 593 5470 tu
628 5415 917 5470 tradidisti.
970 5414 1060 5469 Ille
1102 5416 1358 5483 probatur
1396 5413 1649 5479 traditur,
1690 5413 1781 5483 qui
1830 5402 1971 5485 lecto

376 5517 699 5566 testamento
740 5512 844 5563 nun
887 5507 1147 5577 sequitur.
1195 5506 1336 5562 Ecce
1383 5506 1598 5575 legitur,
1647 5514 1704 5559 et
1733 5519 1966 5574 sequor;

369 5603 583 5674 legitur,
605 5610 660 5656 et
681 5616 919 5657 recusas.
947 5598 1114 5670 Cujus
1140 5615 1330 5655 manus
1368 5599 1515 5655 misit
1561 5599 1613 5654 in
1658 5596 1971 5653 ﬂammam?

433 5741 506 5802 (α)
530 5738 1166 5795 Donatistaesseroscodices
1187 5748 1216 5789 a
1238 5750 1296 5790 se
1320 5750 1564 5800 servatos,
1587 5752 1617 5788 ιι
1642 5737 1827 5790 nostris
1846 5744 1971 5787 sero

367 5804 568 5859 tudinis
588 5803 833 5859 dicebant.

1584 377 1643 433 S.
1686 370 2048 433 AUGUSTINI
2090 371 2391 435 ΕΡΒΟΟΗ

3536 371 3642 428 180

2049 484 2149 553 Qui
2178 487 2370 549 credit,
2402 496 2455 541 et
2497 484 2770 556 sequitur;
2802 500 2870 541 an
2912 484 3003 557 qui
3030 484 3176 545 dolet
3213 485 3335 556 quia
3372 495 3459 554 est.
3494 486 3638 556 quod

2050 576 2294 648 legatur?
2343 577 2478 633 Nolo
2528 578 2667 634 scire
2716 577 2835 649 quis
2886 578 3180 633 servaverit
3211 568 3635 647 {undecumque

2049 668 2298 723 inventus
2324 678 2405 723 est
2433 669 2633 731 codex,
2664 672 3057 724 testamentum
3088 668 3253 737 patris
3294 669 3458 728 nostri
3506 667 3640 733 exiit

2048 756 2117 812 de
2143 759 2376 826 qualibet
2396 772 2620 814 caverna
2640 775 2655 812 :
2678 760 2860 815 nescio
2883 759 2971 829 qui
2996 759 3139 814 fures
3156 757 3343 813 tollere
3363 757 3638 821 volebant,

2050 851 2232 903 nescio
2262 850 2354 923 qui
2401 858 2771 920 persecutores
2812 849 3097 905 incendere
3137 850 3386 904 volebant
3420 868 3434 902 :
3465 851 3639 904 unde-

2047 957 2279 1013 cumque
2304 943 2565 1012 prolatum
2588 954 2691 1006 est,
2722 944 2945 1015 legatur.
2976 944 3153 1011 Quare
3179 943 3391 1013 litigas?
3422 942 3642 998 Fratres

2047 1049 2232 1088 smnus
2255 1076 2272 1100 ,
2317 1049 2484 1102 quare
2518 1035 2952 1104 litigamus?i\'on
2982 1041 3261 1090 intestatus
3290 1046 3530 1089 mortuus
3558 1046 3645 1088 est

2048 1136 2215 1194 pater.
2252 1126 2400 1182 Fecit
2439 1134 2819 1183 testamentum
2841 1168 2857 1193 ,
2883 1138 2936 1182 et
2964 1127 3043 1182 sic
3074 1137 3317 1182 mortuus
3342 1136 3461 1182 est:
3491 1124 3644 1181 mar-

2047 1230 2170 1275 tuus
2208 1230 2309 1287 est,
2341 1230 2395 1275 et
2410 1222 2729 1289 resurrexit.
2758 1220 2983 1276 Tamdiu
3009 1220 3349 1275 contenditur
3368 1220 3438 1274 de
3464 1219 3643 1273 haereo

2045 1313 2212 1368 ditate
2239 1322 2566 1368 mortuorum
2586 1355 2601 1377 ,
2633 1312 2886 1383 quamdiu
2925 1321 3308 1368 testamentum
3340 1311 3646 1381 proferatur

2050 1403 2102 1456 in
2131 1403 2435 1471 publicum;
2461 1414 2658 1459 etcum
2687 1412 3063 1458 testamentum
3091 1401 3356 1472 prolatum
3391 1400 3555 1455 fuerit
3584 1401 3643 1456 in

2046 1494 2340 1563 publicum,
2382 1504 2559 1549 tacent
2580 1509 2769 1550 omnes
2792 1536 2808 1561 ,
2838 1504 2894 1547 ut
2924 1492 3115 1547 tabulae
3141 1494 3448 1561 aperiantur
3474 1501 3527 1546 et
3556 1506 3648 1546 reo

2047 1586 2284 1639 citentur
2315 1584 2515 1655 :judex
2542 1584 2783 1639 intentus
2810 1584 2979 1649 audit,
3006 1583 3247 1637 advocati
3277 1580 3436 1637 silent
3456 1623 3472 1648 ,
3507 1596 3648 1651 pra:-

2048 1691 2213 1732 cones
2240 1676 2513 1732 silentium
2545 1675 2770 1742 faciunt,
2796 1676 3074 1730 universus
3099 1674 3324 1745 populus
3350 1684 3647 1742 suspensus

2049 1773 2132 1821 est
2151 1809 2166 1833 ,
2195 1775 2253 1821 ut
2282 1766 2526 1837 legantur
2554 1768 2715 1821 verba
2742 1767 2974 1831 mortui,
2999 1781 3104 1821 non
3129 1765 3411 1821 sentientis
3439 1764 3492 1820 in
3528 1779 3648 1819 mo-

2050 1865 2327 1912 numento.
2360 1856 2452 1912 ille
2480 1857 2599 1912 sine
2624 1872 2783 1911 sensu
2813 1857 2953 1923 jacet
2977 1856 3029 1910 in
3056 1866 3427 1918 monumento,
3463 1864 3519 1910 et
3546 1870 3646 1908 va-

2050 1948 2163 2003 lent
2185 1947 2347 2002 verba
2378 1948 2547 2017 ipsius
2574 1962 2589 2000 :
2624 1946 2776 2001 sedet
2800 1945 3042 2001 Christus
3070 1946 3123 1999 in
3150 1944 3289 2000 emit)
3308 1984 3323 2009 ,
3351 1954 3407 2000 et
3429 1955 3649 2000 contra.-

2051 2039 2250 2094 dicitur
2288 2047 2609 2094 testamento
2664 2037 2815 2102 eius?
2862 2037 3057 2105 Aperi,
3113 2036 3372 2106 legamus.
3424 2035 3649 2090 Fratres

2052 2142 2258 2191 sumus,
2282 2142 2447 2197 quare
2469 2127 2883 2183 contendimus?
2920 2128 3167 2183 Placetur
3192 2128 3402 2182 animus
3438 2135 3645 2192 noster,

2054 2237 2159 2291 non
2205 2222 2322 2276 sine
2370 2230 2692 2276 testamento
2745 2236 2844 2275 nos
2892 2220 3094 2275 dimisit
3150 2229 3320 2287 pater.
3371 2219 3469 2288 Qui
3521 2218 3651 2274 fecit

2055 2320 2451 2385 testamentum,
2480 2311 2613 2365 vivit
2640 2312 2691 2364 in
2724 2320 2981 2365 internum
3013 2327 3027 2363 :
3060 2309 3390 2364 auditvoces
3411 2320 3645 2373 nostras,

2052 2403 2294 2471 agnoscit
2320 2416 2494 2456 suam.
2518 2399 2802 2469 Legamus,
2832 2399 2957 2469 quid
2986 2400 3294 2469 litigamus?
3322 2399 3421 2456 Ubi
3455 2400 3650 2455 inven-

2057 2504 2107 2547 ta
2132 2492 2291 2548 fuerit
2310 2493 2425 2561 ipsa
2445 2492 2750 2553 hzereditas.
2776 2491 2947 2561 ipsam
2976 2499 3274 2546 teneamus.
3301 2491 3461 2560 Aperi
3487 2498 3655 2545 testae

2056 2591 2319 2650 mentum,
2348 2582 2464 2654 lege
2485 2583 2539 2637 in
2570 2582 2741 2652 primo
2761 2580 2932 2651 capite
2958 2580 3125 2650 ipsius
3148 2580 3414 2646 Psalterii,
3435 2578 3655 2635 Postulo

2054 2694 2089 2731 α
2117 2693 2195 2730 me
2222 2674 2391 2747 (Psal.
2422 2691 2482 2741 ιι,
2514 2675 2593 2745 8).
2620 2674 2726 2730 Sed
2747 2674 2866 2744 quis
2889 2672 3059 2727 dicit?
3081 2670 3240 2727 Forte
3259 2688 3362 2728 non
3381 2672 3652 2727 Christus.

2059 2767 2134 2820 lbi
2163 2767 2351 2832 habes,
2381 2764 2630 2819 Dominus
2660 2765 2788 2818 dixit
2826 2763 2895 2817 ad
2922 2779 3018 2826 me,
3072 2761 3243 2817 Filius
3286 2779 3426 2817 meus
3469 2778 3521 2815 es
3572 2771 3653 2827 tu,

2055 2873 2148 2929 ego
2176 2857 2328 2911 hodie
2355 2855 2506 2927 genui
2535 2866 2582 2910 te
2608 2854 2794 2927 (Ibid,
2820 2852 2898 2925 7).
2924 2853 3064 2924 Ergo
3087 2852 3261 2909 Filius
3280 2853 3370 2907 Dei
3398 2851 3545 2916 dicit,
3567 2851 3657 2907 vel

2056 2950 2121 3005 ad
2148 2949 2336 3003 Filium
2369 2963 2523 3002 suum
2539 2946 2700 3001 Pater
2714 2944 2863 3000 dicit.
2889 2945 3028 3015 Ergo
3042 2944 3167 3015 quid
3186 2942 3315 2997 dicit
3339 2942 3405 2997 ad
3424 2940 3614 2996 Filium
3629 2941 3659 2995 ?

2062 3040 2282 3096 Postulo
2307 3056 2341 3094 α
2374 3056 2483 3105 me,
2508 3049 2554 3093 et
2582 3039 2711 3092 dabo
2737 3037 2825 3093 tibi
2850 3047 3020 3108 gentes
3044 3036 3385 3091 hereditatem
3409 3045 3583 3100 tuam,
3606 3043 3660 3090 et

2059 3132 2427 3206 possessionem
2465 3141 2604 3185 tuam
2636 3132 2763 3201 ﬁnes
2788 3141 2952 3185 terrai.
2978 3128 3126 3186 Solet
3149 3128 3264 3183 fieri
3288 3170 3303 3192 ,
3333 3126 3525 3182 fratres
3549 3171 3564 3192 ,
3594 3141 3658 3184 ut

2059 3224 2277 3296 quando
2303 3223 2562 3292 queritur
2598 3220 2667 3277 de
2696 3222 3038 3292 possessione
3056 3263 3071 3287 ,
3099 3228 3408 3290 quaerantur
3441 3218 3656 3275 affines.

2062 3315 2206 3371 inter
2233 3313 2426 3369 affines
2450 3314 2597 3368 illum
2629 3321 2684 3367 et
2725 3311 2873 3367 illum
2896 3352 2911 3378 ,
2941 3310 3199 3382 qumritur
3219 3308 3390 3365 bmres
3408 3352 3425 3377 ,
3454 3320 3545 3363 aut
3570 3310 3659 3369 cui

2061 3408 2312 3471 donatur,
2343 3414 2436 3462 aut
2460 3405 2548 3476 qui
2575 3405 2724 3460 emit.
2774 3403 2921 3460 inter
2964 3417 3099 3474 quos
3128 3402 3319 3457 afﬁnes
3357 3398 3662 3472 qureritur?

2063 3497 2206 3552 Inter
2236 3497 2383 3550 illum
2411 3505 2466 3549 et
2497 3494 2643 3549 illum
2677 3494 3014 3564 possidentes
3038 3493 3079 3545 ⁸.
3101 3491 3201 3560 Qui
3239 3491 3443 3547 dimisit
3469 3506 3662 3547 omnes

2066 3590 2217 3651 ﬁnes,
2253 3587 2428 3643 nullos
2456 3586 2660 3640 dimisit
2686 3585 2897 3641 afiines.
2933 3584 3283 3653 Quocumque
3309 3593 3360 3637 te
3396 3582 3660 3659 verteris,

2064 3664 2306 3736 Christus
2335 3690 2438 3734 est.
2462 3678 2626 3734 Fines
2655 3688 2810 3732 terra:
2840 3676 3005 3731 habes
3029 3675 3416 3740 hmrcditatem,
3440 3675 3545 3730 huc
3564 3689 3658 3737 ve,-

2067 3774 2143 3838 ni,
2167 3782 2332 3826 totam
2364 3786 2574 3826 meeum
2623 3769 2857 3840 posside.
2889 3769 3067 3837 Quare
3100 3767 3356 3839 litigando
3398 3782 3559 3823 vocas
3590 3765 3663 3821 sd

2067 3862 2307 3932 partem?
2336 3860 2449 3916 lluc
2469 3862 2587 3916 veni
2621 3877 2636 3914 :
2666 3859 2809 3915 bono
2834 3870 2925 3914 tuo
2946 3857 3194 3922 vinceris,
3225 3866 3394 3913 totum
3418 3844 3662 3927 habebis.

2068 3956 2151 4007 An
2182 3951 2357 4007 adhuc
2379 3950 2756 4007 calumniaris?
2772 3949 2896 4019 Ego
2916 3950 3026 4019 jam
3054 3956 3431 4004 testamentum
3462 3948 3583 4018 legi,
3607 3956 3671 4003 et

2070 4052 2128 4097 tu
2171 4041 2535 4100 calumniaris.
2587 4042 2670 4095 An
2716 4038 2894 4094 adhuc
2947 4036 3313 4103 calumniaris,
3361 4038 3482 4107 quia
3529 4037 3668 4092 [lues

2071 4142 2228 4189 terra:
2253 4132 2421 4197 dixit,
2450 4146 2559 4186 non
2589 4130 2722 4185 dixit
2747 4143 2936 4185 omnes
2983 4128 3118 4183 ﬁnes
3156 4127 3355 4182 terrae?
3400 4126 3667 4197 Legamus

2069 4240 2218 4295 ergo.
2259 4222 2540 4293 Quomodo
2596 4222 2793 4276 lectum
2836 4219 2961 4274 est?
3016 4216 3570 4282 Commemorubuntur,
3615 4224 3673 4271 et

2070 4324 2421 4370 convertentur
2438 4314 2507 4368 ad
2535 4312 2809 4366 Dominum
2837 4310 3057 4365 universi
3083 4309 3212 4379 ﬁnes
3240 4319 3403 4362 terra.
3435 4307 3502 4362 Et
3563 4311 3664 4360 ad-

2072 4402 2290 4464 orabunt
2336 4408 2391 4462 in
2439 4413 2711 4475 conspectu
2759 4404 2869 4474 ejus
2918 4402 3164 4457 universa
3188 4403 3369 4471 patriar
3419 4401 3664 4470 gentium.

2075 4501 2330 4569 Quoniam
2392 4497 2601 4554 Domini
2636 4508 2711 4552 est
2760 4512 2972 4568 regnum
3011 4535 3029 4560 ,
3074 4504 3123 4548 et
3171 4495 3280 4565 ipse
3322 4491 3673 4547 dominabitur

2072 4598 2317 4671 gentium.
2346 4593 2517 4665 Ipsius
2538 4629 2540 4631 ›
2561 4600 2666 4657 est,
2711 4606 2820 4646 non
2868 4598 3128 4645 vestrum.
3162 4586 3449 4657 Agnoscite
3485 4586 3671 4640 Domi-

2073 4674 2201 4745 num
2233 4685 2542 4757 :agnoscite
2570 4682 2963 4755 possessionem
2990 4679 3220 4734 Domini.

2145 4781 2234 4833 5|.
2278 4778 2384 4834 Sed
2408 4787 2465 4832 et
2492 4776 2514 4808 '
2543 4789 2669 4837 vos,
2716 4773 2835 4843 quia
2870 4771 3072 4842 privata
3104 4776 3279 4823 vestra
3309 4767 3468 4821 vultis
3497 4766 3672 4837 possi-

2074 4873 2223 4938 dere,
2253 4880 2309 4926 et
2337 4848 2444 4926 non
2465 4866 2734 4922 communi
2761 4880 2882 4920 cum
2913 4861 3127 4917 Christo
3152 4862 3383 4926 unitate;
3404 4859 3675 4915 dominari

2077 4966 2218 5021 enim
2246 4942 2408 5017 vultis
2433 4961 2486 5015 in
2513 4969 2675 5022 terra,
2705 4973 2811 5011 non
2843 4969 2966 5030 cum
3006 4953 3099 5008 illo
3129 4953 3180 5006 in
3217 4952 3357 5008 cmio
3404 4966 3630 5021 regnare
3653 4993 3669 5015 ,

2079 5055 2362 5125 possidetis
2380 5054 2570 5109 domos
2605 5058 2832 5104 vestras.
2881 5046 2951 5103 Et
3001 5044 3287 5114 aliquando
3330 5044 3576 5098 venimus
3604 5043 3671 5099 ad

2079 5134 2197 5203 illos
2224 5147 2487 5206 dicentes,
2518 5142 2832 5212 Quaeramus
2856 5153 3065 5204 verum,
3102 5135 3434 5190 inveniamus
3462 5150 3673 5188 verum.

2078 5241 2145 5294 Et
2192 5238 2289 5297 illi,
2312 5237 2423 5291 Vos
2478 5242 2655 5290 tenete
2702 5231 2846 5302 quod
2889 5229 3125 5285 tenetis:
3157 5244 3285 5285 oves
3320 5238 3438 5281 tuas
3482 5226 3672 5294 habes,

2077 5346 2205 5385 oves
2234 5344 2380 5383 meas
2407 5327 2614 5387 habeo;
2644 5323 2751 5378 noli
2802 5321 3061 5376 molestus
3102 5332 3222 5373 esse
3264 5317 3455 5371 ovibus
3504 5317 3674 5381 meis,

2078 5424 2200 5493 quia
2229 5429 2286 5476 et
2303 5434 2404 5488 ego
2424 5433 2530 5472 nun
2551 5430 2669 5469 sum
2694 5414 2950 5469 molestus
2970 5405 3159 5465 ovibus
3184 5407 3305 5463 tuis.
3328 5408 3437 5463 Deo
3452 5409 3675 5477 gratias:

2080 5496 2214 5567 mea:
2251 5519 2377 5565 sunt
2426 5522 2557 5562 oves
2586 5547 2599 5568 ,
2647 5504 2793 5559 illius
2837 5512 2962 5557 sunt
3012 5515 3145 5555 oves
3187 5517 3201 5553 :
3248 5498 3496 5555 Christus
3546 5496 3676 5568 quid

2147 5669 2163 5698 ³
2193 5672 2239 5713 tn
2267 5664 2519 5727 plerisque
2535 5666 2664 5719 με..

2145 5732 2173 5787 ι,
2191 5711 2358 5776 ﬁnies
2380 5711 2547 5787 proin:
2570 5711 2700 5772 ιιοιξέ
2717 5725 2827 5768 uss.
2859 5717 2986 5787 loco,
3006 5713 3102 5787 sed
3122 5719 3171 5764 et
3184 5724 3279 5787 eos,
3303 5712 3512 5787 habent,
3532 5711 3682 5783 sua

2085 5773 2523 5851 υοεξιέιῆᾰρἓὶυιιια
2538 5789 2714 5843 vestro,
2740 5788 2838 5831 etc.
2862 5785 2916 5830 Et
2936 5773 3148 5845 quidam,
3175 5773 3343 5827 sedete
3366 5786 3463 5823 res.
