  <div class='ocr_page' id='page_1' title='image "/cluster/home/n/w/nwhite01/storage/ocr_20150623/36/umn.319510024773307/100.png"; bbox 0 0 4008 6320; ppageno 0'>
   <div class='ocr_carea' id='block_1_1' title="bbox 21 384 1586 448">
    <p class='ocr_par' dir='ltr' id='par_1_1' title="bbox 21 385 1586 439">
     <span class='ocr_line' id='line_1_1' title="bbox 21 385 1586 439; baseline 0.001 -3"><span class='ocrx_word' id='word_1_1' title='bbox 21 386 91 439; x_wconf 80' lang='grc'><strong>181</strong></span> <span class='ocrx_word' id='word_1_2' title='bbox 1111 385 1503 438; x_wconf 62' lang='grc' dir='ltr'><strong>ΕΝᾹΗΒᾹΉΟ</strong></span> <span class='ocrx_word' id='word_1_3' title='bbox 1545 385 1586 437; x_wconf 86' lang='lat' dir='ltr'><strong>l.‘</strong></span> 
     </span>
    </p>
   </div>
   <div class='ocr_carea' id='block_1_2' title="bbox 1706 384 2182 448">
    <p class='ocr_par' dir='ltr' id='par_1_2' title="bbox 1706 385 2182 448">
     <span class='ocr_line' id='line_1_2' title="bbox 1706 385 2182 448; baseline 0.019 -9"><span class='ocrx_word' id='word_1_4' title='bbox 1706 385 1972 444; x_wconf 55' lang='lat' dir='ltr'><strong>SiLMUM</strong></span> <span class='ocrx_word' id='word_1_5' title='bbox 2017 393 2182 448; x_wconf 71' lang='lat' dir='ltr'><strong>XXII.</strong></span> 
     </span>
    </p>
   </div>
   <div class='ocr_carea' id='block_1_3' title="bbox 12 496 1586 564">
    <p class='ocr_par' dir='ltr' id='par_1_3' title="bbox 12 496 1586 564">
     <span class='ocr_line' id='line_1_3' title="bbox 12 496 1586 564; baseline -0.004 -11"><span class='ocrx_word' id='word_1_6' title='bbox 12 499 150 553; x_wconf 75' lang='lat' dir='ltr'><strong>eunt?</strong></span> <span class='ocrx_word' id='word_1_7' title='bbox 181 499 291 552; x_wconf 87' lang='lat' dir='ltr'><strong>ltno</strong></span> <span class='ocrx_word' id='word_1_8' title='bbox 323 514 425 554; x_wconf 89' lang='lat' dir='ltr'><strong>nec</strong></span> <span class='ocrx_word' id='word_1_9' title='bbox 453 515 586 553; x_wconf 67' lang='lat' dir='ltr'><strong>mea:</strong></span> <span class='ocrx_word' id='word_1_10' title='bbox 615 501 740 564; x_wconf 88' lang='lat' dir='ltr'><strong>sint,</strong></span> <span class='ocrx_word' id='word_1_11' title='bbox 772 514 871 552; x_wconf 91' lang='lat' dir='ltr'><strong>nec</strong></span> <span class='ocrx_word' id='word_1_12' title='bbox 897 507 996 550; x_wconf 66' lang='lat' dir='ltr'><strong>tua:</strong></span> <span class='ocrx_word' id='word_1_13' title='bbox 1033 514 1042 548; x_wconf 94' lang='lat'>:</span> <span class='ocrx_word' id='word_1_14' title='bbox 1079 497 1170 550; x_wconf 88' lang='lat' dir='ltr'><strong>sed</strong></span> <span class='ocrx_word' id='word_1_15' title='bbox 1202 497 1338 548; x_wconf 86' lang='lat' dir='ltr'><strong>illius</strong></span> <span class='ocrx_word' id='word_1_16' title='bbox 1365 496 1465 548; x_wconf 77' lang='lat' dir='ltr'><strong>sint</strong></span> <span class='ocrx_word' id='word_1_17' title='bbox 1495 496 1586 563; x_wconf 62' lang='lat' dir='ltr'><strong>qui</strong></span> 
     </span>
    </p>
   </div>
   <div class='ocr_carea' id='block_1_4' title="bbox 11 587 1587 660">
    <p class='ocr_par' dir='ltr' id='par_1_4' title="bbox 11 587 1587 660">
     <span class='ocr_line' id='line_1_4' title="bbox 11 587 1587 660; baseline -0.004 -18"><span class='ocrx_word' id='word_1_18' title='bbox 11 595 110 644; x_wconf 66' lang='lat' dir='ltr'><strong>atlas</strong></span> <span class='ocrx_word' id='word_1_19' title='bbox 139 591 289 652; x_wconf 85' lang='lat' dir='ltr'><strong>emit,</strong></span> <span class='ocrx_word' id='word_1_20' title='bbox 342 591 482 644; x_wconf 84' lang='lat' dir='ltr'><strong>illius</strong></span> <span class='ocrx_word' id='word_1_21' title='bbox 521 592 630 644; x_wconf 88' lang='lat' dir='ltr'><strong>sint</strong></span> <span class='ocrx_word' id='word_1_22' title='bbox 674 590 761 660; x_wconf 87' lang='lat' dir='ltr'><strong>qui</strong></span> <span class='ocrx_word' id='word_1_23' title='bbox 803 589 920 643; x_wconf 82' lang='lat' dir='ltr'><strong>illas</strong></span> <span class='ocrx_word' id='word_1_24' title='bbox 964 588 1210 657; x_wconf 71' lang='lat' dir='ltr'><strong>signmit.</strong></span> <span class='ocrx_word' id='word_1_25' title='bbox 1262 587 1444 655; x_wconf 65' lang='lat' dir='ltr'><strong>Neque</strong></span> <span class='ocrx_word' id='word_1_26' title='bbox 1498 587 1587 654; x_wconf 87' lang='lat' dir='ltr'><strong>qui</strong></span> 
     </span>
    </p>
   </div>
   <div class='ocr_carea' id='block_1_5' title="bbox 7 678 1588 750">
    <p class='ocr_par' dir='ltr' id='par_1_5' title="bbox 7 678 1588 750">
     <span class='ocr_line' id='line_1_5' title="bbox 7 678 1588 750; baseline -0.004 -16"><span class='ocrx_word' id='word_1_27' title='bbox 7 683 183 747; x_wconf 63' lang='lat' dir='ltr'><strong>plana!</strong></span> <span class='ocrx_word' id='word_1_28' title='bbox 209 691 290 734; x_wconf 86' lang='lat' dir='ltr'><strong>est</strong></span> <span class='ocrx_word' id='word_1_29' title='bbox 311 680 534 750; x_wconf 86' lang='lat' dir='ltr'><strong>aliquid,</strong></span> <span class='ocrx_word' id='word_1_30' title='bbox 565 695 739 749; x_wconf 89' lang='lat' dir='ltr'><strong>neque</strong></span> <span class='ocrx_word' id='word_1_31' title='bbox 769 680 855 749; x_wconf 89' lang='lat' dir='ltr'><strong>qui</strong></span> <span class='ocrx_word' id='word_1_32' title='bbox 881 681 1036 749; x_wconf 81' lang='lat' dir='ltr'><strong>rigat,</strong></span> <span class='ocrx_word' id='word_1_33' title='bbox 1066 678 1159 731; x_wconf 81' lang='lat' dir='ltr'><strong>sed</strong></span> <span class='ocrx_word' id='word_1_34' title='bbox 1183 678 1267 746; x_wconf 90' lang='lat' dir='ltr'><strong>qui</strong></span> <span class='ocrx_word' id='word_1_35' title='bbox 1289 678 1588 729; x_wconf 87' lang='lat' dir='ltr'><strong>incremen-</strong></span> 
     </span>
    </p>
   </div>
   <div class='ocr_carea' id='block_1_6' title="bbox 5 768 1587 842">
    <p class='ocr_par' dir='ltr' id='par_1_6' title="bbox 5 768 1587 842">
     <span class='ocr_line' id='line_1_6' title="bbox 5 768 1587 842; baseline -0.003 -18"><span class='ocrx_word' id='word_1_36' title='bbox 5 787 99 827; x_wconf 78' lang='lat' dir='ltr'><strong>tum</strong></span> <span class='ocrx_word' id='word_1_37' title='bbox 131 775 220 825; x_wconf 82' lang='lat' dir='ltr'><strong>dat</strong></span> <span class='ocrx_word' id='word_1_38' title='bbox 256 773 398 824; x_wconf 76' lang='lat' dir='ltr'><strong>Deus</strong></span> <span class='ocrx_word' id='word_1_39' title='bbox 422 772 462 842; x_wconf 88' lang='lat' dir='ltr'><strong>(I</strong></span> <span class='ocrx_word' id='word_1_40' title='bbox 487 771 605 826; x_wconf 89' lang='lat' dir='ltr'><strong>Cor.</strong></span> <span class='ocrx_word' id='word_1_41' title='bbox 639 787 714 836; x_wconf 86' lang='lat' dir='ltr'><strong>tn,</strong></span> <span class='ocrx_word' id='word_1_42' title='bbox 742 770 815 840; x_wconf 82' lang='lat'><strong>7).</strong></span> <span class='ocrx_word' id='word_1_43' title='bbox 843 770 1018 835; x_wconf 76' lang='lat' dir='ltr'><strong>Quare</strong></span> <span class='ocrx_word' id='word_1_44' title='bbox 1043 769 1211 821; x_wconf 90' lang='lat' dir='ltr'><strong>habeo</strong></span> <span class='ocrx_word' id='word_1_45' title='bbox 1237 783 1404 829; x_wconf 77' lang='lat' dir='ltr'><strong>meas,</strong></span> <span class='ocrx_word' id='word_1_46' title='bbox 1424 768 1587 827; x_wconf 86' lang='lat' dir='ltr'><strong>habes</strong></span> 
     </span>
    </p>
   </div>
   <div class='ocr_carea' id='block_1_7' title="bbox 4 861 1585 929">
    <p class='ocr_par' dir='ltr' id='par_1_7' title="bbox 4 861 1585 929">
     <span class='ocr_line' id='line_1_7' title="bbox 4 861 1585 929; baseline -0.002 -14"><span class='ocrx_word' id='word_1_47' title='bbox 4 879 44 915; x_wconf 81' lang='lat' dir='ltr'><strong>tu</strong></span> <span class='ocrx_word' id='word_1_48' title='bbox 73 877 183 915; x_wconf 78' lang='lat' dir='ltr'><strong>tuas</strong></span> <span class='ocrx_word' id='word_1_49' title='bbox 206 865 227 917; x_wconf 70' lang='grc' dir='ltr'><em>ἲ</em></span> <span class='ocrx_word' id='word_1_50' title='bbox 253 863 309 918; x_wconf 93' lang='lat' dir='ltr'><strong>Si</strong></span> <span class='ocrx_word' id='word_1_51' title='bbox 343 864 410 916; x_wconf 91' lang='lat' dir='ltr'><strong>ibi</strong></span> <span class='ocrx_word' id='word_1_52' title='bbox 438 874 520 917; x_wconf 90' lang='lat' dir='ltr'><strong>est</strong></span> <span class='ocrx_word' id='word_1_53' title='bbox 545 863 808 922; x_wconf 89' lang='lat' dir='ltr'><strong>Christus,</strong></span> <span class='ocrx_word' id='word_1_54' title='bbox 839 862 928 914; x_wconf 90' lang='lat' dir='ltr'><strong>illo</strong></span> <span class='ocrx_word' id='word_1_55' title='bbox 957 871 1082 914; x_wconf 88' lang='lat' dir='ltr'><strong>eant</strong></span> <span class='ocrx_word' id='word_1_56' title='bbox 1109 875 1273 924; x_wconf 70' lang='lat' dir='ltr'><strong>meze,</strong></span> <span class='ocrx_word' id='word_1_57' title='bbox 1304 861 1428 929; x_wconf 83' lang='lat' dir='ltr'><strong>quia</strong></span> <span class='ocrx_word' id='word_1_58' title='bbox 1481 874 1585 912; x_wconf 89' lang='lat' dir='ltr'><strong>non</strong></span> 
     </span>
    </p>
   </div>
   <div class='ocr_carea' id='block_1_8' title="bbox 4 948 1587 1016">
    <p class='ocr_par' dir='ltr' id='par_1_8' title="bbox 4 948 1587 1016">
     <span class='ocr_line' id='line_1_8' title="bbox 4 948 1587 1016; baseline -0.004 -9"><span class='ocrx_word' id='word_1_59' title='bbox 4 965 110 1007; x_wconf 76' lang='lat' dir='ltr'><strong>sttui.</strong></span> <span class='ocrx_word' id='word_1_60' title='bbox 142 970 279 1008; x_wconf 77' lang='lat' dir='ltr'><strong>mea:</strong></span> <span class='ocrx_word' id='word_1_61' title='bbox 309 972 324 1010; x_wconf 75' lang='grc' dir='ltr'>ε</span> <span class='ocrx_word' id='word_1_62' title='bbox 351 955 394 1008; x_wconf 90' lang='lat' dir='ltr'><strong>si</strong></span> <span class='ocrx_word' id='word_1_63' title='bbox 439 954 525 1006; x_wconf 90' lang='lat' dir='ltr'><strong>hic</strong></span> <span class='ocrx_word' id='word_1_64' title='bbox 555 964 634 1007; x_wconf 89' lang='lat' dir='ltr'><strong>est</strong></span> <span class='ocrx_word' id='word_1_65' title='bbox 672 953 934 1010; x_wconf 79' lang='lat' dir='ltr'><strong>Christus.</strong></span> <span class='ocrx_word' id='word_1_66' title='bbox 970 951 1072 1004; x_wconf 90' lang='lat' dir='ltr'><strong>huc</strong></span> <span class='ocrx_word' id='word_1_67' title='bbox 1116 958 1241 1003; x_wconf 86' lang='lat' dir='ltr'><strong>eant</strong></span> <span class='ocrx_word' id='word_1_68' title='bbox 1285 959 1409 1013; x_wconf 68' lang='lat' dir='ltr'><strong>tute,</strong></span> <span class='ocrx_word' id='word_1_69' title='bbox 1464 948 1587 1016; x_wconf 87' lang='lat' dir='ltr'><strong>quia</strong></span> 
     </span>
    </p>
   </div>
   <div class='ocr_carea' id='block_1_9' title="bbox 4 1039 1586 1112">
    <p class='ocr_par' dir='ltr' id='par_1_9' title="bbox 4 1039 1586 1112">
     <span class='ocr_line' id='line_1_9' title="bbox 4 1039 1586 1112; baseline -0.004 -15"><span class='ocrx_word' id='word_1_70' title='bbox 4 1064 92 1098; x_wconf 84' lang='lat' dir='ltr'><strong>non</strong></span> <span class='ocrx_word' id='word_1_71' title='bbox 123 1057 253 1099; x_wconf 89' lang='lat' dir='ltr'><strong>sunt</strong></span> <span class='ocrx_word' id='word_1_72' title='bbox 278 1058 404 1100; x_wconf 65' lang='lat' dir='ltr'><strong>tum.</strong></span> <span class='ocrx_word' id='word_1_73' title='bbox 435 1046 662 1112; x_wconf 81' lang='lat' dir='ltr'><strong>Propter</strong></span> <span class='ocrx_word' id='word_1_74' title='bbox 698 1043 1065 1112; x_wconf 79' lang='lat' dir='ltr'><strong>possessiones</strong></span> <span class='ocrx_word' id='word_1_75' title='bbox 1095 1042 1404 1094; x_wconf 75' lang='lat' dir='ltr'><strong>osculcntur</strong></span> <span class='ocrx_word' id='word_1_76' title='bbox 1434 1039 1586 1092; x_wconf 73' lang='lat' dir='ltr'><strong>nobis</strong></span> 
     </span>
    </p>
   </div>
   <div class='ocr_carea' id='block_1_10' title="bbox 4 1131 1586 1206">
    <p class='ocr_par' dir='ltr' id='par_1_10' title="bbox 4 1131 1586 1206">
     <span class='ocr_line' id='line_1_10' title="bbox 4 1131 1586 1206; baseline -0.003 -18"><span class='ocrx_word' id='word_1_77' title='bbox 4 1146 147 1206; x_wconf 74' lang='lat' dir='ltr'><strong>caput</strong></span> <span class='ocrx_word' id='word_1_78' title='bbox 175 1147 230 1190; x_wconf 91' lang='lat' dir='ltr'><strong>ct</strong></span> <span class='ocrx_word' id='word_1_79' title='bbox 255 1152 470 1199; x_wconf 84' lang='lat' dir='ltr'><strong>manus,</strong></span> <span class='ocrx_word' id='word_1_80' title='bbox 503 1145 557 1188; x_wconf 91' lang='lat' dir='ltr'><strong>et</strong></span> <span class='ocrx_word' id='word_1_81' title='bbox 579 1144 796 1204; x_wconf 88' lang='lat' dir='ltr'><strong>pereant</strong></span> <span class='ocrx_word' id='word_1_82' title='bbox 823 1134 840 1164; x_wconf 75' lang='grc' dir='ltr'>ί</span> <span class='ocrx_word' id='word_1_83' title='bbox 877 1133 967 1186; x_wconf 81' lang='lat' dir='ltr'><strong>lilii</strong></span> <span class='ocrx_word' id='word_1_84' title='bbox 994 1133 1172 1185; x_wconf 86' lang='lat' dir='ltr'><strong>alieni.</strong></span> <span class='ocrx_word' id='word_1_85' title='bbox 1213 1131 1324 1184; x_wconf 78' lang='lat' dir='ltr'><strong>Non</strong></span> <span class='ocrx_word' id='word_1_86' title='bbox 1357 1141 1437 1184; x_wconf 87' lang='lat' dir='ltr'><strong>est</strong></span> <span class='ocrx_word' id='word_1_87' title='bbox 1470 1144 1586 1183; x_wconf 88' lang='lat' dir='ltr'><strong>mea</strong></span> 
     </span>
    </p>
   </div>
   <div class='ocr_carea' id='block_1_11' title="bbox 4 1223 1587 1298">
    <p class='ocr_par' dir='ltr' id='par_1_11' title="bbox 4 1223 1587 1298">
     <span class='ocr_line' id='line_1_11' title="bbox 4 1223 1587 1298; baseline -0.005 -16"><span class='ocrx_word' id='word_1_88' title='bbox 4 1245 80 1298; x_wconf 73' lang='lat' dir='ltr'><strong>pos</strong></span> <span class='ocrx_word' id='word_1_89' title='bbox 101 1230 283 1294; x_wconf 75' lang='lat' dir='ltr'><strong>&#39;-essio,</strong></span> <span class='ocrx_word' id='word_1_90' title='bbox 318 1229 510 1298; x_wconf 91' lang='lat' dir='ltr'><strong>inquit.</strong></span> <span class='ocrx_word' id='word_1_91' title='bbox 545 1226 679 1294; x_wconf 85' lang='lat' dir='ltr'><strong>Quid</strong></span> <span class='ocrx_word' id='word_1_92' title='bbox 702 1224 937 1281; x_wconf 78' lang='lat' dir='ltr'><strong>esthoc?</strong></span> <span class='ocrx_word' id='word_1_93' title='bbox 969 1224 1253 1277; x_wconf 80' lang='lat' dir='ltr'><strong>Videamus</strong></span> <span class='ocrx_word' id='word_1_94' title='bbox 1296 1223 1338 1275; x_wconf 92' lang='lat' dir='ltr'><strong>si</strong></span> <span class='ocrx_word' id='word_1_95' title='bbox 1374 1239 1477 1276; x_wconf 91' lang='lat' dir='ltr'><strong>non</strong></span> <span class='ocrx_word' id='word_1_96' title='bbox 1505 1231 1587 1274; x_wconf 90' lang='lat' dir='ltr'><strong>est</strong></span> 
     </span>
    </p>
   </div>
   <div class='ocr_carea' id='block_1_12' title="bbox 4 1313 1584 1387">
    <p class='ocr_par' dir='ltr' id='par_1_12' title="bbox 4 1313 1584 1387">
     <span class='ocr_line' id='line_1_12' title="bbox 4 1313 1584 1387; baseline -0.004 -16"><span class='ocrx_word' id='word_1_97' title='bbox 4 1333 77 1372; x_wconf 85' lang='lat' dir='ltr'><strong>tua</strong></span> <span class='ocrx_word' id='word_1_98' title='bbox 109 1319 408 1387; x_wconf 77' lang='lat' dir='ltr'><strong>possessio,</strong></span> <span class='ocrx_word' id='word_1_99' title='bbox 442 1317 717 1372; x_wconf 81' lang='lat' dir='ltr'><strong>videamus</strong></span> <span class='ocrx_word' id='word_1_100' title='bbox 747 1317 791 1369; x_wconf 89' lang='lat' dir='ltr'><strong>si</strong></span> <span class='ocrx_word' id='word_1_101' title='bbox 830 1330 932 1368; x_wconf 91' lang='lat' dir='ltr'><strong>non</strong></span> <span class='ocrx_word' id='word_1_102' title='bbox 978 1315 1120 1368; x_wconf 92' lang='lat' dir='ltr'><strong>illam</strong></span> <span class='ocrx_word' id='word_1_103' title='bbox 1182 1314 1271 1366; x_wconf 82' lang='lat' dir='ltr'><strong>libi</strong></span> <span class='ocrx_word' id='word_1_104' title='bbox 1327 1313 1584 1366; x_wconf 79' lang='lat' dir='ltr'><strong>vindicas.</strong></span> 
     </span>
    </p>
   </div>
   <div class='ocr_carea' id='block_1_13' title="bbox 4 1401 1580 1477">
    <p class='ocr_par' dir='ltr' id='par_1_13' title="bbox 4 1401 1580 1477">
     <span class='ocr_line' id='line_1_13' title="bbox 4 1401 1580 1477; baseline -0.004 -16"><span class='ocrx_word' id='word_1_105' title='bbox 4 1409 97 1477; x_wconf 80' lang='lat' dir='ltr'><strong>Ego</strong></span> <span class='ocrx_word' id='word_1_106' title='bbox 118 1408 324 1461; x_wconf 91' lang='lat' dir='ltr'><strong>nomini</strong></span> <span class='ocrx_word' id='word_1_107' title='bbox 354 1407 557 1462; x_wconf 91' lang='lat' dir='ltr'><strong>Christi</strong></span> <span class='ocrx_word' id='word_1_108' title='bbox 579 1407 781 1469; x_wconf 87' lang='lat' dir='ltr'><strong>laboro,</strong></span> <span class='ocrx_word' id='word_1_109' title='bbox 817 1416 871 1459; x_wconf 94' lang='lat' dir='ltr'><strong>tu</strong></span> <span class='ocrx_word' id='word_1_110' title='bbox 894 1405 1094 1458; x_wconf 85' lang='lat' dir='ltr'><strong>nomini</strong></span> <span class='ocrx_word' id='word_1_111' title='bbox 1131 1403 1339 1457; x_wconf 90' lang='lat' dir='ltr'><strong>Donati.</strong></span> <span class='ocrx_word' id='word_1_112' title='bbox 1378 1401 1510 1456; x_wconf 87' lang='lat' dir='ltr'><strong>Nam</strong></span> <span class='ocrx_word' id='word_1_113' title='bbox 1537 1402 1580 1455; x_wconf 90' lang='lat' dir='ltr'><strong>si</strong></span> 
     </span>
    </p>
   </div>
   <div class='ocr_carea' id='block_1_14' title="bbox 4 1493 1581 1566">
    <p class='ocr_par' dir='ltr' id='par_1_14' title="bbox 4 1493 1581 1566">
     <span class='ocr_line' id='line_1_14' title="bbox 4 1493 1581 1566; baseline -0.004 -15"><span class='ocrx_word' id='word_1_114' title='bbox 4 1499 258 1565; x_wconf 69' lang='lat' dir='ltr'><strong>Christum</strong></span> <span class='ocrx_word' id='word_1_115' title='bbox 291 1497 566 1563; x_wconf 88' lang='lat' dir='ltr'><strong>attendas,</strong></span> <span class='ocrx_word' id='word_1_116' title='bbox 609 1496 805 1566; x_wconf 90' lang='lat' dir='ltr'><strong>ubique</strong></span> <span class='ocrx_word' id='word_1_117' title='bbox 849 1507 932 1549; x_wconf 88' lang='lat' dir='ltr'><strong>est</strong></span> <span class='ocrx_word' id='word_1_118' title='bbox 978 1493 1243 1548; x_wconf 78' lang='lat' dir='ltr'><strong>Christus.</strong></span> <span class='ocrx_word' id='word_1_119' title='bbox 1296 1493 1374 1546; x_wconf 88' lang='lat' dir='ltr'><strong>Tu</strong></span> <span class='ocrx_word' id='word_1_120' title='bbox 1427 1493 1581 1557; x_wconf 89' lang='lat' dir='ltr'><strong>dicis,</strong></span> 
     </span>
    </p>
   </div>
   <div class='ocr_carea' id='block_1_15' title="bbox 5 1584 1578 1661">
    <p class='ocr_par' dir='ltr' id='par_1_15' title="bbox 5 1584 1578 1661">
     <span class='ocr_line' id='line_1_15' title="bbox 5 1584 1578 1661; baseline -0.004 -18"><span class='ocrx_word' id='word_1_121' title='bbox 5 1592 123 1644; x_wconf 79' lang='lat' dir='ltr'><strong>Ecce</strong></span> <span class='ocrx_word' id='word_1_122' title='bbox 150 1591 239 1644; x_wconf 89' lang='lat' dir='ltr'><strong>hic</strong></span> <span class='ocrx_word' id='word_1_123' title='bbox 265 1599 351 1644; x_wconf 88' lang='lat' dir='ltr'><strong>est</strong></span> <span class='ocrx_word' id='word_1_124' title='bbox 375 1589 620 1643; x_wconf 81' lang='lat' dir='ltr'><strong>Christus</strong></span> <span class='ocrx_word' id='word_1_125' title='bbox 670 1587 882 1661; x_wconf 76' lang='lat' dir='ltr'><strong>(Matth.</strong></span> <span class='ocrx_word' id='word_1_126' title='bbox 921 1602 1072 1650; x_wconf 76' lang='lat' dir='ltr'><strong>xxw,</strong></span> <span class='ocrx_word' id='word_1_127' title='bbox 1119 1585 1210 1654; x_wconf 72' lang='lat'><strong>2&#39;5)</strong></span> <span class='ocrx_word' id='word_1_128' title='bbox 1244 1602 1254 1637; x_wconf 91' lang='lat'>:</span> <span class='ocrx_word' id='word_1_129' title='bbox 1294 1601 1392 1654; x_wconf 89' lang='lat' dir='ltr'><strong>ego</strong></span> <span class='ocrx_word' id='word_1_130' title='bbox 1420 1584 1540 1638; x_wconf 85' lang='lat' dir='ltr'><strong>dico</strong></span> <span class='ocrx_word' id='word_1_131' title='bbox 1565 1626 1578 1647; x_wconf 92' lang='lat'><strong>,</strong></span> 
     </span>
    </p>
   </div>
   <div class='ocr_carea' id='block_1_16' title="bbox 9 1677 1587 1749">
    <p class='ocr_par' dir='ltr' id='par_1_16' title="bbox 9 1677 1587 1749">
     <span class='ocr_line' id='line_1_16' title="bbox 9 1677 1587 1749; baseline -0.003 -14"><span class='ocrx_word' id='word_1_132' title='bbox 9 1682 93 1735; x_wconf 85' lang='lat' dir='ltr'><strong>Per</strong></span> <span class='ocrx_word' id='word_1_133' title='bbox 121 1691 292 1735; x_wconf 85' lang='lat' dir='ltr'><strong>totum</strong></span> <span class='ocrx_word' id='word_1_134' title='bbox 344 1693 449 1735; x_wconf 91' lang='lat' dir='ltr'><strong>est.</strong></span> <span class='ocrx_word' id='word_1_135' title='bbox 496 1680 749 1745; x_wconf 85' lang='lat' dir='ltr'><strong>Laudate,</strong></span> <span class='ocrx_word' id='word_1_136' title='bbox 783 1680 953 1749; x_wconf 90' lang='lat' dir='ltr'><strong>pueri,</strong></span> <span class='ocrx_word' id='word_1_137' title='bbox 1009 1679 1322 1743; x_wconf 79' lang='lat' dir='ltr'><strong>Dominum,</strong></span> <span class='ocrx_word' id='word_1_138' title='bbox 1375 1677 1587 1730; x_wconf 88' lang='lat' dir='ltr'><strong>laudate</strong></span> 
     </span>
    </p>
   </div>
   <div class='ocr_carea' id='block_1_17' title="bbox 4 1767 1598 1838">
    <p class='ocr_par' dir='ltr' id='par_1_17' title="bbox 4 1767 1598 1838">
     <span class='ocr_line' id='line_1_17' title="bbox 4 1767 1598 1838; baseline -0.004 -13"><span class='ocrx_word' id='word_1_139' title='bbox 4 1787 178 1826; x_wconf 81' lang='lat' dir='ltr'><strong>nomen</strong></span> <span class='ocrx_word' id='word_1_140' title='bbox 209 1772 446 1825; x_wconf 84' lang='lat' dir='ltr'><strong>Domini.</strong></span> <span class='ocrx_word' id='word_1_141' title='bbox 505 1769 655 1826; x_wconf 87' lang='lat' dir='ltr'><strong>Unde</strong></span> <span class='ocrx_word' id='word_1_142' title='bbox 702 1769 957 1824; x_wconf 85' lang='lat' dir='ltr'><strong>laudant?</strong></span> <span class='ocrx_word' id='word_1_143' title='bbox 1003 1767 1288 1838; x_wconf 89' lang='lat' dir='ltr'><strong>Usqueqno</strong></span> <span class='ocrx_word' id='word_1_144' title='bbox 1330 1767 1598 1820; x_wconf 88' lang='lat' dir='ltr'><strong>laudant?-</strong></span> 
     </span>
    </p>
   </div>
   <div class='ocr_carea' id='block_1_18' title="bbox 5 1861 1587 1932">
    <p class='ocr_par' dir='ltr' id='par_1_18' title="bbox 5 1861 1587 1932">
     <span class='ocr_line' id='line_1_18' title="bbox 5 1861 1587 1932; baseline -0.003 -16"><span class='ocrx_word' id='word_1_145' title='bbox 5 1869 40 1917; x_wconf 69' lang='grc' dir='ltr'>Δ</span> <span class='ocrx_word' id='word_1_146' title='bbox 63 1866 186 1917; x_wconf 87' lang='lat' dir='ltr'><strong>solis</strong></span> <span class='ocrx_word' id='word_1_147' title='bbox 218 1873 344 1917; x_wconf 87' lang='lat' dir='ltr'><strong>ortu</strong></span> <span class='ocrx_word' id='word_1_148' title='bbox 377 1877 548 1932; x_wconf 87' lang='lat' dir='ltr'><strong>usque</strong></span> <span class='ocrx_word' id='word_1_149' title='bbox 576 1862 642 1916; x_wconf 85' lang='lat' dir='ltr'><strong>ad</strong></span> <span class='ocrx_word' id='word_1_150' title='bbox 667 1876 915 1916; x_wconf 84' lang='lat' dir='ltr'><strong>occasum</strong></span> <span class='ocrx_word' id='word_1_151' title='bbox 945 1862 1153 1914; x_wconf 76' lang='lat' dir='ltr'><strong>laudate</strong></span> <span class='ocrx_word' id='word_1_152' title='bbox 1181 1876 1375 1914; x_wconf 85' lang='lat' dir='ltr'><strong>nomen</strong></span> <span class='ocrx_word' id='word_1_153' title='bbox 1406 1861 1587 1913; x_wconf 84' lang='lat' dir='ltr'><strong>Domi-</strong></span> 
     </span>
    </p>
   </div>
   <div class='ocr_carea' id='block_1_19' title="bbox 4 1952 1589 2024">
    <p class='ocr_par' dir='ltr' id='par_1_19' title="bbox 4 1952 1589 2024">
     <span class='ocr_line' id='line_1_19' title="bbox 4 1952 1589 2024; baseline -0.003 -14"><span class='ocrx_word' id='word_1_154' title='bbox 4 1958 44 2010; x_wconf 86' lang='lat' dir='ltr'><strong>ni</strong></span> <span class='ocrx_word' id='word_1_155' title='bbox 73 1955 242 2023; x_wconf 76' lang='grc' dir='ltr'><strong>(Ρεαι.</strong></span> <span class='ocrx_word' id='word_1_156' title='bbox 267 1971 402 2021; x_wconf 78' lang='lat' dir='ltr'><strong>cxn,</strong></span> <span class='ocrx_word' id='word_1_157' title='bbox 433 1953 510 2022; x_wconf 81' lang='grc'><strong>1).</strong></span> <span class='ocrx_word' id='word_1_158' title='bbox 537 1953 676 2009; x_wconf 87' lang='lat' dir='ltr'><strong>Ecce</strong></span> <span class='ocrx_word' id='word_1_159' title='bbox 706 1969 864 2024; x_wconf 89' lang='lat' dir='ltr'><strong>quam</strong></span> <span class='ocrx_word' id='word_1_160' title='bbox 887 1953 1176 2008; x_wconf 87' lang='lat' dir='ltr'><strong>Ecclesiam</strong></span> <span class='ocrx_word' id='word_1_161' title='bbox 1197 1952 1442 2016; x_wconf 88' lang='lat' dir='ltr'><strong>ostendo,</strong></span> <span class='ocrx_word' id='word_1_162' title='bbox 1462 1967 1589 2006; x_wconf 90' lang='lat' dir='ltr'><strong>ecce</strong></span> 
     </span>
    </p>
   </div>
   <div class='ocr_carea' id='block_1_20' title="bbox 4 2044 1586 2115">
    <p class='ocr_par' dir='ltr' id='par_1_20' title="bbox 4 2044 1586 2115">
     <span class='ocr_line' id='line_1_20' title="bbox 4 2044 1586 2115; baseline -0.001 -17"><span class='ocrx_word' id='word_1_163' title='bbox 4 2047 111 2115; x_wconf 82' lang='lat' dir='ltr'><strong>quid</strong></span> <span class='ocrx_word' id='word_1_164' title='bbox 140 2047 272 2100; x_wconf 88' lang='lat' dir='ltr'><strong>emit</strong></span> <span class='ocrx_word' id='word_1_165' title='bbox 298 2045 570 2110; x_wconf 86' lang='lat' dir='ltr'><strong>Christus,</strong></span> <span class='ocrx_word' id='word_1_166' title='bbox 599 2060 725 2100; x_wconf 83' lang='lat' dir='ltr'><strong>ecce</strong></span> <span class='ocrx_word' id='word_1_167' title='bbox 750 2045 876 2114; x_wconf 87' lang='lat' dir='ltr'><strong>quid</strong></span> <span class='ocrx_word' id='word_1_168' title='bbox 903 2044 1159 2105; x_wconf 89' lang='lat' dir='ltr'><strong>redemit,</strong></span> <span class='ocrx_word' id='word_1_169' title='bbox 1189 2057 1314 2098; x_wconf 87' lang='lat' dir='ltr'><strong>ecce</strong></span> <span class='ocrx_word' id='word_1_170' title='bbox 1354 2059 1449 2112; x_wconf 90' lang='lat' dir='ltr'><strong>pro</strong></span> <span class='ocrx_word' id='word_1_171' title='bbox 1480 2057 1586 2112; x_wconf 92' lang='lat' dir='ltr'><strong>quo</strong></span> 
     </span>
    </p>
   </div>
   <div class='ocr_carea' id='block_1_21' title="bbox 4 2133 1587 2204">
    <p class='ocr_par' dir='ltr' id='par_1_21' title="bbox 4 2133 1587 2204">
     <span class='ocr_line' id='line_1_21' title="bbox 4 2133 1587 2204; baseline -0.003 -14"><span class='ocrx_word' id='word_1_172' title='bbox 4 2137 301 2204; x_wconf 75' lang='lat' dir='ltr'><strong>sanguinem</strong></span> <span class='ocrx_word' id='word_1_173' title='bbox 333 2136 503 2190; x_wconf 88' lang='lat' dir='ltr'><strong>dedit.</strong></span> <span class='ocrx_word' id='word_1_174' title='bbox 537 2135 643 2188; x_wconf 90' lang='lat' dir='ltr'><strong>Sed</strong></span> <span class='ocrx_word' id='word_1_175' title='bbox 675 2143 727 2189; x_wconf 91' lang='lat' dir='ltr'><strong>tu</strong></span> <span class='ocrx_word' id='word_1_176' title='bbox 756 2134 877 2204; x_wconf 92' lang='lat' dir='ltr'><strong>quid</strong></span> <span class='ocrx_word' id='word_1_177' title='bbox 905 2133 1077 2188; x_wconf 88' lang='lat' dir='ltr'><strong>dicis?</strong></span> <span class='ocrx_word' id='word_1_178' title='bbox 1108 2133 1172 2186; x_wconf 84' lang='lat' dir='ltr'><strong>Et</strong></span> <span class='ocrx_word' id='word_1_179' title='bbox 1210 2148 1309 2200; x_wconf 84' lang='lat' dir='ltr'><strong>ego</strong></span> <span class='ocrx_word' id='word_1_180' title='bbox 1337 2133 1409 2185; x_wconf 91' lang='lat' dir='ltr'><strong>illi</strong></span> <span class='ocrx_word' id='word_1_181' title='bbox 1436 2133 1587 2186; x_wconf 90' lang='lat' dir='ltr'><strong>colli-</strong></span> 
     </span>
    </p>
   </div>
   <div class='ocr_carea' id='block_1_22' title="bbox 4 2221 1587 2295">
    <p class='ocr_par' dir='ltr' id='par_1_22' title="bbox 4 2221 1587 2295">
     <span class='ocr_line' id='line_1_22' title="bbox 4 2221 1587 2295; baseline -0.002 -16"><span class='ocrx_word' id='word_1_182' title='bbox 4 2243 74 2293; x_wconf 71' lang='lat' dir='ltr'><strong>go.</strong></span> <span class='ocrx_word' id='word_1_183' title='bbox 99 2228 197 2292; x_wconf 71' lang='lat' dir='ltr'><strong>Qui</strong></span> <span class='ocrx_word' id='word_1_184' title='bbox 222 2243 440 2287; x_wconf 76' lang='lat' dir='ltr'><strong>mecum,</strong></span> <span class='ocrx_word' id='word_1_185' title='bbox 467 2225 656 2295; x_wconf 79' lang='lat' dir='ltr'><strong>inquit,</strong></span> <span class='ocrx_word' id='word_1_186' title='bbox 687 2241 785 2278; x_wconf 88' lang='lat' dir='ltr'><strong>non</strong></span> <span class='ocrx_word' id='word_1_187' title='bbox 806 2226 1018 2294; x_wconf 79' lang='lat' dir='ltr'><strong>colligit,</strong></span> <span class='ocrx_word' id='word_1_188' title='bbox 1036 2223 1229 2292; x_wconf 80' lang='lat' dir='ltr'><strong>spargit</strong></span> <span class='ocrx_word' id='word_1_189' title='bbox 1248 2221 1462 2292; x_wconf 81' lang='lat' dir='ltr'><strong>(Matth.</strong></span> <span class='ocrx_word' id='word_1_190' title='bbox 1488 2238 1587 2289; x_wconf 80' lang='lat' dir='ltr'><strong>xu,</strong></span> 
     </span>
    </p>
   </div>
   <div class='ocr_carea' id='block_1_23' title="bbox 4 2311 1590 2385">
    <p class='ocr_par' dir='ltr' id='par_1_23' title="bbox 4 2311 1590 2385">
     <span class='ocr_line' id='line_1_23' title="bbox 4 2311 1590 2385; baseline -0.003 -14"><span class='ocrx_word' id='word_1_191' title='bbox 4 2320 103 2385; x_wconf 77' lang='lat'><strong>50).</strong></span> <span class='ocrx_word' id='word_1_192' title='bbox 138 2316 342 2370; x_wconf 84' lang='lat' dir='ltr'><strong>Dividis</strong></span> <span class='ocrx_word' id='word_1_193' title='bbox 391 2316 668 2378; x_wconf 85' lang='lat' dir='ltr'><strong>unitatem,</strong></span> <span class='ocrx_word' id='word_1_194' title='bbox 702 2315 1070 2384; x_wconf 88' lang='lat' dir='ltr'><strong>possessiones</strong></span> <span class='ocrx_word' id='word_1_195' title='bbox 1116 2319 1233 2367; x_wconf 85' lang='lat' dir='ltr'><strong>tuas</strong></span> <span class='ocrx_word' id='word_1_196' title='bbox 1275 2313 1490 2381; x_wconf 69' lang='lat' dir='ltr'><strong>quaeris.</strong></span> <span class='ocrx_word' id='word_1_197' title='bbox 1524 2311 1590 2366; x_wconf 85' lang='lat' dir='ltr'><strong>Et</strong></span> 
     </span>
    </p>
   </div>
   <div class='ocr_carea' id='block_1_24' title="bbox 4 2403 1588 2479">
    <p class='ocr_par' dir='ltr' id='par_1_24' title="bbox 4 2403 1588 2479">
     <span class='ocr_line' id='line_1_24' title="bbox 4 2403 1588 2479; baseline -0.004 -17"><span class='ocrx_word' id='word_1_198' title='bbox 4 2425 155 2479; x_wconf 86' lang='lat' dir='ltr'><strong>quare</strong></span> <span class='ocrx_word' id='word_1_199' title='bbox 186 2409 390 2464; x_wconf 79' lang='lat' dir='ltr'><strong>habent</strong></span> <span class='ocrx_word' id='word_1_200' title='bbox 440 2422 634 2462; x_wconf 86' lang='lat' dir='ltr'><strong>nomen</strong></span> <span class='ocrx_word' id='word_1_201' title='bbox 680 2406 916 2461; x_wconf 85' lang='lat' dir='ltr'><strong>Christi?</strong></span> <span class='ocrx_word' id='word_1_202' title='bbox 948 2405 1080 2471; x_wconf 85' lang='lat' dir='ltr'><strong>Quia</strong></span> <span class='ocrx_word' id='word_1_203' title='bbox 1117 2403 1184 2457; x_wconf 90' lang='lat' dir='ltr'><strong>ad</strong></span> <span class='ocrx_word' id='word_1_204' title='bbox 1225 2404 1588 2458; x_wconf 77' lang='lat' dir='ltr'><strong>defensionem</strong></span> 
     </span>
    </p>
   </div>
   <div class='ocr_carea' id='block_1_25' title="bbox 4 2497 1590 2570">
    <p class='ocr_par' dir='ltr' id='par_1_25' title="bbox 4 2497 1590 2570">
     <span class='ocr_line' id='line_1_25' title="bbox 4 2497 1590 2570; baseline -0.001 -16"><span class='ocrx_word' id='word_1_205' title='bbox 4 2502 348 2570; x_wconf 80' lang='lat' dir='ltr'><strong>possessionis</strong></span> <span class='ocrx_word' id='word_1_206' title='bbox 388 2512 494 2554; x_wconf 69' lang='lat' dir='ltr'><strong>tua:</strong></span> <span class='ocrx_word' id='word_1_207' title='bbox 525 2500 707 2553; x_wconf 87' lang='lat' dir='ltr'><strong>titulos</strong></span> <span class='ocrx_word' id='word_1_208' title='bbox 745 2499 941 2552; x_wconf 89' lang='lat' dir='ltr'><strong>Christi</strong></span> <span class='ocrx_word' id='word_1_209' title='bbox 989 2498 1231 2566; x_wconf 90' lang='lat' dir='ltr'><strong>posuisti.</strong></span> <span class='ocrx_word' id='word_1_210' title='bbox 1266 2497 1454 2550; x_wconf 82' lang='lat' dir='ltr'><strong>Nonne</strong></span> <span class='ocrx_word' id='word_1_211' title='bbox 1488 2500 1590 2552; x_wconf 88' lang='lat' dir='ltr'><strong>hoc</strong></span> 
     </span>
    </p>
   </div>
   <div class='ocr_carea' id='block_1_26' title="bbox 4 2589 1593 2658">
    <p class='ocr_par' dir='ltr' id='par_1_26' title="bbox 4 2589 1593 2658">
     <span class='ocr_line' id='line_1_26' title="bbox 4 2589 1593 2658; baseline -0.003 -12"><span class='ocrx_word' id='word_1_212' title='bbox 4 2594 191 2647; x_wconf 66' lang='lat' dir='ltr'><strong>faciunt</strong></span> <span class='ocrx_word' id='word_1_213' title='bbox 235 2593 484 2647; x_wconf 84' lang='lat' dir='ltr'><strong>nonnulli</strong></span> <span class='ocrx_word' id='word_1_214' title='bbox 513 2593 564 2644; x_wconf 93' lang='lat' dir='ltr'><strong>in</strong></span> <span class='ocrx_word' id='word_1_215' title='bbox 601 2592 759 2646; x_wconf 89' lang='lat' dir='ltr'><strong>domo</strong></span> <span class='ocrx_word' id='word_1_216' title='bbox 787 2591 922 2643; x_wconf 87' lang='lat' dir='ltr'><strong>sua?</strong></span> <span class='ocrx_word' id='word_1_217' title='bbox 951 2590 1024 2644; x_wconf 80' lang='lat' dir='ltr'><strong>Ne</strong></span> <span class='ocrx_word' id='word_1_218' title='bbox 1052 2589 1272 2643; x_wconf 89' lang='lat' dir='ltr'><strong>domum</strong></span> <span class='ocrx_word' id='word_1_219' title='bbox 1306 2589 1472 2658; x_wconf 87' lang='lat' dir='ltr'><strong>ipsius</strong></span> <span class='ocrx_word' id='word_1_220' title='bbox 1510 2589 1593 2643; x_wconf 88' lang='lat' dir='ltr'><strong>in-</strong></span> 
     </span>
    </p>
   </div>
   <div class='ocr_carea' id='block_1_27' title="bbox 4 2682 1592 2754">
    <p class='ocr_par' dir='ltr' id='par_1_27' title="bbox 4 2682 1592 2754">
     <span class='ocr_line' id='line_1_27' title="bbox 4 2682 1592 2754; baseline 0.001 -20"><span class='ocrx_word' id='word_1_221' title='bbox 4 2685 143 2738; x_wconf 79' lang='lat' dir='ltr'><strong>vadat</strong></span> <span class='ocrx_word' id='word_1_222' title='bbox 172 2685 373 2754; x_wconf 81' lang='lat' dir='ltr'><strong>aliquis</strong></span> <span class='ocrx_word' id='word_1_223' title='bbox 403 2693 614 2753; x_wconf 89' lang='lat' dir='ltr'><strong>potens,</strong></span> <span class='ocrx_word' id='word_1_224' title='bbox 647 2684 790 2752; x_wconf 84' lang='lat' dir='ltr'><strong>ponit</strong></span> <span class='ocrx_word' id='word_1_225' title='bbox 817 2683 885 2736; x_wconf 91' lang='lat' dir='ltr'><strong>ibi</strong></span> <span class='ocrx_word' id='word_1_226' title='bbox 917 2682 1099 2735; x_wconf 90' lang='lat' dir='ltr'><strong>titulos</strong></span> <span class='ocrx_word' id='word_1_227' title='bbox 1128 2684 1384 2751; x_wconf 88' lang='lat' dir='ltr'><strong>potentis,</strong></span> <span class='ocrx_word' id='word_1_228' title='bbox 1410 2682 1592 2735; x_wconf 84' lang='lat' dir='ltr'><strong>titulos</strong></span> 
     </span>
    </p>
   </div>
   <div class='ocr_carea' id='block_1_28' title="bbox 4 2774 1591 2846">
    <p class='ocr_par' dir='ltr' id='par_1_28' title="bbox 4 2774 1591 2846">
     <span class='ocr_line' id='line_1_28' title="bbox 4 2774 1591 2846; baseline -0.003 -14"><span class='ocrx_word' id='word_1_229' title='bbox 4 2780 296 2833; x_wconf 78' lang='lat' dir='ltr'><strong>mendaces.</strong></span> <span class='ocrx_word' id='word_1_230' title='bbox 323 2778 442 2846; x_wconf 88' lang='lat' dir='ltr'><strong>lpse</strong></span> <span class='ocrx_word' id='word_1_231' title='bbox 466 2778 576 2830; x_wconf 89' lang='lat' dir='ltr'><strong>vult</strong></span> <span class='ocrx_word' id='word_1_232' title='bbox 596 2792 715 2832; x_wconf 89' lang='lat' dir='ltr'><strong>esse</strong></span> <span class='ocrx_word' id='word_1_233' title='bbox 743 2790 1041 2845; x_wconf 87' lang='lat' dir='ltr'><strong>possessor,</strong></span> <span class='ocrx_word' id='word_1_234' title='bbox 1064 2783 1118 2828; x_wconf 89' lang='lat' dir='ltr'><strong>et</strong></span> <span class='ocrx_word' id='word_1_235' title='bbox 1147 2774 1376 2829; x_wconf 77' lang='lat' dir='ltr'><strong>frontem</strong></span> <span class='ocrx_word' id='word_1_236' title='bbox 1399 2775 1591 2828; x_wconf 90' lang='lat' dir='ltr'><strong>domus</strong></span> 
     </span>
    </p>
   </div>
   <div class='ocr_carea' id='block_1_29' title="bbox 4 2864 1592 2930">
    <p class='ocr_par' dir='ltr' id='par_1_29' title="bbox 4 2864 1592 2930">
     <span class='ocr_line' id='line_1_29' title="bbox 4 2864 1592 2930; baseline -0.003 -8"><span class='ocrx_word' id='word_1_237' title='bbox 4 2885 93 2923; x_wconf 68' lang='lat' dir='ltr'><strong>sua:</strong></span> <span class='ocrx_word' id='word_1_238' title='bbox 122 2871 234 2922; x_wconf 87' lang='lat' dir='ltr'><strong>vult</strong></span> <span class='ocrx_word' id='word_1_239' title='bbox 260 2869 328 2922; x_wconf 90' lang='lat' dir='ltr'><strong>de</strong></span> <span class='ocrx_word' id='word_1_240' title='bbox 358 2868 512 2921; x_wconf 89' lang='lat' dir='ltr'><strong>titulo</strong></span> <span class='ocrx_word' id='word_1_241' title='bbox 535 2867 708 2920; x_wconf 85' lang='lat' dir='ltr'><strong>alieno</strong></span> <span class='ocrx_word' id='word_1_242' title='bbox 731 2866 960 2930; x_wconf 89' lang='lat' dir='ltr'><strong>muniri;</strong></span> <span class='ocrx_word' id='word_1_243' title='bbox 993 2874 1048 2918; x_wconf 91' lang='lat' dir='ltr'><strong>ut</strong></span> <span class='ocrx_word' id='word_1_244' title='bbox 1067 2881 1187 2919; x_wconf 92' lang='lat' dir='ltr'><strong>cum</strong></span> <span class='ocrx_word' id='word_1_245' title='bbox 1221 2864 1403 2918; x_wconf 87' lang='lat' dir='ltr'><strong>titulus</strong></span> <span class='ocrx_word' id='word_1_246' title='bbox 1424 2864 1592 2918; x_wconf 84' lang='lat' dir='ltr'><strong>lectus</strong></span> 
     </span>
    </p>
   </div>
   <div class='ocr_carea' id='block_1_30' title="bbox 4 2955 1591 3027">
    <p class='ocr_par' dir='ltr' id='par_1_30' title="bbox 4 2955 1591 3027">
     <span class='ocr_line' id='line_1_30' title="bbox 4 2955 1591 3027; baseline -0.001 -15"><span class='ocrx_word' id='word_1_247' title='bbox 4 2961 162 3017; x_wconf 82' lang='lat' dir='ltr'><strong>luerit.</strong></span> <span class='ocrx_word' id='word_1_248' title='bbox 191 2959 522 3013; x_wconf 87' lang='lat' dir='ltr'><strong>conterritus</strong></span> <span class='ocrx_word' id='word_1_249' title='bbox 542 2958 662 3027; x_wconf 86' lang='lat' dir='ltr'><strong>quis</strong></span> <span class='ocrx_word' id='word_1_250' title='bbox 692 2957 927 3026; x_wconf 88' lang='lat' dir='ltr'><strong>potentia</strong></span> <span class='ocrx_word' id='word_1_251' title='bbox 954 2956 1208 3020; x_wconf 91' lang='lat' dir='ltr'><strong>nominis,</strong></span> <span class='ocrx_word' id='word_1_252' title='bbox 1239 2955 1502 3010; x_wconf 82' lang='lat' dir='ltr'><strong>abstineat</strong></span> <span class='ocrx_word' id='word_1_253' title='bbox 1533 2972 1591 3010; x_wconf 89' lang='lat' dir='ltr'><strong>se</strong></span> 
     </span>
    </p>
   </div>
   <div class='ocr_carea' id='block_1_31' title="bbox 4 3046 1593 3117">
    <p class='ocr_par' dir='ltr' id='par_1_31' title="bbox 4 3046 1593 3117">
     <span class='ocr_line' id='line_1_31' title="bbox 4 3046 1593 3117; baseline -0.001 -15"><span class='ocrx_word' id='word_1_254' title='bbox 4 3052 375 3105; x_wconf 59' lang='lat' dir='ltr'><strong>abinsasione.</strong></span> <span class='ocrx_word' id='word_1_255' title='bbox 429 3048 696 3103; x_wconf 85' lang='lat' dir='ltr'><strong>Fecerunt</strong></span> <span class='ocrx_word' id='word_1_256' title='bbox 730 3047 882 3112; x_wconf 90' lang='lat' dir='ltr'><strong>illud,</strong></span> <span class='ocrx_word' id='word_1_257' title='bbox 921 3046 1136 3117; x_wconf 87' lang='lat' dir='ltr'><strong>quando</strong></span> <span class='ocrx_word' id='word_1_258' title='bbox 1174 3046 1593 3101; x_wconf 78' lang='lat' dir='ltr'><strong>Maximianistas</strong></span> 
     </span>
    </p>
   </div>
   <div class='ocr_carea' id='block_1_32' title="bbox 4 3141 1590 3216">
    <p class='ocr_par' dir='ltr' id='par_1_32' title="bbox 4 3141 1590 3216">
     <span class='ocr_line' id='line_1_32' title="bbox 4 3141 1590 3216; baseline -0.006 -15"><span class='ocrx_word' id='word_1_259' title='bbox 4 3149 402 3203; x_wconf 78' lang='lat' dir='ltr'><strong>damnaverunt.</strong></span> <span class='ocrx_word' id='word_1_260' title='bbox 437 3145 674 3216; x_wconf 86' lang='lat' dir='ltr'><strong>Egerunt</strong></span> <span class='ocrx_word' id='word_1_261' title='bbox 703 3143 840 3214; x_wconf 88' lang='lat' dir='ltr'><strong>apud</strong></span> <span class='ocrx_word' id='word_1_262' title='bbox 866 3143 1096 3211; x_wconf 88' lang='lat' dir='ltr'><strong>judices,</strong></span> <span class='ocrx_word' id='word_1_263' title='bbox 1125 3151 1177 3196; x_wconf 91' lang='lat' dir='ltr'><strong>ct</strong></span> <span class='ocrx_word' id='word_1_264' title='bbox 1202 3141 1488 3196; x_wconf 90' lang='lat' dir='ltr'><strong>concilium</strong></span> <span class='ocrx_word' id='word_1_265' title='bbox 1516 3141 1590 3210; x_wconf 90' lang='lat' dir='ltr'><strong>(a)</strong></span> 
     </span>
    </p>
   </div>
   <div class='ocr_carea' id='block_1_33' title="bbox 4 3233 1591 3301">
    <p class='ocr_par' dir='ltr' id='par_1_33' title="bbox 4 3233 1591 3301">
     <span class='ocr_line' id='line_1_33' title="bbox 4 3233 1591 3301; baseline -0.002 -10"><span class='ocrx_word' id='word_1_266' title='bbox 4 3254 134 3293; x_wconf 77' lang='lat' dir='ltr'><strong>suum</strong></span> <span class='ocrx_word' id='word_1_267' title='bbox 164 3239 538 3294; x_wconf 84' lang='lat' dir='ltr'><strong>recitaverunt</strong></span> <span class='ocrx_word' id='word_1_268' title='bbox 567 3253 580 3290; x_wconf 91' lang='lat'>:</span> <span class='ocrx_word' id='word_1_269' title='bbox 617 3246 864 3301; x_wconf 87' lang='lat' dir='ltr'><strong>tanquam</strong></span> <span class='ocrx_word' id='word_1_270' title='bbox 913 3234 1093 3288; x_wconf 87' lang='lat' dir='ltr'><strong>titulos</strong></span> <span class='ocrx_word' id='word_1_271' title='bbox 1123 3233 1467 3287; x_wconf 90' lang='lat' dir='ltr'><strong>ostendentes</strong></span> <span class='ocrx_word' id='word_1_272' title='bbox 1493 3275 1508 3298; x_wconf 93' lang='lat'><strong>,</strong></span> <span class='ocrx_word' id='word_1_273' title='bbox 1533 3242 1591 3288; x_wconf 89' lang='lat' dir='ltr'><strong>ut</strong></span> 
     </span>
    </p>
   </div>
   <div class='ocr_carea' id='block_1_34' title="bbox 4 3327 1591 3403">
    <p class='ocr_par' dir='ltr' id='par_1_34' title="bbox 4 3327 1591 3403">
     <span class='ocr_line' id='line_1_34' title="bbox 4 3327 1591 3403; baseline -0.004 -16"><span class='ocrx_word' id='word_1_274' title='bbox 4 3333 220 3403; x_wconf 68' lang='lat' dir='ltr'><strong>episcopi</strong></span> <span class='ocrx_word' id='word_1_275' title='bbox 262 3332 592 3386; x_wconf 82' lang='lat' dir='ltr'><strong>viderentur.</strong></span> <span class='ocrx_word' id='word_1_276' title='bbox 637 3328 789 3383; x_wconf 88' lang='lat' dir='ltr'><strong>Tunc</strong></span> <span class='ocrx_word' id='word_1_277' title='bbox 825 3327 988 3398; x_wconf 81' lang='lat' dir='ltr'><strong>judex</strong></span> <span class='ocrx_word' id='word_1_278' title='bbox 1037 3327 1427 3396; x_wconf 88' lang='lat' dir='ltr'><strong>interrogavit:</strong></span> <span class='ocrx_word' id='word_1_279' title='bbox 1459 3327 1591 3392; x_wconf 81' lang='lat' dir='ltr'><strong>Quis</strong></span> 
     </span>
    </p>
   </div>
   <div class='ocr_carea' id='block_1_35' title="bbox 4 3419 1592 3494">
    <p class='ocr_par' dir='ltr' id='par_1_35' title="bbox 4 3419 1592 3494">
     <span class='ocr_line' id='line_1_35' title="bbox 4 3419 1592 3494; baseline -0.004 -16"><span class='ocrx_word' id='word_1_280' title='bbox 4 3427 70 3480; x_wconf 83' lang='lat' dir='ltr'><strong>hic</strong></span> <span class='ocrx_word' id='word_1_281' title='bbox 109 3428 248 3480; x_wconf 82' lang='lat' dir='ltr'><strong>alter</strong></span> <span class='ocrx_word' id='word_1_282' title='bbox 274 3423 562 3494; x_wconf 85' lang='lat' dir='ltr'><strong>episcopus</strong></span> <span class='ocrx_word' id='word_1_283' title='bbox 602 3431 684 3476; x_wconf 90' lang='lat' dir='ltr'><strong>est</strong></span> <span class='ocrx_word' id='word_1_284' title='bbox 724 3420 791 3475; x_wconf 92' lang='lat' dir='ltr'><strong>de</strong></span> <span class='ocrx_word' id='word_1_285' title='bbox 837 3427 986 3490; x_wconf 87' lang='lat' dir='ltr'><strong>parte</strong></span> <span class='ocrx_word' id='word_1_286' title='bbox 1031 3419 1254 3472; x_wconf 87' lang='lat' dir='ltr'><strong>Donati?</strong></span> <span class='ocrx_word' id='word_1_287' title='bbox 1298 3419 1592 3488; x_wconf 77' lang='lat' dir='ltr'><strong>Respondit</strong></span> 
     </span>
    </p>
   </div>
   <div class='ocr_carea' id='block_1_36' title="bbox 4 3509 1582 3569">
    <p class='ocr_par' dir='ltr' id='par_1_36' title="bbox 4 3509 1582 3569">
     <span class='ocr_line' id='line_1_36' title="bbox 4 3509 1582 3569; baseline -0.004 -1"><span class='ocrx_word' id='word_1_288' title='bbox 4 3515 225 3569; x_wconf 66' lang='lat' dir='ltr'><strong>Otiicium</strong></span> <span class='ocrx_word' id='word_1_289' title='bbox 253 3532 267 3566; x_wconf 89' lang='lat'><strong>:</strong></span> <span class='ocrx_word' id='word_1_290' title='bbox 300 3513 410 3567; x_wconf 75' lang='lat' dir='ltr'><strong>Nos</strong></span> <span class='ocrx_word' id='word_1_291' title='bbox 429 3528 533 3565; x_wconf 92' lang='lat' dir='ltr'><strong>non</strong></span> <span class='ocrx_word' id='word_1_292' title='bbox 552 3512 796 3566; x_wconf 85' lang='lat' dir='ltr'><strong>novimus</strong></span> <span class='ocrx_word' id='word_1_293' title='bbox 813 3511 910 3565; x_wconf 91' lang='lat' dir='ltr'><strong>nisi</strong></span> <span class='ocrx_word' id='word_1_294' title='bbox 934 3509 1210 3564; x_wconf 83' lang='lat' dir='ltr'><strong>Aurelium</strong></span> <span class='ocrx_word' id='word_1_295' title='bbox 1236 3510 1582 3562; x_wconf 86' lang='lat' dir='ltr'><strong>catholicum.</strong></span> 
     </span>
    </p>
   </div>
   <div class='ocr_carea' id='block_1_37' title="bbox 4 3600 1590 3673">
    <p class='ocr_par' dir='ltr' id='par_1_37' title="bbox 4 3600 1590 3673">
     <span class='ocr_line' id='line_1_37' title="bbox 4 3600 1590 3673; baseline -0.003 -16"><span class='ocrx_word' id='word_1_296' title='bbox 4 3605 266 3659; x_wconf 72' lang='lat' dir='ltr'><strong>Timentes</strong></span> <span class='ocrx_word' id='word_1_297' title='bbox 297 3604 374 3657; x_wconf 91' lang='lat' dir='ltr'><strong>illi</strong></span> <span class='ocrx_word' id='word_1_298' title='bbox 425 3603 606 3673; x_wconf 83' lang='lat' dir='ltr'><strong>leges,</strong></span> <span class='ocrx_word' id='word_1_299' title='bbox 643 3618 746 3656; x_wconf 90' lang='lat' dir='ltr'><strong>non</strong></span> <span class='ocrx_word' id='word_1_300' title='bbox 788 3601 1181 3670; x_wconf 89' lang='lat' dir='ltr'><strong>responderunt</strong></span> <span class='ocrx_word' id='word_1_301' title='bbox 1230 3600 1330 3654; x_wconf 87' lang='lat' dir='ltr'><strong>nisi</strong></span> <span class='ocrx_word' id='word_1_302' title='bbox 1377 3600 1441 3654; x_wconf 90' lang='lat' dir='ltr'><strong>de</strong></span> <span class='ocrx_word' id='word_1_303' title='bbox 1486 3617 1590 3654; x_wconf 92' lang='lat' dir='ltr'><strong>uno</strong></span> 
     </span>
    </p>
   </div>
   <div class='ocr_carea' id='block_1_38' title="bbox 4 3692 1588 3766">
    <p class='ocr_par' dir='ltr' id='par_1_38' title="bbox 4 3692 1588 3766">
     <span class='ocr_line' id='line_1_38' title="bbox 4 3692 1588 3766; baseline -0.001 -20"><span class='ocrx_word' id='word_1_304' title='bbox 4 3699 258 3766; x_wconf 72' lang='lat' dir='ltr'><strong>episcopo.</strong></span> <span class='ocrx_word' id='word_1_305' title='bbox 304 3696 382 3748; x_wconf 85' lang='lat' dir='ltr'><strong>Illi</strong></span> <span class='ocrx_word' id='word_1_306' title='bbox 420 3705 598 3748; x_wconf 85' lang='lat' dir='ltr'><strong>autem</strong></span> <span class='ocrx_word' id='word_1_307' title='bbox 636 3702 692 3747; x_wconf 87' lang='lat' dir='ltr'><strong>ut</strong></span> <span class='ocrx_word' id='word_1_308' title='bbox 733 3693 1046 3747; x_wconf 88' lang='lat' dir='ltr'><strong>audirentur</strong></span> <span class='ocrx_word' id='word_1_309' title='bbox 1084 3708 1110 3742; x_wconf 91' lang='lat' dir='ltr'><strong>a</strong></span> <span class='ocrx_word' id='word_1_310' title='bbox 1141 3692 1336 3759; x_wconf 88' lang='lat' dir='ltr'><strong>judice,</strong></span> <span class='ocrx_word' id='word_1_311' title='bbox 1395 3708 1588 3745; x_wconf 80' lang='lat' dir='ltr'><strong>nomen</strong></span> 
     </span>
    </p>
   </div>
   <div class='ocr_carea' id='block_1_39' title="bbox 4 3783 1590 3853">
    <p class='ocr_par' dir='ltr' id='par_1_39' title="bbox 4 3783 1590 3853">
     <span class='ocr_line' id='line_1_39' title="bbox 4 3783 1590 3853; baseline -0.003 -14"><span class='ocrx_word' id='word_1_312' title='bbox 4 3788 175 3841; x_wconf 63' lang='lat' dir='ltr'><strong>[inrisu</strong></span> <span class='ocrx_word' id='word_1_313' title='bbox 211 3783 596 3853; x_wconf 83' lang='lat' dir='ltr'><strong>imponebant:</strong></span> <span class='ocrx_word' id='word_1_314' title='bbox 631 3784 681 3836; x_wconf 92' lang='lat' dir='ltr'><strong>in</strong></span> <span class='ocrx_word' id='word_1_315' title='bbox 720 3783 1059 3853; x_wconf 85' lang='lat' dir='ltr'><strong>possessione</strong></span> <span class='ocrx_word' id='word_1_316' title='bbox 1102 3797 1197 3834; x_wconf 85' lang='lat' dir='ltr'><strong>sua</strong></span> <span class='ocrx_word' id='word_1_317' title='bbox 1228 3783 1408 3834; x_wconf 83' lang='lat' dir='ltr'><strong>titulos</strong></span> <span class='ocrx_word' id='word_1_318' title='bbox 1449 3783 1590 3835; x_wconf 85' lang='lat' dir='ltr'><strong>illius</strong></span> 
     </span>
    </p>
   </div>
   <div class='ocr_carea' id='block_1_40' title="bbox 4 3872 1588 3947">
    <p class='ocr_par' dir='ltr' id='par_1_40' title="bbox 4 3872 1588 3947">
     <span class='ocr_line' id='line_1_40' title="bbox 4 3872 1588 3947; baseline -0.001 -18"><span class='ocrx_word' id='word_1_319' title='bbox 4 3883 377 3947; x_wconf 67' lang='lat' dir='ltr'><strong>imposuerunt.</strong></span> <span class='ocrx_word' id='word_1_320' title='bbox 408 3875 592 3929; x_wconf 87' lang='lat' dir='ltr'><strong>Bonus</strong></span> <span class='ocrx_word' id='word_1_321' title='bbox 622 3883 706 3930; x_wconf 87' lang='lat' dir='ltr'><strong>est</strong></span> <span class='ocrx_word' id='word_1_322' title='bbox 735 3875 1007 3936; x_wconf 89' lang='lat' dir='ltr'><strong>Dominus,</strong></span> <span class='ocrx_word' id='word_1_323' title='bbox 1052 3872 1140 3941; x_wconf 92' lang='lat' dir='ltr'><strong>qui</strong></span> <span class='ocrx_word' id='word_1_324' title='bbox 1175 3873 1278 3925; x_wconf 86' lang='lat' dir='ltr'><strong>illis</strong></span> <span class='ocrx_word' id='word_1_325' title='bbox 1310 3882 1508 3939; x_wconf 78' lang='lat' dir='ltr'><strong>pareat,</strong></span> <span class='ocrx_word' id='word_1_326' title='bbox 1537 3885 1588 3927; x_wconf 92' lang='lat' dir='ltr'><strong>et</strong></span> 
     </span>
    </p>
   </div>
   <div class='ocr_carea' id='block_1_41' title="bbox 4 3967 1588 4034">
    <p class='ocr_par' dir='ltr' id='par_1_41' title="bbox 4 3967 1588 4034">
     <span class='ocr_line' id='line_1_41' title="bbox 4 3967 1588 4034; baseline -0.001 -10"><span class='ocrx_word' id='word_1_327' title='bbox 4 3975 75 4025; x_wconf 81' lang='lat' dir='ltr'><strong>ubi</strong></span> <span class='ocrx_word' id='word_1_328' title='bbox 105 3971 374 4026; x_wconf 77' lang='lat' dir='ltr'><strong>invenerit</strong></span> <span class='ocrx_word' id='word_1_329' title='bbox 416 3969 599 4024; x_wconf 90' lang='lat' dir='ltr'><strong>titulos</strong></span> <span class='ocrx_word' id='word_1_330' title='bbox 631 3984 792 4033; x_wconf 90' lang='lat' dir='ltr'><strong>suos,</strong></span> <span class='ocrx_word' id='word_1_331' title='bbox 821 3967 1056 4021; x_wconf 82' lang='lat' dir='ltr'><strong>vindicet</strong></span> <span class='ocrx_word' id='word_1_332' title='bbox 1103 3967 1230 4021; x_wconf 85' lang='lat' dir='ltr'><strong>illud</strong></span> <span class='ocrx_word' id='word_1_333' title='bbox 1267 3968 1588 4034; x_wconf 84' lang='lat' dir='ltr'><strong>possessioni</strong></span> 
     </span>
    </p>
   </div>
   <div class='ocr_carea' id='block_1_42' title="bbox 4 4059 1590 4130">
    <p class='ocr_par' dir='ltr' id='par_1_42' title="bbox 4 4059 1590 4130">
     <span class='ocr_line' id='line_1_42' title="bbox 4 4059 1590 4130; baseline -0.003 -12"><span class='ocrx_word' id='word_1_334' title='bbox 4 4082 114 4118; x_wconf 75' lang='lat' dir='ltr'><strong>sine.</strong></span> <span class='ocrx_word' id='word_1_335' title='bbox 142 4065 343 4118; x_wconf 87' lang='lat' dir='ltr'><strong>Potens</strong></span> <span class='ocrx_word' id='word_1_336' title='bbox 373 4071 454 4117; x_wconf 84' lang='lat' dir='ltr'><strong>est</strong></span> <span class='ocrx_word' id='word_1_337' title='bbox 477 4061 843 4117; x_wconf 85' lang='lat' dir='ltr'><strong>misericordia</strong></span> <span class='ocrx_word' id='word_1_338' title='bbox 874 4060 1060 4130; x_wconf 88' lang='lat' dir='ltr'><strong>ipsius,</strong></span> <span class='ocrx_word' id='word_1_339' title='bbox 1091 4060 1180 4128; x_wconf 91' lang='lat' dir='ltr'><strong>qui</strong></span> <span class='ocrx_word' id='word_1_340' title='bbox 1216 4059 1320 4112; x_wconf 91' lang='lat' dir='ltr'><strong>illis</strong></span> <span class='ocrx_word' id='word_1_341' title='bbox 1349 4060 1476 4112; x_wconf 90' lang='lat' dir='ltr'><strong>illud</strong></span> <span class='ocrx_word' id='word_1_342' title='bbox 1509 4060 1590 4114; x_wconf 59' lang='grc' dir='ltr'><strong>ὣς</strong></span> 
     </span>
    </p>
   </div>
   <div class='ocr_carea' id='block_1_43' title="bbox 4 4148 1584 4224">
    <p class='ocr_par' dir='ltr' id='par_1_43' title="bbox 4 4148 1584 4224">
     <span class='ocr_line' id='line_1_43' title="bbox 4 4148 1584 4224; baseline -0.003 -16"><span class='ocrx_word' id='word_1_343' title='bbox 4 4158 108 4217; x_wconf 76' lang='lat' dir='ltr'><strong>:iat,</strong></span> <span class='ocrx_word' id='word_1_344' title='bbox 158 4167 529 4224; x_wconf 87' lang='lat' dir='ltr'><strong>quoscumque</strong></span> <span class='ocrx_word' id='word_1_345' title='bbox 571 4150 832 4205; x_wconf 84' lang='lat' dir='ltr'><strong>invenerit</strong></span> <span class='ocrx_word' id='word_1_346' title='bbox 874 4164 1069 4203; x_wconf 90' lang='lat' dir='ltr'><strong>nomen</strong></span> <span class='ocrx_word' id='word_1_347' title='bbox 1109 4148 1305 4204; x_wconf 91' lang='lat' dir='ltr'><strong>Christi</strong></span> <span class='ocrx_word' id='word_1_348' title='bbox 1340 4161 1584 4218; x_wconf 88' lang='lat' dir='ltr'><strong>portare,</strong></span> 
     </span>
    </p>
   </div>
   <div class='ocr_carea' id='block_1_44' title="bbox 4 4242 1589 4317">
    <p class='ocr_par' dir='ltr' id='par_1_44' title="bbox 4 4242 1589 4317">
     <span class='ocr_line' id='line_1_44' title="bbox 4 4242 1589 4317; baseline -0.002 -18"><span class='ocrx_word' id='word_1_349' title='bbox 4 4257 280 4317; x_wconf 74' lang='lat' dir='ltr'><strong>congreget</strong></span> <span class='ocrx_word' id='word_1_350' title='bbox 321 4246 460 4300; x_wconf 88' lang='lat' dir='ltr'><strong>illos.</strong></span> <span class='ocrx_word' id='word_1_351' title='bbox 519 4245 586 4297; x_wconf 87' lang='lat' dir='ltr'><strong>Et</strong></span> <span class='ocrx_word' id='word_1_352' title='bbox 635 4243 833 4304; x_wconf 84' lang='lat' dir='ltr'><strong>videte,</strong></span> <span class='ocrx_word' id='word_1_353' title='bbox 883 4242 1092 4306; x_wconf 81' lang='lat' dir='ltr'><strong>fratres,</strong></span> <span class='ocrx_word' id='word_1_354' title='bbox 1141 4243 1354 4310; x_wconf 85' lang='lat' dir='ltr'><strong>quando</strong></span> <span class='ocrx_word' id='word_1_355' title='bbox 1401 4253 1589 4312; x_wconf 86' lang='lat' dir='ltr'><strong>potens</strong></span> 
     </span>
    </p>
   </div>
   <div class='ocr_carea' id='block_1_45' title="bbox 4 4333 1588 4406">
    <p class='ocr_par' dir='ltr' id='par_1_45' title="bbox 4 4333 1588 4406">
     <span class='ocr_line' id='line_1_45' title="bbox 4 4333 1588 4406; baseline 0 -18"><span class='ocrx_word' id='word_1_356' title='bbox 4 4338 175 4406; x_wconf 78' lang='lat' dir='ltr'><strong>tliqu&#39;ts</strong></span> <span class='ocrx_word' id='word_1_357' title='bbox 197 4336 461 4390; x_wconf 88' lang='lat' dir='ltr'><strong>invenerit</strong></span> <span class='ocrx_word' id='word_1_358' title='bbox 493 4334 675 4388; x_wconf 84' lang='lat' dir='ltr'><strong>titulos</strong></span> <span class='ocrx_word' id='word_1_359' title='bbox 701 4348 847 4395; x_wconf 86' lang='lat' dir='ltr'><strong>suos,</strong></span> <span class='ocrx_word' id='word_1_360' title='bbox 874 4348 1049 4388; x_wconf 70' lang='lat' dir='ltr'><strong>nonut?</strong></span> <span class='ocrx_word' id='word_1_361' title='bbox 1072 4333 1193 4402; x_wconf 84' lang='lat' dir='ltr'><strong>jure</strong></span> <span class='ocrx_word' id='word_1_362' title='bbox 1216 4348 1328 4387; x_wconf 90' lang='lat' dir='ltr'><strong>rem</strong></span> <span class='ocrx_word' id='word_1_363' title='bbox 1349 4334 1448 4386; x_wconf 88' lang='lat' dir='ltr'><strong>sibi</strong></span> <span class='ocrx_word' id='word_1_364' title='bbox 1468 4336 1588 4388; x_wconf 86' lang='lat' dir='ltr'><strong>viu-</strong></span> 
     </span>
    </p>
   </div>
   <div class='ocr_carea' id='block_1_46' title="bbox 4 4423 1586 4496">
    <p class='ocr_par' dir='ltr' id='par_1_46' title="bbox 4 4423 1586 4496">
     <span class='ocr_line' id='line_1_46' title="bbox 4 4423 1586 4496; baseline -0.001 -16"><span class='ocrx_word' id='word_1_365' title='bbox 4 4428 148 4493; x_wconf 86' lang='lat' dir='ltr'><strong>licat,</strong></span> <span class='ocrx_word' id='word_1_366' title='bbox 176 4438 228 4480; x_wconf 60' lang='lat' dir='ltr'><strong>«rt</strong></span> <span class='ocrx_word' id='word_1_367' title='bbox 260 4427 409 4491; x_wconf 87' lang='lat' dir='ltr'><strong>dicit,</strong></span> <span class='ocrx_word' id='word_1_368' title='bbox 439 4425 555 4480; x_wconf 85' lang='lat' dir='ltr'><strong>Non</strong></span> <span class='ocrx_word' id='word_1_369' title='bbox 581 4434 808 4496; x_wconf 88' lang='lat' dir='ltr'><strong>poneret</strong></span> <span class='ocrx_word' id='word_1_370' title='bbox 838 4423 1019 4477; x_wconf 88' lang='lat' dir='ltr'><strong>titulos</strong></span> <span class='ocrx_word' id='word_1_371' title='bbox 1043 4438 1210 4486; x_wconf 87' lang='lat' dir='ltr'><strong>.neos,</strong></span> <span class='ocrx_word' id='word_1_372' title='bbox 1235 4424 1335 4478; x_wconf 90' lang='lat' dir='ltr'><strong>nisi</strong></span> <span class='ocrx_word' id='word_1_373' title='bbox 1366 4439 1452 4478; x_wconf 87' lang='lat' dir='ltr'><strong>res</strong></span> <span class='ocrx_word' id='word_1_374' title='bbox 1470 4440 1586 4478; x_wconf 89' lang='lat' dir='ltr'><strong>mea</strong></span> 
     </span>
    </p>
   </div>
   <div class='ocr_carea' id='block_1_47' title="bbox 4 4515 1584 4586">
    <p class='ocr_par' dir='ltr' id='par_1_47' title="bbox 4 4515 1584 4586">
     <span class='ocr_line' id='line_1_47' title="bbox 4 4515 1584 4586; baseline -0.003 -14"><span class='ocrx_word' id='word_1_375' title='bbox 4 4519 167 4573; x_wconf 70' lang='lat' dir='ltr'><strong>:sset?</strong></span> <span class='ocrx_word' id='word_1_376' title='bbox 200 4518 407 4572; x_wconf 78' lang='lat' dir='ltr'><strong>Titulos</strong></span> <span class='ocrx_word' id='word_1_377' title='bbox 435 4533 586 4572; x_wconf 88' lang='lat' dir='ltr'><strong>meos</strong></span> <span class='ocrx_word' id='word_1_378' title='bbox 615 4516 811 4586; x_wconf 84' lang='lat' dir='ltr'><strong>posuit,</strong></span> <span class='ocrx_word' id='word_1_379' title='bbox 844 4530 959 4568; x_wconf 90' lang='lat' dir='ltr'><strong>mea</strong></span> <span class='ocrx_word' id='word_1_380' title='bbox 983 4530 1070 4569; x_wconf 90' lang='lat' dir='ltr'><strong>res</strong></span> <span class='ocrx_word' id='word_1_381' title='bbox 1100 4525 1183 4569; x_wconf 89' lang='lat' dir='ltr'><strong>est</strong></span> <span class='ocrx_word' id='word_1_382' title='bbox 1217 4533 1229 4568; x_wconf 85' lang='lat'>:</span> <span class='ocrx_word' id='word_1_383' title='bbox 1266 4515 1352 4567; x_wconf 91' lang='lat' dir='ltr'><strong>ubi</strong></span> <span class='ocrx_word' id='word_1_384' title='bbox 1391 4531 1584 4569; x_wconf 86' lang='lat' dir='ltr'><strong>nomen</strong></span> 
     </span>
    </p>
   </div>
   <div class='ocr_carea' id='block_1_48' title="bbox 7 4606 1588 4676">
    <p class='ocr_par' dir='ltr' id='par_1_48' title="bbox 7 4606 1588 4676">
     <span class='ocr_line' id='line_1_48' title="bbox 7 4606 1588 4676; baseline -0.001 -14"><span class='ocrx_word' id='word_1_385' title='bbox 7 4626 160 4663; x_wconf 88' lang='lat' dir='ltr'><strong>neum</strong></span> <span class='ocrx_word' id='word_1_386' title='bbox 194 4609 433 4676; x_wconf 88' lang='lat' dir='ltr'><strong>invenio,</strong></span> <span class='ocrx_word' id='word_1_387' title='bbox 479 4623 654 4663; x_wconf 90' lang='lat' dir='ltr'><strong>meum</strong></span> <span class='ocrx_word' id='word_1_388' title='bbox 701 4617 803 4662; x_wconf 90' lang='lat' dir='ltr'><strong>est.</strong></span> <span class='ocrx_word' id='word_1_389' title='bbox 852 4606 1116 4676; x_wconf 84' lang='lat' dir='ltr'><strong>Numquid</strong></span> <span class='ocrx_word' id='word_1_390' title='bbox 1161 4606 1341 4660; x_wconf 89' lang='lat' dir='ltr'><strong>titulos</strong></span> <span class='ocrx_word' id='word_1_391' title='bbox 1383 4609 1588 4660; x_wconf 78' lang='lat' dir='ltr'><strong>mutat?</strong></span> 
     </span>
    </p>
   </div>
   <div class='ocr_carea' id='block_1_49' title="bbox 4 4702 1586 4773">
    <p class='ocr_par' dir='ltr' id='par_1_49' title="bbox 4 4702 1586 4773">
     <span class='ocr_line' id='line_1_49' title="bbox 4 4702 1586 4773; baseline -0.001 -17"><span class='ocrx_word' id='word_1_392' title='bbox 4 4703 194 4757; x_wconf 83' lang='lat' dir='ltr'><strong>l‘itulus</strong></span> <span class='ocrx_word' id='word_1_393' title='bbox 215 4703 303 4773; x_wconf 90' lang='lat' dir='ltr'><strong>qui</strong></span> <span class='ocrx_word' id='word_1_394' title='bbox 331 4711 467 4765; x_wconf 87' lang='lat' dir='ltr'><strong>erat,</strong></span> <span class='ocrx_word' id='word_1_395' title='bbox 501 4706 615 4770; x_wconf 87' lang='lat' dir='ltr'><strong>ipse</strong></span> <span class='ocrx_word' id='word_1_396' title='bbox 637 4709 719 4755; x_wconf 90' lang='lat' dir='ltr'><strong>est</strong></span> <span class='ocrx_word' id='word_1_397' title='bbox 754 4719 767 4756; x_wconf 90' lang='lat'>:</span> <span class='ocrx_word' id='word_1_398' title='bbox 794 4715 1074 4768; x_wconf 88' lang='lat' dir='ltr'><strong>possessor</strong></span> <span class='ocrx_word' id='word_1_399' title='bbox 1100 4709 1336 4754; x_wconf 88' lang='lat' dir='ltr'><strong>mutatur</strong></span> <span class='ocrx_word' id='word_1_400' title='bbox 1357 4743 1370 4765; x_wconf 92' lang='lat'><strong>,</strong></span> <span class='ocrx_word' id='word_1_401' title='bbox 1402 4702 1586 4756; x_wconf 88' lang='lat' dir='ltr'><strong>titulus</strong></span> 
     </span>
    </p>
   </div>
   <div class='ocr_carea' id='block_1_50' title="bbox 4 4791 1583 4862">
    <p class='ocr_par' dir='ltr' id='par_1_50' title="bbox 4 4791 1583 4862">
     <span class='ocr_line' id='line_1_50' title="bbox 4 4791 1583 4862; baseline 0.001 -17"><span class='ocrx_word' id='word_1_402' title='bbox 4 4810 88 4846; x_wconf 68' lang='lat' dir='ltr'><strong>ton</strong></span> <span class='ocrx_word' id='word_1_403' title='bbox 114 4804 372 4848; x_wconf 84' lang='lat' dir='ltr'><strong>mutatur.</strong></span> <span class='ocrx_word' id='word_1_404' title='bbox 399 4793 487 4848; x_wconf 89' lang='lat' dir='ltr'><strong>Sic</strong></span> <span class='ocrx_word' id='word_1_405' title='bbox 509 4803 563 4846; x_wconf 89' lang='lat' dir='ltr'><strong>et</strong></span> <span class='ocrx_word' id='word_1_406' title='bbox 594 4793 683 4862; x_wconf 90' lang='lat' dir='ltr'><strong>qui</strong></span> <span class='ocrx_word' id='word_1_407' title='bbox 706 4793 1025 4861; x_wconf 90' lang='lat' dir='ltr'><strong>baptismum</strong></span> <span class='ocrx_word' id='word_1_408' title='bbox 1051 4791 1251 4845; x_wconf 90' lang='lat' dir='ltr'><strong>habent</strong></span> <span class='ocrx_word' id='word_1_409' title='bbox 1275 4791 1470 4846; x_wconf 87' lang='lat' dir='ltr'><strong>Christi</strong></span> <span class='ocrx_word' id='word_1_410' title='bbox 1493 4837 1507 4858; x_wconf 94' lang='lat'><strong>,</strong></span> <span class='ocrx_word' id='word_1_411' title='bbox 1540 4795 1583 4847; x_wconf 93' lang='lat' dir='ltr'><strong>si</strong></span> 
     </span>
    </p>
   </div>
   <div class='ocr_carea' id='block_1_51' title="bbox 4 4882 1583 4948">
    <p class='ocr_par' dir='ltr' id='par_1_51' title="bbox 4 4882 1583 4948">
     <span class='ocr_line' id='line_1_51' title="bbox 4 4882 1583 4948; baseline 0 -12"><span class='ocrx_word' id='word_1_412' title='bbox 4 4887 205 4942; x_wconf 74' lang='lat' dir='ltr'><strong>reniunt</strong></span> <span class='ocrx_word' id='word_1_413' title='bbox 231 4884 299 4938; x_wconf 82' lang='lat' dir='ltr'><strong>ad</strong></span> <span class='ocrx_word' id='word_1_414' title='bbox 328 4883 608 4948; x_wconf 88' lang='lat' dir='ltr'><strong>unitatem,</strong></span> <span class='ocrx_word' id='word_1_415' title='bbox 642 4898 748 4936; x_wconf 88' lang='lat' dir='ltr'><strong>non</strong></span> <span class='ocrx_word' id='word_1_416' title='bbox 775 4891 1044 4936; x_wconf 88' lang='lat' dir='ltr'><strong>mutamus</strong></span> <span class='ocrx_word' id='word_1_417' title='bbox 1073 4882 1254 4936; x_wconf 90' lang='lat' dir='ltr'><strong>titulos</strong></span> <span class='ocrx_word' id='word_1_418' title='bbox 1273 4923 1289 4948; x_wconf 97' lang='lat'><strong>,</strong></span> <span class='ocrx_word' id='word_1_419' title='bbox 1318 4891 1408 4936; x_wconf 87' lang='lat' dir='ltr'><strong>aut</strong></span> <span class='ocrx_word' id='word_1_420' title='bbox 1434 4884 1583 4936; x_wconf 84' lang='lat' dir='ltr'><strong>dele-</strong></span> 
     </span>
    </p>
   </div>
   <div class='ocr_carea' id='block_1_52' title="bbox 4 4972 1580 5044">
    <p class='ocr_par' dir='ltr' id='par_1_52' title="bbox 4 4972 1580 5044">
     <span class='ocr_line' id='line_1_52' title="bbox 4 4972 1580 5044; baseline -0.001 -18"><span class='ocrx_word' id='word_1_421' title='bbox 4 4992 100 5029; x_wconf 83' lang='lat' dir='ltr'><strong>nus</strong></span> <span class='ocrx_word' id='word_1_422' title='bbox 133 4974 353 5038; x_wconf 86' lang='lat' dir='ltr'><strong>titulos;</strong></span> <span class='ocrx_word' id='word_1_423' title='bbox 377 4975 471 5030; x_wconf 88' lang='lat' dir='ltr'><strong>sed</strong></span> <span class='ocrx_word' id='word_1_424' title='bbox 493 4973 832 5044; x_wconf 69' lang='lat' dir='ltr'><strong>agnoscimus</strong></span> <span class='ocrx_word' id='word_1_425' title='bbox 863 4973 1044 5027; x_wconf 90' lang='lat' dir='ltr'><strong>titulos</strong></span> <span class='ocrx_word' id='word_1_426' title='bbox 1069 4972 1208 5038; x_wconf 86' lang='lat' dir='ltr'><strong>regis</strong></span> <span class='ocrx_word' id='word_1_427' title='bbox 1231 4973 1421 5033; x_wconf 85' lang='lat' dir='ltr'><strong>nostri,</strong></span> <span class='ocrx_word' id='word_1_428' title='bbox 1451 4974 1580 5026; x_wconf 89' lang='lat' dir='ltr'><strong>titn-</strong></span> 
     </span>
    </p>
   </div>
   <div class='ocr_carea' id='block_1_53' title="bbox 4 5063 1585 5137">
    <p class='ocr_par' dir='ltr' id='par_1_53' title="bbox 4 5063 1585 5137">
     <span class='ocr_line' id='line_1_53' title="bbox 4 5063 1585 5137; baseline 0.003 -22"><span class='ocrx_word' id='word_1_429' title='bbox 4 5069 66 5118; x_wconf 72' lang='lat' dir='ltr'><strong>los</strong></span> <span class='ocrx_word' id='word_1_430' title='bbox 107 5066 448 5137; x_wconf 86' lang='lat' dir='ltr'><strong>imperatoris</strong></span> <span class='ocrx_word' id='word_1_431' title='bbox 487 5064 676 5120; x_wconf 89' lang='lat' dir='ltr'><strong>nostri.</strong></span> <span class='ocrx_word' id='word_1_432' title='bbox 709 5063 813 5119; x_wconf 90' lang='lat' dir='ltr'><strong>Sed</strong></span> <span class='ocrx_word' id='word_1_433' title='bbox 852 5063 979 5133; x_wconf 89' lang='lat' dir='ltr'><strong>quid</strong></span> <span class='ocrx_word' id='word_1_434' title='bbox 1019 5064 1288 5118; x_wconf 87' lang='lat' dir='ltr'><strong>dicimus?</strong></span> <span class='ocrx_word' id='word_1_435' title='bbox 1315 5063 1360 5119; x_wconf 89' lang='grc' dir='ltr'><strong>Ο</strong></span> <span class='ocrx_word' id='word_1_436' title='bbox 1391 5065 1585 5120; x_wconf 86' lang='lat' dir='ltr'><strong>domus</strong></span> 
     </span>
    </p>
   </div>
   <div class='ocr_carea' id='block_1_54' title="bbox 9 5153 1573 5223">
    <p class='ocr_par' dir='ltr' id='par_1_54' title="bbox 9 5153 1573 5223">
     <span class='ocr_line' id='line_1_54' title="bbox 9 5153 1573 5223; baseline 0.004 -18"><span class='ocrx_word' id='word_1_437' title='bbox 9 5158 198 5218; x_wconf 84' lang='lat' dir='ltr'><strong>nisera.</strong></span> <span class='ocrx_word' id='word_1_438' title='bbox 226 5157 312 5210; x_wconf 88' lang='lat' dir='ltr'><strong>ille</strong></span> <span class='ocrx_word' id='word_1_439' title='bbox 340 5165 391 5210; x_wconf 89' lang='lat' dir='ltr'><strong>te</strong></span> <span class='ocrx_word' id='word_1_440' title='bbox 418 5155 688 5223; x_wconf 80' lang='lat' dir='ltr'><strong>possideat</strong></span> <span class='ocrx_word' id='word_1_441' title='bbox 715 5155 865 5223; x_wconf 87' lang='lat' dir='ltr'><strong>cujus</strong></span> <span class='ocrx_word' id='word_1_442' title='bbox 903 5154 1088 5208; x_wconf 86' lang='lat' dir='ltr'><strong>titulos</strong></span> <span class='ocrx_word' id='word_1_443' title='bbox 1127 5153 1328 5218; x_wconf 84' lang='lat' dir='ltr'><strong>habes;</strong></span> <span class='ocrx_word' id='word_1_444' title='bbox 1371 5153 1573 5210; x_wconf 81' lang='lat' dir='ltr'><strong>Christi</strong></span> 
     </span>
    </p>
   </div>
   <div class='ocr_carea' id='block_1_55' title="bbox 4 5245 1198 5314">
    <p class='ocr_par' dir='ltr' id='par_1_55' title="bbox 4 5245 1198 5314">
     <span class='ocr_line' id='line_1_55' title="bbox 4 5245 1198 5314; baseline -0.001 -17"><span class='ocrx_word' id='word_1_445' title='bbox 4 5246 167 5298; x_wconf 86' lang='lat' dir='ltr'><strong>.itulos</strong></span> <span class='ocrx_word' id='word_1_446' title='bbox 193 5246 384 5306; x_wconf 87' lang='lat' dir='ltr'><strong>habes,</strong></span> <span class='ocrx_word' id='word_1_447' title='bbox 411 5246 519 5300; x_wconf 89' lang='lat' dir='ltr'><strong>noli</strong></span> <span class='ocrx_word' id='word_1_448' title='bbox 543 5259 666 5300; x_wconf 88' lang='lat' dir='ltr'><strong>esse</strong></span> <span class='ocrx_word' id='word_1_449' title='bbox 695 5246 882 5298; x_wconf 86' lang='lat' dir='ltr'><strong>Donati</strong></span> <span class='ocrx_word' id='word_1_450' title='bbox 907 5245 1198 5314; x_wconf 88' lang='lat' dir='ltr'><strong>possessio.</strong></span> 
     </span>
    </p>
   </div>
   <div class='ocr_carea' id='block_1_56' title="bbox 56 5337 1580 5403">
    <p class='ocr_par' dir='ltr' id='par_1_56' title="bbox 56 5337 1580 5403">
     <span class='ocr_line' id='line_1_56' title="bbox 56 5337 1580 5403; baseline 0.001 -12"><span class='ocrx_word' id='word_1_451' title='bbox 56 5337 143 5391; x_wconf 71' lang='lat'><strong>33.</strong></span> <span class='ocrx_word' id='word_1_452' title='bbox 183 5337 348 5392; x_wconf 77' lang='lat' dir='ltr'><strong>Multa</strong></span> <span class='ocrx_word' id='word_1_453' title='bbox 388 5337 643 5403; x_wconf 82' lang='lat' dir='ltr'><strong>diximus,</strong></span> <span class='ocrx_word' id='word_1_454' title='bbox 677 5337 902 5401; x_wconf 76' lang='lat' dir='ltr'><strong>fratres;</strong></span> <span class='ocrx_word' id='word_1_455' title='bbox 929 5337 1022 5391; x_wconf 87' lang='lat' dir='ltr'><strong>sed</strong></span> <span class='ocrx_word' id='word_1_456' title='bbox 1063 5337 1191 5390; x_wconf 86' lang='lat' dir='ltr'><strong>illud</strong></span> <span class='ocrx_word' id='word_1_457' title='bbox 1226 5337 1293 5392; x_wconf 90' lang='lat' dir='ltr'><strong>de</strong></span> <span class='ocrx_word' id='word_1_458' title='bbox 1324 5339 1580 5393; x_wconf 86' lang='lat' dir='ltr'><strong>memoria</strong></span> 
     </span>
    </p>
   </div>
   <div class='ocr_carea' id='block_1_57' title="bbox 4 5427 1578 5497">
    <p class='ocr_par' dir='ltr' id='par_1_57' title="bbox 4 5427 1578 5497">
     <span class='ocr_line' id='line_1_57' title="bbox 4 5427 1578 5497; baseline 0.004 -21"><span class='ocrx_word' id='word_1_459' title='bbox 4 5438 156 5482; x_wconf 72' lang='lat' dir='ltr'><strong>vestra</strong></span> <span class='ocrx_word' id='word_1_460' title='bbox 187 5444 292 5482; x_wconf 91' lang='lat' dir='ltr'><strong>non</strong></span> <span class='ocrx_word' id='word_1_461' title='bbox 321 5427 559 5493; x_wconf 87' lang='lat' dir='ltr'><strong>recedat,</strong></span> <span class='ocrx_word' id='word_1_462' title='bbox 596 5427 738 5497; x_wconf 91' lang='lat' dir='ltr'><strong>quod</strong></span> <span class='ocrx_word' id='word_1_463' title='bbox 773 5427 932 5482; x_wconf 88' lang='lat' dir='ltr'><strong>hodie</strong></span> <span class='ocrx_word' id='word_1_464' title='bbox 973 5428 1183 5497; x_wconf 81' lang='lat' dir='ltr'><strong>legitur.</strong></span> <span class='ocrx_word' id='word_1_465' title='bbox 1218 5429 1357 5483; x_wconf 84' lang='lat' dir='ltr'><strong>Ecce</strong></span> <span class='ocrx_word' id='word_1_466' title='bbox 1388 5431 1578 5483; x_wconf 90' lang='lat' dir='ltr'><strong>iterum</strong></span> 
     </span>
    </p>
   </div>
   <div class='ocr_carea' id='block_1_58' title="bbox 4 5519 1583 5590">
    <p class='ocr_par' dir='ltr' id='par_1_58' title="bbox 4 5519 1583 5590">
     <span class='ocr_line' id='line_1_58' title="bbox 4 5519 1583 5590; baseline 0.004 -19"><span class='ocrx_word' id='word_1_467' title='bbox 4 5519 101 5574; x_wconf 82' lang='lat' dir='ltr'><strong>lico</strong></span> <span class='ocrx_word' id='word_1_468' title='bbox 122 5563 134 5584; x_wconf 91' lang='lat'><strong>,</strong></span> <span class='ocrx_word' id='word_1_469' title='bbox 164 5528 221 5576; x_wconf 88' lang='lat' dir='ltr'><strong>et</strong></span> <span class='ocrx_word' id='word_1_470' title='bbox 242 5535 387 5590; x_wconf 70' lang='lat' dir='ltr'><strong>stepe</strong></span> <span class='ocrx_word' id='word_1_471' title='bbox 419 5520 706 5575; x_wconf 88' lang='lat' dir='ltr'><strong>dicendum</strong></span> <span class='ocrx_word' id='word_1_472' title='bbox 733 5528 851 5576; x_wconf 89' lang='lat' dir='ltr'><strong>est:</strong></span> <span class='ocrx_word' id='word_1_473' title='bbox 883 5535 978 5589; x_wconf 88' lang='lat' dir='ltr'><strong>per</strong></span> <span class='ocrx_word' id='word_1_474' title='bbox 1007 5521 1178 5590; x_wconf 91' lang='lat' dir='ltr'><strong>ipsum</strong></span> <span class='ocrx_word' id='word_1_475' title='bbox 1206 5522 1378 5587; x_wconf 89' lang='lat' dir='ltr'><strong>diem,</strong></span> <span class='ocrx_word' id='word_1_476' title='bbox 1412 5522 1461 5576; x_wconf 91' lang='lat' dir='ltr'><strong>id</strong></span> <span class='ocrx_word' id='word_1_477' title='bbox 1500 5533 1583 5578; x_wconf 84' lang='lat' dir='ltr'><strong>est</strong></span> 
     </span>
    </p>
   </div>
   <div class='ocr_carea' id='block_1_59' title="bbox 4 5613 1577 5685">
    <p class='ocr_par' dir='ltr' id='par_1_59' title="bbox 4 5613 1577 5685">
     <span class='ocr_line' id='line_1_59' title="bbox 4 5613 1577 5685; baseline 0.003 -18"><span class='ocrx_word' id='word_1_478' title='bbox 4 5627 76 5682; x_wconf 71' lang='lat' dir='ltr'><strong>per</strong></span> <span class='ocrx_word' id='word_1_479' title='bbox 99 5623 433 5670; x_wconf 80' lang='lat' dir='ltr'><strong>sacramenta</strong></span> <span class='ocrx_word' id='word_1_480' title='bbox 464 5615 624 5685; x_wconf 75' lang='lat' dir='ltr'><strong>hujns</strong></span> <span class='ocrx_word' id='word_1_481' title='bbox 656 5613 761 5668; x_wconf 91' lang='lat' dir='ltr'><strong>diei</strong></span> <span class='ocrx_word' id='word_1_482' title='bbox 784 5615 1091 5685; x_wconf 78' lang='lat' dir='ltr'><strong>constringe</strong></span> <span class='ocrx_word' id='word_1_483' title='bbox 1119 5630 1233 5680; x_wconf 88' lang='lat' dir='ltr'><strong>vos,</strong></span> <span class='ocrx_word' id='word_1_484' title='bbox 1267 5625 1323 5670; x_wconf 91' lang='lat' dir='ltr'><strong>ut</strong></span> <span class='ocrx_word' id='word_1_485' title='bbox 1349 5632 1453 5671; x_wconf 90' lang='lat' dir='ltr'><strong>non</strong></span> <span class='ocrx_word' id='word_1_486' title='bbox 1480 5633 1577 5672; x_wconf 89' lang='lat' dir='ltr'><strong>vo-</strong></span> 
     </span>
    </p>
   </div>
   <div class='ocr_carea' id='block_1_60' title="bbox 4 5705 1571 5777">
    <p class='ocr_par' dir='ltr' id='par_1_60' title="bbox 4 5705 1571 5777">
     <span class='ocr_line' id='line_1_60' title="bbox 4 5705 1571 5777; baseline 0.004 -20"><span class='ocrx_word' id='word_1_487' title='bbox 4 5705 64 5759; x_wconf 66' lang='lat' dir='ltr'><strong>bis</strong></span> <span class='ocrx_word' id='word_1_488' title='bbox 83 5716 234 5762; x_wconf 80' lang='lat' dir='ltr'><strong>exeat</strong></span> <span class='ocrx_word' id='word_1_489' title='bbox 262 5710 330 5762; x_wconf 89' lang='lat' dir='ltr'><strong>de</strong></span> <span class='ocrx_word' id='word_1_490' title='bbox 352 5706 632 5762; x_wconf 87' lang='lat' dir='ltr'><strong>cordibus.</strong></span> <span class='ocrx_word' id='word_1_491' title='bbox 665 5706 1229 5777; x_wconf 76' lang='lat' dir='ltr'><strong>Commemorabtmtur,</strong></span> <span class='ocrx_word' id='word_1_492' title='bbox 1273 5718 1319 5763; x_wconf 85' lang='lat' dir='ltr'><strong>et</strong></span> <span class='ocrx_word' id='word_1_493' title='bbox 1362 5725 1571 5763; x_wconf 83' lang='lat' dir='ltr'><strong>convcr-</strong></span> 
     </span>
    </p>
   </div>
   <div class='ocr_carea' id='block_1_61' title="bbox 48 5799 583 5860">
    <p class='ocr_par' dir='ltr' id='par_1_61' title="bbox 48 5799 583 5860">
     <span class='ocr_line' id='line_1_61' title="bbox 48 5799 583 5860; baseline 0.004 -17"><span class='ocrx_word' id='word_1_494' title='bbox 48 5799 62 5860; x_wconf 46' lang='grc' dir='ltr'><em>ἢ</em></span> <span class='ocrx_word' id='word_1_495' title='bbox 84 5803 175 5845; x_wconf 75' lang='lat' dir='ltr'><strong>Sex</strong></span> <span class='ocrx_word' id='word_1_496' title='bbox 200 5803 329 5853; x_wconf 67' lang='lat' dir='ltr'><strong>uss,</strong></span> <span class='ocrx_word' id='word_1_497' title='bbox 365 5802 583 5860; x_wconf 77' lang='lat' dir='ltr'><strong>pergant.</strong></span> 
     </span>
    </p>
   </div>
   <div class='ocr_carea' id='block_1_62' title="bbox 46 5858 734 5922">
    <p class='ocr_par' dir='ltr' id='par_1_62' title="bbox 46 5858 734 5922">
     <span class='ocr_line' id='line_1_62' title="bbox 46 5858 734 5922; baseline 0.004 -16"><span class='ocrx_word' id='word_1_498' title='bbox 46 5858 112 5918; x_wconf 84' lang='lat' dir='ltr'><strong>(a)</strong></span> <span class='ocrx_word' id='word_1_499' title='bbox 137 5858 596 5922; x_wconf 60' lang='lat' dir='ltr'><strong>Haguiuurrrrrn:,aruri</strong></span> <span class='ocrx_word' id='word_1_500' title='bbox 621 5859 734 5909; x_wconf 61' lang='lat'><strong>594.</strong></span> 
     </span>
    </p>
   </div>
   <div class='ocr_carea' id='block_1_63' title="bbox 3190 413 3296 469">
    <p class='ocr_par' dir='ltr' id='par_1_63' title="bbox 3190 413 3296 469">
     <span class='ocr_line' id='line_1_63' title="bbox 3190 413 3296 469; baseline -0.019 0"><span class='ocrx_word' id='word_1_501' title='bbox 3190 413 3296 469; x_wconf 65' lang='lat'><strong>182</strong></span> 
     </span>
    </p>
   </div>
   <div class='ocr_carea' id='block_1_64' title="bbox 1699 504 3293 580">
    <p class='ocr_par' dir='ltr' id='par_1_64' title="bbox 1699 504 3293 580">
     <span class='ocr_line' id='line_1_64' title="bbox 1699 504 3293 580; baseline 0.019 -32"><span class='ocrx_word' id='word_1_502' title='bbox 1699 509 1865 552; x_wconf 76' lang='lat' dir='ltr'><strong>tentur</strong></span> <span class='ocrx_word' id='word_1_503' title='bbox 1889 504 1956 553; x_wconf 85' lang='lat' dir='ltr'><strong>ad</strong></span> <span class='ocrx_word' id='word_1_504' title='bbox 1991 504 2264 559; x_wconf 83' lang='lat' dir='ltr'><strong>Dominum</strong></span> <span class='ocrx_word' id='word_1_505' title='bbox 2293 512 2508 564; x_wconf 76' lang='lat' dir='ltr'><strong>universi</strong></span> <span class='ocrx_word' id='word_1_506' title='bbox 2542 515 2666 580; x_wconf 78' lang='lat' dir='ltr'><strong>ﬁnes</strong></span> <span class='ocrx_word' id='word_1_507' title='bbox 2716 527 2876 570; x_wconf 69' lang='lat' dir='ltr'><strong>terna.</strong></span> <span class='ocrx_word' id='word_1_508' title='bbox 2915 520 2978 573; x_wconf 77' lang='lat' dir='ltr'><strong>Et</strong></span> <span class='ocrx_word' id='word_1_509' title='bbox 3008 525 3293 580; x_wconf 82' lang='lat' dir='ltr'><strong>adorabunt</strong></span> 
     </span>
    </p>
   </div>
   <div class='ocr_carea' id='block_1_65' title="bbox 1695 591 3292 679">
    <p class='ocr_par' dir='ltr' id='par_1_65' title="bbox 1695 591 3292 679">
     <span class='ocr_line' id='line_1_65' title="bbox 1695 591 3292 679; baseline 0.02 -40"><span class='ocrx_word' id='word_1_510' title='bbox 1695 591 1745 640; x_wconf 87' lang='lat' dir='ltr'><strong>in</strong></span> <span class='ocrx_word' id='word_1_511' title='bbox 1787 607 2053 661; x_wconf 72' lang='lat' dir='ltr'><strong>conspectu</strong></span> <span class='ocrx_word' id='word_1_512' title='bbox 2092 599 2201 665; x_wconf 76' lang='lat' dir='ltr'><strong>ejus</strong></span> <span class='ocrx_word' id='word_1_513' title='bbox 2238 601 2481 656; x_wconf 76' lang='lat' dir='ltr'><strong>universw</strong></span> <span class='ocrx_word' id='word_1_514' title='bbox 2516 608 2697 672; x_wconf 71' lang='lat' dir='ltr'><strong>patriae</strong></span> <span class='ocrx_word' id='word_1_515' title='bbox 2746 613 2989 679; x_wconf 83' lang='lat' dir='ltr'><strong>gentium.</strong></span> <span class='ocrx_word' id='word_1_516' title='bbox 3037 619 3292 678; x_wconf 78' lang='lat' dir='ltr'><strong>Quoniam</strong></span> 
     </span>
    </p>
   </div>
   <div class='ocr_carea' id='block_1_66' title="bbox 1696 679 3284 769">
    <p class='ocr_par' dir='ltr' id='par_1_66' title="bbox 1696 679 3284 769">
     <span class='ocr_line' id='line_1_66' title="bbox 1696 679 3284 769; baseline 0.019 -38"><span class='ocrx_word' id='word_1_517' title='bbox 1696 679 1902 734; x_wconf 87' lang='lat' dir='ltr'><strong>Domini</strong></span> <span class='ocrx_word' id='word_1_518' title='bbox 1922 697 1994 736; x_wconf 79' lang='lat' dir='ltr'><strong>est</strong></span> <span class='ocrx_word' id='word_1_519' title='bbox 2022 704 2249 754; x_wconf 74' lang='lat' dir='ltr'><strong>regnum,</strong></span> <span class='ocrx_word' id='word_1_520' title='bbox 2274 701 2320 742; x_wconf 87' lang='lat' dir='ltr'><strong>et</strong></span> <span class='ocrx_word' id='word_1_521' title='bbox 2338 693 2444 761; x_wconf 77' lang='lat' dir='ltr'><strong>ipse</strong></span> <span class='ocrx_word' id='word_1_522' title='bbox 2469 696 2810 751; x_wconf 81' lang='lat' dir='ltr'><strong>dominabitur</strong></span> <span class='ocrx_word' id='word_1_523' title='bbox 2835 706 3075 769; x_wconf 83' lang='lat' dir='ltr'><strong>gentium.</strong></span> <span class='ocrx_word' id='word_1_524' title='bbox 3092 709 3284 762; x_wconf 76' lang='lat' dir='ltr'><strong>Contra</strong></span> 
     </span>
    </p>
   </div>
   <div class='ocr_carea' id='block_1_67' title="bbox 1697 783 3298 861">
    <p class='ocr_par' dir='ltr' id='par_1_67' title="bbox 1697 783 3298 861">
     <span class='ocr_line' id='line_1_67' title="bbox 1697 783 3298 861; baseline 0.019 -39"><span class='ocrx_word' id='word_1_525' title='bbox 1697 784 1801 824; x_wconf 88' lang='lat' dir='ltr'><strong>tam</strong></span> <span class='ocrx_word' id='word_1_526' title='bbox 1829 785 2064 842; x_wconf 85' lang='lat' dir='ltr'><strong>apertam</strong></span> <span class='ocrx_word' id='word_1_527' title='bbox 2084 789 2136 831; x_wconf 82' lang='lat' dir='ltr'><strong>et</strong></span> <span class='ocrx_word' id='word_1_528' title='bbox 2161 783 2440 838; x_wconf 66' lang='lat' dir='ltr'><strong>n&#39;tanil&#39;estc</strong></span> <span class='ocrx_word' id='word_1_529' title='bbox 2456 785 2874 845; x_wconf 85' lang='lat' dir='ltr'><strong>demonstratam</strong></span> <span class='ocrx_word' id='word_1_530' title='bbox 2899 799 3298 861; x_wconf 86' lang='lat' dir='ltr'><strong>possessionem</strong></span> 
     </span>
    </p>
   </div>
   <div class='ocr_carea' id='block_1_68' title="bbox 1692 861 3296 958">
    <p class='ocr_par' dir='ltr' id='par_1_68' title="bbox 1692 861 3296 958">
     <span class='ocr_line' id='line_1_68' title="bbox 1692 861 3296 958; baseline 0.017 -43"><span class='ocrx_word' id='word_1_531' title='bbox 1692 861 1912 930; x_wconf 88' lang='lat' dir='ltr'><strong>Christi,</strong></span> <span class='ocrx_word' id='word_1_532' title='bbox 1950 885 2054 920; x_wconf 90' lang='lat' dir='ltr'><strong>non</strong></span> <span class='ocrx_word' id='word_1_533' title='bbox 2090 871 2318 925; x_wconf 85' lang='lat' dir='ltr'><strong>audiatis</strong></span> <span class='ocrx_word' id='word_1_534' title='bbox 2366 879 2528 930; x_wconf 82' lang='lat' dir='ltr'><strong>verba</strong></span> <span class='ocrx_word' id='word_1_535' title='bbox 2569 880 2989 939; x_wconf 90' lang='lat' dir='ltr'><strong>calumniatoris.</strong></span> <span class='ocrx_word' id='word_1_536' title='bbox 3028 886 3296 958; x_wconf 80' lang='lat' dir='ltr'><strong>Quidquid</strong></span> 
     </span>
    </p>
   </div>
   <div class='ocr_carea' id='block_1_69' title="bbox 1694 959 3296 1036">
    <p class='ocr_par' dir='ltr' id='par_1_69' title="bbox 1694 959 3296 1036">
     <span class='ocr_line' id='line_1_69' title="bbox 1694 959 3296 1036; baseline 0.018 -29"><span class='ocrx_word' id='word_1_537' title='bbox 1694 959 2107 1029; x_wconf 82' lang='lat' dir='ltr'><strong>contradicunt,</strong></span> <span class='ocrx_word' id='word_1_538' title='bbox 2165 964 2411 1021; x_wconf 90' lang='lat' dir='ltr'><strong>homines</strong></span> <span class='ocrx_word' id='word_1_539' title='bbox 2462 969 2643 1026; x_wconf 88' lang='lat' dir='ltr'><strong>dicunt</strong></span> <span class='ocrx_word' id='word_1_540' title='bbox 2699 989 2713 1024; x_wconf 88' lang='lat'><strong>:</strong></span> <span class='ocrx_word' id='word_1_541' title='bbox 2766 975 2867 1030; x_wconf 91' lang='lat' dir='ltr'><strong>hoc</strong></span> <span class='ocrx_word' id='word_1_542' title='bbox 2922 989 3100 1033; x_wconf 80' lang='lat' dir='ltr'><strong>autem</strong></span> <span class='ocrx_word' id='word_1_543' title='bbox 3158 981 3296 1036; x_wconf 89' lang='lat' dir='ltr'><strong>Deus</strong></span> 
     </span>
    </p>
   </div>
   <div class='ocr_carea' id='block_1_70' title="bbox 1693 1048 1842 1101">
    <p class='ocr_par' dir='ltr' id='par_1_70' title="bbox 1693 1048 1842 1101">
     <span class='ocr_line' id='line_1_70' title="bbox 1693 1048 1842 1101; baseline 0.02 -3"><span class='ocrx_word' id='word_1_544' title='bbox 1693 1048 1842 1101; x_wconf 86' lang='lat' dir='ltr'><strong>diett.</strong></span> 
     </span>
    </p>
   </div>
   <div class='ocr_carea' id='block_1_71' title="bbox 2787 1202 3186 1225">
    <p class='ocr_par' dir='ltr' id='par_1_71' title="bbox 2787 1202 3186 1225">
     <span class='ocr_line' id='line_1_71' title="bbox 2787 1202 3186 1225; baseline 0.003 -1"><span class='ocrx_word' id='word_1_545' title='bbox 2787 1202 3186 1225; x_wconf 53' lang='lat'><strong>~——--——-¢</strong></span> 
     </span>
    </p>
   </div>
   <div class='ocr_carea' id='block_1_72' title="bbox 2116 1261 2857 1335">
    <p class='ocr_par' dir='ltr' id='par_1_72' title="bbox 2116 1261 2857 1335">
     <span class='ocr_line' id='line_1_72' title="bbox 2116 1261 2857 1335; baseline 0.022 -16"><span class='ocrx_word' id='word_1_546' title='bbox 2116 1261 2198 1320; x_wconf 82' lang='lat' dir='ltr'><strong>IN</strong></span> <span class='ocrx_word' id='word_1_547' title='bbox 2243 1264 2625 1329; x_wconf 78' lang='lat' dir='ltr'><strong>I’SALMUM</strong></span> <span class='ocrx_word' id='word_1_548' title='bbox 2673 1273 2857 1335; x_wconf 76' lang='lat' dir='ltr'><strong>XXII</strong></span> 
     </span>
    </p>
   </div>
   <div class='ocr_carea' id='block_1_73' title="bbox 2293 1385 2709 1443">
    <p class='ocr_par' dir='ltr' id='par_1_73' title="bbox 2293 1385 2709 1443">
     <span class='ocr_line' id='line_1_73' title="bbox 2293 1385 2709 1443; baseline 0.022 -8"><span class='ocrx_word' id='word_1_549' title='bbox 2293 1385 2709 1443; x_wconf 73' lang='lat' dir='ltr'><strong>ENARHATIO.</strong></span> 
     </span>
    </p>
   </div>
   <div class='ocr_carea' id='block_1_74' title="bbox 2190 1493 2811 1568">
    <p class='ocr_par' dir='ltr' id='par_1_74' title="bbox 2190 1493 2811 1568">
     <span class='ocr_line' id='line_1_74' title="bbox 2190 1493 2811 1568; baseline 0.021 -23"><span class='ocrx_word' id='word_1_550' title='bbox 2190 1495 2202 1520; x_wconf 86' lang='lat'>&#39;</span> <span class='ocrx_word' id='word_1_551' title='bbox 2233 1493 2471 1551; x_wconf 78' lang='lat' dir='ltr'><strong>Psalmus</strong></span> <span class='ocrx_word' id='word_1_552' title='bbox 2500 1500 2599 1568; x_wconf 81' lang='lat' dir='ltr'><strong>ipsi</strong></span> <span class='ocrx_word' id='word_1_553' title='bbox 2631 1501 2811 1558; x_wconf 85' lang='lat' dir='ltr'><strong>David.</strong></span> 
     </span>
    </p>
   </div>
   <div class='ocr_carea' id='block_1_75' title="bbox 1770 1618 3305 1702">
    <p class='ocr_par' dir='ltr' id='par_1_75' title="bbox 1770 1618 3305 1702">
     <span class='ocr_line' id='line_1_75' title="bbox 1770 1618 3305 1702; baseline 0.019 -31"><span class='ocrx_word' id='word_1_554' title='bbox 1770 1621 1820 1672; x_wconf 76' lang='grc' dir='ltr'><strong>ί.</strong></span> <span class='ocrx_word' id='word_1_555' title='bbox 1871 1618 2021 1692; x_wconf 51' lang='lat' dir='ltr'><strong>[verm</strong></span> <span class='ocrx_word' id='word_1_556' title='bbox 2073 1623 2148 1696; x_wconf 73' lang='lat'><strong>1.]</strong></span> <span class='ocrx_word' id='word_1_557' title='bbox 2199 1626 2437 1690; x_wconf 84' lang='lat' dir='ltr'><strong>Ecclesia</strong></span> <span class='ocrx_word' id='word_1_558' title='bbox 2483 1632 2714 1702; x_wconf 84' lang='lat' dir='ltr'><strong>loquitur</strong></span> <span class='ocrx_word' id='word_1_559' title='bbox 2744 1637 3005 1696; x_wconf 87' lang='lat' dir='ltr'><strong>Christo:</strong></span> <span class='ocrx_word' id='word_1_560' title='bbox 3041 1640 3305 1700; x_wconf 63' lang='lat' dir='ltr'><strong>Dominus</strong></span> 
     </span>
    </p>
   </div>
   <div class='ocr_carea' id='block_1_76' title="bbox 1694 1712 3291 1789">
    <p class='ocr_par' dir='ltr' id='par_1_76' title="bbox 1694 1712 3291 1789">
     <span class='ocr_line' id='line_1_76' title="bbox 1694 1712 3291 1789; baseline 0.019 -30"><span class='ocrx_word' id='word_1_561' title='bbox 1694 1712 1854 1778; x_wconf 79' lang='lat' dir='ltr'><strong>pascit</strong></span> <span class='ocrx_word' id='word_1_562' title='bbox 1880 1729 1978 1777; x_wconf 89' lang='lat' dir='ltr'><strong>me,</strong></span> <span class='ocrx_word' id='word_1_563' title='bbox 2003 1724 2050 1766; x_wconf 88' lang='lat' dir='ltr'><strong>et</strong></span> <span class='ocrx_word' id='word_1_564' title='bbox 2080 1717 2208 1771; x_wconf 89' lang='lat' dir='ltr'><strong>nihil</strong></span> <span class='ocrx_word' id='word_1_565' title='bbox 2237 1720 2359 1772; x_wconf 85' lang='lat' dir='ltr'><strong>mihi</strong></span> <span class='ocrx_word' id='word_1_566' title='bbox 2385 1721 2558 1785; x_wconf 82' lang='lat' dir='ltr'><strong>deerit,</strong></span> <span class='ocrx_word' id='word_1_567' title='bbox 2594 1724 2848 1781; x_wconf 87' lang='lat' dir='ltr'><strong>Dominus</strong></span> <span class='ocrx_word' id='word_1_568' title='bbox 2871 1729 3026 1784; x_wconf 84' lang='lat' dir='ltr'><strong>Jesus</strong></span> <span class='ocrx_word' id='word_1_569' title='bbox 3047 1731 3291 1789; x_wconf 71' lang='lat' dir='ltr'><strong>Christus</strong></span> 
     </span>
    </p>
   </div>
   <div class='ocr_carea' id='block_1_77' title="bbox 1696 1811 2799 1872">
    <p class='ocr_par' dir='ltr' id='par_1_77' title="bbox 1696 1811 2799 1872">
     <span class='ocr_line' id='line_1_77' title="bbox 1696 1811 2799 1872; baseline 0.018 -22"><span class='ocrx_word' id='word_1_570' title='bbox 1696 1811 1878 1867; x_wconf 87' lang='lat' dir='ltr'><strong>pastor</strong></span> <span class='ocrx_word' id='word_1_571' title='bbox 1905 1819 2055 1858; x_wconf 88' lang='lat' dir='ltr'><strong>meus</strong></span> <span class='ocrx_word' id='word_1_572' title='bbox 2081 1817 2183 1872; x_wconf 91' lang='lat' dir='ltr'><strong>est,</strong></span> <span class='ocrx_word' id='word_1_573' title='bbox 2213 1818 2267 1862; x_wconf 87' lang='lat' dir='ltr'><strong>et</strong></span> <span class='ocrx_word' id='word_1_574' title='bbox 2297 1811 2425 1864; x_wconf 90' lang='lat' dir='ltr'><strong>nihil</strong></span> <span class='ocrx_word' id='word_1_575' title='bbox 2455 1814 2584 1867; x_wconf 90' lang='lat' dir='ltr'><strong>mihi</strong></span> <span class='ocrx_word' id='word_1_576' title='bbox 2610 1817 2799 1872; x_wconf 88' lang='lat' dir='ltr'><strong>deerit.</strong></span> 
     </span>
    </p>
   </div>
   <div class='ocr_carea' id='block_1_78' title="bbox 1764 1890 3290 1972">
    <p class='ocr_par' dir='ltr' id='par_1_78' title="bbox 1764 1890 3290 1972">
     <span class='ocr_line' id='line_1_78' title="bbox 1764 1890 3290 1972; baseline 0.02 -29"><span class='ocrx_word' id='word_1_577' title='bbox 1764 1890 1817 1945; x_wconf 73' lang='grc' dir='ltr'><strong>Ξ.</strong></span> <span class='ocrx_word' id='word_1_578' title='bbox 1850 1891 2000 1963; x_wconf 78' lang='lat' dir='ltr'><strong>[vers.</strong></span> <span class='ocrx_word' id='word_1_579' title='bbox 2045 1896 2125 1968; x_wconf 76' lang='lat'><strong>2.]</strong></span> <span class='ocrx_word' id='word_1_580' title='bbox 2157 1899 2224 1952; x_wconf 88' lang='lat' dir='ltr'><strong>In</strong></span> <span class='ocrx_word' id='word_1_581' title='bbox 2264 1901 2373 1954; x_wconf 85' lang='lat' dir='ltr'><strong>loco</strong></span> <span class='ocrx_word' id='word_1_582' title='bbox 2413 1921 2615 1972; x_wconf 77' lang='lat' dir='ltr'><strong>pascua:</strong></span> <span class='ocrx_word' id='word_1_583' title='bbox 2649 1907 2718 1961; x_wconf 86' lang='lat' dir='ltr'><strong>ibi</strong></span> <span class='ocrx_word' id='word_1_584' title='bbox 2755 1926 2834 1963; x_wconf 87' lang='lat' dir='ltr'><strong>me</strong></span> <span class='ocrx_word' id='word_1_585' title='bbox 2879 1913 3142 1969; x_wconf 82' lang='lat' dir='ltr'><strong>collocavit</strong></span> <span class='ocrx_word' id='word_1_586' title='bbox 3183 1935 3201 1972; x_wconf 89' lang='lat'><strong><em>:</em></strong></span> <span class='ocrx_word' id='word_1_587' title='bbox 3240 1921 3290 1972; x_wconf 89' lang='lat' dir='ltr'><strong>in</strong></span> 
     </span>
    </p>
   </div>
   <div class='ocr_carea' id='block_1_79' title="bbox 1693 1981 3290 2072">
    <p class='ocr_par' dir='ltr' id='par_1_79' title="bbox 1693 1981 3290 2072">
     <span class='ocr_line' id='line_1_79' title="bbox 1693 1981 3290 2072; baseline 0.018 -38"><span class='ocrx_word' id='word_1_588' title='bbox 1693 1981 1812 2035; x_wconf 90' lang='lat' dir='ltr'><strong>loco</strong></span> <span class='ocrx_word' id='word_1_589' title='bbox 1844 1999 2053 2051; x_wconf 79' lang='lat' dir='ltr'><strong>pascuae</strong></span> <span class='ocrx_word' id='word_1_590' title='bbox 2076 1988 2376 2057; x_wconf 85' lang='lat' dir='ltr'><strong>incipientis</strong></span> <span class='ocrx_word' id='word_1_591' title='bbox 2407 1994 2470 2047; x_wconf 91' lang='lat' dir='ltr'><strong>ad</strong></span> <span class='ocrx_word' id='word_1_592' title='bbox 2505 1995 2662 2050; x_wconf 85' lang='lat' dir='ltr'><strong>[idem</strong></span> <span class='ocrx_word' id='word_1_593' title='bbox 2688 2000 2707 2029; x_wconf 84' lang='grc'>²</span> <span class='ocrx_word' id='word_1_594' title='bbox 2738 2015 2824 2056; x_wconf 90' lang='lat' dir='ltr'><strong>me</strong></span> <span class='ocrx_word' id='word_1_595' title='bbox 2852 2004 3150 2071; x_wconf 89' lang='lat' dir='ltr'><strong>perducens</strong></span> <span class='ocrx_word' id='word_1_596' title='bbox 3176 2049 3191 2072; x_wconf 95' lang='lat'><strong>,</strong></span> <span class='ocrx_word' id='word_1_597' title='bbox 3224 2012 3290 2062; x_wconf 87' lang='lat' dir='ltr'><strong>tbi</strong></span> 
     </span>
    </p>
   </div>
   <div class='ocr_carea' id='block_1_80' title="bbox 1698 2078 3294 2170">
    <p class='ocr_par' dir='ltr' id='par_1_80' title="bbox 1698 2078 3294 2170">
     <span class='ocr_line' id='line_1_80' title="bbox 1698 2078 3294 2170; baseline 0.018 -42"><span class='ocrx_word' id='word_1_598' title='bbox 1698 2089 1782 2170; x_wconf 81' lang='lat' dir='ltr'><strong>me</strong></span> <span class='ocrx_word' id='word_1_599' title='bbox 1835 2078 2173 2134; x_wconf 88' lang='lat' dir='ltr'><strong>nutriendum</strong></span> <span class='ocrx_word' id='word_1_600' title='bbox 2217 2084 2515 2141; x_wconf 84' lang='lat' dir='ltr'><strong>collocavit.</strong></span> <span class='ocrx_word' id='word_1_601' title='bbox 2562 2089 2732 2158; x_wconf 85' lang='lat' dir='ltr'><strong>Super</strong></span> <span class='ocrx_word' id='word_1_602' title='bbox 2778 2111 2962 2166; x_wconf 83' lang='lat' dir='ltr'><strong>aquam</strong></span> <span class='ocrx_word' id='word_1_603' title='bbox 3009 2102 3294 2170; x_wconf 68' lang='lat' dir='ltr'><strong>refectioni;</strong></span> 
     </span>
    </p>
   </div>
   <div class='ocr_carea' id='block_1_81' title="bbox 1694 2164 3292 2256">
    <p class='ocr_par' dir='ltr' id='par_1_81' title="bbox 1694 2164 3292 2256">
     <span class='ocr_line' id='line_1_81' title="bbox 1694 2164 3292 2256; baseline 0.019 -40"><span class='ocrx_word' id='word_1_604' title='bbox 1694 2164 1923 2220; x_wconf 75' lang='lat' dir='ltr'><strong>educavit</strong></span> <span class='ocrx_word' id='word_1_605' title='bbox 1973 2185 2050 2221; x_wconf 89' lang='lat' dir='ltr'><strong>me</strong></span> <span class='ocrx_word' id='word_1_606' title='bbox 2092 2186 2110 2224; x_wconf 89' lang='lat'><strong><em>:</em></strong></span> <span class='ocrx_word' id='word_1_607' title='bbox 2150 2188 2314 2241; x_wconf 82' lang='lat' dir='ltr'><strong>super</strong></span> <span class='ocrx_word' id='word_1_608' title='bbox 2353 2191 2541 2245; x_wconf 87' lang='lat' dir='ltr'><strong>aquam</strong></span> <span class='ocrx_word' id='word_1_609' title='bbox 2586 2164 2871 2250; x_wconf 85' lang='lat' dir='ltr'><strong>baptismi,</strong></span> <span class='ocrx_word' id='word_1_610' title='bbox 2905 2203 3010 2256; x_wconf 90' lang='lat' dir='ltr'><strong>quo</strong></span> <span class='ocrx_word' id='word_1_611' title='bbox 3048 2164 3292 2246; x_wconf 78' lang='lat' dir='ltr'><strong>reﬁciun-</strong></span> 
     </span>
    </p>
   </div>
   <div class='ocr_carea' id='block_1_82' title="bbox 1697 2259 3291 2346">
    <p class='ocr_par' dir='ltr' id='par_1_82' title="bbox 1697 2259 3291 2346">
     <span class='ocr_line' id='line_1_82' title="bbox 1697 2259 3291 2346; baseline 0.019 -38"><span class='ocrx_word' id='word_1_612' title='bbox 1697 2265 1784 2309; x_wconf 89' lang='lat' dir='ltr'><strong>tur</strong></span> <span class='ocrx_word' id='word_1_613' title='bbox 1823 2259 1911 2326; x_wconf 90' lang='lat' dir='ltr'><strong>qui</strong></span> <span class='ocrx_word' id='word_1_614' title='bbox 1966 2260 2322 2332; x_wconf 83' lang='lat' dir='ltr'><strong>integritatem</strong></span> <span class='ocrx_word' id='word_1_615' title='bbox 2376 2269 2622 2340; x_wconf 83' lang='lat' dir='ltr'><strong>viresque</strong></span> <span class='ocrx_word' id='word_1_616' title='bbox 2670 2276 3002 2346; x_wconf 86' lang='lat' dir='ltr'><strong>amiserant,</strong></span> <span class='ocrx_word' id='word_1_617' title='bbox 3049 2282 3291 2340; x_wconf 85' lang='lat' dir='ltr'><strong>educavit</strong></span> 
     </span>
    </p>
   </div>
   <div class='ocr_carea' id='block_1_83' title="bbox 1695 2365 1802 2402">
    <p class='ocr_par' dir='ltr' id='par_1_83' title="bbox 1695 2365 1802 2402">
     <span class='ocr_line' id='line_1_83' title="bbox 1695 2365 1802 2402; baseline -0.009 -1"><span class='ocrx_word' id='word_1_618' title='bbox 1695 2365 1802 2402; x_wconf 87' lang='lat' dir='ltr'><strong>me.</strong></span> 
     </span>
    </p>
   </div>
   <div class='ocr_carea' id='block_1_84' title="bbox 1767 2443 3289 2523">
    <p class='ocr_par' dir='ltr' id='par_1_84' title="bbox 1767 2443 3289 2523">
     <span class='ocr_line' id='line_1_84' title="bbox 1767 2443 3289 2523; baseline 0.018 -28"><span class='ocrx_word' id='word_1_619' title='bbox 1767 2443 1816 2495; x_wconf 77' lang='lat'><strong>3.</strong></span> <span class='ocrx_word' id='word_1_620' title='bbox 1865 2443 2012 2516; x_wconf 63' lang='lat' dir='ltr'><strong>[vers</strong></span> <span class='ocrx_word' id='word_1_621' title='bbox 2084 2447 2160 2520; x_wconf 78' lang='lat'><strong>5.]</strong></span> <span class='ocrx_word' id='word_1_622' title='bbox 2217 2451 2453 2507; x_wconf 84' lang='lat' dir='ltr'><strong>Animam</strong></span> <span class='ocrx_word' id='word_1_623' title='bbox 2515 2475 2675 2514; x_wconf 78' lang='lat' dir='ltr'><strong>meum.</strong></span> <span class='ocrx_word' id='word_1_624' title='bbox 2729 2467 2992 2519; x_wconf 82' lang='lat' dir='ltr'><strong>convertit.</strong></span> <span class='ocrx_word' id='word_1_625' title='bbox 3065 2464 3289 2523; x_wconf 74' lang='lat' dir='ltr'><strong>Deduxit</strong></span> 
     </span>
    </p>
   </div>
   <div class='ocr_carea' id='block_1_85' title="bbox 1695 2535 3290 2617">
    <p class='ocr_par' dir='ltr' id='par_1_85' title="bbox 1695 2535 3290 2617">
     <span class='ocr_line' id='line_1_85' title="bbox 1695 2535 3290 2617; baseline 0.019 -30"><span class='ocrx_word' id='word_1_626' title='bbox 1695 2551 1775 2589; x_wconf 87' lang='lat' dir='ltr'><strong>me</strong></span> <span class='ocrx_word' id='word_1_627' title='bbox 1794 2535 1845 2588; x_wconf 89' lang='lat' dir='ltr'><strong>in</strong></span> <span class='ocrx_word' id='word_1_628' title='bbox 1870 2540 2058 2592; x_wconf 79' lang='lat' dir='ltr'><strong>semitis</strong></span> <span class='ocrx_word' id='word_1_629' title='bbox 2075 2541 2309 2610; x_wconf 74' lang='lat' dir='ltr'><strong>justitiae,</strong></span> <span class='ocrx_word' id='word_1_630' title='bbox 2327 2558 2532 2616; x_wconf 85' lang='lat' dir='ltr'><strong>propter</strong></span> <span class='ocrx_word' id='word_1_631' title='bbox 2557 2567 2736 2606; x_wconf 82' lang='lat' dir='ltr'><strong>nomen</strong></span> <span class='ocrx_word' id='word_1_632' title='bbox 2761 2571 2928 2608; x_wconf 78' lang='lat' dir='ltr'><strong>suum.</strong></span> <span class='ocrx_word' id='word_1_633' title='bbox 2949 2557 3181 2614; x_wconf 81' lang='lat' dir='ltr'><strong>Deduxit</strong></span> <span class='ocrx_word' id='word_1_634' title='bbox 3201 2578 3290 2617; x_wconf 89' lang='lat' dir='ltr'><strong>me</strong></span> 
     </span>
    </p>
   </div>
   <div class='ocr_carea' id='block_1_86' title="bbox 1697 2631 3292 2722">
    <p class='ocr_par' dir='ltr' id='par_1_86' title="bbox 1697 2631 3292 2722">
     <span class='ocr_line' id='line_1_86' title="bbox 1697 2631 3292 2722; baseline 0.019 -43"><span class='ocrx_word' id='word_1_635' title='bbox 1697 2631 1751 2681; x_wconf 90' lang='lat' dir='ltr'><strong>in</strong></span> <span class='ocrx_word' id='word_1_636' title='bbox 1779 2631 2020 2698; x_wconf 82' lang='lat' dir='ltr'><strong>angustis</strong></span> <span class='ocrx_word' id='word_1_637' title='bbox 2047 2634 2345 2699; x_wconf 88' lang='lat' dir='ltr'><strong>itineribus,</strong></span> <span class='ocrx_word' id='word_1_638' title='bbox 2385 2656 2503 2708; x_wconf 60' lang='lat' dir='ltr'><strong>quae</strong></span> <span class='ocrx_word' id='word_1_639' title='bbox 2532 2646 2681 2711; x_wconf 88' lang='lat' dir='ltr'><strong>pauci</strong></span> <span class='ocrx_word' id='word_1_640' title='bbox 2727 2649 3040 2714; x_wconf 89' lang='lat' dir='ltr'><strong>ambulant,</strong></span> <span class='ocrx_word' id='word_1_641' title='bbox 3070 2655 3292 2722; x_wconf 70' lang='lat' dir='ltr'><strong>iustitia:</strong></span> 
     </span>
    </p>
   </div>
   <div class='ocr_carea' id='block_1_87' title="bbox 1695 2733 3290 2814">
    <p class='ocr_par' dir='ltr' id='par_1_87' title="bbox 1695 2733 3290 2814">
     <span class='ocr_line' id='line_1_87' title="bbox 1695 2733 3290 2814; baseline 0.019 -40"><span class='ocrx_word' id='word_1_642' title='bbox 1695 2736 1840 2788; x_wconf 68' lang='lat' dir='ltr'><strong>sure;</strong></span> <span class='ocrx_word' id='word_1_643' title='bbox 1871 2740 1976 2778; x_wconf 91' lang='lat' dir='ltr'><strong>non</strong></span> <span class='ocrx_word' id='word_1_644' title='bbox 2007 2737 2223 2797; x_wconf 89' lang='lat' dir='ltr'><strong>propter</strong></span> <span class='ocrx_word' id='word_1_645' title='bbox 2251 2733 2498 2787; x_wconf 89' lang='lat' dir='ltr'><strong>meritum</strong></span> <span class='ocrx_word' id='word_1_646' title='bbox 2526 2752 2725 2806; x_wconf 89' lang='lat' dir='ltr'><strong>meum,</strong></span> <span class='ocrx_word' id='word_1_647' title='bbox 2750 2741 2840 2795; x_wconf 91' lang='lat' dir='ltr'><strong>sed</strong></span> <span class='ocrx_word' id='word_1_648' title='bbox 2864 2754 3082 2814; x_wconf 89' lang='lat' dir='ltr'><strong>propter</strong></span> <span class='ocrx_word' id='word_1_649' title='bbox 3096 2765 3290 2804; x_wconf 89' lang='lat' dir='ltr'><strong>nomen</strong></span> 
     </span>
    </p>
   </div>
   <div class='ocr_carea' id='block_1_88' title="bbox 1695 2832 1873 2870">
    <p class='ocr_par' dir='ltr' id='par_1_88' title="bbox 1695 2832 1873 2870">
     <span class='ocr_line' id='line_1_88' title="bbox 1695 2832 1873 2870; baseline -0.017 0"><span class='ocrx_word' id='word_1_650' title='bbox 1695 2832 1873 2870; x_wconf 87' lang='lat' dir='ltr'><strong>suum.</strong></span> 
     </span>
    </p>
   </div>
   <div class='ocr_carea' id='block_1_89' title="bbox 1765 2907 3294 2986">
    <p class='ocr_par' dir='ltr' id='par_1_89' title="bbox 1765 2907 3294 2986">
     <span class='ocr_line' id='line_1_89' title="bbox 1765 2907 3294 2986; baseline 0.015 -24"><span class='ocrx_word' id='word_1_651' title='bbox 1765 2910 1817 2962; x_wconf 71' lang='grc'><strong>4.</strong></span> <span class='ocrx_word' id='word_1_652' title='bbox 1853 2907 2001 2980; x_wconf 64' lang='lat' dir='ltr'><strong>[rem</strong></span> <span class='ocrx_word' id='word_1_653' title='bbox 2049 2909 2129 2983; x_wconf 72' lang='grc'><strong>4.]</strong></span> <span class='ocrx_word' id='word_1_654' title='bbox 2173 2911 2313 2967; x_wconf 83' lang='lat' dir='ltr'><strong>Nam</strong></span> <span class='ocrx_word' id='word_1_655' title='bbox 2361 2926 2404 2969; x_wconf 84' lang='lat' dir='ltr'><strong>et</strong></span> <span class='ocrx_word' id='word_1_656' title='bbox 2447 2918 2492 2971; x_wconf 77' lang='lat' dir='ltr'><strong>si</strong></span> <span class='ocrx_word' id='word_1_657' title='bbox 2532 2919 2783 2976; x_wconf 81' lang='lat' dir='ltr'><strong>ambulem</strong></span> <span class='ocrx_word' id='word_1_658' title='bbox 2828 2923 2881 2979; x_wconf 86' lang='lat' dir='ltr'><strong>in</strong></span> <span class='ocrx_word' id='word_1_659' title='bbox 2915 2929 3080 2982; x_wconf 86' lang='lat' dir='ltr'><strong>medio</strong></span> <span class='ocrx_word' id='word_1_660' title='bbox 3101 2931 3294 2986; x_wconf 77' lang='lat' dir='ltr'><strong>umbra:</strong></span> 
     </span>
    </p>
   </div>
   <div class='ocr_carea' id='block_1_90' title="bbox 1697 3004 3290 3093">
    <p class='ocr_par' dir='ltr' id='par_1_90' title="bbox 1697 3004 3290 3093">
     <span class='ocr_line' id='line_1_90' title="bbox 1697 3004 3290 3093; baseline 0.016 -41"><span class='ocrx_word' id='word_1_661' title='bbox 1697 3004 1871 3056; x_wconf 78' lang='lat' dir='ltr'><strong>mortis</strong></span> <span class='ocrx_word' id='word_1_662' title='bbox 1898 3021 1916 3056; x_wconf 89' lang='lat'><strong><em>:</em></strong></span> <span class='ocrx_word' id='word_1_663' title='bbox 1939 3021 2057 3056; x_wconf 89' lang='lat' dir='ltr'><strong>nam</strong></span> <span class='ocrx_word' id='word_1_664' title='bbox 2089 3015 2144 3058; x_wconf 88' lang='lat' dir='ltr'><strong>et</strong></span> <span class='ocrx_word' id='word_1_665' title='bbox 2167 3009 2210 3059; x_wconf 92' lang='lat' dir='ltr'><strong>si</strong></span> <span class='ocrx_word' id='word_1_666' title='bbox 2250 3008 2515 3062; x_wconf 87' lang='lat' dir='ltr'><strong>ambulem</strong></span> <span class='ocrx_word' id='word_1_667' title='bbox 2544 3012 2595 3065; x_wconf 90' lang='lat' dir='ltr'><strong>in</strong></span> <span class='ocrx_word' id='word_1_668' title='bbox 2617 3014 2792 3068; x_wconf 88' lang='lat' dir='ltr'><strong>medio</strong></span> <span class='ocrx_word' id='word_1_669' title='bbox 2814 3018 2935 3072; x_wconf 78' lang='lat' dir='ltr'><strong>vita:</strong></span> <span class='ocrx_word' id='word_1_670' title='bbox 2963 3018 3140 3088; x_wconf 85' lang='lat' dir='ltr'><strong>hujus,</strong></span> <span class='ocrx_word' id='word_1_671' title='bbox 3170 3040 3290 3093; x_wconf 59' lang='lat' dir='ltr'><strong>quae</strong></span> 
     </span>
    </p>
   </div>
   <div class='ocr_carea' id='block_1_91' title="bbox 1699 3095 3290 3177">
    <p class='ocr_par' dir='ltr' id='par_1_91' title="bbox 1699 3095 3290 3177">
     <span class='ocr_line' id='line_1_91' title="bbox 1699 3095 3290 3177; baseline 0.016 -30"><span class='ocrx_word' id='word_1_672' title='bbox 1699 3095 1882 3148; x_wconf 90' lang='lat' dir='ltr'><strong>umbra</strong></span> <span class='ocrx_word' id='word_1_673' title='bbox 1912 3100 2100 3152; x_wconf 87' lang='lat' dir='ltr'><strong>mortis</strong></span> <span class='ocrx_word' id='word_1_674' title='bbox 2127 3110 2230 3153; x_wconf 88' lang='lat' dir='ltr'><strong>est.</strong></span> <span class='ocrx_word' id='word_1_675' title='bbox 2277 3099 2400 3154; x_wconf 84' lang='lat' dir='ltr'><strong>Non</strong></span> <span class='ocrx_word' id='word_1_676' title='bbox 2431 3104 2610 3157; x_wconf 87' lang='lat' dir='ltr'><strong>timebo</strong></span> <span class='ocrx_word' id='word_1_677' title='bbox 2638 3109 2802 3173; x_wconf 89' lang='lat' dir='ltr'><strong>mala,</strong></span> <span class='ocrx_word' id='word_1_678' title='bbox 2833 3115 3072 3177; x_wconf 85' lang='lat' dir='ltr'><strong>quoniam</strong></span> <span class='ocrx_word' id='word_1_679' title='bbox 3099 3125 3153 3171; x_wconf 82' lang='lat' dir='ltr'><strong>tu</strong></span> <span class='ocrx_word' id='word_1_680' title='bbox 3183 3133 3290 3170; x_wconf 87' lang='lat' dir='ltr'><strong>me-</strong></span> 
     </span>
    </p>
   </div>
   <div class='ocr_carea' id='block_1_92' title="bbox 1695 3191 3292 3264">
    <p class='ocr_par' dir='ltr' id='par_1_92' title="bbox 1695 3191 3292 3264">
     <span class='ocr_line' id='line_1_92' title="bbox 1695 3191 3292 3264; baseline 0.016 -26"><span class='ocrx_word' id='word_1_681' title='bbox 1695 3204 1806 3238; x_wconf 85' lang='lat' dir='ltr'><strong>cum</strong></span> <span class='ocrx_word' id='word_1_682' title='bbox 1833 3203 1886 3239; x_wconf 81' lang='lat' dir='ltr'><strong>es</strong></span> <span class='ocrx_word' id='word_1_683' title='bbox 1909 3205 1927 3240; x_wconf 88' lang='lat'><em>:</em></span> <span class='ocrx_word' id='word_1_684' title='bbox 1947 3205 2054 3242; x_wconf 86' lang='lat' dir='ltr'><strong>non</strong></span> <span class='ocrx_word' id='word_1_685' title='bbox 2076 3191 2275 3244; x_wconf 89' lang='lat' dir='ltr'><strong>timebo</strong></span> <span class='ocrx_word' id='word_1_686' title='bbox 2295 3194 2454 3258; x_wconf 88' lang='lat' dir='ltr'><strong>mala,</strong></span> <span class='ocrx_word' id='word_1_687' title='bbox 2479 3199 2726 3264; x_wconf 86' lang='lat' dir='ltr'><strong>quoniam</strong></span> <span class='ocrx_word' id='word_1_688' title='bbox 2744 3209 2797 3253; x_wconf 90' lang='lat' dir='ltr'><strong>tu</strong></span> <span class='ocrx_word' id='word_1_689' title='bbox 2822 3202 3028 3258; x_wconf 85' lang='lat' dir='ltr'><strong>habitas</strong></span> <span class='ocrx_word' id='word_1_690' title='bbox 3051 3206 3292 3264; x_wconf 81' lang='lat' dir='ltr'><strong>incorde</strong></span> 
     </span>
    </p>
   </div>
   <div class='ocr_carea' id='block_1_93' title="bbox 1698 3279 3292 3363">
    <p class='ocr_par' dir='ltr' id='par_1_93' title="bbox 1698 3279 3292 3363">
     <span class='ocr_line' id='line_1_93' title="bbox 1698 3279 3292 3363; baseline 0.016 -34"><span class='ocrx_word' id='word_1_691' title='bbox 1698 3294 1816 3331; x_wconf 87' lang='lat' dir='ltr'><strong>meo</strong></span> <span class='ocrx_word' id='word_1_692' title='bbox 1847 3294 1943 3346; x_wconf 83' lang='lat' dir='ltr'><strong>per</strong></span> <span class='ocrx_word' id='word_1_693' title='bbox 1970 3279 2128 3336; x_wconf 83' lang='lat' dir='ltr'><strong>ﬁdem</strong></span> <span class='ocrx_word' id='word_1_694' title='bbox 2155 3298 2169 3347; x_wconf 90' lang='lat'><strong>;</strong></span> <span class='ocrx_word' id='word_1_695' title='bbox 2199 3292 2252 3336; x_wconf 90' lang='lat' dir='ltr'><strong>et</strong></span> <span class='ocrx_word' id='word_1_696' title='bbox 2279 3300 2419 3339; x_wconf 86' lang='lat' dir='ltr'><strong>nunc</strong></span> <span class='ocrx_word' id='word_1_697' title='bbox 2451 3302 2657 3341; x_wconf 87' lang='lat' dir='ltr'><strong>tnecmn</strong></span> <span class='ocrx_word' id='word_1_698' title='bbox 2687 3305 2774 3356; x_wconf 91' lang='lat' dir='ltr'><strong>es,</strong></span> <span class='ocrx_word' id='word_1_699' title='bbox 2811 3303 2870 3346; x_wconf 90' lang='lat' dir='ltr'><strong>ut</strong></span> <span class='ocrx_word' id='word_1_700' title='bbox 2905 3304 3023 3363; x_wconf 89' lang='lat' dir='ltr'><strong>post</strong></span> <span class='ocrx_word' id='word_1_701' title='bbox 3049 3298 3292 3355; x_wconf 88' lang='lat' dir='ltr'><strong>umbram</strong></span> 
     </span>
    </p>
   </div>
   <div class='ocr_carea' id='block_1_94' title="bbox 1697 3370 3286 3455">
    <p class='ocr_par' dir='ltr' id='par_1_94' title="bbox 1697 3370 3286 3455">
     <span class='ocr_line' id='line_1_94' title="bbox 1697 3370 3286 3455; baseline 0.016 -38"><span class='ocrx_word' id='word_1_702' title='bbox 1697 3370 1883 3422; x_wconf 88' lang='lat' dir='ltr'><strong>mortis</strong></span> <span class='ocrx_word' id='word_1_703' title='bbox 1913 3372 2073 3424; x_wconf 87' lang='lat' dir='ltr'><strong>etiam</strong></span> <span class='ocrx_word' id='word_1_704' title='bbox 2104 3388 2203 3440; x_wconf 86' lang='lat' dir='ltr'><strong>ego</strong></span> <span class='ocrx_word' id='word_1_705' title='bbox 2233 3375 2333 3428; x_wconf 92' lang='lat' dir='ltr'><strong>sim</strong></span> <span class='ocrx_word' id='word_1_706' title='bbox 2357 3387 2552 3430; x_wconf 89' lang='lat' dir='ltr'><strong>tecum.</strong></span> <span class='ocrx_word' id='word_1_707' title='bbox 2593 3377 2744 3450; x_wconf 79' lang='lat' dir='ltr'><strong>Virga</strong></span> <span class='ocrx_word' id='word_1_708' title='bbox 2762 3393 2847 3435; x_wconf 87' lang='lat' dir='ltr'><strong>tua</strong></span> <span class='ocrx_word' id='word_1_709' title='bbox 2863 3393 2906 3438; x_wconf 85' lang='lat' dir='ltr'><strong>et</strong></span> <span class='ocrx_word' id='word_1_710' title='bbox 2923 3385 3130 3441; x_wconf 75' lang='lat' dir='ltr'><strong>baculus</strong></span> <span class='ocrx_word' id='word_1_711' title='bbox 3149 3399 3286 3455; x_wconf 81' lang='lat' dir='ltr'><strong>tuus,</strong></span> 
     </span>
    </p>
   </div>
   <div class='ocr_carea' id='block_1_95' title="bbox 1694 3460 3289 3552">
    <p class='ocr_par' dir='ltr' id='par_1_95' title="bbox 1694 3460 3289 3552">
     <span class='ocr_line' id='line_1_95' title="bbox 1694 3460 3289 3552; baseline 0.016 -41"><span class='ocrx_word' id='word_1_712' title='bbox 1694 3460 1806 3528; x_wconf 78' lang='lat' dir='ltr'><strong>ipsa</strong></span> <span class='ocrx_word' id='word_1_713' title='bbox 1836 3478 1914 3514; x_wconf 84' lang='lat' dir='ltr'><strong>me</strong></span> <span class='ocrx_word' id='word_1_714' title='bbox 1940 3466 2198 3518; x_wconf 81' lang='lat' dir='ltr'><strong>consolata</strong></span> <span class='ocrx_word' id='word_1_715' title='bbox 2221 3477 2336 3520; x_wconf 73' lang='lat' dir='ltr'><strong>sunt</strong></span> <span class='ocrx_word' id='word_1_716' title='bbox 2365 3486 2384 3522; x_wconf 89' lang='lat'><strong><em>:</em></strong></span> <span class='ocrx_word' id='word_1_717' title='bbox 2409 3470 2691 3540; x_wconf 89' lang='lat' dir='ltr'><strong>disciplina</strong></span> <span class='ocrx_word' id='word_1_718' title='bbox 2722 3483 2807 3527; x_wconf 90' lang='lat' dir='ltr'><strong>tua</strong></span> <span class='ocrx_word' id='word_1_719' title='bbox 2851 3484 3101 3546; x_wconf 88' lang='lat' dir='ltr'><strong>tanquam</strong></span> <span class='ocrx_word' id='word_1_720' title='bbox 3145 3482 3289 3552; x_wconf 73' lang='lat' dir='ltr'><strong>virga</strong></span> 
     </span>
    </p>
   </div>
   <div class='ocr_carea' id='block_1_96' title="bbox 1697 3551 3290 3641">
    <p class='ocr_par' dir='ltr' id='par_1_96' title="bbox 1697 3551 3290 3641">
     <span class='ocr_line' id='line_1_96' title="bbox 1697 3551 3290 3641; baseline 0.015 -39"><span class='ocrx_word' id='word_1_721' title='bbox 1697 3551 1763 3603; x_wconf 88' lang='lat' dir='ltr'><strong>ad</strong></span> <span class='ocrx_word' id='word_1_722' title='bbox 1793 3567 2006 3621; x_wconf 78' lang='lat' dir='ltr'><strong>gregem</strong></span> <span class='ocrx_word' id='word_1_723' title='bbox 2037 3555 2213 3608; x_wconf 88' lang='lat' dir='ltr'><strong>ovium</strong></span> <span class='ocrx_word' id='word_1_724' title='bbox 2248 3597 2260 3620; x_wconf 93' lang='lat'><strong>,</strong></span> <span class='ocrx_word' id='word_1_725' title='bbox 2291 3566 2343 3610; x_wconf 90' lang='lat' dir='ltr'><strong>et</strong></span> <span class='ocrx_word' id='word_1_726' title='bbox 2374 3569 2623 3629; x_wconf 89' lang='lat' dir='ltr'><strong>tanquam</strong></span> <span class='ocrx_word' id='word_1_727' title='bbox 2652 3563 2869 3619; x_wconf 87' lang='lat' dir='ltr'><strong>baculus</strong></span> <span class='ocrx_word' id='word_1_728' title='bbox 2893 3566 3002 3634; x_wconf 86' lang='lat' dir='ltr'><strong>jam</strong></span> <span class='ocrx_word' id='word_1_729' title='bbox 3037 3569 3103 3623; x_wconf 86' lang='lat' dir='ltr'><strong>ad</strong></span> <span class='ocrx_word' id='word_1_730' title='bbox 3133 3551 3290 3641; x_wconf 86' lang='lat' dir='ltr'><strong>gran-</strong></span> 
     </span>
    </p>
   </div>
   <div class='ocr_carea' id='block_1_97' title="bbox 1695 3642 3291 3725">
    <p class='ocr_par' dir='ltr' id='par_1_97' title="bbox 1695 3642 3291 3725">
     <span class='ocr_line' id='line_1_97' title="bbox 1695 3642 3291 3725; baseline 0.014 -31"><span class='ocrx_word' id='word_1_731' title='bbox 1695 3642 1870 3696; x_wconf 86' lang='lat' dir='ltr'><strong>diores</strong></span> <span class='ocrx_word' id='word_1_732' title='bbox 1904 3644 2041 3699; x_wconf 76' lang='lat' dir='ltr'><strong>tilios</strong></span> <span class='ocrx_word' id='word_1_733' title='bbox 2067 3657 2117 3700; x_wconf 89' lang='lat' dir='ltr'><strong>et</strong></span> <span class='ocrx_word' id='word_1_734' title='bbox 2140 3648 2205 3700; x_wconf 87' lang='lat' dir='ltr'><strong>ab</strong></span> <span class='ocrx_word' id='word_1_735' title='bbox 2231 3649 2444 3704; x_wconf 87' lang='lat' dir='ltr'><strong>animali</strong></span> <span class='ocrx_word' id='word_1_736' title='bbox 2473 3653 2576 3707; x_wconf 85' lang='lat' dir='ltr'><strong>vita</strong></span> <span class='ocrx_word' id='word_1_737' title='bbox 2593 3654 2660 3706; x_wconf 88' lang='lat' dir='ltr'><strong>ad</strong></span> <span class='ocrx_word' id='word_1_738' title='bbox 2682 3656 3012 3725; x_wconf 89' lang='lat' dir='ltr'><strong>spiritualem</strong></span> <span class='ocrx_word' id='word_1_739' title='bbox 3040 3677 3291 3718; x_wconf 90' lang='lat' dir='ltr'><strong>crescen-</strong></span> 
     </span>
    </p>
   </div>
   <div class='ocr_carea' id='block_1_98' title="bbox 1698 3735 3287 3821">
    <p class='ocr_par' dir='ltr' id='par_1_98' title="bbox 1698 3735 3287 3821">
     <span class='ocr_line' id='line_1_98' title="bbox 1698 3735 3287 3821; baseline 0.017 -37"><span class='ocrx_word' id='word_1_740' title='bbox 1698 3742 1774 3785; x_wconf 81' lang='lat' dir='ltr'><strong>tes</strong></span> <span class='ocrx_word' id='word_1_741' title='bbox 1796 3776 1809 3796; x_wconf 92' lang='lat'><strong>,</strong></span> <span class='ocrx_word' id='word_1_742' title='bbox 1849 3735 1958 3802; x_wconf 87' lang='lat' dir='ltr'><strong>ipsa</strong></span> <span class='ocrx_word' id='word_1_743' title='bbox 2006 3753 2090 3789; x_wconf 90' lang='lat' dir='ltr'><strong>me</strong></span> <span class='ocrx_word' id='word_1_744' title='bbox 2138 3753 2241 3790; x_wconf 91' lang='lat' dir='ltr'><strong>non</strong></span> <span class='ocrx_word' id='word_1_745' title='bbox 2273 3740 2596 3807; x_wconf 79' lang='lat' dir='ltr'><strong>afﬂixerunt,</strong></span> <span class='ocrx_word' id='word_1_746' title='bbox 2630 3748 2799 3816; x_wconf 85' lang='lat' dir='ltr'><strong>magis</strong></span> <span class='ocrx_word' id='word_1_747' title='bbox 2825 3753 3098 3806; x_wconf 71' lang='lat' dir='ltr'><strong>consMata</strong></span> <span class='ocrx_word' id='word_1_748' title='bbox 3128 3765 3287 3821; x_wconf 83' lang='lat' dir='ltr'><strong>sunt;</strong></span> 
     </span>
    </p>
   </div>
   <div class='ocr_carea' id='block_1_99' title="bbox 1694 3830 2297 3891">
    <p class='ocr_par' dir='ltr' id='par_1_99' title="bbox 1694 3830 2297 3891">
     <span class='ocr_line' id='line_1_99' title="bbox 1694 3830 2297 3891; baseline 0.013 -16"><span class='ocrx_word' id='word_1_749' title='bbox 1694 3830 1816 3891; x_wconf 84' lang='lat' dir='ltr'><strong>quia</strong></span> <span class='ocrx_word' id='word_1_750' title='bbox 1849 3840 2054 3879; x_wconf 86' lang='lat' dir='ltr'><strong>memor</strong></span> <span class='ocrx_word' id='word_1_751' title='bbox 2082 3843 2142 3882; x_wconf 90' lang='lat' dir='ltr'><strong>es</strong></span> <span class='ocrx_word' id='word_1_752' title='bbox 2171 3830 2297 3883; x_wconf 86' lang='lat' dir='ltr'><strong>mei.</strong></span> 
     </span>
    </p>
   </div>
   <div class='ocr_carea' id='block_1_100' title="bbox 1765 3914 3286 4005">
    <p class='ocr_par' dir='ltr' id='par_1_100' title="bbox 1765 3914 3286 4005">
     <span class='ocr_line' id='line_1_100' title="bbox 1765 3914 3286 4005; baseline 0.018 -37"><span class='ocrx_word' id='word_1_753' title='bbox 1765 3915 1817 3968; x_wconf 82' lang='lat'><strong>5.</strong></span> <span class='ocrx_word' id='word_1_754' title='bbox 1847 3914 1995 3987; x_wconf 58' lang='lat' dir='ltr'><strong>[vera</strong></span> <span class='ocrx_word' id='word_1_755' title='bbox 2051 3917 2130 3990; x_wconf 83' lang='lat'><strong>5.]</strong></span> <span class='ocrx_word' id='word_1_756' title='bbox 2175 3918 2382 3976; x_wconf 77' lang='lat' dir='ltr'><strong>Parasti</strong></span> <span class='ocrx_word' id='word_1_757' title='bbox 2431 3924 2484 3980; x_wconf 86' lang='lat' dir='ltr'><strong>in</strong></span> <span class='ocrx_word' id='word_1_758' title='bbox 2531 3940 2801 3999; x_wconf 78' lang='lat' dir='ltr'><strong>conspectu</strong></span> <span class='ocrx_word' id='word_1_759' title='bbox 2847 3949 2956 3988; x_wconf 88' lang='lat' dir='ltr'><strong>meo</strong></span> <span class='ocrx_word' id='word_1_760' title='bbox 3006 3952 3232 3994; x_wconf 73' lang='lat' dir='ltr'><strong>mensam</strong></span> <span class='ocrx_word' id='word_1_761' title='bbox 3271 3983 3286 4005; x_wconf 91' lang='lat'><strong>,</strong></span> 
     </span>
    </p>
   </div>
   <div class='ocr_carea' id='block_1_101' title="bbox 1693 4009 3287 4101">
    <p class='ocr_par' dir='ltr' id='par_1_101' title="bbox 1693 4009 3287 4101">
     <span class='ocr_line' id='line_1_101' title="bbox 1693 4009 3287 4101; baseline 0.019 -41"><span class='ocrx_word' id='word_1_762' title='bbox 1693 4009 1933 4064; x_wconf 79' lang='lat' dir='ltr'><strong>adversus</strong></span> <span class='ocrx_word' id='word_1_763' title='bbox 1962 4029 2046 4066; x_wconf 75' lang='lat' dir='ltr'><strong>eo:</strong></span> <span class='ocrx_word' id='word_1_764' title='bbox 2074 4016 2161 4082; x_wconf 79' lang='lat' dir='ltr'><strong>qui</strong></span> <span class='ocrx_word' id='word_1_765' title='bbox 2205 4017 2448 4071; x_wconf 82' lang='lat' dir='ltr'><strong>tribulam</strong></span> <span class='ocrx_word' id='word_1_766' title='bbox 2487 4037 2566 4074; x_wconf 86' lang='lat' dir='ltr'><strong>me</strong></span> <span class='ocrx_word' id='word_1_767' title='bbox 2603 4038 2622 4076; x_wconf 89' lang='lat'><strong><em>:</em></strong></span> <span class='ocrx_word' id='word_1_768' title='bbox 2651 4036 2772 4093; x_wconf 89' lang='lat' dir='ltr'><strong>post</strong></span> <span class='ocrx_word' id='word_1_769' title='bbox 2815 4027 3016 4099; x_wconf 82' lang='lat' dir='ltr'><strong>virgam</strong></span> <span class='ocrx_word' id='word_1_770' title='bbox 3071 4043 3251 4091; x_wconf 85' lang='lat' dir='ltr'><strong>autem</strong></span> <span class='ocrx_word' id='word_1_771' title='bbox 3273 4079 3287 4101; x_wconf 86' lang='lat'><strong>,</strong></span> 
     </span>
    </p>
   </div>
   <div class='ocr_carea' id='block_1_102' title="bbox 1693 4105 3287 4193">
    <p class='ocr_par' dir='ltr' id='par_1_102' title="bbox 1693 4105 3287 4193">
     <span class='ocr_line' id='line_1_102' title="bbox 1693 4105 3287 4193; baseline 0.018 -38"><span class='ocrx_word' id='word_1_772' title='bbox 1693 4118 1796 4172; x_wconf 91' lang='lat' dir='ltr'><strong>qua</strong></span> <span class='ocrx_word' id='word_1_773' title='bbox 1828 4105 2080 4172; x_wconf 87' lang='lat' dir='ltr'><strong>parvulus</strong></span> <span class='ocrx_word' id='word_1_774' title='bbox 2119 4119 2173 4161; x_wconf 92' lang='lat' dir='ltr'><strong>et</strong></span> <span class='ocrx_word' id='word_1_775' title='bbox 2203 4110 2450 4166; x_wconf 81' lang='lat' dir='ltr'><strong>animalis</strong></span> <span class='ocrx_word' id='word_1_776' title='bbox 2486 4112 2539 4167; x_wconf 90' lang='lat' dir='ltr'><strong>in</strong></span> <span class='ocrx_word' id='word_1_777' title='bbox 2568 4130 2727 4186; x_wconf 82' lang='lat' dir='ltr'><strong>grege</strong></span> <span class='ocrx_word' id='word_1_778' title='bbox 2749 4123 2958 4188; x_wconf 87' lang='lat' dir='ltr'><strong>pascuis</strong></span> <span class='ocrx_word' id='word_1_779' title='bbox 2983 4125 3287 4193; x_wconf 87' lang='lat' dir='ltr'><strong>erudiebar,</strong></span> 
     </span>
    </p>
   </div>
   <div class='ocr_carea' id='block_1_103' title="bbox 1696 4196 3289 4288">
    <p class='ocr_par' dir='ltr' id='par_1_103' title="bbox 1696 4196 3289 4288">
     <span class='ocr_line' id='line_1_103' title="bbox 1696 4196 3289 4288; baseline 0.019 -43"><span class='ocrx_word' id='word_1_780' title='bbox 1696 4206 1817 4263; x_wconf 87' lang='lat' dir='ltr'><strong>post</strong></span> <span class='ocrx_word' id='word_1_781' title='bbox 1858 4196 1999 4250; x_wconf 87' lang='lat' dir='ltr'><strong>illam</strong></span> <span class='ocrx_word' id='word_1_782' title='bbox 2030 4199 2230 4268; x_wconf 82' lang='lat' dir='ltr'><strong>virgam</strong></span> <span class='ocrx_word' id='word_1_783' title='bbox 2259 4217 2379 4255; x_wconf 92' lang='lat' dir='ltr'><strong>cum</strong></span> <span class='ocrx_word' id='word_1_784' title='bbox 2405 4219 2526 4259; x_wconf 90' lang='lat' dir='ltr'><strong>esse</strong></span> <span class='ocrx_word' id='word_1_785' title='bbox 2547 4209 2685 4278; x_wconf 63' lang='lat' dir='ltr'><strong>coepi</strong></span> <span class='ocrx_word' id='word_1_786' title='bbox 2713 4212 2814 4264; x_wconf 89' lang='lat' dir='ltr'><strong>sub</strong></span> <span class='ocrx_word' id='word_1_787' title='bbox 2837 4212 3046 4282; x_wconf 88' lang='lat' dir='ltr'><strong>baculo,</strong></span> <span class='ocrx_word' id='word_1_788' title='bbox 3093 4225 3289 4288; x_wconf 89' lang='lat' dir='ltr'><strong>parasti</strong></span> 
     </span>
    </p>
   </div>
   <div class='ocr_carea' id='block_1_104' title="bbox 1694 4292 3290 4379">
    <p class='ocr_par' dir='ltr' id='par_1_104' title="bbox 1694 4292 3290 4379">
     <span class='ocr_line' id='line_1_104' title="bbox 1694 4292 3290 4379; baseline 0.017 -40"><span class='ocrx_word' id='word_1_789' title='bbox 1694 4292 1746 4340; x_wconf 89' lang='lat' dir='ltr'><strong>in</strong></span> <span class='ocrx_word' id='word_1_790' title='bbox 1779 4299 2066 4357; x_wconf 88' lang='lat' dir='ltr'><strong>conspectu</strong></span> <span class='ocrx_word' id='word_1_791' title='bbox 2091 4306 2211 4347; x_wconf 88' lang='lat' dir='ltr'><strong>meo</strong></span> <span class='ocrx_word' id='word_1_792' title='bbox 2239 4309 2499 4362; x_wconf 88' lang='lat' dir='ltr'><strong>mensam,</strong></span> <span class='ocrx_word' id='word_1_793' title='bbox 2521 4305 2578 4351; x_wconf 90' lang='lat' dir='ltr'><strong>nt</strong></span> <span class='ocrx_word' id='word_1_794' title='bbox 2607 4314 2711 4352; x_wconf 89' lang='lat' dir='ltr'><strong>non</strong></span> <span class='ocrx_word' id='word_1_795' title='bbox 2728 4304 2837 4370; x_wconf 88' lang='lat' dir='ltr'><strong>jam</strong></span> <span class='ocrx_word' id='word_1_796' title='bbox 2861 4304 2999 4360; x_wconf 87' lang='lat' dir='ltr'><strong>lacte</strong></span> <span class='ocrx_word' id='word_1_797' title='bbox 3027 4309 3141 4364; x_wconf 88' lang='lat' dir='ltr'><strong>alar</strong></span> <span class='ocrx_word' id='word_1_798' title='bbox 3169 4327 3290 4379; x_wconf 81' lang='lat' dir='ltr'><strong>par:-</strong></span> 
     </span>
    </p>
   </div>
   <div class='ocr_carea' id='block_1_105' title="bbox 1693 4380 3291 4467">
    <p class='ocr_par' dir='ltr' id='par_1_105' title="bbox 1693 4380 3291 4467">
     <span class='ocr_line' id='line_1_105' title="bbox 1693 4380 3291 4467; baseline 0.016 -36"><span class='ocrx_word' id='word_1_799' title='bbox 1693 4380 1846 4434; x_wconf 88' lang='lat' dir='ltr'><strong>vulus</strong></span> <span class='ocrx_word' id='word_1_800' title='bbox 1873 4381 1916 4450; x_wconf 91' lang='lat' dir='ltr'><strong>(l</strong></span> <span class='ocrx_word' id='word_1_801' title='bbox 1941 4380 2055 4435; x_wconf 83' lang='lat' dir='ltr'><strong>Cor.</strong></span> <span class='ocrx_word' id='word_1_802' title='bbox 2090 4399 2168 4447; x_wconf 82' lang='grc' dir='ltr'>ιιι,</span> <span class='ocrx_word' id='word_1_803' title='bbox 2196 4385 2285 4454; x_wconf 76' lang='lat'><strong>‘3),</strong></span> <span class='ocrx_word' id='word_1_804' title='bbox 2316 4387 2410 4440; x_wconf 87' lang='lat' dir='ltr'><strong>sed</strong></span> <span class='ocrx_word' id='word_1_805' title='bbox 2441 4388 2614 4458; x_wconf 82' lang='lat' dir='ltr'><strong>major</strong></span> <span class='ocrx_word' id='word_1_806' title='bbox 2652 4393 2829 4448; x_wconf 90' lang='lat' dir='ltr'><strong>cibum</strong></span> <span class='ocrx_word' id='word_1_807' title='bbox 2865 4396 2889 4427; x_wconf 87' lang='grc'>³</span> <span class='ocrx_word' id='word_1_808' title='bbox 2928 4413 3165 4467; x_wconf 88' lang='lat' dir='ltr'><strong>sumam,</strong></span> <span class='ocrx_word' id='word_1_809' title='bbox 3201 4403 3291 4456; x_wconf 81' lang='lat' dir='ltr'><strong>lir-</strong></span> 
     </span>
    </p>
   </div>
   <div class='ocr_carea' id='block_1_106' title="bbox 1695 4474 3288 4562">
    <p class='ocr_par' dir='ltr' id='par_1_106' title="bbox 1695 4474 3288 4562">
     <span class='ocr_line' id='line_1_106' title="bbox 1695 4474 3288 4562; baseline 0.014 -37"><span class='ocrx_word' id='word_1_810' title='bbox 1695 4483 1870 4528; x_wconf 88' lang='lat' dir='ltr'><strong>tnatns</strong></span> <span class='ocrx_word' id='word_1_811' title='bbox 1903 4474 2162 4530; x_wconf 86' lang='lat' dir='ltr'><strong>adversus</strong></span> <span class='ocrx_word' id='word_1_812' title='bbox 2191 4492 2286 4532; x_wconf 89' lang='lat' dir='ltr'><strong>eos</strong></span> <span class='ocrx_word' id='word_1_813' title='bbox 2326 4479 2416 4548; x_wconf 91' lang='lat' dir='ltr'><strong>qui</strong></span> <span class='ocrx_word' id='word_1_814' title='bbox 2445 4482 2698 4538; x_wconf 79' lang='lat' dir='ltr'><strong>tribulant</strong></span> <span class='ocrx_word' id='word_1_815' title='bbox 2725 4501 2828 4540; x_wconf 88' lang='lat' dir='ltr'><strong>tne.</strong></span> <span class='ocrx_word' id='word_1_816' title='bbox 2864 4486 3203 4562; x_wconf 75' lang='lat' dir='ltr'><strong>Impinguasti</strong></span> <span class='ocrx_word' id='word_1_817' title='bbox 3237 4497 3288 4547; x_wconf 87' lang='lat' dir='ltr'><strong>in</strong></span> 
     </span>
    </p>
   </div>
   <div class='ocr_carea' id='block_1_107' title="bbox 1692 4563 3285 4647">
    <p class='ocr_par' dir='ltr' id='par_1_107' title="bbox 1692 4563 3285 4647">
     <span class='ocr_line' id='line_1_107' title="bbox 1692 4563 3285 4647; baseline 0.014 -31"><span class='ocrx_word' id='word_1_818' title='bbox 1692 4563 1802 4617; x_wconf 85' lang='lat' dir='ltr'><strong>oleo</strong></span> <span class='ocrx_word' id='word_1_819' title='bbox 1824 4576 1975 4635; x_wconf 85' lang='lat' dir='ltr'><strong>caput</strong></span> <span class='ocrx_word' id='word_1_820' title='bbox 2003 4584 2172 4621; x_wconf 84' lang='lat' dir='ltr'><strong>meum</strong></span> <span class='ocrx_word' id='word_1_821' title='bbox 2192 4583 2211 4621; x_wconf 91' lang='lat'><strong><em>:</em></strong></span> <span class='ocrx_word' id='word_1_822' title='bbox 2243 4568 2518 4625; x_wconf 72' lang='lat' dir='ltr'><strong>laetilicasti</strong></span> <span class='ocrx_word' id='word_1_823' title='bbox 2549 4573 2727 4629; x_wconf 67' lang='lat' dir='ltr'><strong>lartitia</strong></span> <span class='ocrx_word' id='word_1_824' title='bbox 2756 4579 3018 4647; x_wconf 83' lang='lat' dir='ltr'><strong>Spiritnali</strong></span> <span class='ocrx_word' id='word_1_825' title='bbox 3050 4594 3285 4638; x_wconf 89' lang='lat' dir='ltr'><strong>mentem</strong></span> 
     </span>
    </p>
   </div>
   <div class='ocr_carea' id='block_1_108' title="bbox 1694 4658 3288 4739">
    <p class='ocr_par' dir='ltr' id='par_1_108' title="bbox 1694 4658 3288 4739">
     <span class='ocr_line' id='line_1_108' title="bbox 1694 4658 3288 4739; baseline 0.013 -29"><span class='ocrx_word' id='word_1_826' title='bbox 1694 4674 1887 4712; x_wconf 86' lang='lat' dir='ltr'><strong>meam.</strong></span> <span class='ocrx_word' id='word_1_827' title='bbox 1916 4658 1982 4713; x_wconf 86' lang='lat' dir='ltr'><strong>Et</strong></span> <span class='ocrx_word' id='word_1_828' title='bbox 2030 4662 2268 4730; x_wconf 82' lang='lat' dir='ltr'><strong>poculum</strong></span> <span class='ocrx_word' id='word_1_829' title='bbox 2313 4673 2458 4717; x_wconf 82' lang='lat' dir='ltr'><strong>tuum</strong></span> <span class='ocrx_word' id='word_1_830' title='bbox 2503 4666 2759 4723; x_wconf 71' lang='lat' dir='ltr'><strong>inebrians</strong></span> <span class='ocrx_word' id='word_1_831' title='bbox 2798 4687 2947 4739; x_wconf 87' lang='lat' dir='ltr'><strong>quam</strong></span> <span class='ocrx_word' id='word_1_832' title='bbox 2990 4675 3288 4731; x_wconf 64' lang='lat' dir='ltr'><strong>oraclorum</strong></span> 
     </span>
    </p>
   </div>
   <div class='ocr_carea' id='block_1_109' title="bbox 1692 4752 3284 4838">
    <p class='ocr_par' dir='ltr' id='par_1_109' title="bbox 1692 4752 3284 4838">
     <span class='ocr_line' id='line_1_109' title="bbox 1692 4752 3284 4838; baseline 0.012 -33"><span class='ocrx_word' id='word_1_833' title='bbox 1692 4761 1763 4805; x_wconf 75' lang='lat' dir='ltr'><strong>est</strong></span> <span class='ocrx_word' id='word_1_834' title='bbox 1795 4752 1868 4821; x_wconf 85' lang='lat' dir='ltr'><strong>(a)</strong></span> <span class='ocrx_word' id='word_1_835' title='bbox 1895 4755 1906 4805; x_wconf 78' lang='grc' dir='ltr'><em>ε</em></span> <span class='ocrx_word' id='word_1_836' title='bbox 1938 4763 1987 4807; x_wconf 91' lang='lat' dir='ltr'><strong>et</strong></span> <span class='ocrx_word' id='word_1_837' title='bbox 2022 4755 2268 4822; x_wconf 90' lang='lat' dir='ltr'><strong>poculum</strong></span> <span class='ocrx_word' id='word_1_838' title='bbox 2314 4765 2461 4810; x_wconf 89' lang='lat' dir='ltr'><strong>tuum</strong></span> <span class='ocrx_word' id='word_1_839' title='bbox 2493 4760 2815 4815; x_wconf 86' lang='lat' dir='ltr'><strong>oblivionem</strong></span> <span class='ocrx_word' id='word_1_840' title='bbox 2846 4775 3108 4832; x_wconf 61' lang='lat' dir='ltr'><strong>praestans</strong></span> <span class='ocrx_word' id='word_1_841' title='bbox 3137 4768 3284 4838; x_wconf 89' lang='lat' dir='ltr'><strong>prio-</strong></span> 
     </span>
    </p>
   </div>
   <div class='ocr_carea' id='block_1_110' title="bbox 1691 4849 3280 4927">
    <p class='ocr_par' dir='ltr' id='par_1_110' title="bbox 1691 4849 3280 4927">
     <span class='ocr_line' id='line_1_110' title="bbox 1691 4849 3280 4927; baseline 0.011 -27"><span class='ocrx_word' id='word_1_842' title='bbox 1691 4862 1810 4900; x_wconf 90' lang='lat' dir='ltr'><strong>rum</strong></span> <span class='ocrx_word' id='word_1_843' title='bbox 1841 4862 2093 4900; x_wconf 87' lang='lat' dir='ltr'><strong>vanarum</strong></span> <span class='ocrx_word' id='word_1_844' title='bbox 2134 4849 2543 4905; x_wconf 83' lang='lat' dir='ltr'><strong>delectationnm</strong></span> <span class='ocrx_word' id='word_1_845' title='bbox 2567 4895 2580 4916; x_wconf 86' lang='lat'><strong>,</strong></span> <span class='ocrx_word' id='word_1_846' title='bbox 2610 4871 2769 4923; x_wconf 92' lang='lat' dir='ltr'><strong>quam</strong></span> <span class='ocrx_word' id='word_1_847' title='bbox 2807 4859 3126 4927; x_wconf 72' lang='lat' dir='ltr'><strong>prmelarum</strong></span> <span class='ocrx_word' id='word_1_848' title='bbox 3162 4865 3280 4918; x_wconf 90' lang='lat' dir='ltr'><strong>est!</strong></span> 
     </span>
    </p>
   </div>
   <div class='ocr_carea' id='block_1_111' title="bbox 1762 4938 3288 5020">
    <p class='ocr_par' dir='ltr' id='par_1_111' title="bbox 1762 4938 3288 5020">
     <span class='ocr_line' id='line_1_111' title="bbox 1762 4938 3288 5020; baseline 0.014 -29"><span class='ocrx_word' id='word_1_849' title='bbox 1762 4939 1816 4992; x_wconf 82' lang='grc'><strong>6.</strong></span> <span class='ocrx_word' id='word_1_850' title='bbox 1851 4938 2001 5010; x_wconf 55' lang='lat' dir='ltr'><strong>[vera</strong></span> <span class='ocrx_word' id='word_1_851' title='bbox 2033 4939 2109 5011; x_wconf 85' lang='lat'><strong>6.]</strong></span> <span class='ocrx_word' id='word_1_852' title='bbox 2152 4941 2216 4993; x_wconf 82' lang='lat' dir='ltr'><strong>Et</strong></span> <span class='ocrx_word' id='word_1_853' title='bbox 2282 4942 2630 4998; x_wconf 74' lang='lat' dir='ltr'><strong>misericordia</strong></span> <span class='ocrx_word' id='word_1_854' title='bbox 2689 4956 2776 4999; x_wconf 83' lang='lat' dir='ltr'><strong>tua</strong></span> <span class='ocrx_word' id='word_1_855' title='bbox 2830 4950 3159 5020; x_wconf 74' lang='lat' dir='ltr'><strong>subseqnctur</strong></span> <span class='ocrx_word' id='word_1_856' title='bbox 3207 4973 3288 5012; x_wconf 80' lang='lat' dir='ltr'><strong>me</strong></span> 
     </span>
    </p>
   </div>
   <div class='ocr_carea' id='block_1_112' title="bbox 1689 5030 3272 5108">
    <p class='ocr_par' dir='ltr' id='par_1_112' title="bbox 1689 5030 3272 5108">
     <span class='ocr_line' id='line_1_112' title="bbox 1689 5030 3272 5108; baseline 0.01 -25"><span class='ocrx_word' id='word_1_857' title='bbox 1689 5030 1921 5084; x_wconf 80' lang='lat' dir='ltr'><strong>omnibus</strong></span> <span class='ocrx_word' id='word_1_858' title='bbox 1973 5031 2148 5085; x_wconf 81' lang='lat' dir='ltr'><strong>diebus</strong></span> <span class='ocrx_word' id='word_1_859' title='bbox 2191 5033 2305 5086; x_wconf 66' lang='lat' dir='ltr'><strong>vitae</strong></span> <span class='ocrx_word' id='word_1_860' title='bbox 2333 5049 2456 5087; x_wconf 67' lang='lat' dir='ltr'><strong>metu</strong></span> <span class='ocrx_word' id='word_1_861' title='bbox 2478 5050 2497 5088; x_wconf 90' lang='lat'><strong><em>:</em></strong></span> <span class='ocrx_word' id='word_1_862' title='bbox 2524 5035 2574 5088; x_wconf 91' lang='lat' dir='ltr'><strong>id</strong></span> <span class='ocrx_word' id='word_1_863' title='bbox 2606 5045 2709 5100; x_wconf 73' lang='lat' dir='ltr'><strong>est,</strong></span> <span class='ocrx_word' id='word_1_864' title='bbox 2762 5041 3020 5108; x_wconf 85' lang='lat' dir='ltr'><strong>quamdiu</strong></span> <span class='ocrx_word' id='word_1_865' title='bbox 3073 5045 3195 5099; x_wconf 88' lang='lat' dir='ltr'><strong>vivo</strong></span> <span class='ocrx_word' id='word_1_866' title='bbox 3222 5048 3272 5100; x_wconf 92' lang='lat' dir='ltr'><strong>in</strong></span> 
     </span>
    </p>
   </div>
   <div class='ocr_carea' id='block_1_113' title="bbox 1691 5124 3274 5192">
    <p class='ocr_par' dir='ltr' id='par_1_113' title="bbox 1691 5124 3274 5192">
     <span class='ocr_line' id='line_1_113' title="bbox 1691 5124 3274 5192; baseline 0.009 -15"><span class='ocrx_word' id='word_1_867' title='bbox 1691 5124 1791 5179; x_wconf 90' lang='lat' dir='ltr'><strong>hac</strong></span> <span class='ocrx_word' id='word_1_868' title='bbox 1825 5125 2032 5178; x_wconf 86' lang='lat' dir='ltr'><strong>mortali</strong></span> <span class='ocrx_word' id='word_1_869' title='bbox 2063 5126 2187 5188; x_wconf 88' lang='lat' dir='ltr'><strong>vita,</strong></span> <span class='ocrx_word' id='word_1_870' title='bbox 2217 5142 2325 5179; x_wconf 90' lang='lat' dir='ltr'><strong>non</strong></span> <span class='ocrx_word' id='word_1_871' title='bbox 2359 5136 2466 5189; x_wconf 88' lang='lat' dir='ltr'><strong>tua,</strong></span> <span class='ocrx_word' id='word_1_872' title='bbox 2497 5128 2588 5181; x_wconf 92' lang='lat' dir='ltr'><strong>sed</strong></span> <span class='ocrx_word' id='word_1_873' title='bbox 2634 5145 2772 5183; x_wconf 89' lang='lat' dir='ltr'><strong>mea.</strong></span> <span class='ocrx_word' id='word_1_874' title='bbox 2831 5131 2896 5186; x_wconf 88' lang='lat' dir='ltr'><strong>Ut</strong></span> <span class='ocrx_word' id='word_1_875' title='bbox 2922 5133 3194 5189; x_wconf 69' lang='lat' dir='ltr'><strong>inhabitant</strong></span> <span class='ocrx_word' id='word_1_876' title='bbox 3225 5139 3274 5192; x_wconf 87' lang='lat' dir='ltr'><strong>in</strong></span> 
     </span>
    </p>
   </div>
   <div class='ocr_carea' id='block_1_114' title="bbox 1689 5214 3284 5295">
    <p class='ocr_par' dir='ltr' id='par_1_114' title="bbox 1689 5214 3284 5295">
     <span class='ocr_line' id='line_1_114' title="bbox 1689 5214 3284 5295; baseline 0.011 -30"><span class='ocrx_word' id='word_1_877' title='bbox 1689 5214 1839 5266; x_wconf 88' lang='lat' dir='ltr'><strong>domo</strong></span> <span class='ocrx_word' id='word_1_878' title='bbox 1869 5214 2076 5268; x_wconf 85' lang='lat' dir='ltr'><strong>Domini</strong></span> <span class='ocrx_word' id='word_1_879' title='bbox 2129 5221 2184 5268; x_wconf 81' lang='lat' dir='ltr'><strong>in</strong></span> <span class='ocrx_word' id='word_1_880' title='bbox 2233 5216 2606 5286; x_wconf 85' lang='lat' dir='ltr'><strong>longitudinem</strong></span> <span class='ocrx_word' id='word_1_881' title='bbox 2653 5220 2895 5276; x_wconf 85' lang='lat' dir='ltr'><strong>dierum:</strong></span> <span class='ocrx_word' id='word_1_882' title='bbox 2924 5225 3284 5295; x_wconf 85' lang='lat' dir='ltr'><strong>subsequetur</strong></span> 
     </span>
    </p>
   </div>
   <div class='ocr_carea' id='block_1_115' title="bbox 1687 5307 3283 5375">
    <p class='ocr_par' dir='ltr' id='par_1_115' title="bbox 1687 5307 3283 5375">
     <span class='ocr_line' id='line_1_115' title="bbox 1687 5307 3283 5375; baseline 0.011 -17"><span class='ocrx_word' id='word_1_883' title='bbox 1687 5313 1864 5359; x_wconf 88' lang='lat' dir='ltr'><strong>autem</strong></span> <span class='ocrx_word' id='word_1_884' title='bbox 1895 5321 1980 5359; x_wconf 90' lang='lat' dir='ltr'><strong>me</strong></span> <span class='ocrx_word' id='word_1_885' title='bbox 2003 5323 2107 5360; x_wconf 90' lang='lat' dir='ltr'><strong>non</strong></span> <span class='ocrx_word' id='word_1_886' title='bbox 2141 5307 2226 5361; x_wconf 87' lang='lat' dir='ltr'><strong>hic</strong></span> <span class='ocrx_word' id='word_1_887' title='bbox 2257 5315 2486 5374; x_wconf 89' lang='lat' dir='ltr'><strong>tantum,</strong></span> <span class='ocrx_word' id='word_1_888' title='bbox 2516 5311 2611 5364; x_wconf 87' lang='lat' dir='ltr'><strong>sed</strong></span> <span class='ocrx_word' id='word_1_889' title='bbox 2637 5312 2798 5367; x_wconf 87' lang='lat' dir='ltr'><strong>etiam</strong></span> <span class='ocrx_word' id='word_1_890' title='bbox 2831 5323 2886 5368; x_wconf 92' lang='lat' dir='ltr'><strong>ut</strong></span> <span class='ocrx_word' id='word_1_891' title='bbox 2910 5315 3201 5372; x_wconf 83' lang='lat' dir='ltr'><strong>inhabilem</strong></span> <span class='ocrx_word' id='word_1_892' title='bbox 3229 5323 3283 5375; x_wconf 86' lang='lat' dir='ltr'><strong>in</strong></span> 
     </span>
    </p>
   </div>
   <div class='ocr_carea' id='block_1_116' title="bbox 1688 5395 2480 5455">
    <p class='ocr_par' dir='ltr' id='par_1_116' title="bbox 1688 5395 2480 5455">
     <span class='ocr_line' id='line_1_116' title="bbox 1688 5395 2480 5455; baseline 0.008 -6"><span class='ocrx_word' id='word_1_893' title='bbox 1688 5395 1848 5450; x_wconf 91' lang='lat' dir='ltr'><strong>domo</strong></span> <span class='ocrx_word' id='word_1_894' title='bbox 1879 5396 2084 5451; x_wconf 91' lang='lat' dir='ltr'><strong>Domini</strong></span> <span class='ocrx_word' id='word_1_895' title='bbox 2119 5399 2170 5450; x_wconf 89' lang='lat' dir='ltr'><strong>in</strong></span> <span class='ocrx_word' id='word_1_896' title='bbox 2197 5407 2480 5455; x_wconf 73' lang='lat' dir='ltr'><strong>:eternum.</strong></span> 
     </span>
    </p>
   </div>
   <div class='ocr_carea' id='block_1_117' title="bbox 1752 5537 3282 5626">
    <p class='ocr_par' dir='ltr' id='par_1_117' title="bbox 1752 5537 3282 5626">
     <span class='ocr_line' id='line_1_117' title="bbox 1752 5537 3282 5626; baseline 0.013 -29"><span class='ocrx_word' id='word_1_897' title='bbox 1752 5552 1767 5584; x_wconf 76' lang='grc' dir='ltr'><strong>ι</strong></span> <span class='ocrx_word' id='word_1_898' title='bbox 1797 5537 2183 5626; x_wconf 34' lang='lat' dir='ltr'><strong>Eiidjtnﬁnem,</strong></span> <span class='ocrx_word' id='word_1_899' title='bbox 2211 5552 2449 5616; x_wconf 71' lang='lat' dir='ltr'><strong>Psalmus,</strong></span> <span class='ocrx_word' id='word_1_900' title='bbox 2471 5565 2565 5606; x_wconf 89' lang='lat' dir='ltr'><strong>etc.</strong></span> <span class='ocrx_word' id='word_1_901' title='bbox 2601 5559 2766 5621; x_wconf 80' lang='lat' dir='ltr'><strong>Abest,</strong></span> <span class='ocrx_word' id='word_1_902' title='bbox 2798 5567 2849 5610; x_wconf 90' lang='lat' dir='ltr'><strong>tn</strong></span> <span class='ocrx_word' id='word_1_903' title='bbox 2863 5559 3027 5626; x_wconf 76' lang='lat' dir='ltr'><strong>ﬁnem,</strong></span> <span class='ocrx_word' id='word_1_904' title='bbox 3047 5576 3075 5613; x_wconf 89' lang='lat' dir='ltr'><strong>a</strong></span> <span class='ocrx_word' id='word_1_905' title='bbox 3099 5569 3204 5615; x_wconf 63' lang='lat' dir='ltr'><strong>uss.</strong></span> <span class='ocrx_word' id='word_1_906' title='bbox 3231 5574 3282 5617; x_wconf 91' lang='lat' dir='ltr'><strong>et</strong></span> 
     </span>
    </p>
   </div>
   <div class='ocr_carea' id='block_1_118' title="bbox 1684 5614 2084 5664">
    <p class='ocr_par' dir='ltr' id='par_1_118' title="bbox 1684 5614 2084 5664">
     <span class='ocr_line' id='line_1_118' title="bbox 1684 5614 2084 5664; baseline -0.01 0"><span class='ocrx_word' id='word_1_907' title='bbox 1684 5628 1714 5664; x_wconf 87' lang='lat' dir='ltr'><strong>a</strong></span> <span class='ocrx_word' id='word_1_908' title='bbox 1734 5616 1883 5663; x_wconf 79' lang='lat' dir='ltr'><strong>sacris</strong></span> <span class='ocrx_word' id='word_1_909' title='bbox 1911 5614 2084 5662; x_wconf 80' lang='lat' dir='ltr'><strong>Bibliis.</strong></span> 
     </span>
    </p>
   </div>
   <div class='ocr_carea' id='block_1_119' title="bbox 1748 5676 2489 5750">
    <p class='ocr_par' dir='ltr' id='par_1_119' title="bbox 1748 5676 2489 5750">
     <span class='ocr_line' id='line_1_119' title="bbox 1748 5676 2489 5750; baseline 0.012 -30"><span class='ocrx_word' id='word_1_910' title='bbox 1748 5678 1768 5750; x_wconf 62' lang='grc' dir='ltr'><strong>ξ</strong></span> <span class='ocrx_word' id='word_1_911' title='bbox 1793 5684 1940 5750; x_wconf 56' lang='lat' dir='ltr'><strong>vetus</strong></span> <span class='ocrx_word' id='word_1_912' title='bbox 1961 5676 2114 5750; x_wconf 72' lang='lat' dir='ltr'><strong>codex</strong></span> <span class='ocrx_word' id='word_1_913' title='bbox 2139 5678 2296 5735; x_wconf 90' lang='lat' dir='ltr'><strong>Corb.,</strong></span> <span class='ocrx_word' id='word_1_914' title='bbox 2320 5693 2349 5727; x_wconf 79' lang='grc' dir='ltr'><strong>α</strong></span> <span class='ocrx_word' id='word_1_915' title='bbox 2373 5678 2489 5750; x_wconf 69' lang='grc' dir='ltr'><strong>[ξαρ.</strong></span> 
     </span>
    </p>
   </div>
   <div class='ocr_carea' id='block_1_120' title="bbox 1749 5737 3279 5814">
    <p class='ocr_par' dir='ltr' id='par_1_120' title="bbox 1749 5737 3279 5814">
     <span class='ocr_line' id='line_1_120' title="bbox 1749 5737 3279 5814; baseline 0.014 -33"><span class='ocrx_word' id='word_1_916' title='bbox 1749 5739 1769 5814; x_wconf 50' lang='grc' dir='ltr'>ξ</span> <span class='ocrx_word' id='word_1_917' title='bbox 1973 5737 2057 5814; x_wconf 48' lang='grc' dir='ltr'><strong>θείᾳ</strong></span> <span class='ocrx_word' id='word_1_918' title='bbox 2082 5751 2314 5814; x_wconf 72' lang='lat' dir='ltr'><strong>majorrm</strong></span> <span class='ocrx_word' id='word_1_919' title='bbox 2337 5737 2494 5811; x_wconf 79' lang='lat' dir='ltr'><strong>cibum</strong></span> <span class='ocrx_word' id='word_1_920' title='bbox 2509 5757 2722 5814; x_wconf 52' lang='lat' dir='ltr'><strong>sumam.</strong></span> <span class='ocrx_word' id='word_1_921' title='bbox 2751 5745 2939 5809; x_wconf 67' lang='lat' dir='ltr'><strong>AII-‘jUUt</strong></span> <span class='ocrx_word' id='word_1_922' title='bbox 2977 5756 3103 5804; x_wconf 73' lang='lat' dir='ltr'><strong>Mss,</strong></span> <span class='ocrx_word' id='word_1_923' title='bbox 3131 5763 3279 5814; x_wconf 71' lang='lat' dir='ltr'><strong>majo-</strong></span> 
     </span>
    </p>
   </div>
   <div class='ocr_carea' id='block_1_121' title="bbox 1683 5797 2649 5862">
    <p class='ocr_par' dir='ltr' id='par_1_121' title="bbox 1683 5797 2649 5862">
     <span class='ocr_line' id='line_1_121' title="bbox 1683 5797 2649 5862; baseline 0.006 -14"><span class='ocrx_word' id='word_1_924' title='bbox 1683 5813 1760 5850; x_wconf 81' lang='lat' dir='ltr'><strong>res</strong></span> <span class='ocrx_word' id='word_1_925' title='bbox 1791 5797 1935 5847; x_wconf 74' lang='lat' dir='ltr'><strong>cibos.</strong></span> <span class='ocrx_word' id='word_1_926' title='bbox 1963 5798 2047 5846; x_wconf 64' lang='lat' dir='ltr'><strong>alii</strong></span> <span class='ocrx_word' id='word_1_927' title='bbox 2071 5799 2266 5862; x_wconf 85' lang='lat' dir='ltr'><strong>plures:</strong></span> <span class='ocrx_word' id='word_1_928' title='bbox 2293 5803 2448 5862; x_wconf 85' lang='lat' dir='ltr'><strong>major</strong></span> <span class='ocrx_word' id='word_1_929' title='bbox 2472 5805 2649 5854; x_wconf 81' lang='lat' dir='ltr'><strong>ribmn.</strong></span> 
     </span>
    </p>
   </div>
   <div class='ocr_carea' id='block_1_122' title="bbox 1748 5862 3214 5937">
    <p class='ocr_par' dir='ltr' id='par_1_122' title="bbox 1748 5862 3214 5937">
     <span class='ocr_line' id='line_1_122' title="bbox 1748 5862 3214 5937; baseline 0.014 -27"><span class='ocrx_word' id='word_1_930' title='bbox 1748 5862 1820 5924; x_wconf 82' lang='lat' dir='ltr'><strong>(a)</strong></span> <span class='ocrx_word' id='word_1_931' title='bbox 1848 5867 1914 5909; x_wconf 90' lang='lat' dir='ltr'><strong>De</strong></span> <span class='ocrx_word' id='word_1_932' title='bbox 1935 5862 2020 5909; x_wconf 89' lang='lat' dir='ltr'><strong>hac</strong></span> <span class='ocrx_word' id='word_1_933' title='bbox 2045 5871 2182 5924; x_wconf 81' lang='lat' dir='ltr'><strong>parte</strong></span> <span class='ocrx_word' id='word_1_934' title='bbox 2205 5878 2332 5914; x_wconf 80' lang='lat' dir='ltr'><strong>vers.</strong></span> <span class='ocrx_word' id='word_1_935' title='bbox 2416 5867 2524 5916; x_wconf 81' lang='lat' dir='ltr'><strong>vide</strong></span> <span class='ocrx_word' id='word_1_936' title='bbox 2548 5874 2710 5917; x_wconf 80' lang='lat' dir='ltr'><strong>Enarr.</strong></span> <span class='ocrx_word' id='word_1_937' title='bbox 2740 5869 2856 5920; x_wconf 82' lang='lat' dir='ltr'><strong>Psal.</strong></span> <span class='ocrx_word' id='word_1_938' title='bbox 2886 5887 3036 5937; x_wconf 68' lang='lat' dir='ltr'><strong>xxxv,</strong></span> <span class='ocrx_word' id='word_1_939' title='bbox 3058 5889 3106 5924; x_wconf 91' lang='lat' dir='ltr'><strong>n.</strong></span> <span class='ocrx_word' id='word_1_940' title='bbox 3138 5875 3214 5930; x_wconf 78' lang='grc' dir='ltr'><strong>Η.</strong></span> 
     </span>
    </p>
   </div>
  </div>
