4008 6324
543 336 644 394 183

950 542 1034 603 ΙΝ
1078 540 1459 603 PSALMUM
1501 538 1721 601 XXIII

1142 661 1565 717 ENARRATIO.

830 776 1067 830 Psalntus
1092 776 1194 846 ipsi
1218 775 1409 840 David,
1440 776 1605 846 prima
1633 773 1845 828 sabbati.

624 890 677 944 l.
705 888 859 962 [verm
912 885 992 961 1.]
1016 889 1261 943 Psalmns
1290 888 1387 958 ipsi
1422 887 1584 942 David
1604 928 1621 953 ,
1651 888 1718 943 de
1759 885 2139 942 clariﬁcationc

551 990 607 1036 et
630 981 1026 1036 resurrectione
1076 981 1310 1048 Domini,
1338 998 1457 1051 quae
1486 982 1744 1035 matutino
1770 980 1957 1049 primae
2002 980 2128 1035 sab-

546 1072 656 1128 bati
688 1072 824 1127 facta
854 1082 957 1137 est,
986 1073 1075 1143 qui
1114 1073 1223 1143 jam
1262 1072 1378 1128 dies
1402 1071 1698 1126 dominicus
1723 1071 1936 1126 dicitur.

614 1166 670 1222 2.
720 1165 871 1239 [vers.
899 1164 980 1239 2.]
1006 1164 1217 1220 Domini
1242 1174 1314 1219 est
1344 1174 1478 1219 terra
1507 1173 1553 1218 et
1578 1162 1841 1232 plenitudo
1874 1162 2005 1233 ejus,
2035 1177 2129 1214 or-

545 1262 618 1315 bis
661 1270 909 1314 tetrarum
930 1269 977 1313 et
1006 1259 1229 1313 uniuersi
1248 1259 1336 1329 qui
1358 1258 1589 1312 habitant
1622 1258 1677 1311 in
1701 1273 1761 1310 ea
1787 1256 1805 1288 ⁸
1839 1272 1854 1309 :
1883 1270 2007 1311 cum
2029 1255 2138 1308 cla-

550 1352 786 1406 rilicatus
814 1349 1074 1405 Dominus
1114 1350 1460 1403 annuntiatur
1482 1348 1534 1403 in
1568 1347 1727 1402 ﬁdem
1750 1348 1989 1402 omnium
2012 1362 2135 1417 gen-

545 1443 673 1497 tium
699 1484 714 1508 ,
745 1454 801 1497 et
820 1442 1107 1497 universus
1145 1442 1293 1496 orbis
1320 1450 1583 1496 terrarum
1620 1439 1675 1493 tit
1705 1437 1940 1493 Ecclesia
1995 1437 2131 1508 ejus.

546 1533 667 1604 Ipse
685 1551 838 1606 super
864 1534 1025 1589 maria
1051 1534 1286 1605 fundauit
1312 1551 1422 1587 eam
1469 1549 1490 1588 :
1519 1535 1631 1603 ipse
1671 1530 1977 1587 ﬁrmiSSimc
2023 1541 2135 1585 sta-

546 1624 718 1680 bilivit
750 1640 869 1680 eam
894 1638 1059 1693 super
1094 1638 1286 1679 omnes
1314 1624 1507 1679 ﬁuctns
1548 1623 1727 1678 seculi
1756 1622 1936 1691 hujus,
1965 1630 2023 1675 ut
2067 1620 2136 1675 ab

543 1732 605 1770 ea
635 1725 1048 1788 superarentur,
1096 1732 1198 1772 nec
1245 1725 1501 1771 nocerent
1544 1716 1615 1773 ei.
1645 1715 1715 1770 Et
1742 1732 1898 1785 super
1923 1715 2139 1785 ﬂuinina

546 1809 854 1876 pneparavit
892 1824 1002 1862 eam
1035 1823 1055 1862 :
1087 1806 1302 1863 ﬁumina
1348 1808 1399 1861 in
1447 1823 1598 1863 mare
1647 1805 1850 1872 ﬂuunt,
1873 1817 1929 1861 et
1955 1805 2135 1876 cupidi

548 1898 795 1955 homines
839 1897 1092 1954 labuntur
1114 1899 1167 1953 in
1212 1898 1509 1961 sreculum;
1541 1901 1702 1952 etiam
1744 1897 1876 1952 istos
1918 1905 2139 1966 superat

548 1989 787 2045 Ecclesia
812 2005 934 2062 quae
981 1989 1207 2046 devictis
1244 2005 1339 2060 per
1378 1988 1471 2045 Dei
1498 1990 1725 2059 gratiam
1754 1986 2136 2055 cupiditatibus

551 2081 897 2138 saecularibus
939 2082 1007 2138 ad
1051 2080 1411 2152 recipiendam
1463 2081 1917 2137 immortalitatem
1955 2079 2137 2136 chari-

545 2184 655 2228 tatc
673 2182 853 2243 parata
874 2184 959 2229 est
978 2176 1021 2226 ³.

613 2268 668 2322 5.
697 2265 848 2339 [rem
890 2266 969 2341 5.]
1009 2268 1134 2334 Quis
1168 2267 1403 2322 ascendet
1428 2268 1481 2321 in
1506 2276 1723 2320 montem
1754 2264 1997 2321 Domini?
2020 2268 2138 2337 quis

548 2359 804 2415 ascendet
851 2360 905 2416 in
934 2361 1249 2417 altissimam
1292 2360 1551 2428 justitiam
1595 2359 1856 2415 Domini?
1897 2362 1999 2414 Aut
2024 2363 2136 2432 quis

543 2451 693 2504 stabit
720 2452 773 2505 in
798 2450 914 2505 loco
939 2461 1117 2506 sancto
1147 2452 1257 2521 ejus
1278 2450 1305 2504 2
1330 2459 1422 2504 aut
1460 2450 1580 2520 quis
1605 2450 1937 2519 permanebit
1967 2448 2018 2504 in
2047 2468 2131 2516 en,

541 2557 648 2611 quo
672 2543 927 2599 ascendet
950 2558 1134 2613 ,super
1158 2541 1327 2598 maria
1365 2540 1586 2597 fundato
1613 2549 1673 2597 et
1716 2557 1881 2611 super
1913 2541 2137 2599 ﬁumina

547 2643 848 2704 prmparato
868 2634 987 2690 loco
1007 2634 1033 2688 ?

610 2727 666 2781 4.
695 2724 847 2797 [νει-ε.
877 2725 958 2801 4.]
1004 2727 1258 2782 lnnocens
1301 2725 1536 2781 manibus
1580 2736 1628 2781 et
1672 2726 1893 2781 mundus
1929 2725 2085 2780 corde
2110 2742 2131 2782 :

541 2815 661 2884 quis
685 2831 816 2887 ergo
847 2817 973 2871 illuc
1002 2816 1290 2879 ascendet,
1325 2824 1381 2871 et
1418 2816 1752 2885 permanebit
1781 2816 1888 2873 ibi.
1918 2816 2019 2871 nisi
2055 2816 2136 2869 in-

543 2919 741 2961 nocens
789 2906 845 2960 in
895 2904 1184 2977 operibus,
1230 2916 1287 2963 et
1326 2906 1557 2962 mundus
1594 2907 1646 2961 in
1690 2905 2136 2976 cogitationibus?
2179 2911 2183 2915 '

544 2998 647 3062 Qui
691 3013 795 3052 non
832 2999 1026 3067 accepit
1061 2997 1115 3052 in
1146 3014 1279 3052 uano
1309 2998 1537 3052 animum
1583 3013 1729 3051 suam
1756 3015 1775 3051 :
1797 2998 1885 3068 qui
1932 3013 2039 3051 non
2079 2996 2133 3051 in

541 3088 703 3143 rebus
736 3100 842 3143 non
888 3088 1331 3159 permanentibus
1355 3087 1631 3157 deputavit
1657 3088 1891 3143 animam
1932 3103 2084 3142 suam
2115 3130 2132 3154 ,

540 3180 634 3234 scd
661 3190 781 3236 eam
810 3181 1169 3236 immortalem
1202 3180 1463 3249 sentiens,
1495 3180 1851 3236 mternitatem
1882 3181 2132 3236 Stabiletn

543 3280 704 3341 atque
748 3272 1243 3329 incommutabilem
1290 3263 1634 3329 desideravit.
1684 3271 1754 3327 Et
1804 3290 1906 3327 non
1929 3273 2132 3344 juratn‘t

541 3364 774 3434 proximo
814 3380 909 3419 suo
942 3364 997 3419 in
1027 3360 1149 3419 dolo
1177 3380 1196 3419 :
1218 3373 1274 3420 et
1318 3361 1442 3420 ideo
1485 3364 1603 3419 sine
1642 3362 1768 3419 dolo
1787 3406 1803 3432 ,
1831 3364 1974 3420 sicut
2004 3364 2135 3419 sim-

544 3457 698 3525 plicia
725 3464 780 3512 et
823 3473 931 3513 non
976 3456 1213 3513 fallentia
1255 3465 1382 3512 sunt
1405 3467 1605 3512 mterna
1630 3498 1645 3523 ,
1677 3455 1749 3511 ita
1786 3471 1849 3512 se
1904 3456 2132 3524 praebuit

543 3548 785 3616 proximo
804 3562 924 3603 suo.

614 3640 666 3694 5.
711 3638 870 3713 [υσε.
920 3638 1001 3715 5.]
1033 3640 1132 3695 Hic
1151 3641 1364 3712 accipiet
1408 3639 1801 3695 benedictionem
1828 3656 1862 3693 a
1894 3638 2128 3705 Domino,

540 3739 588 3783 et
626 3730 1023 3785 misericordiam
1046 3748 1079 3785 α
1106 3731 1216 3786 Deo
1238 3730 1454 3786 salutari
1474 3746 1590 3785 suo.

610 3820 663 3876 6.
695 3820 847 3890 [verm
876 3820 957 3895 6.]
988 3822 1116 3877 Hec
1162 3832 1236 3879 est
1280 3824 1535 3895 generatio
1573 3823 1905 3893 maerentium
1952 3821 2134 3878 Domi-

542 3928 665 3964 num
698 3929 717 3966 :
750 3914 829 3970 sic
869 3915 1012 3968 enim
1056 3922 1349 3969 nascuntur
1393 3914 1484 3984 qui
1514 3922 1759 3985 quaerunt
1804 3929 1949 3969 eum.
1981 3913 2139 3980 ρηω.

545 4006 761 4058 rrutinm
791 4006 972 4076 faciem
1001 4004 1099 4060 Dei
1124 4005 1289 4061 Jacob
1329 4003 1406 4078 (a)
1438 4012 1725 4076 :qnmrunt
1742 4014 1920 4060 autem
1949 4005 2135 4061 faciem

548 4096 677 4161 Del,
703 4096 794 4166 qui
831 4097 1097 4166 posterius
1125 4105 1253 4151 nato
1278 4096 1565 4165 primatum
1587 4094 1755 4152 dedit.

614 4188 668 4241 7.
716 4184 868 4260 [rem
897 4184 977 4262 7.]
1022 4186 1212 4242 Tollite
1249 4196 1423 4257 portas
1464 4188 1716 4256 principes
1745 4189 1893 4243 vestri
1927 4188 1948 4220 ³
1980 4188 2139 4260 :qui—

544 4294 777 4349 olimque
804 4280 1158 4351 principatum
1186 4280 1239 4335 in
1269 4279 1575 4334 hominibus
1599 4280 1862 4360 qumri'tjs,
1904 4282 2132 4344 auferte.

546 4387 614 4425 ne
642 4371 955 4442 impediant,
982 4370 1161 4427 aditus
1187 4385 1322 4441 quos
1345 4385 1440 4425 vos
1468 4370 1731 4426 statuistis
1756 4372 2064 4442 cupiditatis
2085 4384 2140 4427 et

548 4464 777 4519 timoris.
809 4462 879 4517 Et
909 4462 1177 4520 elesamini
1225 4473 1386 4533 porto:
1409 4463 1675 4519 (εισι-παίει
1709 4481 1729 4518 :
1756 4472 1812 4520 et
1849 4465 2136 4521 elevamini

544 4553 724 4608 παῖ’-ιε
748 4562 964 4611 aeterna:
985 4555 1130 4620 vitm,
1158 4554 1585 4611 renuntiationis
1606 4555 1806 4610 sua:qu
1824 4565 1879 4611 et
1907 4572 2139 4612 conver-

542 4646 716 4701 sionis
738 4645 808 4701 ad
858 4647 1049 4702 Deum.
1097 4646 1162 4701 Et
1190 4647 1415 4701 introibit
1440 4663 1532 4701 rea:
1562 4647 1742 4719 gloriae
1765 4662 1785 4701 :
1805 4657 1861 4704 et
1900 4649 2141 4706 introibit

547 4752 663 4802 rex,
693 4737 747 4791 iu
799 4752 908 4806 quo
936 4737 1054 4792 sine
1081 4736 1333 4807 superbia
1368 4737 1699 4809 gloriemur;
1731 4738 1821 4809 qui
1872 4741 2140 4810 superatis

546 4828 718 4897 portis
746 4828 1107 4888 mortalitatis,
1139 4839 1193 4882 et
1231 4829 1509 4897 patefactis
1553 4830 1652 4884 sibi
1681 4830 2010 4897 cmlestibus,
2038 4831 2139 4887 im-

548 4920 711 4988 plevit
737 4919 883 4991 quod
921 4921 1039 4975 ait:
1069 4913 1320 4987 Gaudete,
1349 4922 1589 4992 quoniam
1624 4939 1717 4994 ego
1754 4924 1851 4977 uici
1894 4925 2138 4980 sarculum

547 5009 729 5078 (Joan.
755 5024 870 5077 xvt,
902 5011 1017 5081 55).

618 5105 672 5160 8.
708 5103 861 5177 (vers.
908 5104 989 5179 8.]
1038 5106 1167 5173 Quis
1182 5118 1255 5161 est
1278 5108 1373 5162 iste
1404 5122 1496 5163 rea:
1527 5108 1751 5179 gloria?
1780 5118 1936 5179 pavet
1964 5108 2140 5166 admi-

546 5209 673 5249 rans
715 5205 909 5251 natura
942 5196 1220 5259 mortalis,
1269 5206 1325 5251 et
1358 5200 1590 5267 quaerit,
1631 5199 1757 5267 Quis
1795 5210 1869 5255 est
1916 5201 2013 5255 iste
2048 5218 2142 5256 rea:

546 5286 726 5357 gloria:
744 5286 772 5340 τ
790 5284 1044 5341 Dominus
1083 5289 1230 5359 {ortis
1253 5299 1301 5343 et
1325 5299 1502 5360 potens
1525 5307 1544 5343 :
1565 5306 1723 5360 quem
1757 5300 1810 5345 tu
1856 5290 2132 5347 inﬁrmum

546 5384 605 5430 et
631 5390 950 5445 oppressum
985 5378 1204 5447 putasti.
1234 5377 1485 5433 Dominus
1524 5390 1702 5449 potens
1734 5379 1788 5435 in
1815 5380 1947 5435 bello
1971 5396 1992 5435 :
2012 5396 2141 5437 con-

608 5513 625 5546 ¹
651 5510 787 5572 Μὰ..
808 5512 863 5565 in
882 5521 1038 5577 eo._At
1057 5520 1468 5577 uss._constanter
1488 5515 1671 5577 lerunt,
1691 5515 1746 5568 in
1763 5530 1842 5568 ea.

608 5577 629 5653 ἶ
652 5574 1147 5653 inretiat-reret
1162 5575 1536 5653 διπηιοτιαιίιαιέδ
1556 5574 1827 5653 ςισέίιαιεηε
1851 5586 2023 5653 ρατηερ
2044 5586 2134 5653 σεῖο

608 5636 631 5667 ³
654 5636 789 5695 Fdd.,
826 5641 1040 5705 vestras._
1061 5644 1180 5705 uss.
1214 5652 1361 5705 vero
1372 5648 1683 5705 constanter,
1719 5636 1868 5693 vestri
1911 5653 1930 5692 :
1968 5644 2141 5705 eique

542 5698 691 5765 etiam
716 5699 1009 5765 Augustinus
1028 5701 1077 5750 in
1104 5702 1247 5764 epist.
1271 5700 1379 5765 πῖ,
1407 5716 1458 5753 ιι.
1481 5700 1530 5753 8.

609 5760 681 5831 (α)
706 5758 989 5823 minima.

1752 331 1810 387 S.
1853 324 2223 387 AUGUSTINI
2264 325 2567 382 EPISCOPI

3750 327 3848 381 i8l

2256 444 2421 492 tracta
2448 437 2757 501 cicatrices,
2791 448 2845 493 et
2873 438 3075 495 senties
3096 450 3392 510 reparatas,
3419 452 3475 497 ct
3511 442 3843 497 immortali-

2256 528 2347 582 tati
2386 518 2647 584 redditam
2694 530 3057 585 inﬁrmitatem
3098 531 3405 585 humanam.
3437 533 3718 588 Persoluta
3763 544 3851 590 est

2255 636 2371 691 qua:
2400 620 2694 676 debebatur
2719 622 2897 685 terris,
2927 623 3015 677 ubi
3042 637 3165 677 cum
3194 634 3366 679 morte
3402 624 3714 696 belligerata
3736 637 3840 689 est,

2252 713 2561 767 clariﬁcatio
2593 714 2822 767 Domini.

2321 806 2374 860 9.
2409 803 2557 879 [rem
2604 804 2682 879 9.]
2728 804 2914 860 Tollite
2963 815 3134 875 portas
3171 807 3425 877 principes
3473 809 3625 862 uestri
3664 825 3683 861 :
3722 808 3847 862 hinc

2246 893 2357 963 jam
2384 904 2634 964 pergatur
2660 896 2711 949 in
2738 896 2956 951 caelum.
2983 895 3258 950 Exclamet
3301 898 3494 951 iterum
3525 897 3842 968 prophetica

2251 985 2374 1041 tuba
2402 1002 2416 1037 :
2441 984 2632 1039 Tollite
2678 996 2877 1054 portas.
2905 985 3065 1039 etiam
3096 985 3346 1041 caelestes
3386 987 3678 1057 principes,
3710 1002 3847 1058 quas

2251 1076 2455 1131 habetis
2504 1077 2556 1131 in
2606 1077 2798 1131 animis
2853 1076 3129 1132 hominum
3175 1078 3265 1148 qui
3316 1077 3544 1133 adorant
3592 1081 3846 1135 militiam

2246 1167 2367 1222 cmli
2395 1166 2485 1238 (iV
2509 1166 2637 1238 Reg.
2660 1184 2787 1233 χιιι,
2814 1168 2925 1238 l6).
2958 1167 3029 1223 Et
3054 1169 3319 1223 eleuamini
3344 1180 3505 1238 porta:
3530 1172 3801 1225 ccternales
3817 1189 3844 1225 ;

2244 1271 2298 1315 et
2322 1260 2601 1315 elevamini
2635 1269 2801 1330 porte
2842 1272 3058 1315 retenta:
3082 1261 3321 1332 iustitiae,
3362 1261 3641 1316 cbaritatis
3669 1272 3725 1318 ct
3758 1279 3850 1318 ca-

2244 1350 2461 1415 stitatis,
2491 1366 2589 1421 per
2613 1365 2744 1420 quas
2764 1351 2939 1405 anima
2970 1350 3140 1420 diligit
3166 1367 3331 1405 unum
3361 1368 3545 1407 verum
3572 1353 3767 1417 Deum,
3795 1362 3851 1409 et

2246 1458 2351 1496 non
2382 1441 2675 1496 fornicatur
2719 1442 2823 1497 sub
2846 1442 3025 1496 multis
3052 1443 3141 1512 qui
3173 1443 3508 1513 appellantur
3530 1444 3627 1499 dii.
3662 1445 3729 1498 Et
3758 1447 3850 1498 in-

2245 1534 2410 1588 troibit
2434 1550 2526 1588 res:
2543 1535 2719 1605 gloria
2746 1551 2766 1588 :
2789 1545 2844 1590 et
2868 1534 3105 1589 introibit
3127 1550 3218 1589 rex
3244 1536 3450 1604 glorim,
3477 1548 3538 1590 ut
3562 1536 3628 1590 ad
3651 1537 3851 1593 dexteo

2245 1640 2357 1677 ram
2391 1624 2559 1678 Patris
2582 1624 2887 1693 interpellet
2915 1641 3009 1695 pro
3036 1624 3190 1679 nobis
3217 1622 3394 1698 (Rom.
3428 1642 3541 1689 Vttl,
3570 1626 3690 1696 54).

2316 1715 2403 1770 10.
2449 1713 2598 1787 [vers.
2634 1714 2746 1789 10]
2789 1715 2915 1782 Quis
2953 1726 3024 1769 est
3054 1717 3146 1769 istc
3186 1732 3277 1769 rea:
3304 1716 3524 1787 glorim?
3553 1717 3679 1785 quid
3706 1726 3764 1771 ct
3791 1726 3850 1771 ιιι

2246 1808 2492 1876 princeps
2538 1809 2817 1878 potestatis
2858 1811 2999 1862 aeris
3042 1808 3198 1879 hujus
3245 1808 3480 1875 miraris,
3527 1820 3583 1862 et
3620 1810 3848 1879 quan-is.

2248 1895 2373 1961 Quis
2396 1906 2468 1950 cst
2497 1897 2591 1951 iste
2618 1913 2708 1951 rea:
2731 1897 2951 1967 gloriae?
2980 1897 3226 1951 Dominus
3253 1899 3495 1951 uirtutum
3526 1899 3633 1968 ipse
3659 1908 3852 1953 atra:

2242 1990 2420 2058 glaria:
2445 2004 2465 2042 :
2493 2000 2548 2044 et
2573 1990 2684 2059 jam
2708 1989 2969 2043 viviﬁcatn
2995 2005 3245 2059 corpore,
3278 2006 3438 2059 supra
3469 1999 3521 2045 te
3553 1992 3725 2063 pergit
3754 1991 3852 2045 ille

2245 2088 2507 2145 tentatus;
2536 2096 2693 2151 supra
2721 2096 2909 2135 omnes
2932 2082 3162 2151 Angelos
3186 2080 3373 2147 tendit,
3397 2082 3466 2135 ab
3490 2082 3681 2152 angelo
3707 2099 3852 2151 pne.-

2242 2172 2539 2227 varicatore
2584 2172 2672 2227 ille
2722 2182 2974 2227 tentatus.
3020 2171 3190 2227 Nemo
3234 2183 3471 2227 vestrum
3517 2187 3579 2228 se
3622 2172 3851 2243 objiciat

2243 2271 2405 2333 atque
2436 2263 2757 2317 intercludat
2782 2264 2881 2318 iter
2910 2274 3174 2327 nostrum,
3207 2274 3265 2318 ut
3294 2273 3544 2335 tanquam
3574 2264 3714 2322 Deus
3743 2282 3847 2321 eo-

2242 2354 2428 2409 latura
2458 2356 2648 2410 nobis:
2684 2372 2856 2426 neque
2888 2356 3233 2426 principatus,
3267 2371 3441 2425 neque
3468 2357 3709 2426 angelus,
3741 2372 3847 2412 uc-

2242 2464 2346 2515 que
2371 2449 2540 2502 virtus
2565 2464 2662 2502 nas
2679 2457 2895 2517 separat
2928 2464 2957 2499 ει
2988 2447 3247 2502 charitate
3274 2444 3471 2502 Christi
3500 2447 3690 2521 (Ibid,
3718 2447 3844 2519 59).

2244 2538 2445 2593 Bonum
2471 2550 2549 2594 est
2580 2555 2797 2610 sperare
2820 2539 2871 2593 in
2906 2538 3151 2604 Domino,
3180 2554 3339 2609 quam
3366 2553 3586 2609 sperare
3615 2542 3667 2594 in
3690 2540 3848 2609 prin-

2241 2630 2361 2697 cipe
2407 2628 2581 2698 (Psal.
2629 2645 2790 2693 cxvtt,
2824 2628 2893 2699 9)
2926 2647 2939 2683 :
2970 2640 3026 2681 ut
3063 2629 3154 2699 qui
3195 2628 3474 2699 gloriatur,
3522 2630 3571 2685 in
3614 2630 3850 2686 Domino

2241 2721 2498 2790 glorietur
2534 2720 2574 2791 (Ι
2614 2719 2733 2776 Cor.
2767 2736 2805 2786 ι,
2851 2721 2965 2791 51).
2997 2719 3133 2775 Sunt
3168 2719 3383 2789 quidem
3423 2721 3541 2776 ista:
3583 2721 3637 2775 in
3681 2720 3849 2791 hujus

2242 2813 2425 2867 mundi
2478 2813 2813 2868 ordinatione
2864 2812 3107 2879 virtutes,
3158 2811 3252 2867 sed
3303 2810 3556 2867 Dominus
3598 2812 3847 2867 virtutum

2240 2906 2349 2974 ipse
2371 2917 2443 2959 est
2470 2921 2562 2958 rea:
2580 2904 2777 2976 gloriae.

2640 3117 2719 3178 IN
2765 3116 3147 3178 PSALMUM
3192 3116 3405 3178 XXIV

2810 3235 3230 3292 ENARllATlO.

2598 3353 2663 3407 In
2690 3354 2861 3423 ﬁnem,
2893 3352 3131 3407 Psalntus
3157 3346 3258 3422 ipsi
3288 3351 3477 3406 David.

2317 3468 2368 3523 l.
2410 3465 2564 3538 [verm
2611 3464 2690 3539 1.]
2728 3464 2992 3529 Christus,
3040 3464 3133 3519 sed
3183 3465 3236 3519 in
3282 3464 3539 3520 Ecclesiae.
3589 3477 3870 3533 ρει-ωηεν

2242 3546 2477 3628 loquitur
2509 3575 2522 3611 :
2551 3571 2674 3611 nam
2721 3557 2889 3625 magis
2924 3554 2992 3609 ad
3035 3556 3285 3624 pupulum
3329 3554 3685 3611 christianum
3714 3570 3854 3613 oon-

2245 3666 2457 3707 versum
2487 3649 2552 3704 ad
2582 3650 2750 3703 Deum
2776 3649 3046 3719 pertinent
3069 3664 3187 3718 qua:
3211 3647 3481 3702 dicuntur.

2312 3741 2366 3796 2.
2411 3739 2561 3814 [vers.
2592 3737 2676 3813 2.]
2712 3740 2794 3793 Ad
2835 3749 2902 3805 te,
2936 3738 3171 3805 Domine,
3199 3739 3355 3793 levati
3385 3741 3610 3793 animant
3640 3756 3808 3793 meam
3827 3757 3850 3795 :

2245 3830 2519 3887 desiderio
2564 3829 2851 3901 spirituali,
2890 3844 3009 3899 qua:
3048 3830 3349 3883 carnalibus
3383 3829 3669 3884 desideriis
3713 3844 3855 3885 con-

2243 3923 2555 3978 culcabatur
2596 3923 2649 3977 in
2694 3930 2860 3977 terra.
2902 3920 3042 3975 Deus
3089 3938 3250 3987 meus,
3292 3921 3343 3977 in
3380 3931 3428 3976 te
3471 3922 3699 3989 conﬁdo,
3741 3938 3853 3978 non

2243 4018 2529 4069 erubescant
2558 4014 2749 4087 :.Deus
2790 4028 2960 4079 meus,
3002 4028 3071 4068 ex
3100 4027 3167 4068 eo
3194 4012 3335 4087 quod
3381 4014 3437 4068 in
3479 4028 3566 4067 me
3605 4013 3853 4070 conlide-

2244 4106 2388 4168 bam,
2441 4103 2732 4175 perductus
2772 4120 2889 4157 sum
2934 4118 3103 4173 usque
3148 4105 3215 4157 ad
3267 4105 3422 4159 iStam
3474 4103 3851 4160 inﬁrmitatem

2245 4196 2449 4255 carnis:
2495 4207 2550 4251 et
2574 4196 2664 4266 qni
2707 4194 2920 4251 deserto
2962 4195 3072 4251 Deo
3112 4196 3250 4251 sieut
3282 4196 3430 4250 Deus
3464 4209 3586 4250 esse
3631 4195 3851 4262 volui,a

2247 4287 2598 4366 minutissima
2622 4287 2842 4343 bestiola
2868 4296 3092 4341 mortem
3117 4287 3331 4353 timens,
3360 4284 3429 4342 de
3449 4286 3698 4355 superbia
3722 4302 3851 4343 mea

2246 4380 2436 4435 irrisus
2474 4378 2698 4443 erubui;
2724 4378 2834 4449 jam
2881 4393 3011 4449 ergo
3050 4379 3101 4432 iu
3143 4388 3197 4433 te
3235 4377 3469 4443 conﬁdo,
3500 4393 3608 4434 nou
3644 4379 3850 4435 erube-

2244 4485 2412 4526 scam.

2319 4562 2373 4616 5.
2415 4560 2566 4633 [rem
2604 4558 2686 4635 5.]
2727 4559 2907 4631 Neque
2932 4560 3176 4617 irrideant
3202 4579 3282 4617 nte
3299 4563 3495 4617 inimici
3520 4566 3852 4635 meimeque

2248 4653 2502 4709 irrideant
2545 4667 2651 4715 me,
2691 4653 2783 4721 qui
2820 4653 3141 4724 serpentinis
3182 4666 3341 4725 atque
3380 4654 3604 4710 occultis
3652 4672 3852 4726 sugge-

2246 4745 2507 4800 stionibus
2532 4744 2864 4809 insidiantes,
2892 4752 2951 4800 et
2982 4756 3330 4815 suggerentes
3363 4746 3533 4814 Euge,
3565 4746 3737 4817 Euge,
3776 4749 3847 4806 ad

2248 4836 2363 4892 haec
2389 4837 2718 4906 deiecerunt.
2752 4835 2949 4890 Etenim
2975 4837 3192 4891 universi
3224 4837 3310 4906 qui
3345 4849 3392 4892 te
3419 4850 3713 4908 exspectant
3742 4857 3851 4897 non

2246 4930 2370 5000 conf
2368 4929 2637 4985 nudentur.

2319 5023 2371 5075 4.
2415 5019 2564 5095 [verm
2607 5018 2687 5094 4.]
2720 5019 3118 5092 Confundantur
3165 5022 3334 5093 inique
3374 5024 3616 5091 facientes
3658 5041 3795 5081 uana
3821 5042 3847 5083 :

2247 5113 2640 5176 confundantur
2690 5114 2868 5184 inique
2906 5113 3182 5180 facientes,
3231 5115 3296 5170 ad
3353 5117 3676 5187 acquirenda
3722 5135 3850 5191 qua:

2250 5215 2545 5258 transeunt.
2588 5205 2705 5257 Vias
2733 5216 2867 5273 tuas,
2897 5205 3135 5273 Domine,
3164 5216 3310 5263 notas
3337 5211 3421 5280 fac
3443 5209 3590 5277 mihi,
3614 5220 3663 5265 et
3691 5213 3851 5267 senti-

2250 5306 2329 5352 tas
2366 5307 2478 5353 tuas
2516 5302 2667 5353 edoce
2694 5316 2775 5353 me
2801 5315 2821 5354 :
2843 5315 2963 5369 quae
2989 5316 3094 5355 non
3133 5301 3253 5356 lata:
3290 5312 3435 5371 sunt,
3461 5318 3562 5359 nec
3598 5306 3850 5362 multitu-

2248 5389 2429 5444 dinem
2460 5389 2527 5444 ad
2556 5391 2827 5446 interitum
2862 5390 3067 5447 ducunt
3094 5391 3307 5465 (llattlt.
3330 5410 3426 5462 vn,
3456 5396 3586 5465 13);
3617 5395 3714 5453 sed
3744 5411 3848 5452 an-

2247 5491 2429 5551 gustas
2451 5489 2507 5535 et
2532 5483 2711 5551 paucis
2736 5491 2890 5537 notas
2912 5483 3132 5539 semitas
3156 5494 3276 5541 tuas
3302 5485 3471 5543 edoce
3495 5503 3602 5543 me.

2318 5573 2371 5627 5.
2413 5568 2566 5640 (vers.
2595 5571 2675 5645 5.]
2715 5572 2891 5645 Dirige
2926 5591 3005 5628 nte
3030 5576 3084 5629 in
3122 5576 3331 5632 ueritate
3357 5588 3445 5633 tua
3471 5595 3492 5632 :
3515 5594 3731 5636 errores
3759 5580 3848 5636 fu-

2245 5666 2501 5735 gientem.
2532 5662 2607 5719 Et
2645 5664 2767 5720 doce
2793 5683 2913 5722 me:
2942 5682 3064 5721 nam
3104 5683 3203 5737 per
3239 5669 3503 5742 nteipsum
3540 5688 3650 5729 nou
3694 5687 3823 5733 nev,

2249 5756 2348 5813 nisi
2375 5755 2734 5813 mendacium.
2765 5756 3019 5826 Quoniam
3048 5770 3102 5815 tu
3128 5777 3180 5817 es
3213 5759 3351 5818 Deus
3390 5764 3627 5821 solum
3660 5778 3836 5829 ω,
