4008 6394
239 406 318 460 185

238 530 271 573 et
305 529 344 570 ts
377 511 591 570 sustinui
627 521 730 566 tota
769 511 888 567 die:
916 523 1090 578 neque
1133 506 1275 562 enim
1305 506 1558 560 dimissus
1600 521 1629 558 a
1661 515 1712 558 te
1738 503 1805 557 de

238 603 458 673 jrit-adiso
503 603 658 677 (Gen.
699 619 774 664 tu,
801 603 916 671 ‘25),
955 611 1008 653 et
1048 600 1097 652 in
1149 599 1486 669 longinquam
1533 598 1803 666 regionem

239 697 578 767 peregrinatus
603 694 749 764 (Luc.
780 708 868 751 xv,
913 691 1022 761 15).
1057 706 1149 760 per
1181 691 1444 758 meipsnm
1483 690 1656 742 redire
1686 703 1806 756 pos-

238 805 355 852 sum,
394 786 494 840 nisi
541 799 794 839 occurras
832 783 1063 840 erranti:
1097 797 1218 834 nam
1265 780 1468 834 reditus
1513 793 1664 833 mens
1697 788 1806 830 toto

239 890 382 934 tractu
435 876 694 946 temporis
731 874 1003 928 surcularis
1049 871 1467 926 misericordiam
1503 880 1644 924 tuam
1682 882 1806 921 sus-

241 970 388 1024 tinttit.

296 1062 342 1115 6.
380 1057 529 1131 [vers
562 1055 642 1129 6.]
682 1055 1019 1110 Reminiscere
1039 1053 1418 1108 miserationum
1446 1061 1669 1116 tuarum,
1701 1049 1806 1104 Do-

239 1152 350 1204 utine
376 1165 395 1203 :
425 1149 768 1203 reminiscere
808 1162 1033 1217 operum
1086 1143 1468 1200 misericordia:
1519 1153 1644 1206 tute,
1703 1144 1807 1196 Do-

238 1243 378 1305 mine,
409 1240 528 1308 quia
559 1249 805 1308 tanqnam
838 1238 1063 1290 oblitum
1113 1246 1166 1291 te
1205 1235 1449 1290 homines
1491 1244 1696 1303 putant.
1741 1232 1807 1286 Et

240 1334 340 1402 quia
367 1329 725 1383 misericordia:
755 1343 854 1383 tuae
893 1346 923 1380 α
962 1329 1147 1382 sarculo
1175 1336 1290 1382 sunt
1317 1342 1336 1381 :
1366 1337 1419 1380 et
1454 1326 1556 1380 hoc
1585 1326 1805 1380 remini-

236 1439 390 1487 scere,
435 1424 558 1493 quia
592 1421 970 1476 misericordia:
1007 1430 1111 1476 tute
1157 1435 1188 1473 a
1237 1420 1435 1474 saeculo
1477 1429 1618 1472 sunt.
1663 1419 1803 1473 Nun-

235 1534 372 1586 quam
413 1517 555 1569 enim
601 1516 715 1569 sine
763 1515 864 1569 illis
916 1513 1082 1578 fuisti,
1133 1514 1224 1582 qui
1281 1512 1444 1567 etiam
1495 1523 1805 1579 peccantem

236 1610 484 1661 hominem
517 1608 734 1661 vanitati
774 1606 1011 1676 quidem,
1063 1605 1158 1660 sed
1196 1606 1248 1659 in
1294 1619 1389 1673 spe
1429 1604 1726 1673 subjecisli,
1754 1613 1808 1657 et

236 1710 301 1752 tot
323 1700 583 1768 cratisque
608 1707 869 1754 creatura:
897 1707 1000 1752 tute
1026 1695 1484 1751 consolationibus
1513 1710 1619 1748 non
1649 1695 1808 1749 dese-

233 1793 390 1846 ruisti.

295 1883 342 1934 7.
381 1879 532 1954 [vers.
576 1878 654 1953 7.]
697 1878 891 1933 Delicta
927 1879 1208 1949 juventutis
1251 1894 1376 1931 mea:
1419 1887 1464 1930 et
1509 1875 1812 1947 ignorantia:

229 1989 342 2025 mea:
367 1989 427 2025 ne
466 1971 751 2024 memineris
779 1986 798 2025 :
823 1969 1016 2026 delicta
1056 1968 1375 2022 conlidentis
1409 1967 1645 2020 audaciae
1676 1981 1810 2020 mea:

229 2074 278 2117 et
311 2063 618 2133 ignorantia:
664 2078 797 2117 mete
842 2077 909 2116 ne
951 2061 1016 2116 ad
1067 2061 1354 2114 vindictam
1404 2074 1668 2122 reserves,
1715 2057 1810 2112 sed

230 2165 464 2225 tanquam
495 2154 746 2210 excidant
772 2154 886 2208 tibi.
919 2153 1212 2209 Secundum
1243 2152 1644 2204 misericordiam
1670 2161 1811 2202 tuam

227 2262 404 2299 senior
429 2254 539 2301 esto
560 2245 680 2312 mei,
709 2242 848 2298 Deus
872 2259 892 2298 :
913 2257 1120 2298 memor
1158 2252 1273 2298 esto
1301 2241 1516 2312 quidem
1545 2241 1670 2301 mei,
1703 2256 1809 2293 non

227 2340 506 2393 secundum
555 2339 687 2392 iram
719 2353 820 2406 qua
849 2352 948 2407 ego
976 2335 1168 2407 dignus
1198 2352 1338 2399 sum,
1387 2334 1482 2391 sed
1517 2333 1809 2388 secundum

232 2430 642 2486 misericordiam
669 2439 810 2484 tuam
837 2445 954 2500 qua:
982 2439 1032 2483 te
1055 2428 1212 2498 digna
1239 2436 1341 2482 est.
1375 2425 1592 2488 Praeter
1610 2427 1812 2480 bonita-

229 2533 318 2576 tem
342 2533 500 2587 tuam,
530 2519 753 2575 Domine
774 2535 794 2574 :
815 2534 921 2574 non
954 2529 1173 2589 propter
1209 2518 1457 2572 meritum
1487 2532 1686 2584 incum,
1715 2517 1811 2571 sed

227 2623 433 2682 propter
463 2613 761 2668 hooitatem
793 2620 959 2677 tuam,
993 2609 1238 2665 Domine.

289 2702 342 2757 8.
382 2701 540 2776 jrers.
571 2701 650 2775 8.]
691 2701 870 2756 Dulcis
908 2711 954 2755 et
990 2711 1156 2755 rectus
1203 2699 1447 2758 Dominus
1472 2715 1491 2754 :
1517 2698 1690 2754 doleis
1731 2708 1812 2754 est

225 2793 494 2860 Dominus,
527 2792 955 2864 quandoquidem
998 2802 1054 2847 et
1088 2801 1373 2861 peccantes
1417 2801 1471 2846 et
1518 2792 1710 2862 impios
1739 2792 1811 2849 ita

223 2883 501 2938 miseratus
546 2893 649 2950 est,
681 2894 739 2938 ut
779 2885 962 2938 omnia
1003 2883 1179 2954 priora
1215 2882 1457 2946 donarit;
1509 2883 1601 2937 scd
1649 2885 1810 2939 etiam

220 2982 390 3029 rectus
431 2983 518 3029 est
564 2974 840 3040 Dominus,
891 2974 980 3044 qui
1023 2982 1144 3044 post
1188 2972 1607 3027 misericordiam
1651 2988 1812 3028 voca-

223 3067 373 3120 tionis
402 3079 457 3122 et
487 3067 683 3134 venite,
719 3082 838 3136 qua:
870 3065 1028 3119 habet
1065 3065 1288 3136 gratiam
1319 3064 1436 3118 sine
1467 3063 1693 3130 meritis,
1726 3064 1811 3119 di-

218 3173 312 3228 gna
354 3157 552 3213 ultimo
573 3157 775 3227 judicio
818 3157 1006 3212 merita
1053 3156 1309 3225 requiret.
1357 3154 1577 3226 Propter
1605 3155 1700 3209 hoc
1737 3155 1814 3210 le—

217 3265 323 3319 gem
357 3260 548 3304 statuet
576 3249 978 3320 delinquentibus
1015 3249 1070 3301 in
1096 3247 1176 3300 via
1201 3263 1222 3302 :
1246 3247 1365 3318 quia
1394 3247 1812 3303 misericordiam

217 3343 542 3410 prterogavit
579 3350 637 3394 ut
668 3339 982 3409 perduceret
1010 3339 1061 3392 in
1098 3339 1260 3392 viam.

281 3432 334 3488 9.
378 3432 539 3506 [νει-ε.
571 3431 652 3506 9.]
692 3431 890 3505 Diriget
911 3433 1056 3486 mites
1081 3433 1133 3485 in
1145 3432 1346 3503 judicio
1372 3448 1390 3485 :
1410 3431 1602 3503 diriget
1635 3433 1813 3501 mites,

214 3540 311 3579 nec
337 3525 682 3596 perturbabit
725 3525 777 3578 in
804 3523 1008 3594 judicio
1039 3538 1133 3578 eos
1169 3524 1258 3594 qui
1300 3533 1598 3594 sequuntur
1626 3523 1818 3577 volun-

217 3629 376 3674 tatem
407 3620 553 3690 ejus,
595 3635 696 3676 nec
723 3619 770 3673 ei
814 3619 1110 3674 resistendo
1140 3629 1458 3689 praiponunt
1497 3635 1671 3674 suam.
1711 3620 1819 3674 Do-

213 3711 337 3763 cebit
366 3721 667 3765 mansuetos
695 3711 802 3764 vias
838 3726 959 3764 suas
987 3725 1006 3764 :
1031 3709 1245 3764 docebit
1274 3710 1386 3764 vias
1417 3725 1560 3774 suas,
1592 3725 1698 3764 non
1724 3725 1818 3764 eos

215 3802 299 3871 qui
332 3818 675 3870 pnccurrere
713 3802 919 3867 volunt,
949 3803 1101 3872 quasi
1149 3803 1356 3872 seipsos
1399 3803 1587 3857 melius
1628 3819 1820 3872 regere

216 3895 450 3963 possint;
499 3893 601 3948 sed
638 3909 730 3948 eos
759 3894 849 3963 qui
893 3907 997 3947 non
1040 3894 1285 3960 erigunt‘
1321 3893 1606 3958 cervicem,
1639 3909 1814 3962 neque

217 3985 591 4046 recalcitrant,
623 3999 746 4039 cum
785 3985 864 4039 eis
888 3983 1073 4054 jugum
1116 3984 1239 4039 lene
1283 3984 1573 4054 imponitur
1615 3996 1669 4040 et
1702 4000 1818 4039 sar-

213 4079 328 4131 cina
361 4079 506 4132 levis
528 4076 749 4150 (Matth.
782 4093 860 4140 xr,
894 4075 1010 4148 50).

283 4171 372 4226 10.
419 4169 582 4244 [uers.
616 4168 731 4241 10.]
775 4169 1033 4224 Universae
1053 4170 1145 4224 viae
1171 4168 1377 4223 Domini
1401 4169 1746 4225 misericordia
1775 4179 1822 4223 et

213 4265 391 4318 veritas
420 4265 526 4336 (α).
577 4263 723 4333 Quas
752 4271 928 4317 autem
959 4262 1072 4316 vias
1096 4244 1310 4318 docebit
1354 4278 1468 4328 eos,
1506 4249 1604 4316 nisi
1651 4263 1823 4318 mise-

216 4357 506 4412 ricordiam
544 4372 653 4426 qua
683 4355 977 4424 placabilis,
1026 4363 1081 4408 et
1105 4355 1384 4409 veritatem
1425 4371 1525 4427 qua
1574 4355 1826 4408 incorru-

212 4458 331 4520 ptus
374 4451 508 4506 est?
540 4448 782 4516 Quorum
828 4461 991 4501 unum
1035 4447 1261 4516 praibuit
1301 4445 1551 4501 donando
1585 4455 1823 4515 peccata,

213 4546 441 4599 alterum
471 4545 675 4598 merita
699 4540 1009 4612 judicando.
1044 4541 1108 4595 Et
1135 4540 1257 4595 ideo
1297 4540 1558 4594 universa:
1588 4541 1687 4593 via:
1715 4539 1825 4593 Do-

214 4639 360 4703 mini,
391 4636 506 4691 duo
533 4634 806 4690 adventus
847 4632 965 4690 Filii
997 4633 1111 4698 Dei,
1158 4647 1295 4686 unus
1338 4631 1660 4696 miserantis,
1693 4633 1830 4686 alter

214 4727 528 4794 iudicantis.
579 4725 834 4780 Pervenit
860 4738 991 4794 ergo
1017 4723 1084 4776 ad
1134 4737 1260 4777 eum
1296 4733 1488 4777 tenens
1527 4723 1642 4776 vias
1686 4722 1823 4791 ejus,

211 4819 297 4888 qui
328 4819 497 4874 nullis
531 4815 750 4872 meritis
793 4816 903 4869 suis
951 4829 1010 4871 se
1035 4814 1315 4869 liberatum
1367 4812 1574 4880 videns,
1607 4814 1830 4882 deponit

211 4914 548 4982 superbiam,
599 4917 659 4964 et
689 4908 943 4978 deinceps
986 4917 1143 4962 cavet
1183 4907 1536 4961 examinantis
1576 4906 1833 4961 severita-

214 5015 338 5073 tem,
372 5006 468 5078 qui
501 5003 860 5060 clementiam
901 4999 1267 5055 subvenientis
1308 5010 1567 5068 expertus
1596 5010 1698 5054 εει.
1732 4999 1832 5053 Ile-

211 5101 531 5169 quirentibus
564 5105 921 5152 testamentum
947 5097 1057 5167 ejus
1083 5105 1129 5148 et
1166 5095 1449 5148 testimonia
1491 5095 1600 5163 ejus
1629 5110 1646 5147 :
1675 5093 1834 5148 intel—

214 5196 380 5267 ligunt
414 5195 575 5251 enim
612 5189 894 5245 Dominum
932 5187 1330 5242 misericordem
1363 5187 1534 5254 primo
1577 5184 1826 5250 adventu,

211 5300 264 5343 et
291 5286 545 5343 secundo
571 5281 844 5354 judicem,
872 5281 961 5350 qui
993 5280 1148 5334 mites
1174 5287 1229 5334 et
1253 5278 1516 5333 mansueti
1550 5280 1830 5348 requirunt

213 5389 619 5437 testamentum
667 5374 805 5445 ejus,
837 5389 956 5429 cum
987 5373 1246 5442 sanguine
1283 5387 1382 5425 suo
1408 5387 1505 5425 nos
1546 5373 1598 5426 in
1640 5387 1830 5427 novam

211 5477 371 5528 vitam
415 5467 705 5529 redemit;
750 5474 806 5521 et
847 5465 898 5519 in
946 5463 1226 5534 Prophetis
1267 5472 1426 5534 atque
1475 5462 1834 5532 Evangelistis

209 5563 526 5623 testimonia
559 5559 710 5629 ejus.

271 5744 289 5776 ί
315 5748 368 5792 In
389 5738 649 5790 cautibus
672 5732 850 5782 nostris
869 5737 997 5792 Mss,
1023 5730 1234 5792 rapiunt.

270 5790 512 5866 (eisdem
541 5807 692 5851 vers.
717 5790 1022 5846 totrmatur
1039 5790 1089 5843 in
1107 5797 1243 5844 Enar.
1270 5790 1488 5855 νωιιι,
1507 5805 1557 5842 n.
1580 5791 1645 5856 9;
1670 5805 1833 5857 cura,

227 5868 395 5920 Serm.
421 5871 489 5920 29
533 5867 648 5918 n.8.

1280 393 1676 450 ENARRATIO
1716 391 1782 446 ΙΝ
1823 392 2144 448 PSALMUM
2185 391 2372 446 XXIV.

3412 399 3510 456 186
3561 427 3563 429 ·

1989 505 2072 557 11.
2117 502 2265 576 [νει-δ.
2299 504 2411 567 11.]
2456 500 2676 575 Propter.
2709 524 2890 562 nomen
2927 519 3088 574 tuum,
3125 510 3355 580 Domine,
3390 530 3510 583 pro-

1914 597 2172 664 pitiaberis
2220 608 2420 665 peccato
2469 616 2614 663 meo;
2647 601 2859 654 multum
2901 612 2970 655 est
3002 605 3171 656 enim:
3201 620 3305 658 non
3335 606 3505 660 solum

1915 701 2130 757 peccata
2164 706 2280 743 mea
2313 690 2543 753 donasti,
2595 709 2712 760 qua:
2759 701 3041 760 antequam
3090 696 3368 777 crederem.
3408 699 3506 752 ad-

1914 781 2070 843 misi;
2104 781 2196 835 sed
2228 793 2279 834 et
2311 792 2532 851 peet-ato
2563 798 2702 844 meo,
2735 782 2878 853 quod
2920 784 3142 838 multum
3172 796 3276 850 est,
3307 787 3427 856 quia
3455 798 3509 840 et

1914 873 1965 925 in
1996 873 2080 926 via
2113 889 2217 926 non
2249 872 2402 927 deest
2444 873 2691 940 offensio,
2738 874 2999 929 Sacriﬁcio
3030 877 3370 930 contribulati
3401 881 3511 948 spi-

1914 963 2048 1019 ritus
2079 966 2470 1034 propitiaheris.

1987 1055 2074 1110 12.
2107 1054 2274 1128 [υεη.
2309 1055 2436 1127 12.]
2480 1058 2603 1123 Quis
2650 1069 2721 1112 est
2769 1060 2957 1123 homo,
2985 1061 3074 1129 qui
3115 1061 3285 1113 timeat
3333 1059 3516 1114 Domi-

1913 1149 2075 1202 num?
2105 1149 2242 1203 unde
2273 1148 2456 1218 incipit
2481 1150 2663 1204 venire
2704 1150 2768 1204 ad
2819 1151 3157 1219 sapientiam.
3188 1151 3374 1220 Legem
3411 1165 3518 1208 sta-

1914 1250 2015 1293 tuet
2046 1241 2061 1270 ¹
2092 1241 2135 1292 ei
2176 1243 2228 1293 in
2270 1243 2349 1294 via
2395 1259 2546 1314 quam
2590 1242 2734 1311 elegit
2768 1258 2785 1293 :
2831 1243 2998 1311 legem
3043 1254 3240 1298 statuet
3266 1246 3314 1298 ei
3349 1247 3398 1297 in
3435 1247 3514 1300 via

1912 1349 2073 1403 quam
2103 1335 2238 1388 liber
2267 1335 2621 1402 apprehendit
2645 1377 2658 1399 ,
2692 1351 2758 1388 ne
2790 1336 3004 1404 impune
3029 1337 3138 1402 jam
3170 1348 3373 1405 peccet.

1986 1427 2074 1480 15.
2108 1425 2276 1499 [vers.
2307 1423 2434 1498 13.]
2473 1426 2655 1478 Anima
2685 1428 2792 1494 ejus
2824 1427 2873 1479 in
2902 1426 3044 1480 bonis
3074 1427 3445 1492 demorabitur,
3469 1437 3515 1483 et

1912 1534 2082 1571 semen
2111 1518 2220 1587 ejus
2251 1518 2540 1570 luereditute
2579 1518 2848 1586 possidebit
2891 1527 3075 1571 terram
3112 1534 3131 1572 :
3159 1528 3210 1572 et
3239 1535 3370 1587 opus
3400 1520 3516 1588 ejus

1915 1609 2280 1664 lnrreditatem
2312 1609 2535 1662 solidam
2570 1608 2846 1663 instaurati
2873 1609 3115 1675 corporis
3147 1609 3458 1677 possidebit.

1989 1703 2078 1756 14.
2111 1699 2283 1774 [rem
2329 1698 2454 1772 1.1.]
2497 1699 2902 1753 Firmamentum
2943 1711 3014 1752 est
3058 1700 3301 1754 Dominus
3341 1701 3519 1754 timcn-

1915 1795 2040 1848 tium
2069 1811 2182 1848 eum
2210 1810 2228 1847 :
2255 1795 2587 1848 inﬁrmorum
2617 1791 2826 1846 videtur
2849 1807 2968 1846 esse
3000 1793 3177 1854 timor,
3211 1793 3303 1846 sed
3337 1796 3517 1846 ﬁrma-

1917 1897 2154 1940 mentum
2179 1897 2262 1940 est
2293 1886 2549 1940 Dominus
2579 1884 2881 1939 timentium
2911 1900 3054 1938 eum.
3090 1884 3158 1937 Et
3185 1901 3378 1938 nomen
3410 1885 3521 1938 Do-

1917 1978 2044 2030 mini
2063 1977 2202 2047 quod
2225 1977 2576 2046 gloriﬁczttum
2601 1984 2686 2030 est
2708 1991 2803 2044 per
2823 1974 3008 2028 orbem
3036 1983 3319 2040 terrarmn,
3344 1975 3521 2030 ﬁrmat

1919 2071 2164 2123 timentes
2194 2084 2338 2122 eum.
2366 2066 2432 2120 Et
2480 2077 2829 2122 testamentum
2874 2065 3033 2136 ipsius
3075 2075 3129 2118 ut
3167 2067 3521 2136 manifestatur

1916 2162 2020 2214 illis
2053 2177 2071 2214 :
2110 2169 2163 2214 et
2216 2159 2339 2213 facit
2385 2168 2442 2213 tit
2495 2167 2874 2213 testamentum
2932 2157 3100 2226 ipsius
3155 2157 3522 2212 manifestetur

1919 2253 2059 2319 illis,
2086 2253 2207 2322 quia
2242 2251 2525 2305 hznreditas
2563 2248 2764 2304 Christi
2804 2259 2992 2319 gentes
3031 2260 3152 2302 sunt
3177 2291 3191 2312 ,
3224 2260 3276 2304 et
3309 2250 3520 2304 termini

1921 2356 2098 2403 terrm.

1993 2437 2077 2491 15.
2122 2435 2290 2509 [vers.
2343 2433 2473 2506 15.]
2517 2434 2664 2489 Oculi
2711 2435 2808 2487 mei
2852 2451 3048 2504 semper
3090 2434 3158 2486 ad
3208 2433 3520 2499 Dominum;

1916 2529 2036 2598 quia
2061 2529 2170 2597 ipse
2194 2527 2363 2582 evellet
2386 2530 2447 2578 de
2473 2529 2651 2596 laqueo
2683 2526 2830 2591 pedes
2859 2542 2993 2578 meas
3025 2524 3097 2596 (α)
3130 2543 3144 2578 :
3177 2541 3273 2578 nec
3306 2527 3520 2579 timeant

1921 2619 2154 2689 pericula
2194 2630 2400 2672 terrena
2429 2658 2444 2682 ,
2474 2617 2600 2670 dum
2632 2627 2822 2672 terram
2856 2633 2960 2670 non
2993 2617 3205 2670 intueor
3228 2634 3242 2675 :
3269 2619 3520 2686 quoniam

1920 2712 2009 2766 ille
2034 2727 2194 2782 quem
2225 2711 2470 2771 intueor,
2503 2710 2694 2763 evellet
2738 2708 2806 2764 de
2836 2709 3025 2778 laqueo
3057 2708 3217 2776 pedes
3245 2723 3413 2761 meos.

1991 2805 2079 2857 16.
2127 2802 2294 2874 [vers.
2342 2800 2467 2873 16.]
2510 2799 2722 2871 Respice
2765 2800 2816 2853 in
2866 2817 2982 2864 me,
3025 2808 3070 2852 et
3116 2801 3350 2854 miserere
3388 2801 3521 2862 mei;

1918 2897 2157 2967 quoniam
2183 2895 2359 2947 unicus
2400 2905 2446 2948 et
2495 2910 2688 2964 pauper
2728 2909 2840 2946 sum
2886 2908 2978 2963 ego
3010 2907 3029 2945 :
3058 2891 3307 2960 qttoniam
3339 2891 3525 2944 unicus

1921 2988 2184 3058 populus,
2219 2987 2386 3040 unica:
2428 2985 2683 3040 Ecclesiae
2728 2993 2832 3039 tum
2875 2998 3096 3036 servans
3123 2982 3523 3048 humilitatem,

1921 3094 2078 3148 quam
2112 3078 2249 3130 nulla
2275 3075 2566 3131 schismata
2588 3075 2671 3129 vel
2703 3073 2936 3128 hau-eses
2960 3083 3161 3129 tenent.
3189 3104 3191 3106 -

1997 3171 2082 3226 17.
2115 3168 2137 3243 [
2157 3186 2286 3223 vers.
2318 3167 2444 3242 17.]
2485 3166 2852 3223 Tribulationes
2878 3167 3046 3221 cordis
3066 3167 3164 3221 mei
3179 3168 3527 3238 multiplicata!

1921 3275 2040 3317 sunt
2061 3276 2079 3316 :
2099 3261 2469 3316 tribulationes
2493 3260 2671 3315 cordis
2698 3259 2802 3314 mei
2847 3259 3151 3314 abundante
3171 3259 3447 3329 iniquitate
3473 3272 3528 3314 et

1923 3355 2309 3425 refrigeseente
2335 3354 2593 3408 cbaritate
2639 3352 3000 3422 multiplicatae
3025 3361 3172 3406 sunt.
3205 3350 3284 3405 De
3313 3351 3527 3404 necessi-

1924 3449 2109 3502 tatibus
2142 3448 2263 3501 meis
2286 3447 2411 3501 educ
2437 3464 2515 3500 me
2541 3461 2560 3499 :
2587 3446 2838 3516 quoniam
2876 3444 2989 3497 luce
3018 3445 3249 3499 tolerare
3276 3443 3403 3497 mihi
3434 3458 3530 3499 ne-

1925 3554 2080 3594 cesse
2107 3547 2221 3602 est,
2256 3549 2308 3591 ut
2343 3551 2694 3606 perseverans
2735 3552 2902 3604 usque
2933 3535 2984 3587 in
3017 3534 3176 3588 linem
3207 3534 3386 3588 salvus
3424 3533 3526 3588 sim

1926 3632 1944 3702 (
1971 3631 2158 3686 Matth.
2188 3646 2242 3692 ι.
2271 3629 2342 3683 22
2366 3631 2400 3693 ),
2430 3630 2497 3682 de
2525 3629 2930 3684 necessitatibus
2957 3629 3091 3680 meis
3116 3627 3251 3680 educ
3276 3641 3382 3680 me.

1981 3719 2222 3793 18.[rers.
2242 3719 2353 3792 18.]
2371 3719 2493 3774 Vide
2507 3721 2840 3772 humilitatem
2854 3729 3070 3772 meamet
3089 3717 3308 3771 laborent
3324 3734 3489 3770 meum
3506 3733 3526 3771 :

1925 3815 2048 3869 vide
2071 3815 2417 3868 humiiitatcm
2447 3829 2619 3868 meam
2643 3856 2658 3878 ,
2689 3830 2791 3882 qua
2838 3829 3105 3879 nuriqnam
3139 3828 3226 3867 me
3271 3811 3523 3882 jactantia

1924 3905 2144 3975 jnstitire
2186 3905 2254 3959 ab
2281 3905 2482 3958 uuitate
2524 3904 2820 3973 abrumpo;
2853 3913 2906 3957 et
2937 3902 3174 3956 laborem
3203 3918 3400 3968 meum,
3423 3917 3530 3971 quo

1931 3995 2353 4064 indisciplinatos
2393 3996 2521 4049 mihi
2573 3996 2892 4049 commixtos
2936 3994 3154 4047 Stillero.
3215 3991 3280 4047 Et
3333 3994 3530 4047 remitte

1930 4087 2100 4141 omnia
2141 4096 2345 4157 peccata
2388 4102 2498 4139 mea
2528 4103 2546 4140 :
2576 4095 2630 4141 et
2669 4085 2752 4140 his
2792 4084 3066 4138 sacriﬁciis
3096 4086 3411 4155 propitiatus
3438 4101 3528 4139 re-

1930 4180 2082 4234 mitte
2104 4188 2318 4249 pcccata
2348 4194 2487 4243 mea,
2513 4193 2620 4232 non
2647 4178 2731 4231 illa
2761 4187 2962 4231 tantum
2987 4176 3280 4246 jnventutis
3304 4187 3358 4230 et
3384 4176 3534 4247 igne.

1929 4272 2116 4327 rantis:
2149 4287 2281 4325 meae
2309 4281 2592 4341 antequam
2621 4269 2895 4324 crederem
2921 4310 2936 4332 ,
2970 4268 3062 4322 sed
3092 4269 3250 4321 etiam
3284 4268 3381 4322 ista
3413 4285 3536 4338 qua:

1929 4364 2038 4432 jam
2063 4378 2127 4416 ex
2158 4361 2259 4416 ﬁde
2287 4361 2468 4414 vivens
2497 4376 2592 4430 per
2620 4359 2979 4414 inlirmitatcm
3009 4358 3090 4412 vel
3122 4359 3239 4412 vita:
3265 4357 3421 4427 hujus
3444 4373 3534 4413 ca-

1935 4454 2150 4523 liginem
2187 4453 2428 4507 admitto.

2007 4545 2093 4599 19.
2138 4544 2300 4618 [t'ers.
2357 4541 2482 4616 19.]
2524 4542 2739 4613 Respice
2786 4544 3016 4597 inimicos
3073 4560 3241 4607 meos,
3293 4543 3532 4612 quoniam

1935 4636 2261 4704 multiplicati
2304 4646 2417 4688 sunt
2463 4652 2481 4690 :
2523 4651 2626 4689 non
2659 4636 2830 4688 solum
2862 4635 3003 4688 enim
3050 4634 3178 4688 foris
3203 4677 3218 4697 ,
3251 4634 3345 4689 sed
3372 4634 3537 4688 etiam

1937 4731 1988 4783 in
2047 4731 2157 4800 ipsa
2214 4730 2359 4783 intus
2416 4728 2667 4782 Ecclesia:
2730 4726 3107 4794 communione
3157 4742 3262 4780 non
3315 4724 3532 4779 desunt.

1939 4822 2006 4877 Et
2033 4824 2150 4878 odio
2195 4823 2368 4894 iniquo
2407 4823 2616 4876 oderunt
2654 4838 2733 4874 me
2758 4836 2777 4874 :
2808 4829 2862 4873 et
2905 4820 3132 4874 oderunt
3178 4833 3264 4874 me
3305 4818 3533 4888 diligen-

1938 4924 2046 4972 tem
2075 4929 2154 4970 se.

2007 5005 2098 5061 20.
2135 5006 2303 5078 [vers.
2331 5005 2421 5062 ‘20.
2446 5003 2466 5078 ]
2510 5005 2717 5059 Custodi
2742 5005 2964 5057 animum
2993 5019 3173 5063 meam,
3203 5011 3248 5055 et
3277 5017 3394 5055 erue
3411 5019 3488 5054 me
3520 5018 3539 5055 :

1938 5098 2142 5154 custodi
2196 5098 2424 5152 animam
2472 5112 2642 5151 meam
2669 5138 2682 5160 ,
2725 5112 2790 5149 ne
2833 5095 3070 5148 deeliner
3111 5095 3130 5125 ⁸
3173 5093 3238 5146 ad
3282 5092 3538 5147 imitatio-

1942 5206 2061 5245 nem
2088 5205 2304 5252 eorum;
2335 5197 2390 5242 et
2415 5203 2543 5242 erue
2574 5203 2658 5241 me
2687 5203 2715 5240 a
2750 5185 3115 5255 perplexitate,
3147 5200 3247 5253 qua
3275 5183 3405 5239 mihi
3432 5183 3538 5238 mi-

1940 5293 2176 5336 scentur.
2211 5280 2331 5333 Non
2371 5278 2655 5349 confundar
2676 5319 2688 5340 ,
2716 5277 2956 5346 quoniam
2994 5275 3193 5346 speravi
3217 5275 3268 5328 in
3300 5285 3348 5330 te
3381 5291 3401 5330 :
3431 5289 3535 5328 non

1941 5371 2237 5426 confundar
2265 5371 2310 5424 si
2339 5369 2474 5424 forte
2505 5369 2783 5438 insurgunt
2809 5366 3092 5420 adversum
3125 5380 3250 5430 me;
3283 5365 3535 5435 quoniam

1941 5479 2046 5518 non
2081 5465 2132 5517 in
2163 5478 2248 5518 me
2272 5504 2286 5526 ,
2316 5461 2407 5516 sed
2436 5462 2486 5514 in
2519 5471 2570 5514 te
2595 5460 2824 5530 speravi.

2011 5555 2102 5609 2|.
2136 5553 2307 5626 [vers.
2336 5553 2426 5607 21.
2450 5550 2470 5624 ]
2509 5550 2809 5605 Innocentes
2835 5560 2879 5606 et
2906 5552 3025 5604 recti
3045 5549 3367 5606 adhaeserunt
3392 5547 3539 5615 mihi,

2008 5729 2026 5760 ι
2052 5727 2182 5788 Edd.,
2200 5724 2382 5788 statuit.
2406 5733 2600 5784 Atuss.,
2625 5729 2799 5788 statuet
2827 5737 2844 5776 :
2863 5725 3004 5786 juxta
3026 5731 3155 5785 LXX,
3179 5721 3540 5776 nomotlieteses.

2005 5792 2026 5822 ³
2051 5786 2184 5845 ΡΜ..
2211 5787 2464 5838 declinem.
2490 5795 2617 5845 κει,
2643 5786 2878 5838 decliner.

2009 5853 2085 5917 (α)
2105 5855 2179 5906 De
2200 5853 2294 5904 hoc
2320 5863 2450 5902 vers.
2482 5851 2538 5900 15
2554 5849 2665 5901 vide
2689 5855 2824 5899 near.
2851 5847 2884 5899 2
2915 5847 3034 5900 Psal.
3064 5861 3204 5912 uxr,
3225 5859 3276 5897 u.
3299 5845 3378 5896 21.
