4008 6364
91 408 165 468 189
625 435 630 440 ·
1153 399 1553 456 ENARRATIO
1582 399 1622 453 l‘.‘

1730 401 2008 460 SALMUM
2047 404 2217 461 XXV.

44 503 50 512 ’
88 532 307 582 excusaret
333 538 387 576 se
415 520 479 575 de
506 521 834 576 obscuritate
866 518 1109 575 lectionis
1134 562 1149 586 ,
1181 519 1314 573 dicit
1351 520 1403 573 in
1433 534 1621 574 conse-

85 619 310 686 ipicntibus
338 630 350 667 :
385 615 710 683 Quapropter
735 615 1041 681 deponentes
1071 611 1390 675 mendacium
1410 653 1423 674 ,
1454 611 1591 678 loqui
1600 641 1620 651 -

85 710 174 761 mini
211 707 464 760 veritatem.
509 704 577 758 Et
622 719 759 762 ecce
799 706 900 759 hoc
942 712 1026 757 est
1067 704 1341 771 deponere
1385 711 1619 758 veterem

83 801 319 860 hominem,
344 807 398 852 et
426 796 649 851 induere
677 811 870 850 novum
901 811 914 849 :
949 795 1292 866 Quapropter,
1318 796 1622 861 deponentes

81 891 340 945 tiu-udacium
365 931 381 955 ,
437 889 702 958 loquimini
763 890 1022 943 veritatem
1047 929 1061 953 ,
1117 889 1458 957 unusquisque
1505 906 1622 942 cum

81 985 264 1038 umimo
275 1000 357 1036 suo
371 999 391 1036 :
404 983 524 1051 quia
544 999 717 1035 sumus
732 982 944 1034 invicem
957 983 1177 1034 membra
1193 980 1405 1052 (Ephes.
1415 997 1488 1047 IV,
1500 979 1592 1049 25)
1604 1020 1617 1033 .

130 1077 174 1128 9..
208 1074 275 1130 Nc
300 1084 474 1128 autem
496 1073 774 1144 quisquam
799 1083 1030 1128 vestrum
1060 1073 1128 1126 ita
1158 1074 1376 1141 cogitet,
1404 1071 1617 1136 fratres,

76 1185 167 1222 cum
191 1168 468 1224 christiano
497 1165 819 1237 loquentiam
858 1165 1134 1220 veritatem
1178 1173 1231 1218 et
1264 1179 1386 1217 cum
1418 1177 1624 1234 pagano

78 1263 379 1317 mendacium.
425 1261 559 1316 Cum
612 1260 859 1330 proximo
905 1269 999 1314 tuo
1054 1259 1295 1327 loquere.
1343 1257 1624 1311 Proximus

77 1369 169 1409 tuus
193 1355 267 1409 ille
291 1364 404 1417 est,
435 1354 523 1423 qui
557 1363 730 1407 tecum
772 1361 926 1406 natus
956 1360 1041 1405 est
1082 1365 1147 1404 ex
1200 1349 1365 1404 Adam
1407 1357 1462 1403 et
1490 1349 1618 1402 Eva.

75 1446 231 1500 Omnes
251 1445 470 1514 proximi
496 1458 681 1498 sumus
706 1442 1014 1498 conditione
1039 1452 1267 1496 terrente
1288 1440 1579 1495 nativitatis
1601 1456 1618 1494 :

74 1537 144 1593 scd
167 1538 303 1592 aliter
330 1538 523 1590 fratres
553 1536 642 1589 illa
671 1549 767 1604 spe
791 1533 1025 1589 ccclesiis
1049 1531 1395 1587 haereditatis.
1427 1530 1622 1586 Proxi-

75 1647 184 1682 mum
199 1641 327 1684 tuum
345 1629 513 1684 debes
532 1639 714 1692 putare
731 1641 940 1681 omnem
957 1624 1250 1689 hominem,
1267 1633 1319 1677 et
1335 1633 1619 1692 antequam

72 1721 461 1776 titehristianus.
495 1718 610 1773 Non
642 1718 784 1772 enim
825 1717 967 1772 nosti
1006 1714 1133 1785 quid
1171 1713 1398 1783 sitapud
1429 1713 1618 1776 Deum,

73 1811 292 1879 quomodo
319 1811 465 1864 illum
503 1807 832 1878 prmsciverit
862 1806 1004 1860 Deus
1048 1798 1282 1875 ignoras.
1322 1802 1623 1874 Aliquando

71 1923 193 1975 quem
219 1904 394 1959 irrides
426 1903 736 1957 adorantem
781 1899 1002 1967 lapides,
1029 1894 1383 1961 convertitur,
1446 1905 1501 1950 et
1529 1895 1624 1949 ad~

72 2008 160 2050 orat
179 1997 348 2055 Deum.
373 1993 602 2051 fortasse
617 1990 916 2062 religiosius
929 2004 1089 2059 quam
1114 1997 1193 2054 ιιι,
1215 1987 1305 2058 qui
1326 2001 1447 2042 eum
1465 1984 1624 2056 paulo

40 2099 167 2142 ‘anle
188 2087 450 2143 irridebas.
494 2086 634 2140 Sunt
677 2099 805 2153 ergo
848 2081 1075 2152 proximi
1113 2079 1282 2134 nostri
1311 2079 1538 2133 latentes
1567 2078 1623 2133 in

74 2181 135 2235 his
157 2181 438 2234 hominibus
464 2222 478 2244 ,
510 2180 600 2249 qui
629 2178 860 2232 nondum
891 2185 1016 2229 sunt
1041 2174 1094 2229 in
1123 2173 1393 2239 Ecclesia;
1420 2181 1476 2227 et
1497 2180 1623 2226 sunt

73 2275 241 2340 longua
283 2271 432 2326 nobis
477 2271 705 2324 latenzes
733 2272 790 2322 in
835 2266 1096 2322 Ecclesia.
1126 2265 1357 2335 ideoque
1397 2262 1488 2333 qui
1516 2279 1622 2319 non

69 2364 228 2416 St‘lltllls
253 2361 415 2416 futura
438 2403 452 2424 ,
487 2371 923 2430 unumquemque
962 2356 1261 2427 proximum
1289 2355 1580 2410 habeamus
1603 2396 1621 2418 ,

72 2471 150 2505 nutt
178 2454 331 2506 solum
377 2452 690 2506 conditione
736 2448 1079 2504 mortalitatis
1119 2446 1366 2502 humana:
1390 2489 1404 2510 ,
1436 2461 1539 2517 qua
1570 2448 1620 2501 in

70 2545 176 2599 hanc
208 2556 387 2600 terram
429 2543 620 2599 eadem
662 2551 807 2597 sorte
836 2541 1182 2604 devenimus;
1214 2541 1306 2595 sed
1335 2541 1496 2594 etiam
1527 2555 1624 2608 spe

71 2637 180 2691 illius
207 2637 558 2699 bmreditatis,
589 2633 713 2704 quia
759 2647 864 2686 non
909 2633 1109 2687 scimus
1153 2631 1279 2701 quid
1321 2629 1531 2684 futurus
1554 2628 1627 2684 sit

66 2729 132 2794 qui
160 2727 301 2781 modo
328 2724 458 2780 nihil
481 2733 586 2780 est.

120 2820 163 2872 5.
200 2819 327 2886 Erga
369 2815 635 2872 attendite
669 2825 861 2871 caetera
901 2814 953 2869 in
984 2813 1256 2869 induendo
1291 2829 1486 2869 novum
1519 2815 1621 2870 ho-

66 2915 225 2968 minem
249 2924 300 2969 et
323 2914 572 2970 exuendo
598 2921 856 2968 veterem.
884 2912 1224 2981 Deponentes,
1254 2910 1444 2981 inquit,
1477 2926 1622 2963 men-

65 3009 248 3074 dacium,
283 3008 550 3078 loquimini
578 3008 835 3060 veritatem
872 3005 1208 3076 unusquisque
1245 3019 1361 3057 cum
1391 3003 1624 3073 proximo

62 3115 130 3150 tuo
156 3099 302 3168 :quia
340 3115 522 3154 sumus
557 3097 766 3150 inuicem
793 3095 1036 3148 membra.
1071 3093 1366 3148 Irascimini
1385 3110 1404 3162 ;
1442 3103 1488 3147 et
1527 3109 1621 3147 no-

65 3187 128 3242 ιίιι
149 3206 356 3258 peccare.
383 3188 442 3245 Si
471 3196 756 3259 prapterca
779 3186 1027 3242 irasceris
1052 3202 1211 3241 servo
1235 3194 1324 3240 tuo
1350 3184 1472 3254 quia
1496 3201 1622 3254 pec-
1672 3213 1676 3218 “

63 3281 169 3333 civit
201 3297 214 3334 :
241 3296 304 3334 ne
332 3289 386 3334 et
409 3290 464 3334 tu
497 3281 612 3350 ipse
639 3293 847 3348 pecces,
873 3278 1105 3333 irascere
1135 3277 1262 3331 tibi.
1283 3276 1378 3332 Sol
1405 3291 1506 3330 non
1531 3293 1622 3329 oc-

63 3375 167 3425 cidat
210 3392 358 3443 super
408 3372 732 3427 iracundiam
787 3380 1000 3426 vestram
1059 3369 1248 3443 (Ibid.,
1293 3370 1386 3442 26)
1421 3369 1622 3424 :iutel-

64 3461 202 3531 [igitur
219 3466 428 3533 quidem
452 3464 752 3520 secundum
781 3473 1012 3533 tempus,
1040 3461 1264 3529 fratres;
1288 3463 1410 3532 quia
1431 3462 1528 3517 etsi
1555 3478 1621 3517 ex

64 3555 147 3622 ipsa
188 3557 411 3611 humana
454 3556 767 3612 conditione
807 3565 861 3609 et
898 3556 1207 3609 intirmitate
1254 3555 1616 3619 mortalitatis,

63 3663 180 3709 quam
211 3658 504 3716 portamus,
551 3647 790 3716 subrepit
839 3646 913 3700 ira
950 3646 1264 3711 christiano,
1317 3662 1422 3700 non
1462 3646 1624 3702 debet

63 3738 126 3789 diu
160 3741 314 3794 teneri
342 3750 397 3795 et
438 3740 558 3793 fieri
591 3738 852 3808 pridiana.
886 3738 1034 3806 Ejice
1064 3737 1205 3791 illam
1235 3737 1302 3793 de
1330 3739 1492 3794 corde
1521 3754 1621 3794 an-

64 3838 232 3899 tequam
272 3831 483 3888 occidat
528 3831 616 3885 lux
667 3831 763 3897 ista
813 3830 1056 3896 visibilis,
1106 3846 1172 3884 ne
1214 3840 1264 3884 te
1293 3831 1506 3885 deserat
1533 3832 1623 3886 lux

61 3922 122 3974 illa
149 3925 438 3980 invisibilis.
470 3923 580 3980 Sed
602 3932 658 3979 et
680 3923 838 3978 aliter
867 3922 1004 3978 bene
1025 3922 1360 3994 intelligitur,
1388 3924 1511 3994 quia
1539 3934 1622 3980 est

59 4027 204 4071 noster
229 4019 304 4074 sol
325 4017 558 4088 justitizn
589 4016 784 4070 veritas
814 4014 1058 4072 Christus
1097 4032 1115 4072 :
1154 4032 1258 4071 non
1292 4016 1394 4071 iste
1422 4019 1499 4071 soi
1531 4019 1623 4088 qui

57 4107 270 4165 aduratur
296 4127 325 4163 a
365 4109 604 4181 Pagauis
628 4118 683 4164 et
709 4108 1037 4170 Manichmis,
1070 4117 1125 4163 et
1163 4108 1373 4162 videtur
1399 4108 1560 4164 etiam
1590 4125 1620 4164 a

56 4202 423 4266 peccatoribus;
473 4199 574 4256 sed
621 4200 711 4255 ille
752 4199 890 4254 alius
927 4199 1083 4269 cujus
1125 4200 1345 4254 veritate
1391 4201 1622 4254 humana

56 4301 206 4344 natura
231 4294 551 4356 illustratur,
574 4290 640 4345 ad
670 4305 828 4360 quem
852 4290 1083 4360 gaudent
1111 4291 1319 4358 Angeli,
1347 4289 1620 4346 hominum

55 4393 199 4436 autem
245 4383 572 4438 intirmatae‘
638 4382 783 4436 acies
834 4381 1012 4436 cordis
1058 4379 1160 4435 etsi
1218 4380 1485 4449 trepidant
1521 4384 1623 4436 sub

56 4474 186 4528 radiis
208 4475 337 4544 ejus,
373 4475 443 4529 ad
475 4489 605 4530 eum
640 4482 816 4527 tamen
845 4471 1312 4541 contemplandum
1341 4486 1437 4540 per
1472 4487 1624 4526 man-

55 4563 148 4616 data
177 4578 483 4636 purgantur.
511 4565 646 4620 Cum
682 4564 908 4634 coeperit
936 4562 1036 4618 iste
1080 4562 1164 4618 soi
1193 4563 1245 4616 in
1280 4562 1496 4617 homine
1529 4563 1625 4617 ha-

55 4658 192 4713 bitare
220 4676 307 4729 per
343 4662 534 4720 ﬁdem,
565 4675 672 4713 non
718 4667 920 4712 tantum
964 4658 1015 4710 in
1049 4666 1099 4711 te
1129 4657 1304 4711 valeat
1346 4656 1621 4710 iracundia

52 4737 213 4816 quain
236 4763 283 4808 te
305 4754 572 4816 nascitur,
598 4760 654 4804 ιιι
674 4749 882 4805 occidat
906 4763 1071 4818 super
1096 4748 1425 4802 iracundiam
1451 4759 1619 4813 tuam,

53 4841 90 4892 id
113 4855 201 4909 est,
231 4846 441 4901 deserat
469 4843 725 4899 Christus
749 4850 983 4896 mentem
1015 4850 1196 4904 tuam;
1227 4838 1349 4906 quia
1377 4855 1484 4893 non
1511 4840 1623 4894 vult

55 4933 256 4990 habitare
298 4915 579 4992 Christus.
605 4948 727 4988 cum
770 4931 1042 4988 iracundia
1074 4939 1185 4985 tua.
1217 4929 1437 4985 Videtur
1475 4932 1618 4986 enim

55 5027 171 5089 quasi
209 5029 316 5098 ipse
351 5044 381 5082 a
421 5037 478 5083 te
522 5023 795 5090 occidere,
840 5039 961 5077 cum
1011 5033 1065 5076 tu
1105 5021 1174 5077 ab
1222 5021 1342 5091 ipso
1368 5021 1617 5076 occidas:

57 5117 148 5178 quia
184 5118 250 5172 ira
280 5136 401 5174 cum
451 5115 862 5182 inveteraverit,
906 5114 1088 5168 odium
1121 5113 1216 5178 ﬂt;
1257 5128 1380 5168 cum
1423 5112 1619 5167 factum

57 5206 182 5265 fuerit
203 5214 396 5276 odium,
426 5212 546 5281 jam
590 5207 854 5263 homicida
900 5221 980 5261 es.
1013 5205 1192 5261 Omnis
1223 5206 1355 5260 enim
1382 5206 1469 5275 qui
1513 5205 1621 5258 odit

58 5305 223 5362 fratrem
237 5321 401 5369 suum,
432 5302 699 5357 homicida
729 5309 798 5354 est
829 5299 869 5372 (Ι
891 5297 1049 5352 Joan.
1081 5313 1155 5361 ill,
1192 5298 1304 5366 15),
1335 5297 1473 5350 sicut
1492 5297 1623 5350 dicit

57 5395 247 5454 toamies
281 5397 590 5470 apostolus.
638 5393 769 5448 item
820 5394 933 5463 ipse
971 5390 1120 5455 dicit,
1163 5390 1285 5460 quia
1328 5389 1490 5444 omnis
1535 5390 1620 5458 qui

58 5487 137 5537 odit
157 5492 352 5556 fratrem
376 5504 559 5553 suum,
585 5485 639 5539 in
660 5484 873 5538 tenebris
895 5491 1060 5536 manet
1087 5480 1195 5551 (Id.
1227 5495 1283 5545 ιι,
1313 5481 1371 5550 9)
1403 5499 1416 5535 :
1445 5490 1499 5535 ct
1517 5496 1621 5535 non

59 5579 210 5635 mirum
234 5584 275 5637 si
305 5582 395 5638 ille
423 5583 479 5638 in
518 5576 760 5634 tenebris
799 5583 998 5641 manet,
1029 5589 1060 5629 a
1088 5589 1194 5644 quo
1220 5573 1417 5628 occidit
1443 5573 1546 5626 sol.

109 5671 154 5725 ι.
189 5673 260 5728 Ad
299 5674 403 5730 hoc
444 5673 597 5728 forte
637 5669 798 5724 etiam
829 5666 1062 5738 pertinet
1107 5665 1245 5735 quod
1291 5663 1515 5718 audistis
1564 5664 1618 5718 in

104 5804 119 5833 ⁸
137 5809 200 5860 Sic
223 5817 366 5863 retin
381 5806 498 5863 eod.
529 5803 674 5856 wh.
701 5811 756 5852 At
772 5798 1165 5863 de.,lromimtm
1194 5797 1320 5851 enim
1341 5794 1632 5861 inﬁrmitate”

64 5866 167 5921 via.

3219 415 3323 475 130

1729 521 2022 594 Evangelia
2053 544 2067 581 :
2098 525 2484 582 Periclitabutur
2529 533 2781 601 navigium
2817 535 2866 587 in
2897 546 3094 608 stagno,
3123 549 3170 591 et
3197 535 3322 592 dor-

1730 615 1912 668 miebat
1955 615 2109 671 Iesus
2143 615 2294 691 (Luc.
2337 635 2452 685 Vill,
2501 621 2621 692 i5).
2661 621 2982 693 Navigamus
3025 629 3167 684 enim
3222 645 3319 700 per

1728 706 1994 775 quoddam
2025 719 2292 779 stagnum,
2324 723 2377 766 et
2402 723 2592 766 ventus
2615 724 2664 767 ct
2690 715 2940 783 procella:
2965 735 3066 771 non
3090 721 3316 776 desunt:

1729 801 2463 872 teutationibus‘quotidianis
2487 804 2644 874 hujus
2674 806 2857 862 sieculi
2893 826 3055 880 prope
3077 815 3323 881 oppletur

1728 900 1967 944 nostrum
2000 895 2290 960 navigium.
2342 895 2492 951 Unde
2519 909 2696 951 autem
2731 900 2806 964 fit,
2844 900 2942 954 nisi
2975 901 3094 970 quia
3125 900 3324 959 dormit

1726 979 1922 1038 Iesus?
1951 984 2004 1038 Si
2031 1001 2136 1038 non
2162 985 2421 1042 dormiret
2451 989 2502 1041 in
2531 999 2580 1043 te
2610 988 2787 1054 Jesus,
2822 1001 3169 1061 tempestates
3197 995 3324 1050 istas

1726 1090 1832 1128 non
1873 1077 2168 1143 patereris;
2198 1077 2291 1132 sed
2339 1078 2776 1150 tranquillitatem
2818 1080 3046 1137 haberes
3073 1084 3320 1148 interius,

1726 1167 2084 1236 convigiiante
2134 1177 2308 1223 tecum
2359 1169 2506 1226 Jesu.
2560 1171 2698 1239 Quid
2748 1181 2831 1228 est
2873 1186 3069 1242 autem,
3119 1175 3319 1232 dormit

1724 1255 1916 1313 Jesus?
1945 1259 2105 1314 Fides
2137 1271 2224 1314 tua
2255 1277 2373 1331 quae
2412 1273 2494 1317 est
2534 1262 2601 1317 de
2626 1262 2774 1330 Jesu,
2807 1264 3150 1321 obdormivit.
3183 1267 3320 1323 Sur-

1725 1358 1856 1417 gunt
1879 1350 2123 1417 procella:
2163 1351 2332 1420 stagni
2366 1350 2540 1422 hujus,
2573 1353 2722 1407 vides
2765 1355 2934 1409 malos
2973 1355 3186 1419 ﬂorere,
3219 1358 3318 1412 bo-

1728 1453 1825 1493 nos
1878 1439 2158 1503 laborare;
2207 1441 2430 1498 teutatio
2476 1453 2580 1508 est,
2637 1441 2838 1497 fructus
2880 1455 2980 1498 est.
3035 1445 3100 1499 Et
3151 1443 3314 1501 dicit‘

1726 1530 1904 1584 anima
1951 1539 2036 1584 tua
2067 1530 2155 1586 :0
2201 1531 2362 1599 Deus,
2409 1533 2518 1604 ipsa
2562 1545 2644 1587 est
2667 1532 2872 1603 justitia
2924 1545 3032 1601 tua,
3089 1548 3142 1591 ut
3192 1539 3315 1594 mali

1725 1620 1974 1689 ﬂoreant,
2019 1622 2143 1678 boni
2187 1623 2473 1679 laborent?
2503 1626 2641 1680 Dicis
2674 1627 2820 1681 Deo:
2855 1628 2968 1696 ipsa
3012 1641 3093 1684 est
3114 1630 3316 1699 justitia

1726 1713 1858 1767 tua?
1883 1711 1951 1766 Et
1990 1713 2134 1768 Deus
2168 1715 2261 1769 tibi
2291 1732 2305 1768 :
2333 1715 2445 1786 ipsa
2471 1728 2552 1771 est
2583 1715 2712 1772 tides
2741 1727 2825 1773 tua
2847 1720 2872 1772 Ἰ
2899 1720 3023 1775 ﬂare
3052 1722 3193 1776 enim
3225 1724 3316 1778 tibi

1729 1803 1994 1872 promisi?
2035 1804 2102 1859 ad
2145 1805 2248 1860 hoc
2273 1805 2597 1862 christianus
2625 1807 2796 1864 factus
2836 1823 2915 1874 es,
2946 1821 3003 1866 nt
3041 1813 3092 1866 in
3121 1815 3321 1871 smcuio

1725 1894 1831 1951 isto
1869 1895 2134 1954 ﬂoreres?
2164 1901 2488 1970 torqueris',
2532 1901 2654 1972 quia
2696 1901 2783 1959 hic
2823 1904 2946 1958 mali
2976 1904 3186 1970 ﬂorent,
3229 1908 3320 1978 qui

1726 2003 1850 2050 cum
1899 1988 2116 2044 diabolo
2170 1984 2350 2061 postea
2401 1993 2833 2063 torquebantur?
2884 1995 2992 2051 Sed
3039 1996 3180 2054 unde
3220 1991 3325 2056 hoc

1725 2087 1902 2143 dicis?
1945 2089 2086 2145 unde
2116 2090 2363 2147 ﬂuctibus
2407 2095 2580 2164 stagni
2615 2104 2670 2148 et
2697 2104 3013 2164 tempestate
3050 2095 3323 2151 turbaris?

1726 2178 1859 2247 Quia
1901 2180 2098 2237 dormit
2119 2181 2297 2249 Jesns,
2340 2184 2391 2238 id
2431 2195 2532 2247 est,
2562 2187 2681 2257 quia
2712 2187 2844 2242 fides
2873 2197 2957 2241 tua
2990 2205 3108 2258 qua:
3142 2197 3224 2243 est
3252 2185 3320 2242 de

1727 2270 1878 2338 Jesu,
1903 2274 2076 2342 sopita
2107 2282 2191 2328 est
2220 2275 2272 2329 in
2295 2276 2458 2331 corde
2488 2286 2599 2332 tuo.
2627 2278 2764 2345 Quid
2797 2278 2928 2334 iacis
2960 2289 3016 2335 ut
3040 2279 3323 2336 libereris?

1728 2362 1912 2416 Excila
1940 2363 2146 2435 Jesum,
2190 2375 2244 2420 et
2287 2367 2395 2432 die,
2445 2367 2708 2439 Magister,
2730 2371 2951 2439 perimus
2982 2369 3173 2443 (Ibid.,
3203 2371 3320 2442 24).

1727 2453 1938 2508 Μονειιι
1965 2455 2108 2510 enim
2137 2455 2338 2511 incerta
2366 2459 2538 2527 διειεηὶ
2565 2476 2578 2512 :
2613 2461 2867 2529 perimus.
2901 2461 3182 2531 Evigilabit
3208 2463 3320 2528 ille,

1729 2545 1779 2597 id
1812 2556 1913 2606 est,
1941 2546 2110 2600 rediet
2160 2547 2224 2601 ad
2259 2558 2308 2603 te
2337 2547 2469 2604 fides
2499 2560 2584 2603 tua
2609 2568 2622 2616 ;
2651 2560 2705 2604 et
2734 2551 3019 2620 adjuvante
3053 2553 3163 2620 illo,
3189 2569 3323 2608 cnn-

1725 2635 1985 2690 siderabis
2009 2639 2059 2689 in
2089 2637 2266 2692 anima
2302 2648 2410 2703 tua,
2441 2640 2562 2707 quia
2595 2656 2714 2710 quae
2741 2642 2936 2695 dantur
2963 2643 3124 2697 modo
3146 2644 3320 2709 malis,

1728 2742 1834 2780 non
1875 2742 1995 2780 cum
2040 2727 2145 2781 illis
2184 2731 2642 2799 perseverabunt:
2669 2742 2761 2785 aut
2787 2732 2928 2797 enim
2961 2735 3203 2788 viventes
3229 2750 3326 2790 eos

1725 2814 2004 2880 deserunt,
2045 2827 2138 2870 aut
2167 2833 2197 2872 a
2241 2820 2590 2875 morientibus
2621 2821 2978 2889 deseruntur;
3013 2825 3106 2878 tibi
3143 2834 3322 2880 autem

1726 2909 1868 2979 quod
1913 2910 2260 2980 promittitur,
2312 2911 2550 2966 manebit
2603 2913 2654 2967 in
2703 2923 2985 2968 teternum.
3035 2914 3142 2970 illis
3182 2916 3325 2986 quod

1730 3002 2096 3071 temporaliter
2123 3003 2456 3069 conceditur,
2479 3004 2586 3059 cito
2615 3003 2837 3059 tollitur.
2870 3004 3076 3061 Fioruit
3101 3006 3243 3062 enim
3269 3016 3326 3064 ut

1727 3092 1826 3147 ﬂus
1861 3093 1988 3147 feni.
2037 3094 2225 3148 Omnis
2273 3095 2415 3149 enim
2447 3109 2573 3150 caro
2600 3095 2777 3150 fenum
2805 3111 2819 3150 :
2852 3097 2994 3152 aruit
3029 3095 3231 3162 fenum,
3262 3108 3322 3154 et

1725 3183 1826 3239 ﬂos
1865 3184 2061 3238 decidit
2093 3202 2106 3237 :
2142 3185 2370 3240 verbum
2413 3193 2592 3240 autem
2625 3187 2835 3241 Domini
2868 3197 3049 3243 manet
3087 3189 3139 3242 in
3167 3198 3326 3244 acter-

1727 3291 1853 3330 nurn
1887 3273 2039 3348 (Isai.
2070 3292 2165 3342 XL,
2191 3276 2244 3340 6,
2275 3275 2358 3349 8).
2393 3278 2540 3332 Pone
2585 3294 2714 3349 ergo
2744 3279 2962 3335 dorsum
2990 3279 3057 3334 ad
3099 3280 3150 3335 id
3181 3281 3324 3351 quod

1727 3367 1890 3432 cadit,
1958 3375 2013 3422 et
2052 3367 2242 3422 faciem
2289 3368 2358 3423 ad
2403 3369 2531 3424 illud
2577 3370 2719 3440 quod
2773 3379 2971 3427 manet.
3031 3372 3326 3443 Evigiiante

1727 3459 1941 3516 Christo
1967 3459 2079 3528 jam
2113 3470 2402 3529 tempestas
2433 3461 2521 3515 illa
2553 3478 2657 3515 non
2679 3463 2882 3532 quatiet
2901 3477 2996 3519 cor
3019 3471 3189 3530 tuum,
3217 3478 3323 3519 non

1727 3551 2023 3621 opplebunt
2058 3551 2252 3606 ﬂuctus
2281 3552 2457 3607 navim
2488 3564 2632 3607 tuam
2659 3571 2672 3607 :
2705 3554 2825 3623 quia
2862 3554 2994 3610 fides
3033 3564 3121 3610 tua
3149 3555 3322 3626 impe-

1726 3653 1810 3700 rat
1832 3646 2006 3700 ventis
2032 3655 2088 3700 et
2116 3645 2394 3712 ﬂuctibus,
2423 3655 2478 3702 et
2510 3648 2735 3703 transiet
2765 3649 3084 3718 periculum.
3115 3650 3196 3705 Ad
3223 3650 3325 3706 hoc

1727 3738 1868 3790 enim
1903 3737 2151 3806 pertinet,
2189 3737 2403 3804 fratres,
2438 3746 2607 3793 totum
2657 3739 2708 3794 id
2736 3739 2877 3810 quod
2923 3740 3051 3796 dicit
3095 3742 3328 3812 Aposto-

1729 3828 1835 3892 lus,
1868 3827 1937 3883 de
1961 3829 2211 3884 exuendo
2233 3839 2466 3884 veterem
2496 3829 2790 3885 hominem.
2817 3829 3132 3900 Irarcimini,
3161 3842 3208 3888 e:
3230 3851 3324 3888 no-

1729 3917 1818 3973 lite
1866 3936 2077 3992 peccare
2105 3937 2126 3976 .'
2151 3921 2229 3975 sol
2275 3937 2377 3975 non
2422 3922 2617 3976 occidat
2660 3939 2815 3993 super
2865 3923 3186 3978 iracundia»:
3239 3943 3325 3980 tte-

1727 4008 1885 4062 stram
1907 4027 1925 4064 :
1955 4026 2117 4082 neque
2152 4007 2318 4064 locum
2361 4011 2492 4065 detis
2531 4012 2736 4066 diabolo
2758 4029 2776 4065 :
2803 4022 2956 4069 vetus
2998 4029 3126 4086 ergo
3162 4014 3326 4072 dabat

1729 4101 1930 4168 laeum,
1965 4117 2136 4157 novus
2160 4117 2263 4156 non
2291 4102 2400 4157 det.
2431 4103 2530 4169 Qui
2550 4103 2838 4173 [urabatur,
2863 4108 2979 4176 jam
3004 4124 3104 4161 non
3129 4113 3327 4178 [aretur

1729 4190 1944 4263 (Ephes.
1979 4207 2055 4257 tv,
2084 4191 2281 4264 26-28)
2309 4210 2322 4245 :
2353 4203 2502 4248 vetus
2531 4209 2659 4264 ergo
2687 4194 2982 4262 iurabatur,
3009 4213 3178 4254 novus
3218 4217 3324 4254 non

1729 4283 1956 4338 furetur.
1986 4284 2103 4354 ipse
2142 4283 2304 4337 homo
2329 4295 2432 4351 est,
2469 4301 2607 4339 unus
2647 4286 2810 4340 homo
2840 4296 2924 4342 est
2947 4306 2962 4343 :
2989 4289 3157 4342 Adam
3187 4301 3323 4357 erat,

1726 4375 1974 4430 Christus
2021 4376 2092 4430 sit
2121 4384 2313 4430 :vetus
2351 4386 2490 4440 erat,
2531 4391 2700 4431 novus
2741 4378 2845 4444 sit;
2891 4387 2945 4433 et
2985 4388 3176 4434 czetera
3209 4395 3323 4450 qua’

1726 4465 1800 4519 ibi
1831 4475 2147 4535 sequuntur.

1799 4559 1853 4614 5.
1896 4558 2000 4613 Sed
2035 4558 2304 4612 Psalmum
2332 4558 2610 4614 v-‘ieamus
2641 4560 2799 4630 paulo
2841 4560 3165 4630 diligentius,
3196 4563 3319 4633 quia

1726 4665 1847 4706 cum
1877 4652 2103 4721 quisque
2144 4653 2429 4720 profecerit
2470 4653 2522 4706 iu
2552 4653 2816 4721 Ecclesia,
2849 4669 3075 4709 necesse
3117 4664 3200 4709 est
3227 4670 3322 4724 pa-

1729 4740 1890 4796 tiatur
1919 4742 2088 4795 malus
2137 4742 2188 4795 in
2233 4741 2497 4797 Ecclesia.
2527 4743 2631 4797 Sed
2675 4759 2785 4797 non
2815 4760 2909 4798 eos
2936 4745 3210 4813 cognoscit
3234 4746 3324 4810 qni

1727 4831 1849 4887 talis
1872 4843 1986 4898 est;
2015 4848 2316 4903 quanquam
2347 4833 2494 4886 multi
2528 4834 2651 4887 mali
2684 4843 3021 4888 murmurent
3063 4835 3326 4890 adversus

1728 4923 1920 4987 malos,
1946 4922 2215 4992 quomodo
2249 4923 2457 4977 facilius
2485 4940 2624 4978 unus
2662 4940 2825 4979 sanus
2855 4923 2960 4980 fert
2989 4925 3123 4979 duos
3155 4941 3325 4995 «πει-ο-

1729 5024 1830 5078 tus,
1854 5031 2011 5084 quam
2041 5013 2149 5068 duo
2173 5015 2356 5085 aegroti
2384 5030 2444 5068 se
2470 5015 2697 5071 invicem
2726 5014 2986 5086 singulos.
3016 5015 3198 5088 itaque
3220 5016 3324 5073 hoc

1729 5104 2090 5175 pra-cipimus,
2142 5104 2353 5166 fratres,
2401 5107 2538 5159 Area
2579 5114 2664 5160 est
2707 5106 2944 5161 Ecclesia
2991 5107 3150 5177 hujus
3189 5115 3324 5162 tem-

1729 5195 1872 5267 poris
1901 5213 1914 5251 :
1945 5212 2088 5266 scepe
2114 5195 2364 5259 diximus,
2393 5211 2539 5266 szepe
2564 5197 2812 5266 dicimus,
2839 5197 2907 5252 Et
2930 5199 3133 5268 paleam
3163 5199 3324 5255 habet

1727 5299 1780 5343 et
1803 5288 2153 5344 frumentum.
2179 5289 2350 5351 Nemo
2376 5296 2583 5358 quaerat
2602 5289 2750 5345 exire
2771 5298 2935 5345 totam
2963 5290 3190 5361 paleam,
3219 5291 3324 5346 nisi

1731 5392 1968 5451 tempore
1993 5381 2377 5436 ventilationis.
2410 5380 2578 5436 Nemo
2611 5390 2738 5438 ante
2777 5389 2987 5451 tempus
3016 5382 3321 5438 ventilatio-

1729 5474 1811 5529 nis
1839 5473 2048 5528 deserat
2084 5488 2286 5539 aream,
2320 5473 2469 5543 quasi
2497 5472 2623 5528 dum
2655 5489 2760 5528 non
2789 5475 2902 5528 vult
2932 5475 3038 5545 pati
3070 5485 3324 5545 peccato-

1793 5675 1813 5743 ξ
1836 5672 2088 5743 Tredeclm
2109 5680 2240 5733 Mss.,
2261 5679 2313 5723 Et
2338 5672 2538 5743 dubitat.
2579 5736 2590 5743 ι
2783 5733 2794 5743 _
2847 5735 2857 5743 ,
2964 5734 2986 5743 Δ
3229 5741 3235 5743 _
3267 5733 3278 5743 ,

1795 5739 1814 5768 ²
1839 5739 1914 5785 sic
1936 5743 2009 5785 Er.
2038 5744 2090 5784 et
2243 5744 2298 5785 At
2325 5743 2457 5794 Lov.,
2480 5742 2541 5799 ut
2572 5736 2623 5799 in
2646 5733 2823 5785 secuto
2841 5735 2929 5787 ista
2953 5734 3173 5799 floreres.
3190 5741 3237 5786 et
3262 5733 3314 5799 in

1728 5798 1899 5862 futuro
1915 5804 2075 5855 postea
2114 5798 2165 5847 in
2202 5796 2391 5862 inferno
2423 5796 2694 5852 "acerrime
2729 5796 3065 5861 torquereris?
3089 5797 3206 5860 Quia
3238 5797 3316 5854 hic

1731 5859 1845 5910 ututi
1865 5858 2055 5922 ﬂorent,
2080 5869 2174 5910 etc.
2254 5858 2263 5862 '
2818 5858 2827 5861 ⁷
3027 5917 3056 5946 τ
