4008 6316
493 391 513 441 l
523 387 582 442 9|
1698 376 1755 432 S.
1797 374 1933 431 AUC
1942 369 2164 429 USTINI
2204 370 2509 429 EPISCOPI

492 516 617 557 res:
648 515 718 557 ne
773 509 967 569 praeter
1013 511 1196 553 aream
1245 494 1516 558 inventus,
1569 491 1717 562 prius
1769 490 1838 544 ab
1896 487 2084 543 avibus

472 593 790 663 “colligatur.
837 606 999 660 quam
1038 588 1366 659 ingrediatur
1404 588 1457 641 itt
1506 585 1777 640 horreum.
1807 580 2089 652 Quomodo

491 694 671 738 autem
720 681 843 743 hoc.
883 681 1095 745 fratres,
1134 679 1375 733 dicamus
1418 674 1698 730 attendite.
1746 672 1920 729 Grana
1963 685 2085 727 cum

495 774 761 842 coeperint
790 770 1047 833 triturari,
1080 771 1218 824 inter
1250 769 1429 841 paleas
1451 767 1560 837 jam
1590 780 1649 821 se
1687 781 1795 820 non
1823 773 2044 833 tangunt
2071 777 2087 827 ;

497 867 569 917 ita
596 864 748 933 quasi
776 877 836 918 se
877 878 987 917 non
1013 870 1297 923 noverunt,
1338 860 1463 930 quia
1507 855 1793 912 intercedit
1815 855 1994 925 palea.
2023 854 2090 908 Et

498 956 825 1026 quicumque
873 954 1083 1024 longius
1134 952 1363 1011 attendit
1402 966 1605 1016 aream,
1659 950 1864 1020 paleam
1918 947 2089 1002 solam

501 1054 651 1115 putat
677 1063 689 1097 :
723 1044 824 1099 nisi
855 1044 1163 1115 diligentius
1207 1044 1495 1105 intueatur,
1546 1040 1644 1096 nisi
1676 1054 1892 1097 manum
1917 1038 2088 1111 porri-

498 1148 607 1207 gat,
635 1136 741 1197 nisi
763 1136 955 1205 spiritu
982 1135 1112 1195 oris.
1146 1133 1197 1187 id
1222 1143 1325 1198 est,
1359 1131 1485 1187 ﬂatu
1513 1141 1773 1203 purgante
1797 1130 2089 1191 discernat.
2134 1196 2137 1197 ν

497 1226 718 1282 difﬁcile
765 1226 1005 1295 pervenit
1060 1224 1125 1278 ad
1169 1224 1547 1279 discretionem
1596 1236 1907 1293 granorum.
1955 1220 2094 1289 Ergo

497 1316 784 1387 aliquando
810 1326 867 1371 et
907 1316 1021 1384 ipsa
1048 1330 1214 1385 grana
1259 1314 1330 1373 ita
1360 1323 1507 1376 sunt,
1538 1312 1694 1382 quasi
1736 1311 1982 1381 sejuncta
2024 1309 2095 1364 ab

500 1408 751 1469 invicem.
783 1416 837 1462 et
877 1423 981 1461 non
1022 1423 1081 1462 se
1117 1406 1408 1477 tangentia,
1447 1418 1506 1460 ut
1551 1414 1699 1475 putet
1725 1405 2095 1475 unusquisque

497 1516 620 1555 cum
642 1500 951 1575 profecerit,
978 1499 1122 1569 quod
1146 1500 1292 1554 solus
1320 1500 1410 1553 sit.
1439 1498 1563 1553 “me
1583 1497 1853 1569 cogitatio,
1881 1496 2091 1563 fratres,

503 1595 674 1648 Etiam
706 1594 948 1657 tentavit,
992 1602 1195 1647 tantum
1240 1593 1413 1651 virum
1443 1591 1534 1662 (ιιι
1561 1591 1690 1662 Reg.
1728 1606 1844 1656 xu,
1879 1589 2012 1660 £0);
2041 1600 2098 1646 et

500 1684 635 1737 dixit
662 1683 726 1737 ad
760 1684 948 1751 Deum,
979 1684 1116 1739 sicut
1146 1684 1307 1737 etiam
1349 1682 1637 1753 Apostolus
1662 1690 2051 1737 commemorat
2078 1696 2093 1735 :

508 1773 790 1843 Prop/tetas
831 1784 946 1828 tuos
988 1774 1297 1839 occiderunt,
1331 1772 1517 1832 altaria.
1554 1782 1644 1829 tua
1682 1770 2020 1839 su/Iaderunt,
2052 1781 2097 1824 et

502 1882 594 1936 ego
624 1866 842 1919 remansi
867 1866 1025 1939 solus,
1055 1875 1101 1919 et
1126 1875 1358 1935 quierunt
1378 1865 1604 1918 animam
1630 1879 1811 1917 meam.
1837 1862 1943 1918 Sed
1974 1861 2099 1931 quid

500 1958 621 2011 dicit
644 1956 721 2010 illi
745 1972 1043 2028 responsura
1066 1956 1333 2010 divinum?
1358 1955 1559 2026 Reliqui
1586 1954 1710 2008 mihi
1728 1963 1915 2025 septem
1937 1953 2100 2007 millia

506 2052 745 2113 virorum,
770 2050 858 2120 qui
879 2066 981 2103 non
1006 2060 1335 2103 curvaverant
1357 2065 1522 2120 genua
1542 2056 1659 2102 ante
1673 2046 1805 2103 Baal
1824 2046 2002 2118 (Rom.
2022 2062 2096 2111 ιι,

503 2141 692 2211 Setl).
719 2139 834 2195 Non
860 2138 996 2194 dixit
1019 2139 1098 2194 ei:
1117 2139 1295 2194 Habes
1320 2139 1455 2193 alios
1479 2138 1619 2195 duos
1645 2146 1738 2192 aut
1763 2147 1873 2201 tres
1896 2138 2102 2201 similes

509 2234 623 2285 tibi.
656 2232 794 2296 Noli,
840 2231 1029 2302 inquit,
1073 2241 1259 2301 putare
1287 2240 1340 2286 te
1382 2231 1579 2286 solum.
1624 2229 1762 2296 Alia,
1794 2230 1985 2299 inquit,
2016 2244 2100 2284 se-

507 2336 650 2394 ptem
682 2326 841 2379 millia
882 2334 1027 2391 sunt,
1055 2332 1110 2379 et
1133 2325 1306 2379 solum
1337 2332 1391 2378 te
1420 2324 1605 2393 putas!
1636 2323 1817 2392 Itaque
1848 2321 1950 2376 hoc
1975 2321 2101 2376 bre-

505 2420 642 2473 viter
668 2416 1024 2487 praecipimus,
1058 2424 1113 2470 ut
1155 2415 1335 2471 dicere
1371 2430 1663 2485 coeperam.
1704 2412 1948 2471 intendat
1986 2428 2099 2473 me-

504 2526 626 2563 cum
658 2509 888 2564 fraterna
914 2508 1182 2563 Sanctitas
1208 2506 1419 2571 Vestra,
1460 2513 1517 2563 et
1556 2504 1699 2560 adsit
1735 2503 2101 2559 misericordia

510 2601 600 2655 Dei
628 2601 680 2654 itt
710 2600 960 2655 cordibus
984 2598 1204 2663 nostris,
1234 2606 1293 2651 ut
1334 2596 1412 2652 sic
1435 2612 1464 2650 a
1488 2596 1639 2651 vobis
1666 2593 2015 2665 intelligatur,
2048 2602 2104 2646 ut

506 2692 809 2754 frnctilicet,
834 2699 890 2745 et
909 2691 961 2744 in
984 2689 1140 2744 vobis
1155 2698 1426 2759 operetur.
1450 2686 1644 2741 Audite
1661 2684 1926 2741 breviter:
1945 2683 2102 2752 Quis-

506 2787 626 2856 quis
662 2785 839 2840 adhuc
885 2784 1059 2838 malus
1102 2790 1205 2849 est,
1251 2798 1357 2836 non
1403 2789 1552 2851 putet
1595 2778 1865 2835 neminem
1904 2778 2103 2833 bonum

505 2892 629 2932 esse
658 2876 936 2946 :quisquis
960 2874 1133 2934 bonus
1166 2882 1271 2939 est,
1299 2887 1405 2927 non
1431 2878 1582 2942 putet
1612 2885 1672 2925 se
1700 2869 1874 2925 solum
1905 2868 2106 2923 bonum

507 2985 650 3024 esse.
690 2968 909 3024 Tenetis
956 2966 1098 3023 hoc?
1135 2966 1274 3021 Ecre
1311 2974 1518 3035 repeto,
1549 2963 1727 3019 videte
1771 2963 1895 3032 quia
1936 2961 2102 3017 dico:

444 3104 445 3107 η
508 3060 763 3130 Quisquis
791 3059 963 3123 malus
988 3066 1091 3124 est,
1136 3057 1471 3126 interrogans
1501 3052 1887 3109 conscientiam
1927 3066 2103 3120 suam,

506 3162 566 3207 et
589 3152 726 3206 male
751 3151 851 3207 sibi
880 3150 1216 3218 renuntiatis,
1249 3164 1356 3205 non
1390 3147 1679 3203 arbitretur
1707 3144 1976 3202 neminem
2006 3146 2106 3200 bo—

512 3261 637 3299 num
665 3259 785 3300 esse
812 3261 827 3297 :
854 3244 1095 3315 quisquis
1132 3242 1307 3307 bonus
1329 3251 1433 3308 est,
1456 3255 1575 3321 non
1602 3239 1891 3294 arbitretur
1917 3254 1977 3293 se
2005 3252 2098 3291 so-

509 3336 618 3393 lum
673 3337 869 3393 bonum
920 3350 1077 3400 esse;
1129 3344 1185 3396 et
1234 3349 1341 3390 non
1391 3334 1575 3391 timeat
1620 3331 1795 3387 bonus
1842 3330 1897 3385 in
1950 3343 2106 3386 eom-

512 3430 769 3485 mixtione
808 3429 1093 3496 malorum,
1142 3428 1265 3498 quia
1294 3427 1471 3492 veniet.
1508 3435 1720 3498 tempus
1751 3432 1811 3480 ut
1851 3422 1976 3478 inde
2015 3437 2108 3478 se-

514 3531 789 3591 gregetur.
826 3520 905 3577 Ad
935 3518 1037 3574 hoc
1062 3520 1206 3575 enim
1239 3518 1399 3578 hodie
1426 3516 1779 3581 enatavimus,
1810 3514 1897 3570 Ne
1923 3515 2109 3586 perdas

510 3630 626 3667 cum
659 3613 829 3682 impiis
856 3615 1081 3665 animam
1110 3628 1295 3676 meam,
1323 3619 1370 3665 rt
1399 3626 1514 3664 cum
1547 3608 1671 3665 viris
1693 3606 2001 3676 sanguinum
2026 3607 2111 3660 vi-

512 3716 617 3761 tam
651 3720 834 3758 meam.
863 3702 1002 3772 Quid
1028 3703 1170 3758 enim
1199 3710 1302 3767 est,
1327 3700 1418 3756 ‘Ne
1439 3717 1556 3756 cum
1585 3700 1755 3771 impiis
1783 3700 1968 3775 perdas
1989 3699 2110 3755 i‘Ne

515 3796 674 3853 simul
705 3794 919 3866 perdas.
953 3793 1129 3861 Quare
1174 3793 1327 3847 timet
1364 3808 1432 3855 ne
1473 3790 1630 3854 simul
1672 3789 1898 3860 perdat?
1939 3789 2110 3846 Video

513 3887 654 3944 cnim
684 3886 883 3947 dictum
918 3884 1050 3949 Deo,
1080 3883 1202 3955 quia
1229 3883 1389 3941 modo
1411 3880 1572 3937 simul
1604 3895 1702 3935 nos
1730 3881 1948 3950 pateris,
1972 3895 2111 3949 quos

515 3978 709 4048 pateris
738 3976 920 4041 simul,
957 3975 1065 4037 noli
1102 3974 1327 4045 perdere
1348 3971 1527 4027 simul.
1558 3973 1626 4028 Et
1650 3970 1755 4027 hoc
1782 3970 1944 4026 habet
1968 3980 2112 4035 totus

516 4070 774 4139 psalmus,
813 4083 975 4138 quem
1004 4068 1125 4125 volo
1162 4065 1397 4120 breviter
1437 4078 1559 4119 eum
1595 4062 1894 4120 Sanctitate
1923 4062 2109 4118 Vestra

512 4161 874 4227 considerare,
902 4159 1022 4229 quia
1054 4157 1230 4214 brevis
1262 4167 1363 4214 est.
1944 4199 1949 4210 .

586 4252 641 4308 6.
684 4250 835 4324 [vera
874 4248 955 4323 1.]
991 4248 1183 4303 Judica
1212 4265 1312 4316 me,
1354 4247 1617 4309 Domine;
1642 4246 1867 4301 molesta
1906 4253 2027 4298 VOL't
2057 4255 2112 4300 et

513 4344 666 4416 quasi
708 4342 1005 4413 periculosa
1049 4341 1233 4411 optat‘
1278 4340 1399 4404 sibi,
1441 4350 1500 4396 ut
1527 4338 1821 4415 iudicetur.
1863 4337 1999 4411 Quid
2029 4345 2113 4391 est

515 4436 736 4506 iudicari
762 4433 905 4505 quod
936 4434 1126 4502 optat?
1168 4432 1404 4487 Discerni
1448 4446 1507 4486 se
1535 4440 1684 4501 optat
1711 4445 1742 4485 a
1786 4430 1962 4486 malis.
1992 4429 2112 4483 Alio

519 4530 638 4582 loco
664 4526 942 4582 evidenter
965 4524 1099 4581 dicit
1123 4524 1192 4579 de
1236 4524 1351 4594 ipso
1376 4523 1577 4593 judicio
1602 4521 1940 4577 discretionis
1971 4540 1984 4574 :
2010 4520 2113 4574 Ju-

515 4622 631 4673 dica
661 4635 761 4685 me,
790 4618 1029 4682 Domine,
1073 4626 1120 4673 et
1162 4618 1392 4672 discerne
1419 4633 1628 4670 causam
1670 4601 1836 4673 meam
1873 4618 1937 4669 de
1966 4626 2115 4688 gente

517 4729 620 4765 non
658 4718 834 4767 sancta
865 4708 1039 4781 (Psal.
1071 4725 1204 4775 xm,
1235 4711 1314 4780 1).
1351 4709 1596 4765 Ostendit
1621 4709 1748 4780 quid
1774 4709 1988 4781 dixerit,
2013 4708 2116 4764 Ju-

514 4803 631 4857 dica
657 4818 675 4856 :
708 4817 773 4856 ne
801 4811 1050 4871 tanquam
1079 4802 1195 4855 sine
1215 4800 1417 4871 judicio
1449 4800 1597 4871 (quia
1627 4800 1786 4854 modo
1817 4810 1873 4857 et
1906 4801 2031 4856 boni
2059 4810 2116 4856 et

516 4894 641 4953 mali
674 4894 873 4949 intrant
914 4893 965 4946 itt
1012 4891 1328 4961 Ecclesiam)
1372 4902 1429 4947 et
1471 4891 1596 4947 boui
1635 4902 1692 4947 et
1734 4893 1856 4947 mali
1894 4904 2020 4948 eant
2059 4896 2110 4948 in

516 4987 693 5057 ignem
731 4993 1013 5041 aeternum.
1061 4983 1253 5038 Indica
1294 5001 1395 5051 me,
1446 4983 1685 5040 Domine.
1730 4984 1944 5053 Quare?
1976 4985 2115 5050 Quo-

518 5078 658 5132 niam
706 5092 797 5147 ego
840 5076 891 5129 in
932 5076 1219 5129 innocentia
1266 5092 1378 5129 mea
1407 5076 1680 5139 ambulavi,
1723 5086 1766 5128 et
1809 5076 1862 5129 in
1895 5076 2114 5130 Domino

518 5186 728 5238 sperans
768 5186 870 5223 non
909 5168 1162 5223 movebar.
1194 5167 1330 5234 Quid
1374 5177 1477 5231 est,
1506 5169 1560 5221 in
1603 5167 1825 5221 Domino
1863 5169 2114 5235 sperans?

522 5264 613 5316 ille
653 5262 796 5320 enim
847 5261 1039 5315 titubat
1082 5260 1222 5319 inter
1265 5260 1453 5325 malos,
1498 5260 1588 5329 qui
1645 5275 1750 5313 non
1794 5260 1846 5313 itt
1889 5259 2115 5313 Domino

519 5361 736 5420 sperat;
780 5350 908 5405 hinc
967 5350 1164 5405 factum
1211 5360 1293 5404 est
1351 5358 1407 5403 ιιι
1456 5349 1743 5407 schismata
1799 5349 2112 5418 lierent(a).

521 5442 945 5511 'l‘repidaverunt
984 5442 1124 5495 inter
1160 5442 1350 5502 malos.
1380 5456 1500 5498 cum
1540 5441 1640 5511 ipsi
1672 5440 1885 5512 pejores
1911 5450 2113 5507 essent,

521 5546 573 5589 et
610 5535 757 5605 quasi
789 5533 992 5588 nollent
1014 5548 1137 5589 esse
1164 5532 1289 5587 boni
1317 5534 1458 5587 inter
1479 5533 1673 5588 malos.
1704 5531 1750 5587 Ο
1780 5533 1826 5587 si
1850 5531 2117 5587 frumenta

522 5638 723 5689 essent.
752 5642 918 5697 usque
944 5627 1009 5680 ad
1038 5635 1250 5697 tempus
1278 5626 1640 5683 ventilationis
1670 5626 1873 5697 paleam
1906 5626 1959 5681 in
1992 5640 2115 5681 area

589 5759 607 5791 ι
633 5756 856 5820 Plerique
876 5764 1008 5816 Itss.,
1027 5764 1152 5808 orat.

582 5820 659 5883 (α)
682 5827 849 5875 Contra
871 5821 1154 5922 DOI't'atistas.

3692 375 3794 431 l92

2199 488 2508 545 tolerarent.
2554 489 2661 546 Sed
2686 489 2808 560 quia
2856 490 3003 561 palea
3043 498 3218 555 erant,
3250 486 3393 546 ﬂavit
3422 497 3613 546 ventus
3656 502 3786 548 ante

2198 579 2368 650 ipsam
2409 581 2835 645 ventilationem.
2881 592 2935 638 et
2979 581 3156 651 rapuit
3187 580 3257 637 de
3297 596 3420 636 area
3450 582 3679 652 paleam,
3731 592 3793 637 et

2198 672 2422 741 proiecit
2447 675 2498 727 in
2525 674 2728 743 spinas.
2758 673 2828 729 Et
2853 674 3001 744 palea
3029 673 3243 744 quidem
3268 672 3644 744 inde‘projecta
3664 684 3783 729 est:

2197 760 2295 817 sed
2323 764 2578 833 numquid
2608 764 2747 834 quod
2791 765 3049 819 remansit
3089 764 3411 819 frumentum
3452 764 3627 819 solum
3666 764 3794 820 est?

2197 852 2314 909 Non
2344 853 2487 908 volat
2515 864 2639 910 ante
2669 855 3067 910 ventilationem
3095 854 3197 909 nisi
3229 854 3398 923 palea,
3427 864 3669 909 remanet
3694 870 3793 907 au-

2200 952 2308 999 tem
2350 955 2403 1000 et
2430 944 2754 1001 frumentum
2796 956 2852 1001 et
2880 947 3068 1017 palea;
3118 946 3461 1000 ventilabitnr
3483 960 3612 1001 vero
3638 945 3793 1016 palea

2198 1052 2320 1095 cum
2367 1038 2573 1092 venerit
2618 1046 2831 1108 tempus
2871 1038 3253 1093 ventilationis.
3304 1036 3418 1092 Hoc
3464 1037 3597 1091 dixit
3642 1036 3788 1091 iste:

2198 1129 2270 1186 In
2297 1131 2585 1186 innocentia
2612 1147 2725 1185 mea
2743 1131 3016 1195 ambulavi,
3044 1138 3092 1185 et
3120 1129 3172 1183 in
3201 1128 3420 1183 Domino
3448 1144 3660 1199 sperans
3688 1144 3796 1180 που·

2198 1224 2450 1277 movebar.
2492 1222 2550 1277 Si
2586 1222 2726 1277 enim
2756 1237 3041 1293 speravero
3081 1222 3133 1278 in
3163 1221 3644 1293 homine,visurus
3671 1237 3796 1275 sum

2200 1311 2428 1368 fortasse
2471 1313 2647 1383 ipsum
2686 1312 2955 1371 hominem
2992 1313 3276 1388 aliquando
3318 1313 3457 1369 male
3494 1314 3793 1370 viventem.

2200 1418 2303 1459 nec
2342 1418 2439 1460 eas
2469 1406 2582 1459 vias
2610 1413 2904 1470 tenentem,
2934 1420 3068 1477 quas
3094 1405 3182 1459 vel
3211 1404 3399 1460 didicit
3434 1404 3518 1460 vel
3548 1404 3704 1460 docet
3735 1404 3789 1456 in

2205 1494 2441 1551 Ecclesia
2484 1496 2670 1563 bonas,
2716 1496 2810 1552 sed
2852 1512 2985 1568 quas
3026 1496 3240 1551 diabolo
3285 1496 3512 1551 docente
3557 1504 3796 1551 sectattn.

2200 1593 2318 1652 est;
2347 1595 2403 1645 et
2427 1587 2550 1657 quia
2596 1602 2725 1658 spes
2756 1602 2873 1643 mea
2909 1588 2961 1643 in
2988 1588 3205 1649 homine
3238 1587 3360 1652 erit,
3390 1588 3651 1647 titubante
3688 1586 3787 1641 ho.

2201 1677 2347 1732 mine
2383 1677 2627 1739 titubabit
2673 1693 2800 1748 spes
2837 1694 2977 1742 mea,
3022 1688 3079 1735 et
3118 1679 3344 1735 cadente
3383 1679 3601 1735 homine
3634 1680 3797 1735 cadet

2201 1782 2327 1838 spes
2377 1783 2539 1823 mea:
2572 1769 2695 1841 quia
2742 1785 2870 1827 vero
2911 1770 2964 1826 in
3007 1769 3233 1826 Domino
3269 1784 3464 1839 spero,
3520 1786 3625 1825 non
3676 1770 3799 1825 m6-

2204 1861 2387 1914 vehor.

2230 1954 2233 1957 ’
2274 1952 2327 2007 7.
2368 1949 2519 2025 [σενι.
2549 1950 2630 2025 2.]
2669 1952 2939 2023 Seqtn'tur,
2975 1952 3142 2007 Proba
3179 1969 3278 2018 me,
3308 1951 3546 2018 Domine,
3588 1961 3634 2006 et
3658 1960 3805 2006 tenta

2203 2063 2320 2110 me;
2346 2063 2437 2102 ure
2459 2063 2605 2105 renes
2637 2064 2773 2102 meos
2800 2058 2845 2102 et
2884 2063 2974 2102 cor
3007 2062 3195 2101 meum.
3226 2045 3365 2115 Quid
3391 2054 3494 2113 est,
3523 2061 3616 2100 ure
3650 2061 3803 2099 rencs

2203 2156 2341 2197 meos
2366 2150 2415 2194 et
2441 2156 2531 2194 cor
2558 2140 2761 2194 meum?
2790 2140 2893 2197 Ure
2919 2138 3307 2196 delectationes
3330 2154 3500 2203 meas,
3523 2154 3618 2195 ure
3645 2142 3767 2209 cogi
3784 2172 3801 2181 -

2207 2232 2436 2286 tationes
2462 2247 2608 2299 meas
2641 2232 2660 2305 (
2676 2247 2771 2289 cor
2796 2248 2892 2303 pro
2919 2233 3353 2304 cogitationibus,
3394 2247 3555 2289 renes
3576 2248 3672 2303 pro
3697 2234 3802 2288 de-

2208 2323 2582 2379 lectationibus
2634 2322 2835 2396 posuit)
2892 2339 2958 2379 ne
3006 2323 3205 2394 aliquid
3252 2323 3377 2378 mali
3425 2325 3677 2394 cogitem,
3731 2340 3805 2377 ne

2207 2414 2402 2484 aliquid
2450 2414 2575 2468 mali
2620 2428 2707 2469 me
2749 2413 2999 2477 delectet.
3043 2413 3194 2471 Unde
3240 2423 3417 2469 autem
3469 2430 3594 2470 ures
3640 2428 3807 2470 tenes

2207 2504 2394 2559 meos?
2424 2503 2547 2575 lgne
2573 2504 2721 2559 verbi
2756 2505 2852 2559 tui.
2884 2504 3037 2561 Unde
3067 2519 3192 2561 ures
3219 2519 3315 2560 cor
3358 2505 3581 2561 meum?
3606 2504 3806 2560 Calore

2206 2599 2430 2669 spiritus
2458 2598 2555 2650 tui.
2600 2599 2675 2653 De
2716 2612 2824 2667 quo
2853 2598 3035 2653 calore
3063 2598 3190 2653 alibi
3218 2596 3414 2653 dicitur
3439 2616 3453 2652 :
3482 2596 3546 2652 Et
3585 2615 3685 2651 non
3725 2608 3806 2652 est

2205 2690 2292 2759 qui
2335 2705 2389 2744 se
2425 2689 2701 2743 abscondat
2737 2706 2768 2742 a
2794 2691 2968 2744 calore
3008 2689 3310 2761 ejusU’sal.
3344 2706 3492 2763 xvttt,
3522 2690 3578 2759 7)
3611 2700 3707 2746 :et
3733 2691 3807 2746 de

2165 2859 2171 2866 θ
2206 2796 2315 2853 quo
2357 2782 2479 2851 igne
2517 2781 2777 2837 Dominus
2803 2781 2933 2839 dicit
2964 2800 2977 2836 :
3007 2780 3189 2853 Ignem
3222 2782 3335 2837 veni
3374 2781 3570 2836 mittere
3610 2782 3665 2836 in
3700 2791 3808 2836 ter-

2206 2892 2321 2930 ram
2349 2874 2503 2946 (Luc.
2534 2891 2628 2940 xu,
2661 2874 2777 2949 49).

2280 2966 2334 3023 8.
2367 2964 2530 3040 [rem
2558 2965 2650 3041 3.]
2690 2967 2833 3037 Ergo
2862 2967 3138 3037 sequitur,
3170 2967 3425 3034 Quoniam
3454 2966 3809 3021 misericordia

2210 3066 2297 3112 tua
2319 3067 2439 3111 ante
2460 3056 2636 3112 oculos
2674 3074 2810 3113 meos
2838 3067 2909 3114 est
2929 3099 2946 3124 ,
2975 3069 3021 3112 et
3048 3059 3333 3128 complacui
3359 3060 3414 3113 in
3446 3059 3652 3113 veritate
3679 3068 3770 3113 tua
3791 3076 3811 3112 :

2210 3147 2316 3209 hoc
2339 3156 2441 3215 est,
2471 3164 2578 3204 non
2610 3150 2663 3207 iu
2690 3148 2907 3205 homine
2931 3149 3251 3219 complacui,
3280 3149 3374 3205 sed
3399 3149 3541 3206 intus
3564 3150 3810 3219 compla-

2209 3243 2296 3300 cui
2325 3241 2441 3310 tibi,
2474 3243 2562 3297 ubi
2590 3251 2646 3298 tu
2670 3242 2855 3308 vides;
2881 3251 2939 3297 et
2966 3257 3074 3298 non
3105 3243 3265 3298 timeo
3294 3241 3341 3296 si
3369 3242 3681 3313 displiceam
3711 3242 3810 3297 ubi

2212 3335 2717 3403 ltominesrvident,
2772 3336 2912 3391 sicut
2952 3336 3027 3390 ait
3069 3336 3387 3405 Apostolus,
3443 3333 3587 3406 Opus
3636 3345 3813 3390 autem

2209 3444 2358 3482 suum
2389 3427 2565 3498 probet
2592 3427 2953 3498 unusquisque,
3000 3436 3049 3481 et
3076 3436 3195 3481 tunc
3230 3426 3284 3480 in
3312 3427 3579 3495 semetipso
3608 3437 3813 3481 tantum

2211 3518 2409 3576 habebit
2435 3520 2673 3591 gloriam,
2703 3529 2751 3574 et
2780 3536 2881 3573 non
2910 3520 2965 3572 in
2989 3519 3151 3573 altera
3181 3517 3324 3591 (Gal.
3352 3534 3427 3583 Vt,
3458 3518 3537 3590 4).

2282 3613 2335 3669 9.
2370 3610 2536 3686 [vers.
2559 3613 2615 3677 ι,
2636 3610 2729 3685 5.]
2761 3610 2883 3666 Non
2926 3613 3067 3676 sedi,
3097 3612 3301 3682 inquit,
3330 3629 3444 3665 cum
3477 3611 3695 3667 concilio
3718 3628 3816 3666 va-

2212 3705 2405 3759 nilalis.
2454 3704 2570 3759 Hoc
2597 3704 2722 3775 quid
2753 3712 2872 3770 est,
2916 3703 3039 3757 Non
3081 3704 3224 3770 sedi,
3267 3703 3509 3758 intendat
3538 3703 3816 3761 Sanctitas

2212 3796 2425 3854 Vestra.
2444 3796 2727 3863 Quomodo
2742 3796 2885 3851 videt
2902 3796 3065 3861 Deus,
3089 3795 3218 3850 dicit
3239 3796 3340 3849 non
3358 3796 3484 3850 sedi.
3509 3795 3815 3865 Aliquando

2221 3905 2327 3946 non
2354 3905 2413 3945 es
2434 3890 2488 3944 in
2519 3890 2767 3955 concilio,
2791 3899 2847 3945 et
2874 3890 2945 3945 ibi
2973 3889 3150 3945 sedes.
3172 3888 3335 3944 Verbi
3364 3889 3553 3959 gratia,
3578 3889 3629 3943 in
3658 3889 3809 3945 thea-

2215 3990 2298 4038 tro
2344 3998 2450 4037 non
2500 3982 2694 4046 sedes,
2741 3981 2837 4039 sed
2882 3982 3085 4052 cogitas
3134 3981 3422 4047 theatrica,
3456 3990 3641 4036 contra
3687 3997 3817 4052 qum

2215 4075 2416 4130 dictum
2444 4082 2557 4143 est,
2593 4074 2698 4130 Ure
2725 4090 2867 4129 renes
2889 4089 3065 4128 meos:
3095 4074 3165 4128 ibi
3197 4073 3355 4129 sedes
3382 4073 3550 4131 corde
3570 4112 3587 4139 ,
3616 4089 3815 4144 quant-

2213 4168 2297 4223 vis
2324 4182 2429 4221 non
2457 4167 2531 4222 sis
2559 4166 2631 4221 ibi
2663 4180 2912 4235 corpore.
2944 4165 3226 4235 Contingat
3264 4173 3443 4220 autem
3475 4174 3533 4219 ut
3576 4165 3816 4219 tenearis

2216 4259 2284 4315 ab
2310 4260 2509 4330 aliquo,
2537 4270 2592 4315 et
2619 4258 2689 4318 ibi
2716 4257 3013 4329 colligeris,
3040 4266 3133 4314 aut
3156 4257 3372 4328 aliquod
3401 4257 3632 4312 officium
3660 4258 3813 4326 pium

2218 4352 2377 4407 faciat
2423 4361 2478 4406 te
2518 4350 2589 4405 ibi
2628 4350 2838 4406 sedere.
2880 4349 3161 4417 Quomodo
3202 4358 3379 4419 potest
3420 4350 3521 4404 hoc
3548 4349 3820 4405 evenire?

2217 4441 2489 4512 Contingit
2514 4457 2585 4497 ex
2604 4440 2781 4497 ofﬁcio
2804 4442 3015 4511 pietatis
3035 4454 3095 4495 ut
3122 4456 3280 4497 servo
3302 4437 3399 4495 Dei
3426 4440 3470 4493 si
3479 4452 3487 4474 ί
3518 4441 3819 4497 necessitas

2218 4535 2272 4590 in
2312 4533 2706 4604 amphitheatro
2735 4547 2891 4595 esse;
2924 4531 3154 4587 liberare
3179 4531 3391 4586 volebat
3431 4530 3611 4587 nescio
3649 4546 3818 4600 quem

2217 4627 2587 4701 gladiatorem,
2620 4624 2736 4680 ﬁeri
2775 4631 2958 4694 posset
3005 4634 3062 4678 ut
3099 4622 3352 4688 sederel,.
3378 4632 3432 4677 et
3478 4632 3824 4692 exspectaret

2216 4721 2390 4777 donec
2432 4718 2521 4774 ille
2548 4717 2722 4773 exiret
2768 4731 2927 4788 quem
2970 4716 3200 4772 liberare
3228 4714 3493 4784 cupiebat.
3536 4714 3677 4770 Ecce
3708 4732 3819 4771 non

2218 4804 2361 4867 sedit
2400 4810 2451 4866 in
2485 4808 2716 4865 concilio
2740 4807 2993 4863 vanitatis
3013 4849 3027 4872 ,
3060 4806 3299 4876 quamvis
3338 4806 3445 4861 illic
3473 4821 3700 4879 corpore
3726 4821 3814 4862 se-

2218 4902 2348 4957 dere
2377 4900 2668 4957 videretur.
2699 4898 2837 4968 Quid
2863 4909 2945 4954 est
2972 4898 3206 4953 sedere?
3236 4897 3554 4953 Consentire
3576 4913 3699 4951 cum
3736 4899 3823 4953 his

2218 4996 2309 5067 qui
2337 4995 2407 5050 ibi
2433 4994 2623 5049 sedent
2651 5010 2665 5046 :
2696 4992 2840 5063 quod
2875 4993 2918 5045 si
2949 5005 3190 5064 prmsens
3214 5005 3319 5044 non
3351 4988 3577 5055 feceris,
3610 5004 3714 5044 non
3747 4991 3822 5046 ibi

2218 5086 2404 5144 sedisti
2434 5102 2448 5140 :
2477 5088 2521 5139 si
2549 5086 2742 5144 absens
2768 5082 2988 5149 feceris,
3030 5081 3217 5137 sedisti
3254 5081 3347 5135 ibi.
3386 5080 3451 5135 Et
3491 5096 3604 5134 cum
3640 5080 3825 5151 iniqua

2220 5178 2505 5251 gerentibus
2531 5194 2632 5234 non
2654 5176 2871 5231 introibo
2902 5176 3000 5246 (α).
3035 5174 3167 5228 Odia
3195 5173 3349 5228 habui
3381 5174 3822 5246 congregationem

2285 5384 2358 5445 (α)
2383 5389 2481 5431 Non
2504 5385 2851 5445 commemorat
2891 5377 2938 5445 id
2972 5375 3099 5439 quod
3115 5374 3251 5445 forte
3269 5375 3462 5445 nonnisi
3489 5382 3595 5445 post
3611 5377 3824 5445 contigit

2220 5447 2270 5496 in
2292 5436 2514 5505 harthag.
2534 5440 2793 5505 collatione
2815 5475 2830 5500 ,
2854 5441 2937 5488 ubi
2961 5436 3217 5487 Donatista:
3238 5436 3421 5505 sedere
3440 5436 3825 5505 cum_(_;_athol_ieis

2223 5498 2521 5562 nolueruni,
2552 5502 2777 5552 dicentes
2819 5498 3103 5562 consessum
3125 5512 3235 5549 cum
3274 5498 3436 5560 impiis
3457 5498 3827 5562 prohiberihoc

2224 5569 2424 5631 psalmo.
2444 5557 2625 5623 Quibus
2641 5560 3075 5631 responsumfuit,
3102 5557 3373 5631 ipsesergo
3388 5593 3404 5618 ,
3445 5557 3560 5622 quia
3580 5557 3724 5631 simul
3751 5563 3826 5610 in-

2223 5620 2392 5703 esset
2403 5620 2817 5703 “illam?
2832 5626 2881 5703 1“
2902 5620 3244 5703 “9391153.”?!
3262 5620 3825 5703 ‘I'fﬂlfi’._-‘lﬁ"_'l‘ff’f.‘sf'.‘?“

2226 5684 2450 5743 introibo.
2476 5684 2814 5749 Psalmumque
2836 5686 2902 5735 de
2942 5686 3169 5747 ingressu
3197 5690 3249 5733 et
3270 5684 3787 5749 consessuhspirttnali
3809 5720 3826 5741 ,

2227 5768 2323 5808 non
2348 5753 2414 5803 de
2435 5749 2671 5811 corporali
2705 5744 3200 5811 ageremonstratutn
3225 5754 3321 5796 est.
3365 5744 3481 5794 vide
3516 5744 3603 5794 tib.
3648 5746 3709 5795 ad
3737 5753 3825 5796 uo-

2229 5818 2431 5866 natistas
2451 5810 2561 5878 post
2580 5811 2771 5872 Collat.,
2793 5822 2836 5859 c.
2859 5810 2929 5860 5.,
