4008 6380
208 394 299 450 193
1322 390 1723 446 ENARRATIO
1765 389 1829 444 IN
1870 389 2189 448 PSALMUM
2231 393 2399 449 XXV.

205 508 554 576 malignorum.
585 503 787 560 Videtis
825 504 948 575 quia
977 505 1118 560 intus
1139 514 1242 560 est.
1273 505 1471 560 Etcum
1501 507 1670 576 impiis
1692 522 1792 559 non

206 599 397 651 sedebo.

271 688 358 742 i0.
389 685 556 759 [vers.
584 685 676 760 6.]
701 685 905 740 Lauabo
935 685 988 739 in
1025 686 1367 742 innocentibus
1396 703 1578 740 manus
1616 703 1754 740 meas
1778 701 1797 740 :

207 797 306 834 non
334 795 472 850 aqua
521 780 625 834 ista
654 778 868 834 visibili.
906 778 1077 833 Lavas
1104 795 1314 845 manus,
1345 780 1558 848 quando
1589 779 1673 848 pie
1699 794 1796 833 co-

207 872 336 941 gitas
359 871 429 927 de
456 871 709 940 operibus
736 870 840 926 tuis
865 912 880 937 ,
912 881 967 926 et
1014 871 1328 924 innocenter
1360 873 1376 903 ι
1403 886 1585 925 coram
1627 870 1798 925 oculis

211 964 300 1018 Dei
331 981 346 1017 :
379 964 501 1032 quia
531 972 616 1018 est
637 972 692 1017 et
716 963 884 1018 altare
910 977 1090 1017 coram
1117 964 1286 1017 oculis
1313 963 1424 1028 Dei,
1455 979 1560 1033 quo
1592 963 1793 1034 ingres-

206 1070 293 1108 sus
329 1065 414 1110 est
442 1055 713 1117 sacerdos,
761 1055 849 1124 qui
897 1071 992 1124 pro
1037 1055 1190 1109 nobis
1229 1071 1287 1109 se
1335 1057 1537 1124 primus
1583 1055 1793 1110 obtulit.

207 1148 297 1202 Bst
331 1147 552 1202 caeleste
591 1147 779 1211 altare,
808 1153 864 1200 et
905 1162 1010 1200 non
1054 1147 1395 1214 amplectitur
1429 1146 1560 1201 illud
1603 1147 1792 1212 altare,

206 1239 302 1293 nisi
355 1238 447 1308 qui
492 1238 634 1292 lavat
675 1252 865 1292 manus
917 1237 969 1291 in
1024 1237 1414 1292 innocentibus.
1465 1238 1594 1292 Nam
1644 1239 1792 1292 multi

205 1335 373 1386 altare
404 1331 506 1386 hoc
536 1338 755 1401 tangunt
781 1329 1004 1399 indigni,
1035 1339 1092 1384 et
1128 1331 1323 1384 tolerat
1354 1332 1491 1385 Deus
1517 1331 1622 1400 pati
1659 1331 1796 1399 inju-

205 1425 334 1476 riam
362 1421 430 1476 ad
462 1431 671 1492 tempus
694 1430 1026 1476 sacramenta
1057 1437 1172 1476 sua.
1213 1421 1321 1477 Sed
1359 1422 1645 1491 numquid,
1687 1423 1793 1475 fra-

205 1529 314 1571 n-es
341 1515 468 1580 mei,
500 1515 766 1585 quomodo
795 1525 917 1570 sunt
945 1516 1174 1585 parietes
1202 1515 1323 1578 isti,
1352 1515 1430 1570 sic
1455 1517 1556 1569 erit
1582 1515 1797 1570 Jerusa-

207 1611 308 1662 lem
350 1607 630 1663 caelestis?
680 1607 796 1662 Non
844 1609 1115 1676 quomodo
1164 1609 1419 1676 reciperis
1466 1622 1589 1661 cum
1643 1609 1794 1662 malis

206 1701 340 1752 intra
371 1697 605 1767 parietes
635 1698 766 1754 istos
793 1699 1064 1764 ecclesias,
1094 1700 1163 1752 ita
1191 1699 1472 1768 recipieris
1494 1714 1614 1752 cum
1643 1700 1795 1753 malis

206 1791 254 1842 in
282 1790 459 1843 sinum
489 1789 718 1844 Abraha:
746 1807 759 1844 :
792 1803 896 1843 non
921 1804 1050 1860 ergo
1075 1791 1297 1854 timeas,
1327 1790 1440 1843 lava
1473 1805 1678 1844 manus.
1725 1789 1790 1843 Et

203 1880 523 1936 circumdabo
559 1885 720 1937 altare
757 1882 964 1937 Domini
999 1900 1019 1937 :
1050 1882 1140 1937 ubi
1178 1882 1339 1937 offers
1381 1894 1502 1938 vota
1545 1885 1788 1949 Domino,

207 1972 293 2026 ubi
325 1985 514 2041 preces
540 1972 748 2041 fundis,
776 1973 863 2028 ubi
903 1973 1230 2030 conscientia
1275 1985 1362 2029 tua
1399 1991 1524 2042 pura
1556 1986 1633 2029 est
1655 2017 1671 2042 ,
1705 1975 1795 2030 ubi

206 2066 342 2120 dicis
365 2065 478 2120 Deo
508 2068 600 2135 qui
627 2067 738 2131 sis;
779 2074 835 2121 et
863 2067 906 2121 si
937 2066 1138 2138 aliquid
1176 2077 1260 2122 est
1300 2068 1353 2123 in
1384 2076 1434 2121 te
1479 2067 1615 2122 forte
1653 2069 1796 2137 quod

205 2155 486 2224 displiceat
509 2157 616 2219 Deo
639 2200 651 2218 ,
681 2169 831 2210 curat
855 2157 942 2212 ille
971 2159 1054 2214 cui
1081 2157 1373 2213 confiteris.
1404 2156 1548 2213 Lava
1577 2173 1705 2228 ergo
1739 2157 1794 2212 in

213 2244 580 2303 innocentibus
609 2263 796 2303 manus
823 2256 959 2311 tuas,
990 2258 1042 2304 et
1069 2248 1338 2305 circumda
1364 2249 1532 2304 altare
1561 2248 1793 2314 Domini,

211 2349 265 2394 ut
288 2341 477 2394 audias
503 2356 685 2398 vocem
714 2342 905 2397 laudis.

274 2433 364 2485 Η.
394 2429 559 2504 [νοτε.
583 2431 674 2504 7.]
704 2433 815 2488 Hoc
835 2434 978 2488 enim
1007 2434 1265 2503 sequitur,
1300 2433 1367 2490 Ut
1393 2434 1602 2488 audiam
1629 2450 1796 2488 uocem

208 2526 396 2592 laudis,
443 2537 488 2580 et
529 2544 760 2580 enarrem
805 2528 1039 2582 universa
1081 2526 1333 2581 mirabilia
1362 2537 1467 2581 tua.
1517 2527 1656 2595 Quid
1691 2537 1794 2592 est,

207 2617 275 2673 Ut
309 2620 520 2674 audiam
548 2635 714 2674 vocem
741 2620 953 2673 laudis?
989 2619 1058 2674 Ut
1102 2619 1389 2691 intelligam
1410 2661 1425 2687 ,
1464 2620 1652 2690 inquit.
1686 2620 1798 2675 Hoc

191 2724 283 2770 est
328 2715 472 2770 enim
520 2713 706 2769 audire
751 2726 932 2768 coram
979 2713 1119 2779 Deo,
1170 2729 1276 2768 non
1322 2715 1591 2784 quomodo
1635 2727 1798 2768 sonos

203 2807 358 2874 istos,
410 2822 547 2878 quos
595 2806 744 2862 multi
791 2806 1049 2872 audiunt,
1099 2814 1154 2861 et
1203 2805 1354 2862 multi
1403 2821 1508 2861 non
1554 2805 1795 2863 audiunt.

203 2905 376 2964 Quam
409 2900 556 2954 multi
587 2899 654 2953 ad
685 2913 784 2954 nos
808 2899 1087 2955 audientes
1114 2909 1258 2966 sunt,
1286 2908 1342 2955 et
1364 2900 1430 2953 ad
1456 2900 1624 2954 Deum
1649 2901 1796 2956 surdi

201 3000 330 3045 sunt
357 2991 370 3044 !
406 2990 575 3057 Quam
607 2990 756 3045 multi
797 2989 1054 3060 habentes
1081 3005 1276 3056 aures,
1303 3006 1409 3044 non
1454 2992 1650 3046 habent
1677 2991 1798 3046 illas

197 3098 358 3138 aures
377 3083 445 3138 de
469 3083 662 3155 quibus
688 3083 816 3138 dicit
837 3080 996 3140 Josus
1024 3099 1036 3135 :
1061 3082 1163 3148 Qui
1189 3083 1338 3137 habet
1361 3100 1510 3138 aures
1533 3084 1795 3150 audiendi,

197 3177 374 3230 awliat
402 3173 620 3246 (Matth.
649 3190 767 3241 xui,
795 3173 890 3247 9)!
941 3173 1082 3242 Ergo
1119 3172 1247 3244 quid
1290 3182 1371 3228 est
1397 3173 1580 3229 audire
1609 3189 1796 3228 vocem

200 3268 418 3323 laudis?
452 3267 632 3322 Dicam
663 3267 711 3322 si
741 3275 958 3338 potero,
989 3264 1274 3336 adiuvante
1301 3265 1664 3320 misericordia
1695 3265 1800 3319 Do-

201 3358 332 3412 mini
356 3398 371 3419 .
412 3366 468 3413 et
507 3358 840 3417 orationibus
877 3356 1091 3412 vestris.
1134 3355 1333 3410 Audire
1373 3371 1559 3411 vocem
1603 3355 1795 3422 laudis,

198 3461 284 3504 est
313 3449 612 3519 intelligere
653 3447 794 3504 intus
819 3489 834 3514 ,
867 3448 990 3518 quia
1017 3445 1271 3518 quidquid
1303 3446 1355 3500 in
1390 3455 1440 3500 te
1469 3446 1595 3501 mali
1621 3455 1704 3501 est
1731 3446 1800 3501 de

201 3543 464 3614 peccatis,
492 3554 638 3597 tuum
664 3550 779 3606 est;
809 3539 1063 3612 quidquid
1086 3538 1210 3594 boui
1231 3538 1284 3592 in
1309 3538 1796 3608 jusﬁlicatiouibus,

202 3636 294 3690 Dei
325 3643 428 3690 est.
475 3634 548 3688 Ita
582 3631 706 3688 audi
735 3645 922 3688 vocem
965 3628 1164 3696 laudis,
1197 3637 1255 3684 ut
1294 3643 1400 3684 non
1435 3639 1487 3682 te
1525 3626 1718 3682 laudes
1745 3635 1803 3681 et

197 3725 415 3795 quando
443 3725 612 3781 bonus
638 3739 696 3780 es
727 3741 741 3778 :
773 3738 895 3778 nam
925 3721 1191 3777 laudando
1222 3729 1276 3778 te
1315 3720 1516 3777 bonum
1536 3763 1551 3787 ,
1580 3720 1646 3774 ﬁs
1684 3736 1797 3774 ma-

201 3820 318 3882 lus;
352 3816 552 3871 bonum
577 3814 719 3870 enim
749 3822 800 3868 te
825 3811 1026 3884 fecerat
1053 3812 1346 3880 humilitas,
1372 3813 1570 3867 malum
1598 3822 1648 3866 te
1671 3809 1801 3865 facit

198 3906 476 3976 superbia.
510 3907 813 3961 Conversus
837 3919 959 3960 eras
981 3913 1042 3960 ut
1067 3903 1461 3970 illuminareris,
1493 3914 1549 3958 et
1575 3918 1800 3958 conver-

200 4001 358 4055 sione
389 4008 475 4053 tua
505 3997 675 4053 factus
700 4011 760 4053 es
796 3998 1089 4053 luminosus
1108 4038 1122 4061 ,
1153 3997 1319 4051 factus
1348 3997 1644 4051 illustratus
1672 4011 1802 4052 eon-

199 4090 472 4146 versione.
512 4088 616 4144 Sed
659 4104 765 4158 quo
785 4089 846 4140 "l
890 4088 1145 4157 numquid
1174 4087 1242 4142 ad
1273 4087 1367 4142 te?
1409 4087 1467 4143 Si
1497 4086 1567 4144 ad
1599 4097 1649 4143 te
1671 4102 1802 4142 con-

200 4196 391 4237 versus
419 4195 606 4252 posses
635 4178 958 4244 illuminari,
987 4193 1258 4246 nunquam
1287 4190 1474 4246 posses
1511 4176 1796 4241 tenebrari,

199 4273 326 4342 quia
353 4281 526 4326 tecum
555 4286 768 4341 semper
793 4284 960 4325 esses.
988 4269 1164 4335 Quare
1192 4269 1520 4324 illuminatus
1542 4269 1640 4324 es?
1665 4269 1798 4334 Quia

200 4362 518 4419 convertisti
563 4371 614 4416 te
655 4361 722 4415 ad
769 4360 914 4415 aliud
954 4359 1097 4429 quod
1145 4369 1197 4412 tu
1231 4374 1335 4413 non
1365 4373 1508 4414 eras.
1548 4358 1686 4427 Quid
1717 4366 1802 4413 est

202 4454 347 4509 aliud
379 4452 520 4524 quod
550 4461 603 4506 tu
635 4468 739 4506 non
779 4451 943 4507 eras?
986 4451 1128 4506 Deus
1160 4449 1337 4505 lumen
1364 4459 1465 4503 est.
1504 4449 1620 4504 Non
1657 4451 1799 4504 enim

205 4556 263 4599 tu
291 4545 475 4600 lumen
505 4558 627 4599 eras
646 4585 662 4606 ,
692 4542 814 4614 quia
845 4551 1092 4612 peccator
1124 4557 1265 4596 eras.
1308 4541 1444 4596 Dicit
1479 4543 1622 4596 enim
1653 4543 1800 4612 Apo-

204 4639 380 4693 stolus
403 4638 483 4694 eis
506 4652 642 4708 quos
667 4636 779 4691 vult
803 4635 990 4692 audire
1009 4649 1195 4691 vocem
1220 4634 1392 4688 laudis
1416 4653 1428 4687 :
1455 4633 1644 4690 Fuistis
1661 4634 1801 4688 enim

209 4730 493 4803 aliquando
521 4728 754 4794 tenebraz,
781 4742 915 4781 nunc
943 4736 1111 4782 autem
1137 4727 1227 4780 lus:
1250 4724 1464 4799 (Ephes.
1487 4741 1537 4789 v,
1557 4724 1636 4794 8).
1661 4724 1802 4792 Quid

205 4833 310 4890 est,
339 4820 536 4876 Fuistis
563 4819 837 4891 aliquando
862 4818 1106 4886 tenebris,
1132 4818 1251 4884 nisi
1277 4828 1486 4872 veteres
1517 4817 1803 4872 homines?

209 4913 370 4969 Nunc
397 4922 564 4967 «tein
587 4911 682 4967 tua:
706 4927 725 4964 :
755 4926 858 4966 non
887 4910 1006 4966 sine
1029 4923 1188 4966 causa
1215 4909 1306 4965 lux
1332 4909 1485 4973 estis,
1515 4908 1605 4979 qui
1631 4907 1805 4964 fuistis

203 5004 523 5075 jamdudum
562 5003 823 5070 tenebar,
849 5001 950 5057 nisi
978 5001 999 5034 ³
1025 5002 1146 5074 quia
1187 5003 1466 5058 illuminati
1507 5003 1654 5058 estis.
1686 5001 1805 5057 Noli

209 5108 404 5168 putare
427 5097 656 5167 teipsum
686 5110 807 5150 esse
833 5095 1010 5150 lucem
1039 5112 1052 5148 :
1084 5093 1172 5149 illa
1197 5103 1282 5149 est
1308 5094 1418 5156 lux,
1447 5109 1566 5166 quae
1606 5093 1805 5148 illumi-

211 5199 304 5244 nat
345 5203 561 5245 omnem
613 5186 884 5242 hominem
928 5183 1231 5241 venientem
1271 5184 1344 5244 in".
1368 5184 1509 5239 hunc
1550 5184 1804 5238 mundum

214 5281 398 5351 (Joan.
422 5295 462 5346 ι,
484 5279 571 5350 9);
602 5287 656 5334 ιιι
684 5286 861 5334 autem
887 5291 983 5348 per
1007 5276 1256 5346 teipsum,
1285 5290 1381 5347 per
1407 5275 1601 5329 malam
1622 5275 1808 5329 volun-

214 5384 415 5440 tatem,
446 5387 542 5442 per
567 5370 904 5426 aversionem
937 5379 1079 5424 tuam
1121 5367 1429 5423 tenebratus
1467 5379 1607 5430 eras,
1635 5366 1809 5422 modo

216 5470 385 5523 luces.
410 5465 515 5522 Sed
543 5461 772 5535 subjecit
805 5461 987 5518 statim
1009 5503 1025 5529 ,
1043 5475 1123 5517 "ne
1150 5461 1486 5532 s’uperbirent
1516 5459 1591 5512 illi
1618 5459 1811 5527 quibus

218 5561 418 5614 dictum
444 5568 560 5628 est,
589 5555 748 5611 Nunc
777 5563 943 5609 autem
972 5553 1081 5620 lus,
1123 5551 1434 5618 et-addid-it,
1474 5552 1528 5604 in
1566 5549 1807 5604 Domino.

286 5729 1201 5803 summittimus-2W?“-
1283 5789 1330 5803 --
1409 5785 1557 5803 ιμ’

286 5785 874 5856 2sublati?“t'sdd.,sed
899 5785 1690 5856 aquo?nwnquidate?siate,
1713 5795 1808 5840 etc.

281 5875 299 5906 t
477 5875 652 5932 quare,
677 5856 776 5911 nisi
790 5855 924 5922 quia,
952 5855 1030 5906 ειη
1087 5855 1247 5914 Abest,
1272 5866 1439 5916 quare,
1463 5864 1491 5901 a
1515 5858 1620 5903 Mss.

3397 406 3496 459 196

1903 505 1991 560 Sic
2021 509 2162 560 enim
2193 509 2298 572 ait,
2341 508 2536 563 Fuistis
2564 512 2839 580 aliquando
2861 513 3079 569 tenebris
3099 560 3112 580 ,
3156 534 3291 570 nunc
3331 531 3498 574 autem

1906 596 1998 650 lux
2028 599 2078 650 in
2104 597 2351 654 Domino.
2385 600 2527 671 Ergo
2567 603 2610 655 si
2654 613 2847 672 prmter
2878 605 3156 659 Dominum
3179 649 3194 670 ,
3236 625 3331 662 nec
3363 613 3450 664 lux
3483 629 3496 664 :

1903 689 1946 741 si
1977 698 2157 742 autem
2189 689 2311 745 ideo
2337 693 2450 757 lux,
2479 694 2601 762 quia
2634 695 2688 748 in
2721 695 2943 748 Domino
2969 716 2980 761 ;
3014 698 3138 767 quid
3169 702 3329 755 habes
3355 705 3496 771 quod

1903 796 2010 835 non
2056 783 2358 852 accepisti?
2414 784 2470 841 Si
2524 795 2702 840 autem
2754 789 3036 854 accepisti,
3086 792 3210 860 quid
3258 794 3503 861 gloriaris

1901 871 2054 941 quasi
2090 889 2198 928 non
2227 877 2544 946 acceperis?
2585 877 2698 932 Hoc
2722 879 2864 933 enim
2908 879 3021 948 ipse
3058 883 3346 950 Apostolus
3369 883 3504 938 dixit

1902 963 2009 1017 alio
2040 965 2158 1019 loco
2184 964 2492 1021 hominibus
2523 969 2970 1038 superbientibus,
2997 980 3052 1026 et
3077 973 3374 1028 volentibus
3402 976 3502 1030 sibi

1903 1053 2138 1110 tribuere
2164 1057 2306 1124 quod
2336 1057 2428 1111 Dei
2471 1069 2574 1124 est,
2619 1069 2673 1114 et
2701 1060 2769 1114 de
2800 1061 2939 1115 bono
2977 1063 3056 1116 sic
3092 1063 3305 1134 gloriari
3351 1069 3501 1136 quasi

1901 1147 1969 1201 de
1995 1163 2114 1212 suo,
2144 1147 2247 1204 hoc
2269 1149 2349 1204 eis
2379 1150 2508 1204 dicit
2539 1171 2551 1205 :
2580 1152 2718 1218 Quid
2741 1154 2873 1206 enim
2903 1156 3054 1209 habes
3079 1158 3214 1225 quod
3239 1176 3337 1211 non
3362 1176 3503 1212 acce-

1901 1239 2062 1308 pisti?
2091 1237 2158 1292 Si
2182 1251 2348 1294 autem
2369 1244 2625 1311 accepisti,
2650 1245 2773 1311 quid
2799 1247 3036 1315 gloriaris
3064 1250 3208 1317 quasi
3234 1266 3333 1303 non
3357 1267 3502 1303 acce-

1902 1329 2034 1396 peris
2057 1329 2099 1396 (l
2123 1329 2241 1383 Cor.
2269 1347 2342 1394 tv,
2369 1332 2426 1403 7)
2449 1331 2472 1385 ?
2501 1333 2601 1401 Qui
2629 1335 2777 1389 dedit
2800 1337 3007 1403 humili,
3031 1339 3206 1392 aufert
3229 1341 3497 1408 superbo:

1900 1423 2023 1489 quia
2049 1423 2137 1491 qui
2171 1423 2334 1489 dedit,
2361 1435 2537 1494 potest
2562 1427 2789 1481 auferre.
2822 1428 2900 1482 Ad
2932 1429 3034 1485 hoc
3063 1432 3205 1485 enim
3242 1434 3495 1500 pertinet,

1902 1512 2093 1568 fratres
2115 1557 2128 1580 ,
2158 1516 2201 1569 si
2236 1525 2411 1570 tamen
2439 1520 2660 1586 exposui
2694 1520 2835 1588 quod
2863 1521 3040 1586 volui,
3065 1524 3289 1592 exposui
3316 1534 3496 1577 autem

1902 1613 2157 1672 quantum
2184 1607 2353 1674 potui,
2378 1607 2478 1661 etsi
2504 1624 2610 1662 non
2652 1620 2906 1679 quantum
2935 1613 3075 1676 volui
3096 1653 3112 1679 ,
3147 1613 3213 1668 ad
3246 1614 3345 1669 hoc
3375 1630 3495 1684 per-

1902 1695 2035 1749 tinet
2063 1696 2204 1764 qund
2235 1698 2330 1760 ait,
2362 1697 2561 1753 Lavabo
2585 1700 2639 1753 in
2667 1703 3013 1756 innocentibus
3041 1721 3221 1758 manus
3251 1722 3386 1760 meas
3409 1748 3425 1770 ,
3451 1717 3500 1759 et

1901 1789 2223 1842 circumdabo
2269 1789 2434 1844 altare
2473 1803 2647 1858 luunt,
2688 1793 2925 1861 Domine,
2972 1806 3029 1849 ut
3075 1797 3284 1850 audiant
3328 1815 3500 1852 vocem

1903 1881 2070 1934 laudis
2115 1891 2214 1934 tute
2239 1897 2260 1936 :
2295 1882 2348 1936 id
2391 1893 2491 1946 est,
2535 1899 2599 1938 ex
2649 1884 2764 1953 ipso
2814 1886 2954 1940 bono
2997 1903 3120 1943 meo
3159 1905 3265 1943 non
3306 1889 3374 1945 de
3412 1904 3501 1946 me

1901 1985 2222 2042 przesumam
2244 2016 2258 2040 ,
2304 1976 2396 2030 sed
2425 1975 2492 2030 de
2532 1987 2584 2032 te
2611 1979 2700 2048 qui
2728 1978 2947 2044 dedisti,
2991 1997 3058 2036 ne
3102 1982 3307 2037 laudari
3337 1984 3497 2039 velim

1901 2063 1968 2119 de
1998 2081 2084 2120 me
2113 2066 2165 2120 in
2192 2082 2308 2133 me,
2341 2068 2433 2122 sed
2465 2068 2532 2123 de
2561 2078 2612 2124 te
2638 2069 2690 2124 in
2721 2080 2792 2125 te.
2843 2071 2968 2128 ideo
2998 2075 3270 2144 sequitur,
3303 2075 3373 2130 Ut
3400 2093 3498 2130 an-

1902 2155 2042 2208 diam
2081 2171 2248 2210 vocem
2289 2156 2457 2211 laudis
2484 2168 2588 2212 tuae
2605 2199 2619 2224 ,
2648 2170 2696 2214 et
2724 2176 2955 2215 enarrem
2984 2165 3221 2218 uniuersa
3247 2165 3500 2220 mirabilia

1902 2256 1989 2300 tua
2018 2263 2036 2299 :
2065 2262 2170 2301 non
2197 2263 2340 2313 mea,
2369 2247 2462 2304 sed
2493 2259 2601 2302 tua.

1977 2338 2067 2392 12.
2093 2337 2253 2410 [vers.
2277 2338 2332 2406 8,
2355 2338 2451 2411 9.]
2477 2341 2543 2395 Et
2569 2341 2673 2412 iam
2696 2341 2893 2409 videte,
2923 2342 3137 2411 fratres,
3159 2346 3336 2401 videte
3352 2361 3499 2401 ama-

1904 2437 2072 2484 torem
2105 2430 2251 2483 illum
2282 2429 2377 2484 Dei
2409 2432 2476 2485 de
2501 2432 2609 2485 Deo
2638 2445 3071 2500 praesumentem,
3097 2437 3326 2504 positum
3360 2438 3500 2493 inter

1901 2521 2094 2585 malos,
2149 2530 2425 2591 rogantem
2476 2523 2644 2576 Deum
2699 2531 2757 2577 ut
2804 2540 2908 2578 non
2956 2526 3336 2595 compcrdatur
3376 2542 3496 2582 cum

1901 2615 2093 2677 malis,
2125 2615 2245 2683 quia
2278 2631 2383 2668 non
2424 2625 2568 2669 errat
2600 2615 2740 2670 Deus
2780 2617 2832 2671 in
2872 2617 3184 2686 iudicando.
3227 2618 3309 2673 Tu
3353 2619 3498 2675 enim

1903 2721 2022 2759 cum
2050 2705 2248 2761 videris
2278 2705 2520 2761 homines
2553 2709 2604 2761 in
2646 2724 2807 2762 unum
2839 2709 3015 2763 locum
3053 2711 3278 2766 intrasse
3300 2755 3315 2779 ,
3347 2722 3501 2782 putas

1901 2796 2143 2864 ejusdem
2173 2797 2346 2851 meriti
2386 2813 2547 2853 esse:
2583 2799 2725 2853 Deus
2755 2811 2932 2854 autem
2967 2817 3072 2855 non
3118 2802 3352 2871 fallitur,
3384 2807 3496 2860 noli

1903 2891 2112 2945 timere.
2156 2888 2234 2944 Tu
2275 2890 2548 2960 judicante
2574 2903 2735 2946 vento
2774 2893 3037 2949 discernis
3069 2897 3278 2965 paleam
3318 2913 3348 2951 a
3390 2897 3501 2951 fru-

1868 2981 1877 2990 ’
1904 2992 2085 3036 mento
2112 3001 2125 3035 :
2157 2991 2378 3036 ventum
2400 2983 2489 3037 vis
2521 2982 2654 3038 ﬂare
2687 2985 2778 3039 tibi
2801 3027 2815 3051 ,
2853 2997 2908 3040 et
2949 2998 3003 3041 tu
3048 3003 3152 3041 non
3184 3003 3244 3042 es
3286 3000 3499 3057 ventus,

1903 3075 1997 3128 sed
2024 3083 2179 3143 Optas
2207 3075 2297 3128 tibi
2329 3074 2460 3129 hare
2479 3086 2697 3131 ventum
2723 3094 2738 3130 :
2760 3089 2953 3131 etcum
2978 3079 3275 3133 ventilabro
3297 3090 3504 3135 utrum—

1903 3178 2008 3233 que
2037 3164 2364 3230 excusseris,
2389 3175 2580 3220 ventus
2605 3165 2720 3220 leve
2749 3167 2902 3230 tollit,
2929 3183 3088 3237 grave
3116 3179 3315 3224 tuauet.
3344 3171 3503 3239 Qua:-

1902 3256 1979 3309 ris
2006 3257 2022 3286 ¹
2049 3270 2179 3324 ergo
2219 3266 2438 3309 ventum
2484 3256 2549 3310 ad
2596 3257 2935 3326 iudicandam
2984 3275 3186 3314 aream.
3233 3261 3499 3332 Numquid

1905 3346 2046 3400 Deus
2089 3347 2281 3416 qmerit
2323 3347 2552 3402 alterum
2583 3349 2671 3418 qui
2714 3363 2895 3404 secum
2920 3350 3157 3419 judicet,
3205 3367 3273 3407 ne
3315 3353 3504 3422 perdat

1903 3452 2022 3492 cum
2053 3438 2208 3491 malis
2239 3437 2452 3492 bonos?
2491 3438 2608 3494 Non
2641 3438 2818 3509 itaque
2862 3442 3088 3507 timeas;
3129 3457 3352 3498 securus
3381 3453 3502 3499 esto

1903 3530 2096 3594 bonus,
2125 3529 2285 3585 etiam
2317 3531 2368 3583 in
2395 3532 2571 3585 medio
2607 3532 2904 3597 malorum;
2948 3543 3003 3587 et
3045 3534 3133 3588 dic
3165 3550 3284 3604 qua:
3323 3536 3496 3603 audis,

1902 3619 2160 3685 Domine,
2217 3621 2372 3676 dilexi
2423 3623 2650 3676 decorem
2701 3624 2882 3679 domus
2937 3634 3056 3679 tum.
3122 3627 3322 3682 Domus
3376 3629 3497 3696 Dei,

1905 3713 2142 3768 Ecclesia
2169 3725 2284 3775 est;
2332 3715 2507 3769 adhuc
2549 3717 2709 3771 habet
2748 3718 2920 3772 malos
2943 3759 2957 3780 ,
2987 3718 3080 3772 sed
3109 3719 3272 3774 decor
3308 3721 3502 3776 domus

1907 3804 2010 3859 Dei
2033 3805 2086 3858 in
2114 3805 2272 3859 bonis
2299 3815 2415 3867 est,
2449 3805 2502 3860 in
2533 3808 2732 3861 sanctis
2759 3818 2841 3862 est
2869 3825 2881 3860 :
2920 3809 3092 3876 ipsum
3120 3809 3370 3864 decorem
3401 3811 3501 3865 do-

1904 3906 2170 3951 mus'tum
2214 3896 2396 3951 dilexi.
2449 3896 2512 3949 Et
2562 3899 2727 3951 locum
2770 3899 3096 3955 habitationis
3140 3902 3320 3973 gloria:
3371 3912 3494 3957 tua.

1904 3987 2040 4056 Quid
2072 3996 2157 4043 est
2187 3988 2338 4042 hoc?
2376 3988 2446 4042 Et
2483 3988 2584 4042 hoc
2611 3989 2807 4057 dicam,
2840 3992 2908 4045 ad
2955 3989 3103 4046 illum
3131 4008 3348 4048 sensum
3382 4010 3504 4063 per-

1906 4082 2038 4136 tinet
2059 4080 2448 4136 subobscurum
2476 4082 2802 4151 aliquantum
2830 4102 2842 4136 :
2872 4084 3088 4153 adjuvet
3109 4102 3195 4140 me
3223 4087 3499 4155 Dominus,

1903 4181 1963 4227 et
1986 4172 2209 4227 intentio
2235 4173 2413 4227 cordis
2439 4174 2602 4227 vestri
2633 4175 2702 4227 ab
2738 4174 2930 4229 eodem
2964 4176 3193 4231 Domino
3224 4178 3498 4247 inspirata.

1905 4265 2043 4333 Quid
2069 4266 2164 4331 ait,
2195 4264 2360 4319 locum
2390 4265 2711 4320 habitationis
2749 4267 2926 4337 gloria:
2965 4270 3107 4322 tute?
3149 4269 3291 4324 Dixit
3329 4270 3500 4338 prius,

1905 4355 2134 4409 decorem
2158 4356 2338 4410 domus
2368 4367 2508 4411 tute:
2539 4366 2594 4412 et
2623 4358 2851 4428 esponit
2874 4359 3000 4428 quid
3028 4361 3098 4414 sit
3121 4360 3284 4415 decor
3308 4362 3502 4416 domus

1909 4449 2024 4514 Dei,
2052 4451 2238 4510 Locus.
2267 4450 2457 4520 inquit,
2487 4451 2811 4506 habitationis
2839 4455 3018 4522 gloria
3047 4463 3166 4508 tute.
3203 4453 3319 4509 Non
3346 4455 3502 4510 Suffi-

1905 4543 1980 4596 cit
2003 4543 2204 4607 dicerc,
2233 4543 2408 4597 Locus
2434 4544 2778 4599 habitationis
2810 4545 2936 4611 Dei,
2970 4546 3066 4601 sed
3089 4589 3104 4612 ,
3135 4547 3306 4602 Locus
3346 4547 3500 4605 habi—

1912 4634 2130 4690 tationis
2175 4635 2356 4704 gloria:
2406 4635 2518 4690 Dei.
2570 4635 2702 4703 Qum
2740 4647 2822 4691 est
2867 4638 3038 4706 gloria
3081 4639 3222 4696 Dei?
3269 4639 3354 4694 De
3397 4654 3503 4710 qua

1909 4725 2068 4797 paulo
2095 4735 2218 4779 ante
2243 4725 2513 4792 dicebam,
2545 4736 2604 4780 ut
2643 4736 2696 4782 et
2737 4728 2826 4796 qui
2858 4728 2916 4781 fit
2954 4728 3144 4791 bonus,
3177 4745 3284 4782 non
3325 4730 3376 4783 in
3419 4744 3500 4793 se,

1908 4819 2001 4874 sed
2030 4819 2081 4873 in
2111 4819 2334 4873 Domino
2359 4819 2618 4888 glorietur
2643 4818 2752 4890 (Id.
2781 4835 2816 4882 ι,
2847 4819 2961 4892 3t).
2987 4821 3188 4874 Omnes
3212 4821 3354 4875 enim
3384 4833 3507 4889 pec-

1909 4918 2189 4976 caverunt,
2217 4917 2272 4962 et
2306 4918 2466 4978 egent
2490 4909 2655 4979 gloria
2687 4910 2777 4964 Dei
2810 4909 2984 4983 (Rom.
3016 4927 3092 4975 ut,
3123 4911 3252 4980 25).
3303 4912 3356 4966 In
3383 4913 3505 4982 qui-

1911 4999 2012 5054 bus
2038 5015 2167 5069 ergo
2192 4999 2270 5054 sic
2296 4999 2501 5053 habitat
2530 5000 2805 5064 Dominus,
2834 5009 2891 5056 ut
2912 5010 2964 5056 et
2988 5001 3056 5055 de
3079 5003 3230 5056 bonis
3250 5003 3362 5057 suis
3389 5003 3508 5073 ipse

1911 5091 2258 5163 gloriﬁcetur,
2284 5101 2342 5145 ut
2368 5107 2473 5146 non
2506 5093 2605 5146 sibi
2639 5093 2804 5147 velint
2835 5093 3090 5155 tribuere,
3120 5105 3173 5147 et
3202 5095 3351 5163 quasi
3385 5111 3509 5163 pro-

1916 5183 2088 5254 prium
2115 5182 2388 5238 vindicare
2428 5183 2568 5249 quod
2594 5183 2662 5235 ab
2698 5183 2789 5238 illo
2815 5195 3160 5253 acceperunt,
3203 5185 3299 5252 ipsi
3343 5185 3510 5254 perti-

1915 5285 2045 5330 nent
2073 5274 2139 5329 ad
2167 5276 2413 5330 decorem
2441 5274 2632 5330 domus
2666 5276 2780 5331 Dei.
2808 5276 2917 5331 Nec
2945 5277 3179 5331 discerni
3212 5277 3329 5330 illos
3350 5277 3512 5332 vellet

1916 5366 2211 5434 Scriptura,
2251 5365 2349 5419 nisi
2377 5365 2499 5435 quia
2525 5376 2650 5420 sunt
2675 5366 2888 5435 quidam
2915 5368 3005 5436 qui
3049 5368 3249 5421 donum
3293 5368 3382 5422 Dei
3414 5368 3508 5421 ha-
3538 5409 3544 5413 .

1915 5458 2046 5513 hem
2073 5457 2290 5527 quidem
2314 5497 2328 5519 ,
2363 5466 2418 5510 et
2447 5456 2639 5510 nolunt
2669 5457 2721 5511 in
2761 5457 2870 5512 Deo
2908 5458 3119 5526 gloriari
3143 5499 3158 5518 ,
3190 5459 3284 5512 sed
3327 5460 3375 5512 in
3403 5475 3464 5514 se
3492 5477 3507 5515 :

1919 5549 2117 5603 habent
2141 5548 2355 5618 quidem
2384 5544 2582 5603 donum
2615 5548 2730 5613 Dei,
2757 5548 2850 5602 sed
2883 5564 2989 5602 non
3022 5550 3292 5618 pertinent
3314 5549 3381 5603 ad
3410 5550 3505 5604 de-

1983 5727 2000 5757 ι
2026 5724 2175 5788 latitia
2197 5731 2296 5773 Am.
2319 5722 2518 5784 (mando
2537 5735 2652 5788 ergo
2675 5722 2860 5788 venitur
2883 5724 2949 5773 ad
2963 5723 3289 5788 jiulicaudmn
3312 5736 3513 5785 aream;

1918 5786 2152 5849 numquid
2177 5794 2318 5843 Deus,
2345 5795 2440 5835 etc.
2459 5792 2532 5834 Er.
2559 5785 2756 5846 Quando
2775 5798 2891 5849 ergo
2913 5785 3053 5836 venit.
3068 5793 3238 5836 AtMss.
3254 5799 3361 5834 cum
3379 5792 3513 5838 ων..

1922 5849 2102 5911 Quaa'is
2132 5861 2246 5912 ergo
2280 5856 2487 5908 tantum,
2514 5857 2609 5897 etc.
