4008 6318
606 498 790 546 curem
819 480 1008 536 domus
1038 477 1153 533 Dei.
1199 469 1299 543 Qui
1343 469 1490 528 enim
1536 467 1807 540 pertinent
1843 463 1911 519 ad
1947 463 2196 518 decorem

608 577 799 629 domus
831 571 953 631 Dei,
997 570 1052 624 in
1079 565 1272 636 quibus
1316 561 1522 616 habitat
1563 556 1728 629 gloria
1770 554 1890 619 Dei,
1941 552 2038 623 ipsi
2080 561 2206 606 sunt

607 671 763 722 locus
790 660 1135 718 habitationis
1155 655 1338 726 gloria:
1361 653 1479 710 Dei.
1509 652 1565 710 in
1590 649 1782 720 quibus
1801 656 1979 702 autem
2003 644 2206 700 habitat

614 759 782 825 gloria
815 756 906 812 Dei
928 797 942 817 ,
974 755 1074 812 nisi
1103 753 1190 823 qui
1219 751 1295 806 sic
1321 749 1650 818 gloriantur,
1680 753 1741 797 ut
1765 757 1870 798 non
1909 742 1960 796 in
1985 754 2044 793 se
2063 780 2080 802 ,
2111 737 2205 794 sed

618 853 670 904 in
722 850 948 904 Domino
993 845 1336 916 glorientur?
1387 841 1527 910 Ergo
1573 838 1694 906 quia
1751 833 1913 890 dilexi
1958 832 2206 890 decorem

615 943 808 996 domus
849 950 968 1002 tuae,
1013 939 1063 992 id
1105 946 1208 1000 est,
1249 949 1440 988 omnes
1465 931 1555 1002 qui
1605 931 1674 984 ibi
1724 937 1850 981 sunt
1890 935 1944 979 et
1986 923 2206 992 gloriam

619 1045 764 1088 tuam
791 1040 1072 1103 quwrunt;
1104 1032 1197 1083 sed
1231 1033 1285 1080 et
1312 1041 1416 1082 non
1444 1017 1758 1092 prmsumpsi
1789 1018 1842 1070 in
1872 1013 2089 1069 homine
2109 1053 2123 1070 .
2152 1019 2207 1065 et

622 1142 724 1178 non
766 1123 1014 1178 eonsensi
1046 1120 1251 1189 impiis,
1291 1127 1346 1171 et
1374 1130 1475 1168 non
1507 1111 1758 1170 introibo,
1791 1116 1845 1160 et
1871 1121 1975 1162 non
2007 1102 2206 1158 sedebo

623 1223 672 1272 in
701 1219 1109 1286 congregatione
1136 1227 1357 1272 eorum;
1400 1206 1517 1275 quia
1552 1206 1620 1257 ita
1650 1201 1720 1256 fui
1750 1203 1802 1256 in
1828 1196 2063 1253 Ecclesia
2093 1194 2205 1254 Dei,

621 1309 748 1380 quid
794 1309 920 1362 mihi
963 1302 1267 1359 rctrihues?
1305 1299 1554 1370 Sequitur
1591 1293 1716 1364 quid
1747 1288 2208 1359 respondeamus:

631 1402 708 1455 Ne
733 1399 1031 1468 comperdas
1059 1413 1176 1448 cum
1205 1393 1374 1462 impiis
1399 1391 1623 1443 animam
1653 1399 1842 1446 meam,
1873 1391 1917 1434 et
1943 1395 2058 1432 cum
2095 1376 2214 1428 viris

621 1493 929 1562 sanguiuum
955 1490 1102 1541 vitam
1130 1502 1310 1538 meum.

693 1586 780 1639 15.
809 1581 978 1656 [υιγδ.
1005 1576 1234 1651 10-12.]
1267 1573 1346 1629 ’1η
1393 1588 1607 1640 quorum
1653 1567 1884 1621 "canibus
1932 1562 2220 1631 iniquitates

635 1685 786 1742 sunt,
817 1675 1022 1728 dextera
1064 1687 1238 1725 eorum
1277 1666 1469 1736 repleta
1507 1672 1581 1717 est
1623 1657 1912 1713 muneribus
1943 1671 1963 1708 :
2001 1666 2222 1707 munera

626 1783 734 1824 non
773 1767 945 1822 solum
976 1762 1203 1833 pecunia
1231 1770 1350 1824 est,
1384 1772 1488 1811 non
1518 1753 1692 1808 solum
1733 1764 1918 1804 aurum
1950 1755 2005 1802 et
2034 1760 2223 1814 argen-

627 1872 774 1922 tmn,
823 1873 928 1912 non
975 1857 1148 1909 solum
1193 1851 1380 1906 exenia
1410 1849 1427 1880 ί
1458 1857 1622 1909 sunt;
1672 1855 1846 1912 neque
1895 1851 2084 1893 omnes
2133 1834 2224 1903 qui

629 1953 897 2022 accipiunt
921 1965 1010 2010 ea,
1045 1947 1314 2014 accipiunt
1339 1955 1580 1997 munera.
1625 1931 1924 2006 Aliquando
1951 1930 2094 1986 enim
2131 1944 2223 1983 ac—

630 2021 899 2115 cipiuntur
942 2040 1010 2093 ab
1054 2036 1317 2092 Ecclesia.
1366 2031 1519 2100 Quod
1569 2029 1710 2091 dico,
1762 2025 1951 2080 Petrus
1997 2021 2224 2089 accepit,

633 2113 890 2190 Dominus
920 2130 1146 2199 accepit,
1177 2126 1382 2182 loculos
1409 2122 1612 2186 habuit,
1641 2134 1702 2174 ea
1737 2132 1856 2186 qua:
1883 2113 2228 2168 mittebantur

630 2227 793 2280 ludas
844 2223 1137 2278 auferebat.
1193 2218 1298 2274 Sed
1351 2216 1476 2286 quid
1527 2223 1612 2268 est
1662 2210 1905 2282 accipere
1962 2204 2228 2262 munera?

635 2321 854 2390 Propter
886 2331 1107 2370 munera
1132 2312 1354 2368 laudare
1379 2312 1401 2342 '
1430 2308 1697 2362 hominem
1721 2344 1736 2367 ,
1764 2301 1969 2357 adulari
2001 2297 2225 2360 homini,

635 2413 848 2480 palpare
870 2405 1212 2465 blandiendo,
1236 2402 1478 2473 judicare
1502 2407 1684 2452 contra
1706 2394 1985 2448 veritatem
2011 2398 2230 2461 prepter

635 2515 872 2555 munera.
922 2499 1151 2566 Propter
1191 2509 1311 2562 qua:
1342 2488 1610 2545 munera?
1659 2485 1775 2542 Non
1807 2484 1980 2538 solum
2013 2490 2232 2550 propter

634 2607 823 2646 aurum
849 2600 901 2642 et
927 2596 1202 2656 argentum
1231 2592 1285 2638 et
1325 2578 1628 2648 hujusmodi
1671 2574 1868 2646 aliquid
1891 2615 1906 2638 ,
1938 2573 2030 2628 sed
2069 2572 2231 2626 etiam

639 2695 858 2758 propter
897 2684 1106 2737 laudem
1139 2679 1228 2747 qui
1266 2677 1469 2747 judicat
1506 2673 1674 2733 male,
1705 2683 1901 2724 munus
1925 2665 2137 2734 accipit,
2179 2674 2234 2718 et

639 2795 832 2834 munus
862 2791 968 2845 quo
999 2773 1129 2828 nihil
1164 2771 1394 2825 inanius.
1427 2766 1602 2821 Patuit
1643 2763 1785 2819 enim
1831 2760 1905 2814 illi
1951 2771 2140 2814 manus
2165 2756 2232 2810 ad

637 2868 1004 2936 accipiendum
1040 2863 1297 2934 judicium
1327 2860 1518 2928 linguae
1550 2857 1740 2910 aliena!
1759 2893 1774 2919 ,
1805 2861 1860 2907 et
1890 2849 2118 2920 perdidit
2141 2847 2232 2916 ju-

637 2961 833 3015 dicium
878 2954 1220 3012 conscientize
1267 2967 1399 3004 sua}.
1447 2949 1587 3015 Ergo
1637 2947 1691 3000 in
1737 2959 1955 3014 quorum
2004 2938 2236 2993 manibus

641 3052 930 3122 iniquitates
957 3057 1107 3111 sunt,
1141 3046 1348 3099 dextera
1372 3056 1551 3096 eorum
1577 3037 1768 3108 repleta
1807 3045 1882 3089 est
1923 3031 2232 3086 muneribus.

640 3143 867 3206 Videtis,
900 3140 1115 3204 fratres,
1148 3136 1270 3208 quia
1298 3148 1482 3190 coram
1511 3131 1624 3186 Deo
1663 3137 1806 3188 sunt,
1841 3135 1898 3180 et
1926 3124 1976 3178 in
2006 3136 2236 3194 quorum

643 3235 888 3294 manibus
935 3250 1039 3288 non
1092 3240 1218 3286 sunt
1265 3227 1590 3298 iniquitates,
1643 3237 1742 3277 nec
1787 3219 2004 3274 dextera
2048 3227 2234 3271 eorum

643 3330 844 3398 repleta
888 3334 972 3381 est
1013 3322 1357 3385 muneribus,
1404 3318 1586 3388 utique
1629 3327 1809 3368 coram
1856 3312 1984 3379 Deo,
2032 3316 2090 3370 et
2129 3321 2236 3362 non

643 3429 867 3488 possunt
896 3417 995 3470 nisi
1025 3416 1131 3469 Deo
1174 3412 1354 3466 dicere
1380 3449 1396 3469 .
1426 3407 1508 3462 Tu
1545 3405 1650 3460 scis
1677 3420 1693 3458 :
1728 3418 1834 3456 non
1866 3406 2088 3470 possunt
2133 3396 2236 3452 nisi

645 3513 720 3565 illi
751 3509 930 3564 dicere
960 3528 974 3562 ;
1003 3505 1087 3559 Ne
1123 3502 1420 3570 compertius
1449 3515 1563 3552 cum
1598 3495 1767 3566 impiis
1795 3494 2018 3546 animam
2044 3505 2233 3554 meum,

645 3613 690 3655 rt
721 3615 834 3656 eum
861 3600 981 3653 viris
1009 3595 1313 3664 sanguinum
1338 3593 1490 3647 vitam
1521 3605 1681 3642 meam
1705 3603 1725 3649 ;
1763 3586 1853 3657 qui
1881 3585 2028 3638 solus
2063 3589 2242 3651 potest

656 3692 868 3752 videre,
917 3679 1039 3757 quia
1083 3702 1190 3740 non
1238 3682 1507 3752 accipiunt
1553 3693 1794 3733 munera.
1851 3674 2010 3730 Verbi
2053 3687 2238 3736 causa,

647 3783 907 3852 contingit
931 3789 988 3834 ut
1013 3780 1119 3834 duo
1157 3777 1403 3830 homines
1433 3773 1665 3827 habeant
1704 3782 1922 3823 causam
1951 3764 2091 3834 apud
2120 3779 2235 3817 sera

647 3892 771 3929 vum
802 3875 915 3928 Dei:
947 3886 1102 3926 nemo
1126 3869 1226 3924 nisi
1263 3882 1413 3922 suam
1435 3867 1633 3934 justam
1662 3861 1792 3915 dicit
1814 3873 2032 3914 causam
2056 3874 2070 3920 ;
2118 3870 2242 3910 nam

650 3968 694 4020 si
722 3967 953 4034 iniquam
981 3970 1194 4032 putaret
1218 3973 1434 4014 causam
1467 3969 1615 4010 suam
1642 3994 1657 4020 ,
1684 3951 1917 4021 judicem
1949 3962 2056 4002 non
2097 3961 2246 4016 quat-

652 4064 816 4111 reret.
851 4054 916 4108 Et
946 4053 1033 4107 ille
1058 4067 1116 4106 se
1146 4057 1293 4119 putat
1325 4050 1525 4116 justam
1554 4057 1768 4099 causam
1807 4041 2026 4104 habere,
2055 4048 2109 4093 et
2137 4037 2241 4092 ille.

660 4145 890 4200 Veniunt
916 4142 982 4197 ad
1008 4141 1263 4211 judicem.
1297 4139 1595 4206 Antequam
1627 4131 1933 4203 proferatur
1957 4127 2242 4193 sententia,

653 4235 811 4290 ambo
835 4234 1019 4288 dicunt
1043 4249 1055 4286 τ
1077 4228 1464 4299 Amplectimur
1488 4223 1745 4295 judicium
1773 4231 1957 4284 tuum;
1989 4217 2245 4288 quidquid

652 4326 996 4397 judicaveris,
1041 4322 1181 4377 absit
1223 4331 1281 4374 ut
1325 4330 1660 4387 respuamus.
1707 4312 1844 4382 Quid
1887 4320 1943 4367 et
1989 4321 2044 4364 tu
2071 4307 2247 4364 dicis?

656 4421 841 4475 «ιυόὶοε
871 4416 1102 4488 quidvis,
1135 4422 1338 4468 tantum
1365 4409 1544 4482 judica
1574 4425 1588 4464 :
1620 4421 1840 4477 prorsus
1883 4403 1927 4457 si
1975 4403 2027 4456 in
2067 4402 2247 4471 aliquo

659 4527 1057 4583 repugnavero,
1102 4506 1382 4561 anathema
1427 4502 1548 4557 sim.
1581 4499 1756 4555 Ambo
1794 4505 1976 4551 amant
2015 4494 2248 4566 judicem

659 4616 943 4674 antequam
971 4601 1192 4672 judicet.
1225 4598 1358 4652 Cum
1383 4603 1560 4649 autem
1600 4590 1742 4647 dicta
1783 4588 1941 4644 fuerit
1965 4587 2246 4648 sententia,

659 4706 846 4752 contra
873 4710 1034 4749 unum
1060 4692 1164 4746 erit
1187 4708 1202 4751 :
1245 4697 1301 4745 et
1330 4695 1517 4742 neuter
1541 4697 1727 4738 eorum
1755 4681 1857 4736 scit
1882 4689 2066 4734 contra
2093 4693 2251 4748 quem

664 4795 836 4843 futura
862 4797 966 4842 est.
997 4787 1089 4840 Ille
1115 4800 1243 4855 ergo
1272 4783 1315 4838 si
1343 4781 1584 4849 utrisque
1613 4777 1824 4846 placere
1844 4773 2088 4835 voluerit,
2117 4771 2255 4825 acci-

665 4885 740 4955 pit
771 4895 965 4938 munus
1008 4878 1217 4933 laudem
1263 4874 1560 4931 hominum.
1609 4868 1717 4924 Sed
1773 4875 1995 4936 accepto
2035 4879 2256 4919 munere

668 4977 788 5036 isto,
819 4972 994 5027 videte
1021 4969 1160 5039 quod
1193 4980 1386 5020 nmnus
1412 4964 1640 5017 amittat.
1671 4958 1878 5028 Accipit
1905 4955 2050 5026 quod
2079 4962 2254 5014 sonat.

667 5077 721 5122 et
752 5063 941 5121 transit
968 5081 982 5116 :
1015 5059 1190 5131 perdit
1215 5056 1356 5128 quod
1395 5055 1606 5114 dicitur,
1639 5059 1693 5106 et
1734 5063 2008 5119 nunquam
2049 5046 2254 5099 transit.

671 5158 905 5212 Verbum
935 5154 1028 5209 Dei
1068 5166 1282 5217 semper
1322 5149 1549 5210 dicitur,
1583 5158 1849 5210 nunquam
1881 5140 2069 5194 transit
2097 5156 2109 5191 :
2137 5153 2260 5191 ver-

673 5255 796 5308 hum
837 5250 1070 5307 hominis
1109 5261 1230 5301 mox
1277 5253 1334 5297 ut
1373 5242 1572 5295 dictum
1603 5236 1798 5298 fuerit,
1830 5232 2042 5287 transit.
2090 5231 2262 5284 Tenet

674 5345 870 5402 inania.
918 5340 1139 5396 dimittit
1187 5334 1378 5392 solida.
1428 5331 1486 5386 Si
1536 5337 1715 5381 autem
1763 5326 1928 5379 Deum
1974 5322 2259 5382 intueatur,

675 5435 984 5507 prolaturus
1008 5438 1092 5484 est
1115 5426 1432 5482 sententiam
1458 5428 1642 5474 contra
1675 5431 1860 5480 unum,
1887 5412 2224 5468 considerato
2241 5409 2264 5442 ³

677 5530 808 5590 beo,
838 5523 938 5578 sub
965 5535 1070 5592 quo
1096 5519 1275 5588 judice
1301 5515 1442 5568 illam
1469 5509 1690 5581 profert.
1726 5507 1820 5562 Ille
1861 5513 2038 5560 autem
2079 5512 2264 5558 contra

741 5688 756 5717 ¹
785 5683 919 5736 ΡΜ..
941 5678 1105 5731 xenia.
1131 5685 1185 5725 At
1205 5685 1374 5724 omnes
1393 5678 1524 5729 uss"
1555 5666 1744 5720 exmia.

740 5749 760 5778 ¹
787 5754 834 5794 ιη
857 5752 985 5796 λικε..
1010 5740 1231 5790 Mutare.

742 5809 761 5842 ³
786 5794 1001 5857 bonnulli
1022 5802 1148 5863 cdd.,
1183 5794 1530 5849 considerari“.

1848 352 1908 408 ὃ.
1947 345 2312 408 AUGUSTiNI
2345 345 2650 404 EPISCOPl

3803 338 3904 397 i96

2316 477 2476 534 quem
2523 460 2725 532 prolata
2770 459 2950 522 fuerit,
2992 465 3046 513 ct
3074 456 3118 513 si
3157 455 3269 528 jam
3306 454 3513 526 effringi
3560 469 3665 508 non
3715 464 3914 523 quat,

2317 553 2439 622 quia
2471 561 2680 608 tenetur
2705 551 2825 622 jure
2868 549 3004 607 forte
3044 565 3150 604 non
3190 549 3590 611 ecclesiastico,
3632 546 3727 602 sed
3760 548 3908 615 prin-

2317 649 2496 715 cipum
2521 645 2722 710 smculi,
2755 645 2844 715 qui
2877 654 3080 698 tantum
3112 641 3190 712 (α)
3215 640 3520 696 detulerunt
3549 639 3827 703 Ecclesizr,
3857 649 3916 692 ut

2318 736 2575 807 quidquid
2603 736 2656 790 in
2686 751 2748 791 ea
2773 735 3068 806 judicatum
3097 731 3279 797 fuerit,
3320 732 3540 788 dissolvi
3569 745 3675 786 non
3710 731 3914 800 possit:

2320 829 2366 884 si
2395 843 2523 899 ergo
2550 828 2755 897 ell‘ringi
2789 843 2892 884 non
2935 836 3142 898 potest,
3165 825 3277 896 jam
3319 840 3426 880 nou
3453 824 3564 879 vult
3603 824 3799 878 intueri
3838 839 3915 885 se,

2321 932 2376 978 et
2402 923 2419 954 ⁸
2447 936 2620 977 θέρεος
2645 920 2831 976 oculos
2861 920 3041 990 dirigit
3084 919 3134 973 iu
3163 917 3398 989 judicem
3420 960 3435 981 ,
3467 916 3702 972 detrahit
3745 933 3919 986 quan-

2323 1021 2435 1068 tum
2465 1023 2658 1082 potest.
2709 1012 2928 1068 Placere
2959 1011 3068 1077 illi,
3115 1010 3308 1082 inquit,
3337 1011 3539 1074 voluit,
3567 1010 3722 1064 diviti
3770 1008 3922 1075 favit,

2324 1116 2415 1173 aut
2443 1106 2642 1176 aliquid
2667 1106 2734 1158 ab
2761 1106 2855 1160 illo
2876 1103 3100 1174 accepit,
3131 1112 3220 1158 aut
3243 1103 3423 1160 timuit
3449 1103 3595 1158 illum
3621 1101 3924 1157 offendere.

2325 1200 2556 1252 Accusat
2585 1197 2735 1266 quasi
2763 1205 2979 1265 accepta
3007 1197 3116 1251 siut
3146 1211 3391 1251 munera.
3423 1194 3481 1251 Si
3511 1204 3685 1249 autem
3717 1209 3926 1262 pauper

2328 1290 2574 1344 hahuerit
2599 1298 2783 1343 contra
2814 1288 3059 1355 divitem,
3093 1297 3147 1344 et
3179 1303 3279 1357 pro
3307 1302 3538 1358 paupere
3579 1286 3736 1341 fuerit
3781 1286 3928 1353 judi—

2327 1392 2501 1435 catum
2529 1398 2543 1441 ;
2592 1381 2719 1434 dicit
2747 1381 2873 1434 item
2901 1370 3080 1444 dives,
3113 1379 3332 1450 Accepit
3367 1392 3611 1434 munera.
3642 1377 3776 1445 Quzc
3807 1393 3928 1429 mu-

2329 1490 2457 1528 nera
2497 1491 2525 1527 a
2571 1474 2846 1543 paupere?
2889 1472 3072 1534 Vidit,
3123 1473 3332 1542 inquit,
3382 1487 3715 1544 pauperem,
3763 1481 3820 1526 et
3863 1487 3932 1526 ne

2330 1564 2817 1632 reprehenderetur
2850 1564 2990 1629 quod
3037 1573 3222 1618 contra
3269 1577 3560 1633 pauperem
3589 1562 3799 1626 fecerit,
3828 1577 3932 1630 op-

2331 1657 2524 1725 pressit
2546 1655 2829 1723 justitiam,
2859 1667 2912 1709 et
2941 1656 3162 1726 protulit
3186 1665 3373 1709 contra
3401 1654 3680 1726 veritatem
3708 1661 3930 1708 senteoo

2331 1748 2481 1801 tiam.
2515 1747 2647 1800 Cum
2681 1763 2808 1815 ergo
2852 1724 3072 1802 necesse
3113 1746 3182 1800 sit
3225 1756 3283 1800 ut
3328 1746 3431 1801 hoc
3477 1724 3704 1806 dicatur,
3751 1744 3935 1800 videte

2332 1856 2436 1894 non
2469 1855 2626 1909 posse
2653 1839 2757 1894 dici
2785 1841 2854 1892 ab
2881 1839 2964 1894 his
2988 1839 3077 1909 qui
3111 1854 3332 1893 munera
3369 1854 3474 1892 non
3499 1837 3791 1906 accipiunt,
3821 1835 3932 1893 nisi

2331 1947 2512 1986 coram
2555 1933 2726 1985 oculis
2774 1931 2890 1988 Dei.
2937 1932 3027 1999 qui
3074 1931 3223 1987 solus
3251 1929 3396 1986 videt
3435 1931 3554 2002 quis
3597 1931 3938 2000 accipiat.iet

2331 2024 2451 2093 quis
2477 2040 2582 2077 non
2610 2025 2836 2094 accipiat
2863 2041 2876 2077 :
2903 2024 3015 2094 Ego
3038 2034 3208 2078 autem
3231 2026 3282 2077 in
3305 2025 3593 2079 innocentia
3615 2041 3728 2080 mea
3751 2026 3939 2079 ambu-

2334 2115 2455 2174 lavi,
2484 2115 2674 2168 redime
2710 2131 2821 2180 me,
2867 2124 2914 2168 et
2957 2115 3194 2170 miserere
3235 2116 3334 2169 mei
3357 2131 3378 2169 :
3405 2132 3491 2186 pes
3527 2132 3666 2170 meus
3704 2117 3848 2171 stetit
3880 2118 3934 2170 in

2333 2207 2650 2261 rectitudine.
2682 2205 2989 2261 Concussus
3020 2221 3135 2260 sum
3162 2207 3374 2276 quidem
3402 2205 3636 2275 undique
3658 2209 3936 2263 scandatis

2333 2311 2389 2356 et
2419 2300 2800 2354 tentationibus
2843 2299 3351 2368 reprehendentium
3394 2297 3648 2370 judicium
3694 2301 3937 2354 humana

2337 2393 2635 2447 temeritate
2656 2393 2676 2423 ’
2702 2408 2715 2444 :
2743 2390 2834 2445 sed
2865 2408 2952 2462 per
2976 2407 3116 2445 uicus
3144 2392 3279 2445 stetit
3315 2391 3369 2444 in
3398 2391 3714 2445 rectitudine.
3754 2393 3940 2456 Quare

2335 2496 2512 2540 autem
2540 2486 2592 2538 in
2635 2483 2977 2538 rectitudine?
3011 2483 3146 2551 Quia
3190 2484 3437 2554 superius
3479 2482 3730 2538 dixerat:
3773 2480 3844 2538 Et
3883 2483 3940 2540 in

2339 2575 2557 2629 Domino
2581 2591 2792 2644 sperans
2827 2591 2928 2628 non
2954 2575 3207 2628 movebar.

2409 2689 2496 2743 44.
2525 2687 2660 2753 Quid
2705 2702 2832 2754 ergo
2861 2684 3169 2741 concludit?
3193 2683 3259 2739 In
3283 2683 3522 2742 Eceten'is
3549 2685 3838 2741 benedice»:
3867 2695 3939 2751 te,

2339 2777 2572 2833 Domine.
2593 2777 2648 2832 ld
2678 2788 2780 2840 est,
2814 2777 2865 2831 in
2898 2776 3149 2832 Ecclesiis
3172 2791 3280 2831 non
3309 2791 3393 2834 me
3419 2775 3754 2843 hencdlcam,
3783 2779 3942 2846 quasi

2337 2880 2515 2926 certus
2539 2870 2606 2924 de
2647 2869 2987 2935 hominibus,
3017 2868 3110 2924 sed
3143 2877 3194 2923 te
3235 2868 3542 2926 benedicam
3589 2872 3641 2926 lu
3683 2871 3944 2940 operibus

2341 2963 2494 3017 meis.
2539 2961 2650 3022 iioe
2687 2969 2770 3016 est
2807 2961 2948 3016 enim
2994 2958 3307 3020 bertcdicere
3349 2959 3515 3016 Deum
3552 2959 3604 3018 iu
3641 2959 3941 3028 Eeclesiis,

2341 3053 2555 3116 fratres,
2585 3052 2663 3106 sic
2687 3051 2866 3106 vivere
2896 3061 2954 3105 ut
2980 3065 3076 3123 per
3104 3065 3283 3109 mores
3307 3049 3566 3121 cujusque
3594 3052 3945 3108 benedicatur

2344 3145 2503 3198 Deus.
2550 3143 2680 3197 Nam
2715 3143 2803 3214 qui
2834 3141 3102 3199 benedicit
3133 3142 3415 3200 Dominum
3447 3141 3622 3214 lingua
3645 3185 3660 3208 ,
3689 3155 3742 3198 et
3787 3142 3943 3200 factis

2343 3234 2640 3300 maledicit,
2670 3249 2776 3290 non
2821 3235 2872 3288 in
2903 3233 3156 3291 Ecclesils
3184 3233 3451 3292 bcnodlclt
3477 3233 3784 3292 Dominum.
3810 3234 3943 3291 Lin-

2341 3344 2441 3398 gua
2473 3343 2638 3402 prope
2686 3341 2874 3382 omnes
2900 3325 3241 3392 benedicunt,
3275 3326 3368 3382 sed
3400 3341 3505 3382 non
3543 3340 3732 3381 omnes
3767 3325 3942 3381 factis.

2342 3419 2566 3490 Quidam
2599 3435 2728 3474 voce
2758 3418 3079 3477 benedicunt
3103 3459 3118 3484 ,
3156 3417 3373 3490 quidam
3412 3418 3669 3475 moribus.
3712 3418 3768 3474 In
3812 3436 3948 3490 quin.

2344 3527 2462 3568 rum
2491 3519 2666 3566 autem
2693 3511 2933 3568 moribus
2953 3524 3061 3564 non
3085 3509 3352 3566 invenitur
3379 3509 3520 3580 quod
3546 3510 3710 3572 aiunt,
3741 3509 3950 3568 faciunt

2346 3602 2706 3674 blasphemari
2738 3602 2925 3668 lleum,
2953 3611 3011 3657 ut
3037 3600 3114 3657 illi
3145 3601 3232 3672 qui
3265 3600 3499 3657 nondum
3528 3601 3728 3656 intrant
3757 3601 3951 3657 Eccle-

2346 3694 2478 3748 siam
2505 3734 2520 3757 ,
2553 3691 2798 3763 quamvis
2843 3699 3021 3749 ament
3053 3699 3266 3763 peccata
3314 3705 3449 3755 sua,
3500 3699 3554 3746 et
3601 3691 3721 3746 ideo
3772 3693 3950 3747 nolint

2348 3800 2469 3840 esse
2511 3783 2821 3850 christiani,
2875 3793 3053 3839 tamen
3100 3791 3364 3839 excusent
3404 3798 3464 3839 se
3503 3797 3601 3854 per
3647 3782 3848 3848 malos,
3896 3793 3951 3837 ut

2349 3876 2689 3930 blandiantur
2714 3875 2835 3936 sihi,
2865 3873 3185 3930 seducentes
3212 3873 3440 3944 seipsos,
3469 3883 3525 3929 et
3551 3872 3732 3928 dicant
3760 3891 3775 3926 :
3808 3875 3950 3942 Quid

2350 3967 2479 4022 mihi
2525 3965 2814 4035 persuades
2855 3973 2915 4021 ut
2953 3963 3288 4020 Christianus
3321 3963 3459 4019 sim?
3487 3964 3600 4034 Ego
3629 3962 3882 4020 fraudem
3923 3983 3952 4020 ει

2350 4057 2643 4112 christiano
2675 4071 2862 4128 passus
2892 4071 3031 4120 sum,
3056 4065 3110 4110 et
3136 4070 3404 4126 nunquam
3433 4054 3565 4119 feci;
3595 4054 3789 4109 falsum
3823 4057 3952 4112 mihi

2348 4149 2552 4219 juravit
2578 4149 2925 4210 christianos,
2958 4155 3012 4202 et
3037 4163 3136 4218 ego
3163 4162 3454 4216 nunquam.
3490 4145 3560 4201 Et
3585 4162 3708 4202 cum
3737 4147 3844 4202 ista
3874 4149 3956 4203 di-

2352 4250 2499 4302 cunt,
2532 4239 2895 4309 impediuntur
2921 4253 2949 4291 a
2998 4238 3174 4294 salute
3205 4255 3218 4291 :
3251 4247 3307 4292 nt
3334 4238 3469 4294 nihil
3495 4239 3572 4293 eis
3603 4239 3798 4306 prosit,
3849 4257 3952 4296 non

2353 4332 2568 4402 quidem
2606 4330 2746 4402 quod
2793 4331 2902 4397 jam
2947 4329 3076 4384 boni
3105 4339 3257 4393 sunt,
3288 4330 3382 4385 sed
3423 4329 3566 4401 quod
3607 4330 3958 4388 mediocriter

2357 4425 2506 4478 mali.
2536 4421 2820 4489 Quomodo
2854 4421 2995 4476 enim
3028 4419 3162 4475 nihil
3195 4420 3411 4489 prodest
3437 4421 3646 4491 aperire
3667 4421 3881 4488 oculos,
3911 4423 3956 4478 si

2357 4518 2429 4572 sit
2447 4515 2675 4586 quisque
2702 4515 2754 4568 in
2780 4513 3017 4568 tenebris
3043 4529 3060 4587 ;
3086 4512 3156 4568 ita
3184 4511 3315 4566 nihil
3340 4511 3556 4582 prodest
3576 4527 3697 4567 esse
3725 4512 3783 4579 in
3812 4513 3953 4580 luce,

2358 4610 2401 4660 si
2432 4607 2597 4660 clausi
2628 4614 2755 4660 sunt
2795 4604 2956 4659 oeuli.
3003 4602 3079 4659 lta
3124 4612 3178 4657 et
3223 4617 3460 4674 paganus
3501 4603 3716 4676 quidem
3763 4609 3866 4674 (ut
3893 4604 3958 4670 de

2360 4697 2466 4751 illis
2496 4697 2672 4766 potius
2714 4695 2994 4765 loquamur
3021 4694 3168 4748 velut
3193 4692 3329 4748 bene
3357 4681 3660 4750 viventibus
3683 4692 3704 4765 )
3726 4697 3958 4764 patenti-

2361 4789 2459 4843 bus
2488 4788 2660 4843 oculis
2700 4795 2784 4841 est
2812 4787 2864 4840 in
2911 4784 3181 4851 tenebris;
3227 4784 3347 4854 quia
3379 4800 3484 4839 non
3515 4788 3758 4855 agnoscit
3783 4787 3956 4842 lucem

2361 4896 2510 4935 suam
2542 4879 2827 4934 Dominum
2864 4894 2878 4930 ε
2923 4876 3243 4930 christianos
3274 4887 3451 4931 autem
3483 4876 3619 4930 male
3661 4877 3874 4944 vivens,
3907 4881 3956 4932 in

2431 5122 2446 5150 λ
2476 5116 2808 5178 Aliquot‘Mss,
2833 5112 2937 5178 sed.

2431 5183 2450 5210 ’
2477 5169 2584 5228 bov'.
2605 5212 2620 5235 ,
2645 5174 2838 5237 judicio
2877 5173 3100 5237 humanm
3125 5169 3695 5237 _temer_itc_uis._/t_in_.AHj.
3741 5181 3795 5224 et
3831 5179 3958 5237 nam,

2358 5231 2850 5307 judicium'liumqnte
3207 5234 3302 5282 sed
3338 5231 3463 5283 haud
3497 5232 3647 5285 dubie
3671 5231 3958 5301 legendum,

2368 5304 2579 5353 humana
2601 5304 2884 5349 temeritate.

2433 5407 2508 5516 (az
2531 5410 2692 5476 Exstat
2715 5415 2774 5452 ea
2793 5401 2857 5474 de
2881 5415 2936 5450 re
2953 5399 3245 5450 Constantini
3262 5397 3346 5449 lex
3373 5399 3421 5448 In
3432 5397 3957 5457 Theodosianoeodice,

2433 5488 2456 5516 ι.
2515 5468 2562 5516 6.
2590 5474 2664 5515 tit.
2689 5464 2754 5513 de
2777 5461 3228 5516 emscorialijudicio
3247 5496 3261 5516 ,
3281 5461 3392 5510 data
3429 5461 3488 5508 ad
3513 5459 3761 5511 Ablavlum
3791 5461 3957 5516 prtere-

2370 5459 2456 5518 lib‘.
2485 5459 2562 5522 i6,
2590 5468 2664 5515 tit.
2689 5464 2754 5513 de
2777 5461 3228 5525 episcOpalijudicio
3247 5496 3261 5518 ,
3281 5461 3392 5510 data
3429 5461 3488 5508 ad
3513 5459 3761 5511 Ablavlum
3791 5461 3958 5525 prtere-

2371 5541 2502 5580 ctum
2529 5528 2757 5576 Praetorio
2773 5561 2788 5578 .
2812 5537 2909 5587 qua
2931 5524 3085 5573 sancit
3121 5530 3400 5587 Imperator,
3427 5529 3482 5570 ut
3524 5539 3546 5567 ε
3567 5524 3834 5587 sententiae
3859 5524 3958 5585 εμ-

2380 5602 2678 5662 «scopomttt
2716 5583 2938 5662 quolibet
2978 5583 3433 5662 genere’prtdatm,
3473 5585 3716 5636 inviolate
3763 5583 3959 5662 semper

2381 5671 2405 5698 ιι
2428 5647 2816 5712 incorruptaeque
2854 5647 3114 5712 serventur
3135 5680 3151 5704 ,
3190 5647 3333 5710 utque
3355 5657 3528 5712 omnes
3563 5657 3722 5695 musze
3746 5660 3860 5710 qua:
3886 5647 3956 5695 vel

2383 5731 2406 5761 ς
2430 5707 2783 5776 prmtoriojure
2809 5708 2889 5758 vel
2920 5707 3047 5759 civili
3071 5707 3354 5776 tractantur,
3395 5709 3731 5776 episcoporum
3769 5707 3959 5757 senten-

2384 5731 2406 5761 ι
2430 5719 2655 5776 prtetorio
2673 5719 2783 5772 jure
2809 5719 2889 5758 vel
2920 5719 3047 5759 ctvnt
3071 5719 3354 5762 traCtantur.
3395 5719 3558 5768 Eplsoo
3624 5719 3731 5756 rum
3769 5719 3866 5756 sem

2384 5793 2410 5824 ι
2431 5776 2512 5825 tiis
2532 5775 2824 5830 terminatas,
2858 5781 3097 5834 perpetuo
3112 5767 3385 5820 stabilitatis
3405 5769 3515 5832 jure
3547 5719 3821 5820 imitentur.
3844 5787 3866 5814 1
