4008 6324
356 352 460 410 ‘97

359 475 478 529 luce
507 469 721 544 quidem
750 478 831 526 est
861 469 1070 526 nonnisi
1109 468 1224 536 Dei,
1254 467 1348 524 sed
1377 467 1574 523 clausis
1603 469 1788 522 oculis.
1823 467 1956 522 Male

356 553 583 619 vivendo
611 561 752 616 enim
795 560 978 617 videre
1016 575 1122 614 non
1159 559 1270 614 vult
1293 573 1438 624 eum,
1471 560 1522 613 in
1564 559 1715 630 cujus
1746 558 1962 612 nomine

356 663 611 726 tanquam
633 667 810 708 caecus
828 662 911 707 est
930 651 980 705 in
1002 651 1202 707 lumine
1224 651 1564 714 constitutus,
1590 650 1730 704 nulla
1759 651 1962 705 visione

357 745 475 800 veri
503 744 722 800 luminis
748 743 1034 798 animatus.

757 990 851 1052 IN
881 987 1262 1049 PSALMUM
1306 987 1519 1047 XXVI

907 1174 1304 1230 ENABRATIO
1335 1175 1375 1228 l.

678 1327 792 1400 Ipsi
822 1328 1018 1390 David,
1049 1329 1341 1399 priusquam
1382 1329 1629 1382 (iniretur.

430 1486 481 1541 1.
513 1483 680 1563 [vers.
714 1483 791 1559 1.]
837 1484 963 1542 Tiro
992 1483 1191 1538 Christi
1225 1485 1474 1553 loquitur,
1508 1500 1628 1538 cum
1658 1484 1863 1539 accedit
1887 1485 1953 1538 ad

356 1578 538 1634 Iidem.
571 1577 820 1632 Dominus
845 1577 1150 1631 illuminatio
1172 1593 1282 1629 mea
1301 1587 1347 1628 et
1365 1578 1604 1631 salutaris
1629 1593 1788 1641 meus,
1809 1593 1956 1645 quem

360 1669 591 1726 timebo?
631 1670 888 1724 Dominus
913 1669 1044 1724 mihi
1074 1677 1129 1724 et
1154 1668 1396 1723 notitiam
1424 1668 1504 1722 sui
1527 1677 1580 1722 et
1607 1668 1835 1724 salutem
1864 1668 1958 1721 da-

356 1761 456 1825 bit,
490 1760 609 1830 quis
637 1775 722 1815 me
766 1757 974 1815 auferet
999 1758 1087 1814 ei?
1117 1758 1365 1812 Dominus
1396 1767 1643 1824 protector
1667 1761 1782 1811 vita:
1810 1772 1952 1822 mete,

353 1871 387 1907 α
412 1870 513 1917 quo
553 1851 862 1923 trepidabo?
892 1852 1147 1907 Dominus
1175 1852 1397 1920 repellet
1433 1867 1620 1905 omnes
1651 1852 1879 1921 impetus
1901 1860 1957 1905 et

355 1945 578 2000 insidias
603 1943 775 2013 hostis
798 1945 924 2010 mei,
962 1958 990 1996 a
1021 1943 1168 1998 nullo
1197 1943 1487 2011 trepidabo.

427 2035 483 2088 2.
508 2033 657 2108 [vers.
689 2033 773 2108 2.]
800 2032 934 2088 Dum
971 2033 1384 2120 appropinquant
1410 2050 1562 2105 super
1601 2049 1680 2085 me
1700 2042 1951 2097 nocentes,

355 2135 414 2179 ut
441 2126 593 2181 edant
630 2142 810 2179 carnes
854 2141 990 2178 meas
1022 2139 1042 2178 :
1082 2123 1207 2178 dum
1236 2123 1494 2179 accedunt
1527 2122 1591 2177 ad
1631 2137 1957 2191 cognoscen-

355 2217 484 2271 dum
512 2231 600 2272 me
628 2224 903 2282 nocentes,
935 2223 989 2270 et
1017 2214 1399 2278 insultantium,
1431 2223 1490 2268 ut
1518 2231 1577 2268 se
1606 2213 1734 2266 mihi
1763 2215 1954 2283 prazfe-

359 2318 481 2363 rant
507 2309 730 2363 mutanti
761 2308 780 2340 ι
808 2322 896 2362 me
926 2307 979 2360 in
1023 2308 1248 2372 melius;
1278 2317 1333 2360 ut
1362 2305 1623 2361 maledico
1661 2305 1821 2359 dente
1849 2321 1954 2360 non

358 2417 446 2457 me
489 2408 848 2466 consumant,
882 2397 974 2453 sed
1018 2399 1195 2469 potius
1239 2397 1480 2452 carnalia
1508 2394 1772 2451 desideria
1812 2410 1952 2450 mea.

357 2493 458 2557 Qui
499 2491 746 2545 tribulant
774 2507 854 2544 me
883 2489 1075 2543 inimici
1101 2490 1196 2542 mei
1223 2504 1242 2543 :
1281 2503 1385 2543 non
1413 2488 1586 2542 solum
1626 2487 1716 2558 qui
1747 2503 1831 2541 me
1858 2487 1956 2542 tri-

355 2583 545 2645 liulant
585 2583 759 2637 amico
789 2581 968 2636 animo
1009 2579 1486 2651 reprehendentes,
1525 2588 1581 2634 et
1620 2595 1647 2633 a
1683 2580 1955 2648 proposito

352 2689 611 2736 remeare
643 2673 905 2737 volentes,
939 2671 1033 2726 sed
1078 2671 1238 2727 etiam
1271 2671 1468 2726 inimici
1499 2671 1625 2725 mei.
1661 2669 1772 2739 Ipsi
1808 2669 1957 2738 inﬁr-

353 2765 478 2827 mati
507 2773 640 2831 sunt,
667 2773 712 2817 et
735 2763 1022 2826 ceciderunt
1048 2780 1068 2817 :
1097 2762 1223 2816 dum
1246 2777 1375 2832 ergo
1403 2761 1453 2816 id
1479 2770 1641 2831 agunt
1666 2760 1840 2814 studio
1862 2761 1956 2815 de-

355 2857 608 2914 fendendi
638 2856 957 2920 sententiam
983 2870 1133 2910 suam
1157 2896 1172 2924 ,
1202 2853 1398 2914 inlirmi
1432 2852 1554 2916 lacti
1597 2861 1722 2907 sunt
1744 2850 1811 2905 ad
1837 2865 1955 2906 cre-

352 2950 525 3006 denda
573 2949 827 3014 meliora;
859 2956 914 3003 et
944 2947 1165 3006 verbum
1214 2946 1440 3011 salutis,
1488 2961 1583 3016 per
1627 2944 1770 3015 quod
1820 2943 1955 2998 facio

357 3039 494 3119 quod
521 3041 601 3095 eis
625 3039 894 3116 displicet,
923 3037 1103 3101 odisse
1129 3030 1427 3108 coeperunt.

425 3135 480 3188 3.
511 3132 661 3206 [vers.
691 3127 770 3212 3.]
803 3130 864 3186 Si
891 3131 1168 3191 consistant
1205 3130 1472 3190 adversum
1503 3145 1581 3182 me
1605 3139 1774 3182 castra
1794 3167 1809 3193 ,
1853 3144 1954 3182 non

353 3226 546 3279 timebit
573 3241 662 3278 cor
683 3239 850 3277 meum
875 3238 894 3277 :
921 3222 1177 3276 adversus
1202 3236 1287 3277 me
1311 3230 1487 3274 autem
1511 3221 1554 3274 si
1585 3218 1957 3274 contradicenc

354 3319 485 3374 tium
517 3317 835 3386 conspirans
864 3313 1146 3368 multitudo
1171 3313 1451 3376 consistat,
1495 3327 1599 3366 non
1631 3311 1834 3366 timebit
1860 3327 1954 3365 cor

354 3425 555 3474 meum,
602 3417 658 3461 ut
701 3408 752 3460 in
784 3421 969 3460 eorum
1002 3415 1179 3474 partes
1223 3403 1588 3472 transfugiam.
1626 3401 1687 3456 Si
1725 3403 1953 3471 insurgat

351 3502 404 3553 in
444 3516 523 3553 me
550 3497 758 3561 bellum,
786 3497 841 3549 in
880 3499 975 3548 hac
1009 3512 1101 3566 ego
1135 3495 1346 3564 sperabo
1375 3507 1394 3547 :
1423 3493 1468 3546 si
1512 3502 1761 3562 exsurgat
1787 3492 1838 3545 in
1865 3506 1953 3547 me

355 3589 657 3660 persecutio
685 3588 847 3658 hujus
871 3586 1076 3652 saeculi,
1109 3585 1160 3639 iu
1193 3585 1314 3651 hac,
1346 3599 1507 3655 quam
1535 3585 1710 3655 cogito
1741 3585 1954 3654 petitio-

352 3695 502 3746 nem,
536 3680 692 3752 ligam
723 3693 874 3748 spem
905 3691 1102 3731 meam.

426 3774 482 3830 4.
513 3772 667 3848 [vers.
696 3769 776 3844 4.]
818 3769 984 3826 Unam
1010 3768 1132 3839 petii
1158 3783 1191 3821 a
1225 3767 1462 3831 Domino,
1500 3767 1631 3820 hanc
1658 3766 1909 3838 requiram
1931 3783 1951 3821 :

349 3883 512 3920 unam
555 3864 698 3920 enim
733 3861 1043 3935 petitionem
1075 3861 1201 3931 petii
1248 3875 1278 3914 a
1327 3860 1575 3923 Domino,
1608 3857 1952 3932 hancrequi-

349 3975 486 4015 ram.
525 3958 592 4014 Ut
635 3956 909 4011 inhabilem
951 3955 1005 4008 in
1043 3954 1192 4008 domo
1237 3952 1446 4006 Domini
1473 3969 1645 4006 omnes
1674 3952 1783 4006 dies
1827 3953 1948 4007 vitae

349 4066 520 4107 metu:
546 4060 599 4105 ut
626 4048 880 4122 quamdiu
909 4047 964 4102 in
990 4046 1089 4101 hac
1109 4044 1216 4100 vita
1243 4060 1384 4111 sum,
1415 4044 1574 4098 nullae
1599 4043 1949 4104 adversitates

349 4157 438 4196 me
464 4139 750 4198 excludant
777 4139 846 4195 de
890 4151 1114 4194 numero
1142 4150 1329 4194 eorum
1373 4137 1462 4205 qui
1493 4134 1746 4190 unitatem
1774 4142 1828 4189 et
1857 4150 1949 4189 ve-

349 4234 562 4290 ritatem
594 4230 878 4288 dominica:
921 4228 1043 4284 ﬁdei
1077 4243 1173 4299 per
1214 4227 1401 4283 orbem
1448 4236 1706 4280 terrarum
1740 4234 1946 4282 tenent.
2030 4283 2032 4286 ,

354 4325 424 4380 Ut
455 4321 766 4395 contempler
791 4317 1173 4376 delectationem
1207 4317 1410 4376 Domini
1438 4332 1458 4372 :
1485 4331 1552 4372 eo
1579 4316 1684 4373 line
1721 4317 1944 4385 scilicet,

355 4427 414 4469 nt
443 4417 494 4469 in
524 4414 625 4468 lide
650 4411 1017 4484 perseveranti
1045 4416 1298 4480 appareat
1324 4407 1454 4464 mihi
1479 4407 1687 4478 species
1710 4407 1945 4464 delecta-

350 4509 494 4574 bilis,
527 4521 685 4578 quam
717 4503 851 4560 facie
891 4503 956 4558 ad
986 4502 1170 4557 faciem
1216 4493 1566 4569 contemplor.
1600 4498 1665 4552 Et
1711 4511 1948 4570 protegar

349 4601 594 4671 templum
639 4599 795 4668 ejus:
825 4605 880 4652 et
921 4595 1169 4662 absorpta
1215 4601 1387 4646 morte
1430 4591 1480 4644 in
1512 4589 1808 4655 victoriam,
1840 4590 1944 4644 im-

347 4690 674 4746 mortalitate
699 4687 907 4755 induar,
941 4685 1164 4742 eli’eetus
1193 4684 1446 4754 templum
1468 4683 1605 4753 ejus.

420 4784 474 4838 5.
509 4781 659 4856 [vers.
706 4779 784 4852 5.]
818 4779 1072 4845 Quoniam
1114 4775 1378 4831 abscondit
1424 4792 1502 4828 me
1528 4775 1579 4828 in
1622 4773 1944 4830 tabernaculo

346 4892 442 4931 suo
462 4875 515 4930 in
549 4875 631 4928 die
669 4872 922 4927 malorum
967 4886 1193 4924 meorum
1227 4868 1520 4938 :quoniam
1549 4866 1829 4921 abscondit
1857 4884 1944 4924 me

347 4967 401 5028 in
445 4964 847 5035 diSpensatione
878 4960 1137 5017 incarnati
1175 4957 1329 5014 Verbi
1362 4959 1442 5013 sui
1470 4959 1523 5012 in
1559 4968 1798 5028 tempore
1825 4968 1942 5014 ten-

347 5058 630 5127 tstionum,
660 5054 851 5127 quibus
874 5036 1114 5106 mortalis
1137 5050 1239 5103 vita
1273 5065 1391 5105 mea
1421 5048 1683 5119 subjacet.
1709 5048 1970 5104 Protexit'

343 5167 426 5212 me
467 5150 520 5209 in
549 5146 843 5211 abscondito
875 5142 1187 5200 tabernaculi
1227 5143 1307 5196 sui
1335 5157 1355 5196 :
1385 5143 1614 5212 protexit
1638 5158 1745 5208 me,
1778 5142 1942 5199 corde

341 5241 652 5300 credentem
683 5237 748 5297 ad
775 5236 1030 5313 justitiam
1056 5232 1234 5305 (Rom.
1262 5249 1317 5300 ι,
1353 5231 1464 5305 10).

417 5335 469 5392 6.
492 5330 643 5406 [vers.
668 5327 749 5403 6,]
776 5328 842 5389 In
865 5338 1006 5396 petra
1032 5325 1268 5386 exultavit
1291 5340 1408 5379 me:
1436 5332 1490 5380 et
1519 5332 1574 5378 ut
1600 5323 1938 5380 manifestum

341 5437 506 5481 etiam
539 5423 692 5480 lieret
718 5420 782 5478 ad
816 5420 1040 5477 Salutem
1061 5457 1077 5482 ,
1110 5415 1254 5488 quod
1284 5415 1518 5482 credidi,
1564 5417 1615 5470 in
1645 5431 1737 5470 sua
1771 5415 1931 5471 lirmi-

339 5527 453 5576 tate
479 5516 498 5553 ⁸
530 5512 657 5572 fecit
685 5512 920 5571 eminere
947 5507 1336 5563 confessionem
1363 5522 1558 5576 meam,
1579 5505 1650 5563 Et
1673 5523 1806 5560 nunc
1831 5523 1940 5561 ecce

405 5737 419 5769 ι
449 5740 511 5784 Ita
532 5738 642 5785 κει.
671 5735 728 5781 Αι
745 5725 878 5786 πίω..
1263 5784 1274 5795 ,

399 5798 421 5834 s
447 5800 519 5850 sit:
543 5801 619 5846 ar.
648 5800 702 5844 ct
721 5797 827 5844 I53.
856 5795 913 5838 At
934 5795 1067 5846 μοι’..
1090 5788 1391 5848 inﬁrmitate.

1465 352 1862 408 ENARRATIO
1903 352 1965 406 ΙΝ
2005 352 2323 409 l’SAhMUM
2358 354 2544 410 XXVI.

3551 363 3654 423 193

2070 471 2310 523 exultavit
2345 481 2498 539 caput
2541 489 2706 526 meum
2732 487 2884 543 super
2910 476 3136 531 inimicos
3166 495 3301 533 meos
3325 495 3343 534 :
3368 479 3495 549 qnid
3526 482 3657 536 mihi

2066 570 2244 614 servat
2289 563 2339 615 in
2370 562 2528 617 linem
2555 606 2568 624 ,
2601 565 2814 634 quando
2841 576 2896 621 et
2932 584 3070 624 nunc
3107 585 3227 624 eum
3268 586 3464 641 corpus
3505 589 3655 628 mor-

2080 659 2224 704 tuum
2242 663 2323 706 est
2340 664 2554 726 propter
2567 667 2843 724 peceatum
2875 658 3047 728 (Rom.
3074 677 3187 724 vm,
3208 662 3319 729 i0).
3341 665 3512 719 sentio
3527 677 3656 720 ecce

2070 751 2302 798 mentem
2340 761 2512 800 meam
2539 749 2742 802 servire
2783 749 2883 819 legi
2923 751 3055 816 Dei,
3088 768 3186 807 nec
3228 753 3347 808 duci
3387 757 3653 823 captivam

2066 834 2167 886 sub
2194 835 2486 890 rebellante
2505 838 2620 907 lege
2656 841 2854 908 peccati
2891 840 3000 912 (Id.
3025 858 3117 901 vn.
3152 843 3243 907 9.2,
3278 845 3437 912 etc.)?
3460 843 3656 899 Circui-

2065 930 2141 1010 vi,
2173 940 2217 981 et
2241 930 2497 983 immolavi
2516 932 2566 984 in
2593 932 2918 988 tabernaculo
2939 935 3046 1001 eius
3068 937 3283 990 hostiam
3295 939 3615 1008 jubilattonis
3635 956 3654 993 :

2064 1019 2394 1075 censideravi
2426 1023 2613 1078 orbem
2652 1025 2958 1079 credentem
2993 1027 3044 1079 in
3073 1026 3382 1092 Christum;
3426 1039 3480 1082 et
3507 1029 3558 1084 in
3590 1047 3655 1084 eo

2063 1110 2202 1177 quod
2257 1127 2353 1180 pro
2400 1113 2552 1167 nobis
2601 1116 2963 1185 temporaliter
3003 1117 3143 1171 Deus
3188 1117 3496 1174 humiliatus
3539 1131 3654 1185 est,

2061 1202 2298 1269 gaudens
2342 1203 2547 1258 laudavi
2590 1221 2710 1260 eum
2745 1223 2758 1258 :
2814 1207 2900 1260 tali
2933 1209 3074 1263 enim
3119 1209 3292 1264 hostia
3335 1211 3649 1266 delectatur.

2062 1293 2285 1347 Cantabo
2315 1305 2364 1348 et
2398 1297 2614 1365 psallam
2643 1297 2862 1352 Domino
2886 1314 2906 1350 :
2931 1299 3092 1354 corde
3119 1309 3276 1370 atque
3317 1317 3478 1371 opere
3509 1304 3644 1357 heta-

2063 1386 2161 1439 bor
2187 1388 2237 1440 in
2267 1388 2510 1442 Domino.

2133 1478 2182 1530 7.
2217 1476 2365 1549 [vers.
2401 1478 2476 1553 7.]
2517 1479 2749 1546 Exaudi,
2797 1482 3047 1549 Domine,
3094 1501 3265 1545 vocem
3310 1503 3506 1551 meum,
3553 1503 3650 1558 qua

2059 1569 2275 1622 clamavi
2311 1572 2379 1622 ad
2415 1583 2503 1626 te:
2529 1573 2751 1637 exaudi,
2786 1575 3037 1639 Domine,
3075 1592 3259 1632 vocem
3304 1579 3645 1644 interiorem,

2059 1676 2217 1730 quam
2252 1662 2302 1716 in
2336 1679 2494 1718 aures
2523 1673 2643 1721 tuas
2681 1665 2800 1720 forti
2844 1669 3136 1724 intentione
3173 1669 3365 1725 direxi.
3409 1671 3644 1728 Miserere

2061 1752 2190 1818 mei,
2231 1764 2280 1806 et
2321 1755 2508 1808 exaudi
2555 1773 2634 1810 me
2661 1772 2680 1810 :
2727 1758 2983 1814 miserere
3028 1762 3168 1825 mei,
3216 1770 3271 1816 et
3320 1764 3511 1817 exaudi
3563 1779 3650 1819 me

2059 1857 2113 1895 ιιι
2138 1858 2220 1897 ea.

2132 1934 2186 1990 8.
2217 1933 2366 2008 [vers.
2399 1936 2477 2011 8.]
2518 1937 2634 1992 Tibi
2671 1940 2798 1993 dixit
2839 1957 2927 1994 cor
2961 1959 3128 1995 meum
3154 1958 3174 1997 :
3207 1943 3429 2011 Quaesivi
3459 1945 3650 1999 vultum

2059 2036 2221 2080 tuum.
2254 2027 2366 2082 Non
2399 2031 2539 2084 enim
2570 2031 2874 2086 hominibus
2897 2048 2986 2086 me
3015 2035 3314 2099 ostentavi;
3346 2035 3438 2089 sed
3477 2037 3527 2088 in
3559 2052 3649 2092 se-

2059 2129 2208 2174 creto
2234 2121 2318 2175 ubi
2347 2123 2492 2176 solus
2520 2124 2707 2189 audis,
2755 2125 2845 2178 tibi
2875 2125 3009 2179 dixit
3038 2141 3132 2181 cor
3161 2142 3337 2182 meum
3371 2147 3386 2183 :
3417 2129 3648 2195 Qttmsivi

2059 2224 2164 2263 non
2191 2226 2219 2263 a
2243 2219 2295 2265 te
2316 2211 2530 2281 aliquod
2559 2223 2707 2268 extra
2733 2225 2783 2268 te
2807 2214 3103 2284 prmmium,
3134 2217 3226 2271 scd
3252 2219 3448 2272 vultum
3475 2231 3646 2276 tuum.

2072 2299 2274 2354 Vultum
2308 2313 2479 2367 tuum,
2532 2303 2775 2368 Domine,
2818 2307 3112 2376 requiram:
3156 2307 3278 2362 huic
3324 2310 3648 2378 inquisitioni

2020 2405 2468 2463 .perseveranter
2505 2396 2748 2461 instabo;
2798 2413 2904 2451 non
2945 2399 3086 2452 enim
3132 2400 3235 2454 vile
3279 2401 3508 2469 aliquid,
3553 2404 3646 2457 sed

2059 2488 2262 2542 vultum
2295 2498 2476 2556 tuum,
2521 2490 2775 2554 Domine,
2820 2492 3088 2558 requiram
3111 2533 3128 2556 ,
3159 2501 3216 2546 ut
3239 2494 3404 2563 gratis
3432 2506 3481 2551 te
3522 2497 3649 2552 dili-

2057 2594 2196 2648 gam,
2231 2580 2351 2648 quia
2382 2581 2673 2649 pretiosius
2699 2582 2897 2651 aliquid
2927 2598 3029 2638 non
3060 2584 3292 2640 invenio.

2130 2672 2180 2726 9.
2216 2670 2366 2743 [vers.
2400 2671 2478 2745 9.]
2508 2672 2590 2726 Ne
2609 2685 2808 2728 avertas
2856 2675 3048 2729 smitam
3079 2685 3218 2730 tuum
3245 2697 3275 2731 ιι
3302 2697 3380 2732 me
3421 2697 3439 2734 :
3467 2691 3523 2735 ut
3573 2683 3653 2737 in-

2057 2765 2265 2817 veniam
2295 2765 2436 2836 quod
2474 2783 2678 2837 quaero.
2723 2767 2808 2822 Ne
2835 2770 3055 2824 declines
3095 2772 3146 2825 in
3175 2773 3254 2826 ira
3290 2791 3321 2826 a
3346 2791 3488 2830 servo
3518 2787 3604 2830 tuo
3632 2793 3651 2830 :

2058 2871 2126 2910 ne
2156 2865 2208 2910 te
2234 2871 2515 2926 quzerens.
2562 2858 2612 2912 in
2657 2860 2799 2915 aliud
2846 2861 3133 2917 incurram.
3181 2865 3316 2934 Quid
3364 2869 3506 2922 enim
3551 2869 3650 2926 hac

2057 2961 2215 3016 paena
2259 2949 2474 3018 gravius
2510 2951 2708 3006 amanti
2752 2959 2808 3007 et
2843 2955 3103 3022 quaerenti
3149 2959 3427 3014 veritatem
3471 2960 3649 3015 vultus

2060 3039 2175 3094 tui?
2201 3039 2422 3111 Adjutor
2447 3057 2585 3096 meus
2613 3052 2716 3096 esto
2739 3059 2760 3097 :
2788 3046 3002 3114 quando
3039 3044 3176 3102 hanc
3216 3047 3515 3116 inveniam,
3547 3053 3648 3109 nisi

2060 3142 2114 3183 tu
2141 3130 2396 3201 adjuves?
2429 3131 2512 3188 Ne
2541 3134 2860 3204 derelinquas
2899 3154 3010 3203 me,
3051 3155 3209 3208 neque
3246 3142 3495 3213 despicias
3533 3162 3646 3208 me.

2057 3224 2199 3275 Deus
2227 3222 2468 3276 salutaris
2496 3240 2634 3277 meus
2657 3238 2675 3277 :
2704 3241 2876 3295 neque
2903 3237 3216 3283 contemnas
3238 3231 3380 3303 quod
3408 3235 3649 3290 mortalis

2058 3322 2315 3367 arternum
2355 3314 2514 3368 audct
2555 3314 2852 3384 inquirere;
2887 3325 2941 3371 tu
2981 3319 3123 3373 enim
3167 3321 3306 3376 Deus
3334 3337 3492 3378 sanas
3531 3325 3647 3394 pla-

2057 3419 2176 3474 gam
2208 3405 2406 3474 peccati
2436 3406 2560 3459 mei.

2131 3495 2218 3551 i0.
2252 3494 2401 3568 [vers.
2437 3494 2549 3570 10.]
2583 3497 2836 3563 Quoniam
2871 3509 3014 3570 pater
3064 3518 3204 3556 meus
3241 3512 3290 3557 et
3335 3512 3494 3557 mater
3534 3521 3646 3558 mea

2057 3584 2427 3655 dereliquerunt
2470 3602 2587 3641 me:
2612 3589 2863 3657 quoniam
2909 3606 3129 3660 regnum
3172 3595 3350 3648 szeculi
3390 3594 3550 3663 hujus
3590 3605 3646 3652 et

2055 3676 2240 3729 civitas
2267 3677 2445 3730 sarculi
2479 3676 2655 3748 hujus,
2689 3695 2753 3733 ex
2793 3681 2985 3750 quibus
3016 3684 3379 3752 temporaliter
3404 3695 3461 3740 et
3496 3702 3643 3743 mor-

2056 3766 2236 3822 taliter
2263 3780 2422 3821 natus
2450 3783 2566 3822 sum
2588 3809 2604 3836 ,
2635 3767 3034 3840 dereliquerunt
3065 3789 3148 3826 tne
3186 3787 3514 3843 qumreutem
3555 3787 3640 3842 te,

2056 3867 2111 3911 et
2160 3858 2545 3928 despicientem
2593 3876 2711 3930 qua:
2762 3862 3174 3930 promittebant,
3221 3880 3342 3920 cum
3398 3865 3448 3920 id
3502 3869 3644 3938 quod

2054 3967 2237 4021 quan-0
2264 3950 2391 4004 dare
2433 3967 2538 4005 non
2581 3962 2816 4022 possent.
2866 3951 3116 4006 Dominus
3161 3965 3330 4010 autent
3370 3960 3645 4028 assumpsit

2053 4057 2173 4096 me:
2207 4041 2458 4096 Dominus
2482 4053 2695 4109 autem,
2733 4044 2823 4114 qui
2863 4054 3038 4114 potest
3080 4046 3194 4113 ipse
3221 4046 3351 4103 dare
3389 4049 3517 4103 mihi
3545 4065 3639 4115 se,

2052 4133 2340 4202 assumpsit
2367 4146 2471 4186 me.

2125 4225 2212 4279 Η.
2243 4223 2394 4298 [vers.
2429 4222 2541 4298 IL]
2571 4222 2755 4296 Legem
2808 4225 2935 4279 mihi
2985 4226 3264 4294 constitue,
3297 4226 3541 4291 Domine.
3588 4232 3642 4284 in

2052 4317 2132 4371 via
2160 4325 2288 4370 tua:
2316 4315 2383 4369 ad
2414 4322 2466 4370 te
2505 4314 2663 4386 igitur
2701 4316 2970 4384 tendenti,
3010 4325 3065 4373 et
3106 4327 3305 4373 tantam
3347 4322 3640 4390 professio-

2053 4423 2174 4461 nem
2201 4406 2540 4478 perveniendi
2570 4406 2635 4460 ad
2671 4408 2987 4476 sapientiam
3017 4423 3046 4460 a
3081 4396 3271 4464 timore
3299 4410 3566 4465 inchoanti
3597 4413 3638 4480 ί,

2051 4501 2220 4571 legem
2249 4499 2379 4554 mihi
2427 4501 2721 4564 constitue,
2750 4500 2970 4555 Domine
2989 4540 3005 4566 ,
3040 4501 3092 4556 in
3123 4503 3205 4558 via
3234 4512 3319 4557 tua
3341 4545 3355 4567 ,
3388 4520 3455 4560 ne
3479 4506 3639 4562 aber-

2049 4601 2255 4648 rantem
2283 4592 2563 4662 disciplina
2595 4603 2681 4646 tua
2719 4591 2952 4648 deserat.
2985 4592 3050 4647 Et
3076 4594 3238 4666 dirige
3264 4610 3343 4650 me
3370 4596 3423 4651 in
3461 4598 3640 4652 semita

2048 4693 2186 4737 recta
2224 4692 2429 4753 propter
2455 4683 2685 4736 inimicos
2711 4700 2847 4738 meos
2871 4698 2891 4738 :
2915 4692 2968 4738 et
3001 4682 3168 4756 dirige
3206 4701 3292 4740 me
3337 4687 3389 4742 in
3422 4687 3642 4743 rectitu-

2050 4775 2174 4830 dine
2204 4775 2565 4846 angustiarum
2611 4774 2761 4844 ejus;
2795 4791 2899 4831 non
2930 4775 3071 4829 enim
3111 4776 3363 4832 inchoare
3401 4777 3598 4834 sufllcit
3621 4818 3638 4842 .

2049 4882 2169 4922 cum
2203 4865 2432 4930 inimici,
2466 4865 2638 4920 donec
2666 4866 3028 4934 perveniatur,
3059 4869 3163 4920 non
3195 4867 3490 4937 quiescant.

2120 4958 2208 5014 12.
2236 4955 2386 5031 [vers.
2419 4955 2532 5030 12.]
2564 4955 2647 5011 Ne
2671 4958 2942 5011 tradideris
2971 4973 3051 5012 me
3077 4958 3129 5010 in
3166 4959 3362 5013 animas
3391 4959 3640 5014 tribulan-

2050 5052 2174 5105 tium
2200 5067 2278 5104 me
2307 5064 2326 5104 :
2353 5065 2421 5105 ne
2466 5050 2610 5104 sinas
2654 5050 2971 5104 tribulantes
3015 5065 3100 5103 me
3144 5049 3328 5104 satiari
3373 5050 3440 5106 de
3478 5052 3636 5106 malis

2048 5142 2201 5196 meis.
2235 5141 2486 5204 Quoniam
2523 5140 2906 5194 insurrexerunt
2931 5139 3056 5193 mihi
3095 5148 3240 5195 testes
3267 5140 3471 5212 iniqui:
3496 5159 3632 5211 quo-

2048 5233 2188 5288 niam
2220 5227 2624 5286 insurrexerunt
2668 5230 2718 5283 in
2765 5246 2850 5284 me
2878 5229 3008 5284 falsa
3038 5229 3106 5285 de
3149 5245 3237 5286 me
3279 5230 3538 5296 dicentes,
3568 5231 3635 5285 ad

2046 5324 2398 5380 amovendum
2425 5331 2480 5378 et
2508 5321 2862 5378 revocandum
2893 5336 2980 5376 me
3003 5320 3099 5376 abs
3125 5329 3199 5388 te,
3230 5321 3381 5391 quasi
3409 5322 3632 5392 gloriam

2044 5417 2112 5470 ab
2155 5413 2455 5469 hominibus
2485 5427 2742 5483 quarram.
2787 5409 2858 5464 Et
2899 5411 3106 5465 mentita
3144 5420 3218 5466 est
3253 5411 3491 5482 iniquitas
3517 5411 3631 5466 sibi.

2107 5659 2124 5688 ¹
2150 5655 2265 5728 an.
2290 5651 2581 5728 ριριφτίίιμε
2600 5659 2730 5728 κει-,ν
2755 5659 2800 5704 ει
2823 5653 2888 5725 σει
2907 5652 3451 5728 tuam-mth
3471 5666 3636 5728 tem-

2043 5717 2212 5778 nientt',
2235 5717 2300 5766 ad
2322 5714 2602 5774 sapient—iam
2627 5729 2656 5763 a
2680 5714 2849 5766 timore
2870 5714 3132 5778 inchoasti.
3156 5714 3248 5766 Nee
3260 5717 3398 5777 juxta
3419 5714 3634 5767 ωιυεη.

2043 5788 2150 5840 ιιι..
2195 5786 2239 5829 et
2264 5785 2442 5828 lautam
2465 5777 2803 5842 professionem
2825 5777 3149 5844 perveniendi,
3179 5786 3276 5832 etc.
