  <div class='ocr_page' id='page_1' title='image "/cluster/home/n/w/nwhite01/storage/ocr_20150623/36/umn.319510024773307/109.png"; bbox 0 0 4008 6322; ppageno 0'>
   <div class='ocr_carea' id='block_1_1' title="bbox 462 364 563 420">
    <p class='ocr_par' dir='ltr' id='par_1_1' title="bbox 462 364 563 420">
     <span class='ocr_line' id='line_1_1' title="bbox 462 364 563 420; baseline 0.01 -1"><span class='ocrx_word' id='word_1_1' title='bbox 462 364 563 420; x_wconf 64' lang='grc'><strong>199</strong></span> 
     </span>
    </p>
   </div>
   <div class='ocr_carea' id='block_1_2' title="bbox 458 449 2056 540">
    <p class='ocr_par' dir='ltr' id='par_1_2' title="bbox 458 449 2056 540">
     <span class='ocr_line' id='line_1_2' title="bbox 458 449 2056 540; baseline -0.019 -9"><span class='ocrx_word' id='word_1_2' title='bbox 458 481 640 540; x_wconf 82' lang='lat' dir='ltr'><strong>Itaque</strong></span> <span class='ocrx_word' id='word_1_3' title='bbox 670 464 920 535; x_wconf 73' lang='lat' dir='ltr'><strong>iniquitas</strong></span> <span class='ocrx_word' id='word_1_4' title='bbox 947 457 1227 514; x_wconf 88' lang='lat' dir='ltr'><strong>mendacio</strong></span> <span class='ocrx_word' id='word_1_5' title='bbox 1252 469 1350 509; x_wconf 87' lang='lat' dir='ltr'><strong>suo</strong></span> <span class='ocrx_word' id='word_1_6' title='bbox 1388 454 1647 507; x_wconf 87' lang='lat' dir='ltr'><strong>delectata</strong></span> <span class='ocrx_word' id='word_1_7' title='bbox 1675 460 1776 504; x_wconf 87' lang='lat' dir='ltr'><strong>est.</strong></span> <span class='ocrx_word' id='word_1_8' title='bbox 1810 449 1939 502; x_wconf 78' lang='lat' dir='ltr'><strong>Nam</strong></span> <span class='ocrx_word' id='word_1_9' title='bbox 1970 462 2056 501; x_wconf 89' lang='lat' dir='ltr'><strong>me</strong></span> 
     </span>
    </p>
   </div>
   <div class='ocr_carea' id='block_1_3' title="bbox 462 538 2058 621">
    <p class='ocr_par' dir='ltr' id='par_1_3' title="bbox 462 538 2058 621">
     <span class='ocr_line' id='line_1_3' title="bbox 462 538 2058 621; baseline -0.017 -5"><span class='ocrx_word' id='word_1_10' title='bbox 462 538 566 616; x_wconf 72' lang='lat' dir='ltr'><strong>non</strong></span> <span class='ocrx_word' id='word_1_11' title='bbox 594 558 780 621; x_wconf 85' lang='lat' dir='ltr'><strong>movit,</strong></span> <span class='ocrx_word' id='word_1_12' title='bbox 810 555 895 609; x_wconf 83' lang='lat' dir='ltr'><strong>cui</strong></span> <span class='ocrx_word' id='word_1_13' title='bbox 932 567 999 607; x_wconf 77' lang='lat' dir='ltr'><strong>es</strong></span> <span class='ocrx_word' id='word_1_14' title='bbox 1028 550 1130 604; x_wconf 84' lang='lat' dir='ltr'><strong>hoc</strong></span> <span class='ocrx_word' id='word_1_15' title='bbox 1169 546 1431 618; x_wconf 88' lang='lat' dir='ltr'><strong>promissa</strong></span> <span class='ocrx_word' id='word_1_16' title='bbox 1457 554 1540 598; x_wconf 85' lang='lat' dir='ltr'><strong>est</strong></span> <span class='ocrx_word' id='word_1_17' title='bbox 1569 556 1777 597; x_wconf 85' lang='lat' dir='ltr'><strong>merces</strong></span> <span class='ocrx_word' id='word_1_18' title='bbox 1806 542 1978 607; x_wconf 82' lang='lat' dir='ltr'><strong>major</strong></span> <span class='ocrx_word' id='word_1_19' title='bbox 2004 538 2058 590; x_wconf 91' lang='lat' dir='ltr'><strong>in</strong></span> 
     </span>
    </p>
   </div>
   <div class='ocr_carea' id='block_1_4' title="bbox 461 654 637 709">
    <p class='ocr_par' dir='ltr' id='par_1_4' title="bbox 461 654 637 709">
     <span class='ocr_line' id='line_1_4' title="bbox 461 654 637 709; baseline -0.028 -2"><span class='ocrx_word' id='word_1_20' title='bbox 461 654 637 709; x_wconf 76' lang='lat' dir='ltr'><strong>cmlis.</strong></span> 
     </span>
    </p>
   </div>
   <div class='ocr_carea' id='block_1_5' title="bbox 536 719 2061 812">
    <p class='ocr_par' dir='ltr' id='par_1_5' title="bbox 536 719 2061 812">
     <span class='ocr_line' id='line_1_5' title="bbox 536 719 2061 812; baseline -0.018 -15"><span class='ocrx_word' id='word_1_21' title='bbox 536 743 623 797; x_wconf 71' lang='lat'><strong>1&#39;5.</strong></span> <span class='ocrx_word' id='word_1_22' title='bbox 652 738 804 812; x_wconf 85' lang='lat' dir='ltr'><strong>[vers.</strong></span> <span class='ocrx_word' id='word_1_23' title='bbox 851 732 964 805; x_wconf 75' lang='lat'><strong>15.]</strong></span> <span class='ocrx_word' id='word_1_24' title='bbox 992 730 1153 787; x_wconf 80' lang='lat' dir='ltr'><strong>Credo</strong></span> <span class='ocrx_word' id='word_1_25' title='bbox 1202 728 1369 781; x_wconf 86' lang='lat' dir='ltr'><strong>videre</strong></span> <span class='ocrx_word' id='word_1_26' title='bbox 1408 726 1538 779; x_wconf 89' lang='lat' dir='ltr'><strong>bona</strong></span> <span class='ocrx_word' id='word_1_27' title='bbox 1564 721 1793 786; x_wconf 78' lang='lat' dir='ltr'><strong>Domini,</strong></span> <span class='ocrx_word' id='word_1_28' title='bbox 1832 719 1887 771; x_wconf 90' lang='lat' dir='ltr'><strong>in</strong></span> <span class='ocrx_word' id='word_1_29' title='bbox 1927 728 2061 771; x_wconf 85' lang='lat' dir='ltr'><strong>terra</strong></span> 
     </span>
    </p>
   </div>
   <div class='ocr_carea' id='block_1_6' title="bbox 463 809 2060 895">
    <p class='ocr_par' dir='ltr' id='par_1_6' title="bbox 463 809 2060 895">
     <span class='ocr_line' id='line_1_6' title="bbox 463 809 2060 895; baseline -0.018 -8"><span class='ocrx_word' id='word_1_30' title='bbox 463 809 728 887; x_wconf 72' lang='lat' dir='ltr'><strong>viventium</strong></span> <span class='ocrx_word' id='word_1_31' title='bbox 761 845 779 884; x_wconf 90' lang='lat'><strong><em>:</em></strong></span> <span class='ocrx_word' id='word_1_32' title='bbox 807 837 860 881; x_wconf 90' lang='lat' dir='ltr'><strong>et</strong></span> <span class='ocrx_word' id='word_1_33' title='bbox 889 824 1140 895; x_wconf 74' lang='lat' dir='ltr'><strong>quoidam</strong></span> <span class='ocrx_word' id='word_1_34' title='bbox 1166 821 1280 874; x_wconf 71' lang='lat' dir='ltr'><strong>lucc</strong></span> <span class='ocrx_word' id='word_1_35' title='bbox 1310 818 1455 887; x_wconf 91' lang='lat' dir='ltr'><strong>prior</strong></span> <span class='ocrx_word' id='word_1_36' title='bbox 1483 828 1671 884; x_wconf 87' lang='lat' dir='ltr'><strong>passus</strong></span> <span class='ocrx_word' id='word_1_37' title='bbox 1690 824 1773 867; x_wconf 73' lang='lat' dir='ltr'><strong>eet</strong></span> <span class='ocrx_word' id='word_1_38' title='bbox 1802 809 2060 865; x_wconf 87' lang='lat' dir='ltr'><strong>Dominus</strong></span> 
     </span>
    </p>
   </div>
   <div class='ocr_carea' id='block_1_7' title="bbox 465 902 2060 989">
    <p class='ocr_par' dir='ltr' id='par_1_7' title="bbox 465 902 2060 989">
     <span class='ocr_line' id='line_1_7' title="bbox 465 902 2060 989; baseline -0.016 -11"><span class='ocrx_word' id='word_1_39' title='bbox 465 940 650 986; x_wconf 77' lang='lat' dir='ltr'><strong>ttlL‘US;</strong></span> <span class='ocrx_word' id='word_1_40' title='bbox 700 922 743 973; x_wconf 90' lang='lat' dir='ltr'><strong>si</strong></span> <span class='ocrx_word' id='word_1_41' title='bbox 785 934 884 989; x_wconf 86' lang='lat' dir='ltr'><strong>ego</strong></span> <span class='ocrx_word' id='word_1_42' title='bbox 927 928 1141 985; x_wconf 86' lang='lat' dir='ltr'><strong>quoque</strong></span> <span class='ocrx_word' id='word_1_43' title='bbox 1190 912 1393 979; x_wconf 78' lang='lat' dir='ltr'><strong>linguas</strong></span> <span class='ocrx_word' id='word_1_44' title='bbox 1439 905 1778 961; x_wconf 88' lang='lat' dir='ltr'><strong>morientium</strong></span> <span class='ocrx_word' id='word_1_45' title='bbox 1824 902 2060 954; x_wconf 77' lang='lat' dir='ltr'><strong>‘eonte-</strong></span> 
     </span>
    </p>
   </div>
   <div class='ocr_carea' id='block_1_8' title="bbox 466 988 2058 1077">
    <p class='ocr_par' dir='ltr' id='par_1_8' title="bbox 466 988 2058 1077">
     <span class='ocr_line' id='line_1_8' title="bbox 466 988 2058 1077; baseline -0.016 -9"><span class='ocrx_word' id='word_1_46' title='bbox 466 1029 643 1068; x_wconf 85' lang='lat' dir='ltr'><strong>mnam</strong></span> <span class='ocrx_word' id='word_1_47' title='bbox 680 1012 774 1077; x_wconf 81' lang='lat' dir='ltr'><strong>(Os</strong></span> <span class='ocrx_word' id='word_1_48' title='bbox 800 1009 942 1063; x_wconf 89' lang='lat' dir='ltr'><strong>enim</strong></span> <span class='ocrx_word' id='word_1_49' title='bbox 969 1004 1109 1075; x_wconf 82' lang='lat' dir='ltr'><strong>quod</strong></span> <span class='ocrx_word' id='word_1_50' title='bbox 1139 1002 1391 1056; x_wconf 91' lang='lat' dir='ltr'><strong>mentitur</strong></span> <span class='ocrx_word' id='word_1_51' title='bbox 1419 996 1612 1051; x_wconf 83' lang='lat' dir='ltr'><strong>occidit</strong></span> <span class='ocrx_word' id='word_1_52' title='bbox 1640 994 1873 1047; x_wconf 85' lang='lat' dir='ltr'><strong>animam</strong></span> <span class='ocrx_word' id='word_1_53' title='bbox 1902 988 2058 1063; x_wconf 80' lang='lat' dir='ltr'><strong>[Sap.</strong></span> 
     </span>
    </p>
   </div>
   <div class='ocr_carea' id='block_1_9' title="bbox 472 1085 2060 1177">
    <p class='ocr_par' dir='ltr' id='par_1_9' title="bbox 472 1085 2060 1177">
     <span class='ocr_line' id='line_1_9' title="bbox 472 1085 2060 1177; baseline -0.016 -17"><span class='ocrx_word' id='word_1_54' title='bbox 472 1126 507 1163; x_wconf 83' lang='grc' dir='ltr'><strong>ι.</strong></span> <span class='ocrx_word' id='word_1_55' title='bbox 543 1105 676 1177; x_wconf 70' lang='lat' dir='ltr'><strong>HD,</strong></span> <span class='ocrx_word' id='word_1_56' title='bbox 706 1101 855 1155; x_wconf 78' lang='lat' dir='ltr'><strong>credo</strong></span> <span class='ocrx_word' id='word_1_57' title='bbox 900 1098 1064 1152; x_wconf 85' lang='lat' dir='ltr'><strong>videre</strong></span> <span class='ocrx_word' id='word_1_58' title='bbox 1097 1097 1225 1149; x_wconf 84' lang='lat' dir='ltr'><strong>bona</strong></span> <span class='ocrx_word' id='word_1_59' title='bbox 1258 1092 1463 1147; x_wconf 81' lang='lat' dir='ltr'><strong>Domini</strong></span> <span class='ocrx_word' id='word_1_60' title='bbox 1490 1090 1544 1143; x_wconf 89' lang='lat' dir='ltr'><strong>in</strong></span> <span class='ocrx_word' id='word_1_61' title='bbox 1588 1099 1723 1142; x_wconf 82' lang='lat' dir='ltr'><strong>terra</strong></span> <span class='ocrx_word' id='word_1_62' title='bbox 1752 1085 2019 1139; x_wconf 70' lang='lat' dir='ltr'><strong>viventium</strong></span> <span class='ocrx_word' id='word_1_63' title='bbox 2040 1125 2060 1149; x_wconf 85' lang='lat'><strong>,</strong></span> 
     </span>
    </p>
   </div>
   <div class='ocr_carea' id='block_1_10' title="bbox 467 1188 1324 1252">
    <p class='ocr_par' dir='ltr' id='par_1_10' title="bbox 467 1188 1324 1252">
     <span class='ocr_line' id='line_1_10' title="bbox 467 1188 1324 1252; baseline -0.016 -1"><span class='ocrx_word' id='word_1_64' title='bbox 467 1199 556 1252; x_wconf 85' lang='lat' dir='ltr'><strong>ubi</strong></span> <span class='ocrx_word' id='word_1_65' title='bbox 589 1197 763 1251; x_wconf 92' lang='lat' dir='ltr'><strong>nullus</strong></span> <span class='ocrx_word' id='word_1_66' title='bbox 788 1203 871 1249; x_wconf 82' lang='lat' dir='ltr'><strong>est</strong></span> <span class='ocrx_word' id='word_1_67' title='bbox 911 1189 1123 1245; x_wconf 74' lang='lat' dir='ltr'><strong>falsitati</strong></span> <span class='ocrx_word' id='word_1_68' title='bbox 1156 1188 1324 1241; x_wconf 90' lang='lat' dir='ltr'><strong>locus.</strong></span> 
     </span>
    </p>
   </div>
   <div class='ocr_carea' id='block_1_11' title="bbox 544 1268 2067 1358">
    <p class='ocr_par' dir='ltr' id='par_1_11' title="bbox 544 1268 2067 1358">
     <span class='ocr_line' id='line_1_11' title="bbox 544 1268 2067 1358; baseline -0.016 -17"><span class='ocrx_word' id='word_1_69' title='bbox 544 1289 630 1341; x_wconf 72' lang='grc' dir='ltr'><strong>Η.</strong></span> <span class='ocrx_word' id='word_1_70' title='bbox 678 1285 830 1358; x_wconf 84' lang='lat' dir='ltr'><strong>[vers.</strong></span> <span class='ocrx_word' id='word_1_71' title='bbox 867 1279 980 1354; x_wconf 63' lang='lat'><strong>14.]</strong></span> <span class='ocrx_word' id='word_1_72' title='bbox 1018 1279 1225 1335; x_wconf 79' lang='lat' dir='ltr'><strong>Sustine</strong></span> <span class='ocrx_word' id='word_1_73' title='bbox 1263 1274 1561 1336; x_wconf 86' lang='lat' dir='ltr'><strong>Dominum,</strong></span> <span class='ocrx_word' id='word_1_74' title='bbox 1594 1268 1805 1323; x_wconf 80' lang='lat' dir='ltr'><strong>viriliter</strong></span> <span class='ocrx_word' id='word_1_75' title='bbox 1842 1282 1940 1338; x_wconf 80' lang='lat' dir='ltr'><strong>age</strong></span> <span class='ocrx_word' id='word_1_76' title='bbox 1972 1280 1991 1319; x_wconf 87' lang='lat'><strong><em>:</em></strong></span> <span class='ocrx_word' id='word_1_77' title='bbox 2019 1271 2067 1317; x_wconf 77' lang='lat' dir='ltr'><strong>et</strong></span> 
     </span>
    </p>
   </div>
   <div class='ocr_carea' id='block_1_12' title="bbox 468 1356 2068 1449">
    <p class='ocr_par' dir='ltr' id='par_1_12' title="bbox 468 1356 2068 1449">
     <span class='ocr_line' id='line_1_12' title="bbox 468 1356 2068 1449; baseline -0.016 -16"><span class='ocrx_word' id='word_1_78' title='bbox 468 1356 775 1449; x_wconf 71' lang='lat' dir='ltr'><strong>confortetur</strong></span> <span class='ocrx_word' id='word_1_79' title='bbox 800 1382 1063 1436; x_wconf 86' lang='lat' dir='ltr'><strong>cortuum,</strong></span> <span class='ocrx_word' id='word_1_80' title='bbox 1094 1379 1140 1423; x_wconf 85' lang='lat' dir='ltr'><strong>et</strong></span> <span class='ocrx_word' id='word_1_81' title='bbox 1166 1368 1355 1421; x_wconf 88' lang='lat' dir='ltr'><strong>sustine</strong></span> <span class='ocrx_word' id='word_1_82' title='bbox 1385 1363 1681 1418; x_wconf 86' lang='lat' dir='ltr'><strong>Dominum.</strong></span> <span class='ocrx_word' id='word_1_83' title='bbox 1712 1359 1821 1415; x_wconf 85' lang='lat' dir='ltr'><strong>Sed</strong></span> <span class='ocrx_word' id='word_1_84' title='bbox 1853 1356 2068 1427; x_wconf 81' lang='lat' dir='ltr'><strong>quando</strong></span> 
     </span>
    </p>
   </div>
   <div class='ocr_carea' id='block_1_13' title="bbox 472 1450 2063 1525">
    <p class='ocr_par' dir='ltr' id='par_1_13' title="bbox 472 1450 2063 1525">
     <span class='ocr_line' id='line_1_13' title="bbox 472 1450 2063 1525; baseline -0.014 -2"><span class='ocrx_word' id='word_1_85' title='bbox 472 1472 611 1525; x_wconf 76' lang='lat' dir='ltr'><strong>istud</strong></span> <span class='ocrx_word' id='word_1_86' title='bbox 639 1469 777 1523; x_wconf 84' lang='lat' dir='ltr'><strong>erit?</strong></span> <span class='ocrx_word' id='word_1_87' title='bbox 804 1465 1041 1521; x_wconf 76' lang='lat' dir='ltr'><strong>Arduum</strong></span> <span class='ocrx_word' id='word_1_88' title='bbox 1074 1473 1157 1518; x_wconf 90' lang='lat' dir='ltr'><strong>est</strong></span> <span class='ocrx_word' id='word_1_89' title='bbox 1201 1457 1435 1521; x_wconf 79' lang='lat' dir='ltr'><strong>mortali,</strong></span> <span class='ocrx_word' id='word_1_90' title='bbox 1470 1456 1678 1509; x_wconf 87' lang='lat' dir='ltr'><strong>tardum</strong></span> <span class='ocrx_word' id='word_1_91' title='bbox 1710 1462 1793 1507; x_wconf 89' lang='lat' dir='ltr'><strong>est</strong></span> <span class='ocrx_word' id='word_1_92' title='bbox 1816 1450 2015 1505; x_wconf 80' lang='lat' dir='ltr'><strong>amanti</strong></span> <span class='ocrx_word' id='word_1_93' title='bbox 2050 1465 2063 1500; x_wconf 90' lang='lat'><strong>:</strong></span> 
     </span>
    </p>
   </div>
   <div class='ocr_carea' id='block_1_14' title="bbox 469 1537 2068 1618">
    <p class='ocr_par' dir='ltr' id='par_1_14' title="bbox 469 1537 2068 1618">
     <span class='ocr_line' id='line_1_14' title="bbox 469 1537 2068 1618; baseline -0.015 0"><span class='ocrx_word' id='word_1_94' title='bbox 469 1564 565 1618; x_wconf 80' lang='lat' dir='ltr'><strong>sed</strong></span> <span class='ocrx_word' id='word_1_95' title='bbox 592 1562 713 1615; x_wconf 88' lang='lat' dir='ltr'><strong>audi</strong></span> <span class='ocrx_word' id='word_1_96' title='bbox 741 1576 843 1612; x_wconf 87' lang='lat' dir='ltr'><strong>non</strong></span> <span class='ocrx_word' id='word_1_97' title='bbox 873 1558 1109 1611; x_wconf 75' lang='lat' dir='ltr'><strong>fallacem</strong></span> <span class='ocrx_word' id='word_1_98' title='bbox 1130 1568 1321 1607; x_wconf 85' lang='lat' dir='ltr'><strong>.vocem</strong></span> <span class='ocrx_word' id='word_1_99' title='bbox 1345 1549 1575 1604; x_wconf 84' lang='lat' dir='ltr'><strong>dicentis</strong></span> <span class='ocrx_word' id='word_1_100' title='bbox 1604 1566 1616 1600; x_wconf 92' lang='lat'><strong>:</strong></span> <span class='ocrx_word' id='word_1_101' title='bbox 1640 1537 1861 1601; x_wconf 35' lang='lat' dir='ltr'><strong>‘Snstine</strong></span> <span class='ocrx_word' id='word_1_102' title='bbox 1891 1542 2068 1597; x_wconf 86' lang='lat' dir='ltr'><strong>Domi-</strong></span> 
     </span>
    </p>
   </div>
   <div class='ocr_carea' id='block_1_15' title="bbox 472 1636 2070 1711">
    <p class='ocr_par' dir='ltr' id='par_1_15' title="bbox 472 1636 2070 1711">
     <span class='ocr_line' id='line_1_15' title="bbox 472 1636 2070 1711; baseline -0.016 0"><span class='ocrx_word' id='word_1_103' title='bbox 472 1673 616 1711; x_wconf 70' lang='lat' dir='ltr'><strong>nam.</strong></span> <span class='ocrx_word' id='word_1_104' title='bbox 647 1655 839 1708; x_wconf 89' lang='lat' dir='ltr'><strong>Tolera</strong></span> <span class='ocrx_word' id='word_1_105' title='bbox 883 1650 1144 1705; x_wconf 77' lang='lat' dir='ltr'><strong>ustionem</strong></span> <span class='ocrx_word' id='word_1_106' title='bbox 1194 1659 1382 1699; x_wconf 89' lang='lat' dir='ltr'><strong>renum</strong></span> <span class='ocrx_word' id='word_1_107' title='bbox 1428 1642 1675 1701; x_wconf 88' lang='lat' dir='ltr'><strong>viriliter,</strong></span> <span class='ocrx_word' id='word_1_108' title='bbox 1721 1646 1775 1692; x_wconf 90' lang='lat' dir='ltr'><strong>et</strong></span> <span class='ocrx_word' id='word_1_109' title='bbox 1806 1636 2070 1690; x_wconf 85' lang='lat' dir='ltr'><strong>ustionem</strong></span> 
     </span>
    </p>
   </div>
   <div class='ocr_carea' id='block_1_16' title="bbox 418 1729 2070 1805">
    <p class='ocr_par' dir='ltr' id='par_1_16' title="bbox 418 1729 2070 1805">
     <span class='ocr_line' id='line_1_16' title="bbox 418 1729 2070 1805; baseline -0.014 -4"><span class='ocrx_word' id='word_1_110' title='bbox 418 1760 419 1763; x_wconf 81' lang='lat'>‘</span> <span class='ocrx_word' id='word_1_111' title='bbox 472 1746 654 1801; x_wconf 74' lang='lat' dir='ltr'><strong>cordis</strong></span> <span class='ocrx_word' id='word_1_112' title='bbox 687 1745 891 1799; x_wconf 77' lang='lat' dir='ltr'><strong>fortiter</strong></span> <span class='ocrx_word' id='word_1_113' title='bbox 921 1761 935 1796; x_wconf 90' lang='lat'><strong>:</strong></span> <span class='ocrx_word' id='word_1_114' title='bbox 964 1755 1070 1795; x_wconf 90' lang='lat' dir='ltr'><strong>non</strong></span> <span class='ocrx_word' id='word_1_115' title='bbox 1121 1738 1214 1792; x_wconf 87' lang='lat' dir='ltr'><strong>tibi</strong></span> <span class='ocrx_word' id='word_1_116' title='bbox 1245 1744 1493 1805; x_wconf 76' lang='lat' dir='ltr'><strong>negatum</strong></span> <span class='ocrx_word' id='word_1_117' title='bbox 1542 1741 1715 1801; x_wconf 87' lang='lat' dir='ltr'><strong>putes,</strong></span> <span class='ocrx_word' id='word_1_118' title='bbox 1746 1729 1889 1799; x_wconf 91' lang='lat' dir='ltr'><strong>quod</strong></span> <span class='ocrx_word' id='word_1_119' title='bbox 1931 1742 2070 1781; x_wconf 89' lang='lat' dir='ltr'><strong>non-</strong></span> 
     </span>
    </p>
   </div>
   <div class='ocr_carea' id='block_1_17' title="bbox 472 1818 2073 1904">
    <p class='ocr_par' dir='ltr' id='par_1_17' title="bbox 472 1818 2073 1904">
     <span class='ocr_line' id='line_1_17' title="bbox 472 1818 2073 1904; baseline -0.012 -13"><span class='ocrx_word' id='word_1_120' title='bbox 472 1839 600 1891; x_wconf 90' lang='lat' dir='ltr'><strong>dum</strong></span> <span class='ocrx_word' id='word_1_121' title='bbox 630 1836 848 1904; x_wconf 82' lang='lat' dir='ltr'><strong>accipis.</strong></span> <span class='ocrx_word' id='word_1_122' title='bbox 892 1832 971 1886; x_wconf 90' lang='lat' dir='ltr'><strong>Ne</strong></span> <span class='ocrx_word' id='word_1_123' title='bbox 999 1828 1371 1899; x_wconf 86' lang='lat' dir='ltr'><strong>desperatione</strong></span> <span class='ocrx_word' id='word_1_124' title='bbox 1401 1824 1641 1889; x_wconf 87' lang='lat' dir='ltr'><strong>deﬁcias,</strong></span> <span class='ocrx_word' id='word_1_125' title='bbox 1675 1822 1794 1875; x_wconf 89' lang='lat' dir='ltr'><strong>vide</strong></span> <span class='ocrx_word' id='word_1_126' title='bbox 1836 1819 1958 1890; x_wconf 88' lang='lat' dir='ltr'><strong>quia</strong></span> <span class='ocrx_word' id='word_1_127' title='bbox 1985 1818 2073 1873; x_wconf 85' lang='lat' dir='ltr'><strong>di-</strong></span> 
     </span>
    </p>
   </div>
   <div class='ocr_carea' id='block_1_18' title="bbox 472 1918 1335 1983">
    <p class='ocr_par' dir='ltr' id='par_1_18' title="bbox 472 1918 1335 1983">
     <span class='ocr_line' id='line_1_18' title="bbox 472 1918 1335 1983; baseline -0.019 -1"><span class='ocrx_word' id='word_1_128' title='bbox 472 1942 617 1983; x_wconf 77' lang='lat' dir='ltr'><strong>ctum</strong></span> <span class='ocrx_word' id='word_1_129' title='bbox 647 1935 728 1981; x_wconf 90' lang='lat' dir='ltr'><strong>est</strong></span> <span class='ocrx_word' id='word_1_130' title='bbox 758 1943 771 1979; x_wconf 86' lang='lat'><strong>:</strong></span> <span class='ocrx_word' id='word_1_131' title='bbox 805 1922 1015 1978; x_wconf 86' lang='lat' dir='ltr'><strong>Sustine</strong></span> <span class='ocrx_word' id='word_1_132' title='bbox 1042 1918 1335 1971; x_wconf 87' lang='lat' dir='ltr'><strong>Dominum.</strong></span> 
     </span>
    </p>
   </div>
   <div class='ocr_carea' id='block_1_19' title="bbox 1005 2043 1503 2104">
    <p class='ocr_par' dir='ltr' id='par_1_19' title="bbox 1005 2043 1503 2104">
     <span class='ocr_line' id='line_1_19' title="bbox 1005 2043 1503 2104; baseline -0.012 1"><span class='ocrx_word' id='word_1_133' title='bbox 1005 2046 1402 2104; x_wconf 73' lang='lat' dir='ltr'><strong>ENA‘RRATIO</strong></span> <span class='ocrx_word' id='word_1_134' title='bbox 1442 2043 1503 2099; x_wconf 82' lang='lat' dir='ltr'><strong>ll.</strong></span> 
     </span>
    </p>
   </div>
   <div class='ocr_carea' id='block_1_20' title="bbox 989 2193 1529 2238">
    <p class='ocr_par' dir='ltr' id='par_1_20' title="bbox 989 2193 1529 2238">
     <span class='ocr_line' id='line_1_20' title="bbox 989 2193 1529 2238; baseline -0.015 -1"><span class='ocrx_word' id='word_1_135' title='bbox 989 2196 1161 2238; x_wconf 75' lang='lat' dir='ltr'><strong>SERIO</strong></span> <span class='ocrx_word' id='word_1_136' title='bbox 1199 2196 1266 2235; x_wconf 79' lang='grc' dir='ltr'><strong>ΔΙ)</strong></span> <span class='ocrx_word' id='word_1_137' title='bbox 1304 2193 1529 2233; x_wconf 64' lang='grc' dir='ltr'><strong>Ριειιειι.</strong></span> 
     </span>
    </p>
   </div>
   <div class='ocr_carea' id='block_1_21' title="bbox 554 2308 2074 2384">
    <p class='ocr_par' dir='ltr' id='par_1_21' title="bbox 554 2308 2074 2384">
     <span class='ocr_line' id='line_1_21' title="bbox 554 2308 2074 2384; baseline -0.013 -4"><span class='ocrx_word' id='word_1_138' title='bbox 554 2330 603 2381; x_wconf 77' lang='grc'><strong>1.</strong></span> <span class='ocrx_word' id='word_1_139' title='bbox 632 2323 891 2379; x_wconf 88' lang='lat' dir='ltr'><strong>Dominus</strong></span> <span class='ocrx_word' id='word_1_140' title='bbox 912 2320 1051 2373; x_wconf 90' lang='lat' dir='ltr'><strong>Deus</strong></span> <span class='ocrx_word' id='word_1_141' title='bbox 1074 2308 1257 2372; x_wconf 80' lang='lat' dir='ltr'><strong>noster</strong></span> <span class='ocrx_word' id='word_1_142' title='bbox 1281 2315 1555 2384; x_wconf 85' lang='lat' dir='ltr'><strong>alloquens</strong></span> <span class='ocrx_word' id='word_1_143' title='bbox 1575 2322 1622 2367; x_wconf 83' lang='lat' dir='ltr'><strong>et</strong></span> <span class='ocrx_word' id='word_1_144' title='bbox 1647 2309 1933 2366; x_wconf 90' lang='lat' dir='ltr'><strong>consolans</strong></span> <span class='ocrx_word' id='word_1_145' title='bbox 1954 2321 2074 2374; x_wconf 88' lang='lat' dir='ltr'><strong>nos,</strong></span> 
     </span>
    </p>
   </div>
   <div class='ocr_carea' id='block_1_22' title="bbox 492 2398 2080 2487">
    <p class='ocr_par' dir='ltr' id='par_1_22' title="bbox 492 2398 2080 2487">
     <span class='ocr_line' id='line_1_22' title="bbox 492 2398 2080 2487; baseline -0.009 -20"><span class='ocrx_word' id='word_1_146' title='bbox 492 2416 733 2487; x_wconf 87' lang='lat' dir='ltr'><strong>profecto</strong></span> <span class='ocrx_word' id='word_1_147' title='bbox 759 2427 896 2482; x_wconf 90' lang='lat' dir='ltr'><strong>quos</strong></span> <span class='ocrx_word' id='word_1_148' title='bbox 940 2410 1155 2478; x_wconf 80' lang='lat' dir='ltr'><strong>respicit</strong></span> <span class='ocrx_word' id='word_1_149' title='bbox 1192 2422 1256 2462; x_wconf 79' lang='lat' dir='ltr'><strong>ex</strong></span> <span class='ocrx_word' id='word_1_150' title='bbox 1284 2405 1428 2475; x_wconf 84' lang='lat' dir='ltr'><strong>justo</strong></span> <span class='ocrx_word' id='word_1_151' title='bbox 1454 2402 1656 2473; x_wconf 85' lang='lat' dir='ltr'><strong>judicio</strong></span> <span class='ocrx_word' id='word_1_152' title='bbox 1685 2415 1783 2456; x_wconf 90' lang='lat' dir='ltr'><strong>suo</strong></span> <span class='ocrx_word' id='word_1_153' title='bbox 1812 2401 1865 2454; x_wconf 88' lang='lat' dir='ltr'><strong>in</strong></span> <span class='ocrx_word' id='word_1_154' title='bbox 1882 2398 2080 2454; x_wconf 86' lang='lat' dir='ltr'><strong>sudore</strong></span> 
     </span>
    </p>
   </div>
   <div class='ocr_carea' id='block_1_23' title="bbox 489 2492 2082 2574">
    <p class='ocr_par' dir='ltr' id='par_1_23' title="bbox 489 2492 2082 2574">
     <span class='ocr_line' id='line_1_23' title="bbox 489 2492 2082 2574; baseline -0.01 -13"><span class='ocrx_word' id='word_1_155' title='bbox 489 2511 667 2563; x_wconf 77' lang='lat' dir='ltr'><strong>vultus</strong></span> <span class='ocrx_word' id='word_1_156' title='bbox 686 2506 851 2561; x_wconf 90' lang='lat' dir='ltr'><strong>nostri</strong></span> <span class='ocrx_word' id='word_1_157' title='bbox 881 2517 1072 2574; x_wconf 87' lang='lat' dir='ltr'><strong>panem</strong></span> <span class='ocrx_word' id='word_1_158' title='bbox 1102 2498 1424 2553; x_wconf 86' lang='lat' dir='ltr'><strong>manducare</strong></span> <span class='ocrx_word' id='word_1_159' title='bbox 1450 2494 1602 2567; x_wconf 82' lang='lat' dir='ltr'><strong>(Gen.</strong></span> <span class='ocrx_word' id='word_1_160' title='bbox 1628 2510 1712 2559; x_wconf 83' lang='lat' dir='ltr'><strong>ut,</strong></span> <span class='ocrx_word' id='word_1_161' title='bbox 1747 2492 1858 2562; x_wconf 79' lang='lat' dir='ltr'><strong>l9),</strong></span> <span class='ocrx_word' id='word_1_162' title='bbox 1891 2507 1957 2547; x_wconf 73' lang='lat' dir='ltr'><strong>es</strong></span> <span class='ocrx_word' id='word_1_163' title='bbox 1985 2506 2082 2545; x_wconf 84' lang='lat' dir='ltr'><strong>uo-</strong></span> 
     </span>
    </p>
   </div>
   <div class='ocr_carea' id='block_1_24' title="bbox 492 2582 2079 2665">
    <p class='ocr_par' dir='ltr' id='par_1_24' title="bbox 492 2582 2079 2665">
     <span class='ocr_line' id='line_1_24' title="bbox 492 2582 2079 2665; baseline -0.011 -13"><span class='ocrx_word' id='word_1_164' title='bbox 492 2602 573 2653; x_wconf 61' lang='lat' dir='ltr'><strong>ltis</strong></span> <span class='ocrx_word' id='word_1_165' title='bbox 607 2599 764 2653; x_wconf 91' lang='lat' dir='ltr'><strong>nobis</strong></span> <span class='ocrx_word' id='word_1_166' title='bbox 793 2595 936 2665; x_wconf 87' lang='lat' dir='ltr'><strong>loqui</strong></span> <span class='ocrx_word' id='word_1_167' title='bbox 964 2593 1228 2663; x_wconf 80' lang='lat' dir='ltr'><strong>dignatur,</strong></span> <span class='ocrx_word' id='word_1_168' title='bbox 1258 2598 1317 2643; x_wconf 90' lang='lat' dir='ltr'><strong>ut</strong></span> <span class='ocrx_word' id='word_1_169' title='bbox 1342 2586 1589 2641; x_wconf 79' lang='lat' dir='ltr'><strong>ostendat</strong></span> <span class='ocrx_word' id='word_1_170' title='bbox 1623 2585 1743 2654; x_wconf 86' lang='lat' dir='ltr'><strong>quia</strong></span> <span class='ocrx_word' id='word_1_171' title='bbox 1775 2597 1879 2637; x_wconf 88' lang='lat' dir='ltr'><strong>non</strong></span> <span class='ocrx_word' id='word_1_172' title='bbox 1907 2582 2079 2636; x_wconf 88' lang='lat' dir='ltr'><strong>solum</strong></span> 
     </span>
    </p>
   </div>
   <div class='ocr_carea' id='block_1_25' title="bbox 483 2675 2079 2749">
    <p class='ocr_par' dir='ltr' id='par_1_25' title="bbox 483 2675 2079 2749">
     <span class='ocr_line' id='line_1_25' title="bbox 483 2675 2079 2749; baseline -0.011 -2"><span class='ocrx_word' id='word_1_173' title='bbox 483 2704 566 2748; x_wconf 84' lang='lat' dir='ltr'><strong>est</strong></span> <span class='ocrx_word' id='word_1_174' title='bbox 613 2690 859 2746; x_wconf 91' lang='lat' dir='ltr'><strong>conditor</strong></span> <span class='ocrx_word' id='word_1_175' title='bbox 912 2695 1113 2749; x_wconf 89' lang='lat' dir='ltr'><strong>noster,</strong></span> <span class='ocrx_word' id='word_1_176' title='bbox 1164 2682 1260 2738; x_wconf 88' lang='lat' dir='ltr'><strong>sed</strong></span> <span class='ocrx_word' id='word_1_177' title='bbox 1308 2691 1365 2736; x_wconf 90' lang='lat' dir='ltr'><strong>et</strong></span> <span class='ocrx_word' id='word_1_178' title='bbox 1408 2680 1697 2733; x_wconf 87' lang='lat' dir='ltr'><strong>habitator.</strong></span> <span class='ocrx_word' id='word_1_179' title='bbox 1744 2675 1919 2730; x_wconf 73' lang='lat' dir='ltr'><strong>1Voces</strong></span> <span class='ocrx_word' id='word_1_180' title='bbox 1963 2676 2079 2729; x_wconf 70' lang='lat' dir='ltr'><strong>istm</strong></span> 
     </span>
    </p>
   </div>
   <div class='ocr_carea' id='block_1_26' title="bbox 486 2765 2081 2849">
    <p class='ocr_par' dir='ltr' id='par_1_26' title="bbox 486 2765 2081 2849">
     <span class='ocr_line' id='line_1_26' title="bbox 486 2765 2081 2849; baseline -0.011 -13"><span class='ocrx_word' id='word_1_181' title='bbox 486 2781 701 2845; x_wconf 84' lang='lat' dir='ltr'><strong>Psalmi,</strong></span> <span class='ocrx_word' id='word_1_182' title='bbox 750 2794 882 2849; x_wconf 88' lang='lat' dir='ltr'><strong>qttas</strong></span> <span class='ocrx_word' id='word_1_183' title='bbox 908 2776 1229 2837; x_wconf 84' lang='lat' dir='ltr'><strong>audivimus,</strong></span> <span class='ocrx_word' id='word_1_184' title='bbox 1258 2782 1313 2827; x_wconf 91' lang='lat' dir='ltr'><strong>et</strong></span> <span class='ocrx_word' id='word_1_185' title='bbox 1357 2787 1425 2826; x_wconf 82' lang='lat' dir='ltr'><strong>ex</strong></span> <span class='ocrx_word' id='word_1_186' title='bbox 1458 2778 1609 2839; x_wconf 88' lang='lat' dir='ltr'><strong>parte</strong></span> <span class='ocrx_word' id='word_1_187' title='bbox 1653 2767 2004 2825; x_wconf 66' lang='lat' dir='ltr'><strong>mutavimus.</strong></span> <span class='ocrx_word' id='word_1_188' title='bbox 2034 2765 2081 2820; x_wconf 87' lang='lat' dir='ltr'><strong>si</strong></span> 
     </span>
    </p>
   </div>
   <div class='ocr_carea' id='block_1_27' title="bbox 485 2858 2079 2940">
    <p class='ocr_par' dir='ltr' id='par_1_27' title="bbox 485 2858 2079 2940">
     <span class='ocr_line' id='line_1_27' title="bbox 485 2858 2079 2940; baseline -0.008 -15"><span class='ocrx_word' id='word_1_189' title='bbox 485 2874 726 2927; x_wconf 82' lang='lat' dir='ltr'><strong>dicamus</strong></span> <span class='ocrx_word' id='word_1_190' title='bbox 754 2869 897 2940; x_wconf 87' lang='lat' dir='ltr'><strong>quod</strong></span> <span class='ocrx_word' id='word_1_191' title='bbox 944 2876 1141 2922; x_wconf 75' lang='lat' dir='ltr'><strong>nostra:</strong></span> <span class='ocrx_word' id='word_1_192' title='bbox 1187 2868 1311 2930; x_wconf 87' lang='lat' dir='ltr'><strong>sint,</strong></span> <span class='ocrx_word' id='word_1_193' title='bbox 1366 2862 1659 2918; x_wconf 89' lang='lat' dir='ltr'><strong>verendum</strong></span> <span class='ocrx_word' id='word_1_194' title='bbox 1690 2871 1773 2915; x_wconf 90' lang='lat' dir='ltr'><strong>est</strong></span> <span class='ocrx_word' id='word_1_195' title='bbox 1818 2858 2079 2931; x_wconf 87' lang='lat' dir='ltr'><strong>quemad-</strong></span> 
     </span>
    </p>
   </div>
   <div class='ocr_carea' id='block_1_28' title="bbox 484 2951 2080 3021">
    <p class='ocr_par' dir='ltr' id='par_1_28' title="bbox 484 2951 2080 3021">
     <span class='ocr_line' id='line_1_28' title="bbox 484 2951 2080 3021; baseline -0.01 -1"><span class='ocrx_word' id='word_1_196' title='bbox 484 2966 700 3020; x_wconf 85' lang='lat' dir='ltr'><strong>modum</strong></span> <span class='ocrx_word' id='word_1_197' title='bbox 753 2977 939 3017; x_wconf 87' lang='lat' dir='ltr'><strong>vcrnm</strong></span> <span class='ocrx_word' id='word_1_198' title='bbox 986 2960 1226 3014; x_wconf 89' lang='lat' dir='ltr'><strong>dicamus</strong></span> <span class='ocrx_word' id='word_1_199' title='bbox 1271 2974 1287 3010; x_wconf 73' lang='grc' dir='ltr'><em>τ</em></span> <span class='ocrx_word' id='word_1_200' title='bbox 1334 2965 1456 3010; x_wconf 85' lang='lat' dir='ltr'><strong>sunt</strong></span> <span class='ocrx_word' id='word_1_201' title='bbox 1508 2953 1652 3008; x_wconf 89' lang='lat' dir='ltr'><strong>enim</strong></span> <span class='ocrx_word' id='word_1_202' title='bbox 1704 2968 1861 3009; x_wconf 88' lang='lat' dir='ltr'><strong>voces</strong></span> <span class='ocrx_word' id='word_1_203' title='bbox 1911 2951 2080 3021; x_wconf 84' lang='lat' dir='ltr'><strong>magis</strong></span> 
     </span>
    </p>
   </div>
   <div class='ocr_carea' id='block_1_29' title="bbox 483 3044 2081 3125">
    <p class='ocr_par' dir='ltr' id='par_1_29' title="bbox 483 3044 2081 3125">
     <span class='ocr_line' id='line_1_29' title="bbox 483 3044 2081 3125; baseline -0.011 -13"><span class='ocrx_word' id='word_1_204' title='bbox 483 3057 712 3125; x_wconf 88' lang='lat' dir='ltr'><strong>Spiritus</strong></span> <span class='ocrx_word' id='word_1_205' title='bbox 740 3055 831 3107; x_wconf 84' lang='lat' dir='ltr'><strong>Dei</strong></span> <span class='ocrx_word' id='word_1_206' title='bbox 856 3066 1014 3123; x_wconf 84' lang='lat' dir='ltr'><strong>quam</strong></span> <span class='ocrx_word' id='word_1_207' title='bbox 1038 3058 1255 3103; x_wconf 70' lang='lat' dir='ltr'><strong>nostrse.</strong></span> <span class='ocrx_word' id='word_1_208' title='bbox 1281 3046 1510 3101; x_wconf 82' lang='lat' dir='ltr'><strong>Rursum</strong></span> <span class='ocrx_word' id='word_1_209' title='bbox 1532 3045 1578 3098; x_wconf 88' lang='lat' dir='ltr'><strong>si</strong></span> <span class='ocrx_word' id='word_1_210' title='bbox 1608 3044 1849 3098; x_wconf 74' lang='lat' dir='ltr'><strong>diezimus</strong></span> <span class='ocrx_word' id='word_1_211' title='bbox 1871 3051 2081 3096; x_wconf 83' lang='lat' dir='ltr'><strong>nostras</strong></span> 
     </span>
    </p>
   </div>
   <div class='ocr_carea' id='block_1_30' title="bbox 486 3133 2083 3213">
    <p class='ocr_par' dir='ltr' id='par_1_30' title="bbox 486 3133 2083 3213">
     <span class='ocr_line' id='line_1_30' title="bbox 486 3133 2083 3213; baseline -0.01 -12"><span class='ocrx_word' id='word_1_212' title='bbox 486 3162 591 3201; x_wconf 90' lang='lat' dir='ltr'><strong>non</strong></span> <span class='ocrx_word' id='word_1_213' title='bbox 618 3161 758 3209; x_wconf 86' lang='lat' dir='ltr'><strong>esse,</strong></span> <span class='ocrx_word' id='word_1_214' title='bbox 804 3142 1043 3213; x_wconf 83' lang='lat' dir='ltr'><strong>profecto</strong></span> <span class='ocrx_word' id='word_1_215' title='bbox 1071 3138 1380 3194; x_wconf 64' lang='lat' dir='ltr'><strong>mentimur.</strong></span> <span class='ocrx_word' id='word_1_216' title='bbox 1427 3135 1543 3190; x_wconf 84' lang='lat' dir='ltr'><strong>Non</strong></span> <span class='ocrx_word' id='word_1_217' title='bbox 1573 3135 1718 3190; x_wconf 88' lang='lat' dir='ltr'><strong>enim</strong></span> <span class='ocrx_word' id='word_1_218' title='bbox 1745 3144 1828 3189; x_wconf 78' lang='lat' dir='ltr'><strong>est</strong></span> <span class='ocrx_word' id='word_1_219' title='bbox 1856 3133 2083 3202; x_wconf 88' lang='lat' dir='ltr'><strong>gemitus</strong></span> 
     </span>
    </p>
   </div>
   <div class='ocr_carea' id='block_1_31' title="bbox 489 3224 2080 3295">
    <p class='ocr_par' dir='ltr' id='par_1_31' title="bbox 489 3224 2080 3295">
     <span class='ocr_line' id='line_1_31' title="bbox 489 3224 2080 3295; baseline -0.013 0"><span class='ocrx_word' id='word_1_220' title='bbox 489 3240 589 3294; x_wconf 90' lang='lat' dir='ltr'><strong>nisi</strong></span> <span class='ocrx_word' id='word_1_221' title='bbox 616 3238 967 3293; x_wconf 86' lang='lat' dir='ltr'><strong>laborantium</strong></span> <span class='ocrx_word' id='word_1_222' title='bbox 995 3252 1008 3287; x_wconf 92' lang='lat'><strong>:</strong></span> <span class='ocrx_word' id='word_1_223' title='bbox 1031 3240 1123 3286; x_wconf 89' lang='lat' dir='ltr'><strong>aut</strong></span> <span class='ocrx_word' id='word_1_224' title='bbox 1145 3230 1320 3285; x_wconf 90' lang='lat' dir='ltr'><strong>omnis</strong></span> <span class='ocrx_word' id='word_1_225' title='bbox 1344 3228 1445 3282; x_wconf 87' lang='lat' dir='ltr'><strong>ista</strong></span> <span class='ocrx_word' id='word_1_226' title='bbox 1473 3242 1595 3289; x_wconf 81' lang='lat' dir='ltr'><strong>vox,</strong></span> <span class='ocrx_word' id='word_1_227' title='bbox 1620 3241 1739 3295; x_wconf 71' lang='lat' dir='ltr'><strong>qua:</strong></span> <span class='ocrx_word' id='word_1_228' title='bbox 1768 3224 1855 3279; x_wconf 85' lang='lat' dir='ltr'><strong>hic</strong></span> <span class='ocrx_word' id='word_1_229' title='bbox 1882 3224 2080 3287; x_wconf 85' lang='lat' dir='ltr'><strong>sonuit,</strong></span> 
     </span>
    </p>
   </div>
   <div class='ocr_carea' id='block_1_32' title="bbox 488 3312 2084 3402">
    <p class='ocr_par' dir='ltr' id='par_1_32' title="bbox 488 3312 2084 3402">
     <span class='ocr_line' id='line_1_32' title="bbox 488 3312 2084 3402; baseline -0.011 -18"><span class='ocrx_word' id='word_1_230' title='bbox 488 3331 642 3402; x_wconf 78' lang='lat' dir='ltr'><strong>plena</strong></span> <span class='ocrx_word' id='word_1_231' title='bbox 692 3325 894 3381; x_wconf 87' lang='lat' dir='ltr'><strong>doloris</strong></span> <span class='ocrx_word' id='word_1_232' title='bbox 939 3334 993 3378; x_wconf 89' lang='lat' dir='ltr'><strong>et</strong></span> <span class='ocrx_word' id='word_1_233' title='bbox 1040 3323 1418 3394; x_wconf 82' lang='lat' dir='ltr'><strong>lacrymarum.</strong></span> <span class='ocrx_word' id='word_1_234' title='bbox 1469 3324 1644 3386; x_wconf 88' lang='lat' dir='ltr'><strong>potest</strong></span> <span class='ocrx_word' id='word_1_235' title='bbox 1672 3331 1793 3370; x_wconf 87' lang='lat' dir='ltr'><strong>esse</strong></span> <span class='ocrx_word' id='word_1_236' title='bbox 1837 3315 1953 3383; x_wconf 84' lang='lat' dir='ltr'><strong>ejus</strong></span> <span class='ocrx_word' id='word_1_237' title='bbox 1993 3312 2084 3383; x_wconf 89' lang='lat' dir='ltr'><strong>qui</strong></span> 
     </span>
    </p>
   </div>
   <div class='ocr_carea' id='block_1_33' title="bbox 490 3404 2087 3492">
    <p class='ocr_par' dir='ltr' id='par_1_33' title="bbox 490 3404 2087 3492">
     <span class='ocr_line' id='line_1_33' title="bbox 490 3404 2087 3492; baseline -0.013 -16"><span class='ocrx_word' id='word_1_238' title='bbox 490 3436 758 3492; x_wconf 87' lang='lat' dir='ltr'><strong>nunquam</strong></span> <span class='ocrx_word' id='word_1_239' title='bbox 805 3425 980 3487; x_wconf 88' lang='lat' dir='ltr'><strong>potest</strong></span> <span class='ocrx_word' id='word_1_240' title='bbox 1022 3428 1143 3469; x_wconf 88' lang='lat' dir='ltr'><strong>esse</strong></span> <span class='ocrx_word' id='word_1_241' title='bbox 1186 3412 1367 3466; x_wconf 86' lang='lat' dir='ltr'><strong>miser.</strong></span> <span class='ocrx_word' id='word_1_242' title='bbox 1418 3409 1678 3464; x_wconf 88' lang='lat' dir='ltr'><strong>Dominus</strong></span> <span class='ocrx_word' id='word_1_243' title='bbox 1721 3420 1850 3475; x_wconf 85' lang='lat' dir='ltr'><strong>ergo</strong></span> <span class='ocrx_word' id='word_1_244' title='bbox 1878 3404 2087 3459; x_wconf 58' lang='lat' dir='ltr'><strong>miseria</strong></span> 
     </span>
    </p>
   </div>
   <div class='ocr_carea' id='block_1_34' title="bbox 488 3498 2086 3579">
    <p class='ocr_par' dir='ltr' id='par_1_34' title="bbox 488 3498 2086 3579">
     <span class='ocr_line' id='line_1_34' title="bbox 488 3498 2086 3579; baseline -0.013 -10"><span class='ocrx_word' id='word_1_245' title='bbox 488 3531 631 3579; x_wconf 90' lang='lat' dir='ltr'><strong>cors,</strong></span> <span class='ocrx_word' id='word_1_246' title='bbox 676 3527 774 3567; x_wconf 91' lang='lat' dir='ltr'><strong>nos</strong></span> <span class='ocrx_word' id='word_1_247' title='bbox 803 3509 983 3564; x_wconf 88' lang='lat' dir='ltr'><strong>miseri</strong></span> <span class='ocrx_word' id='word_1_248' title='bbox 1015 3525 1029 3561; x_wconf 89' lang='lat'>:</span> <span class='ocrx_word' id='word_1_249' title='bbox 1064 3506 1373 3559; x_wconf 73' lang='lat' dir='ltr'><strong>misericors</strong></span> <span class='ocrx_word' id='word_1_250' title='bbox 1402 3501 1543 3571; x_wconf 89' lang='lat' dir='ltr'><strong>loqui</strong></span> <span class='ocrx_word' id='word_1_251' title='bbox 1573 3500 1821 3568; x_wconf 84' lang='lat' dir='ltr'><strong>dignatus</strong></span> <span class='ocrx_word' id='word_1_252' title='bbox 1853 3498 2086 3562; x_wconf 87' lang='lat' dir='ltr'><strong>miseris,</strong></span> 
     </span>
    </p>
   </div>
   <div class='ocr_carea' id='block_1_35' title="bbox 489 3589 2089 3675">
    <p class='ocr_par' dir='ltr' id='par_1_35' title="bbox 489 3589 2089 3675">
     <span class='ocr_line' id='line_1_35' title="bbox 489 3589 2089 3675; baseline -0.012 -18"><span class='ocrx_word' id='word_1_253' title='bbox 489 3606 737 3675; x_wconf 79' lang='lat' dir='ltr'><strong>dignatur</strong></span> <span class='ocrx_word' id='word_1_254' title='bbox 756 3601 917 3655; x_wconf 84' lang='lat' dir='ltr'><strong>etiam</strong></span> <span class='ocrx_word' id='word_1_255' title='bbox 939 3597 1011 3651; x_wconf 91' lang='lat' dir='ltr'><strong>uti</strong></span> <span class='ocrx_word' id='word_1_256' title='bbox 1036 3598 1087 3649; x_wconf 89' lang='lat' dir='ltr'><strong>in</strong></span> <span class='ocrx_word' id='word_1_257' title='bbox 1112 3596 1241 3663; x_wconf 89' lang='lat' dir='ltr'><strong>ipsis</strong></span> <span class='ocrx_word' id='word_1_258' title='bbox 1264 3608 1397 3647; x_wconf 87' lang='lat' dir='ltr'><strong>voce</strong></span> <span class='ocrx_word' id='word_1_259' title='bbox 1419 3592 1759 3645; x_wconf 88' lang='lat' dir='ltr'><strong>miserorum.</strong></span> <span class='ocrx_word' id='word_1_260' title='bbox 1789 3589 1861 3641; x_wconf 91' lang='lat' dir='ltr'><strong>Ita</strong></span> <span class='ocrx_word' id='word_1_261' title='bbox 1881 3599 2089 3641; x_wconf 85' lang='lat' dir='ltr'><strong>utrum-</strong></span> 
     </span>
    </p>
   </div>
   <div class='ocr_carea' id='block_1_36' title="bbox 490 3689 2089 3764">
    <p class='ocr_par' dir='ltr' id='par_1_36' title="bbox 490 3689 2089 3764">
     <span class='ocr_line' id='line_1_36' title="bbox 490 3689 2089 3764; baseline -0.011 -16"><span class='ocrx_word' id='word_1_262' title='bbox 490 3711 592 3764; x_wconf 86' lang='lat' dir='ltr'><strong>que</strong></span> <span class='ocrx_word' id='word_1_263' title='bbox 636 3707 821 3748; x_wconf 89' lang='lat' dir='ltr'><strong>verum</strong></span> <span class='ocrx_word' id='word_1_264' title='bbox 863 3698 965 3755; x_wconf 63' lang='lat' dir='ltr'><strong>CSI,</strong></span> <span class='ocrx_word' id='word_1_265' title='bbox 1006 3696 1060 3743; x_wconf 69' lang='lat'><strong>8|.</strong></span> <span class='ocrx_word' id='word_1_266' title='bbox 1089 3694 1327 3740; x_wconf 87' lang='lat' dir='ltr'><strong>nostram</strong></span> <span class='ocrx_word' id='word_1_267' title='bbox 1353 3697 1473 3737; x_wconf 88' lang='lat' dir='ltr'><strong>esse</strong></span> <span class='ocrx_word' id='word_1_268' title='bbox 1520 3696 1730 3742; x_wconf 84' lang='lat' dir='ltr'><strong>vocem,</strong></span> <span class='ocrx_word' id='word_1_269' title='bbox 1772 3689 1827 3735; x_wconf 89' lang='lat' dir='ltr'><strong>et</strong></span> <span class='ocrx_word' id='word_1_270' title='bbox 1855 3689 2089 3732; x_wconf 88' lang='lat' dir='ltr'><strong>nostram</strong></span> 
     </span>
    </p>
   </div>
   <div class='ocr_carea' id='block_1_37' title="bbox 493 3770 2085 3848">
    <p class='ocr_par' dir='ltr' id='par_1_37' title="bbox 493 3770 2085 3848">
     <span class='ocr_line' id='line_1_37' title="bbox 493 3770 2085 3848; baseline -0.013 -7"><span class='ocrx_word' id='word_1_271' title='bbox 493 3804 596 3842; x_wconf 87' lang='lat' dir='ltr'><strong>non</strong></span> <span class='ocrx_word' id='word_1_272' title='bbox 628 3800 787 3847; x_wconf 74' lang='lat' dir='ltr'><strong>esse;</strong></span> <span class='ocrx_word' id='word_1_273' title='bbox 829 3793 883 3837; x_wconf 89' lang='lat' dir='ltr'><strong>et</strong></span> <span class='ocrx_word' id='word_1_274' title='bbox 907 3780 1136 3848; x_wconf 77' lang='lat' dir='ltr'><strong>Spiritus</strong></span> <span class='ocrx_word' id='word_1_275' title='bbox 1168 3777 1258 3830; x_wconf 90' lang='lat' dir='ltr'><strong>Dei</strong></span> <span class='ocrx_word' id='word_1_276' title='bbox 1303 3790 1425 3829; x_wconf 90' lang='lat' dir='ltr'><strong>esse</strong></span> <span class='ocrx_word' id='word_1_277' title='bbox 1453 3787 1668 3835; x_wconf 84' lang='lat' dir='ltr'><strong>vocem,</strong></span> <span class='ocrx_word' id='word_1_278' title='bbox 1698 3780 1753 3825; x_wconf 88' lang='lat' dir='ltr'><strong>et</strong></span> <span class='ocrx_word' id='word_1_279' title='bbox 1784 3770 1952 3837; x_wconf 80' lang='lat' dir='ltr'><strong>ipsius</strong></span> <span class='ocrx_word' id='word_1_280' title='bbox 1979 3782 2085 3822; x_wconf 89' lang='lat' dir='ltr'><strong>non</strong></span> 
     </span>
    </p>
   </div>
   <div class='ocr_carea' id='block_1_38' title="bbox 490 3858 2091 3944">
    <p class='ocr_par' dir='ltr' id='par_1_38' title="bbox 490 3858 2091 3944">
     <span class='ocr_line' id='line_1_38' title="bbox 490 3858 2091 3944; baseline -0.014 -12"><span class='ocrx_word' id='word_1_281' title='bbox 490 3892 630 3933; x_wconf 77' lang='lat' dir='ltr'><strong>esse.</strong></span> <span class='ocrx_word' id='word_1_282' title='bbox 656 3875 887 3944; x_wconf 89' lang='lat' dir='ltr'><strong>Spiritus</strong></span> <span class='ocrx_word' id='word_1_283' title='bbox 931 3871 1023 3925; x_wconf 90' lang='lat' dir='ltr'><strong>Dei</strong></span> <span class='ocrx_word' id='word_1_284' title='bbox 1066 3883 1171 3923; x_wconf 71' lang='lat' dir='ltr'><strong>vos</strong></span> <span class='ocrx_word' id='word_1_285' title='bbox 1216 3875 1319 3931; x_wconf 89' lang='lat' dir='ltr'><strong>est,</strong></span> <span class='ocrx_word' id='word_1_286' title='bbox 1350 3865 1476 3935; x_wconf 85' lang='lat' dir='ltr'><strong>quia</strong></span> <span class='ocrx_word' id='word_1_287' title='bbox 1508 3866 1607 3917; x_wconf 90' lang='lat' dir='ltr'><strong>ista</strong></span> <span class='ocrx_word' id='word_1_288' title='bbox 1654 3862 1753 3916; x_wconf 88' lang='lat' dir='ltr'><strong>nisi</strong></span> <span class='ocrx_word' id='word_1_289' title='bbox 1801 3860 1893 3913; x_wconf 77' lang='lat' dir='ltr'><strong>iilo</strong></span> <span class='ocrx_word' id='word_1_290' title='bbox 1924 3858 2091 3927; x_wconf 85' lang='lat' dir='ltr'><strong>inspi-</strong></span> 
     </span>
    </p>
   </div>
   <div class='ocr_carea' id='block_1_39' title="bbox 495 3949 2090 4027">
    <p class='ocr_par' dir='ltr' id='par_1_39' title="bbox 495 3949 2090 4027">
     <span class='ocr_line' id='line_1_39' title="bbox 495 3949 2090 4027; baseline -0.013 -4"><span class='ocrx_word' id='word_1_291' title='bbox 495 3977 646 4023; x_wconf 80' lang='lat' dir='ltr'><strong>rante</strong></span> <span class='ocrx_word' id='word_1_292' title='bbox 674 3981 777 4021; x_wconf 90' lang='lat' dir='ltr'><strong>non</strong></span> <span class='ocrx_word' id='word_1_293' title='bbox 805 3965 1109 4019; x_wconf 83' lang='lat' dir='ltr'><strong>diceremus</strong></span> <span class='ocrx_word' id='word_1_294' title='bbox 1136 3976 1151 4012; x_wconf 89' lang='lat'><strong>:</strong></span> <span class='ocrx_word' id='word_1_295' title='bbox 1180 3958 1347 4027; x_wconf 90' lang='lat' dir='ltr'><strong>ipsius</strong></span> <span class='ocrx_word' id='word_1_296' title='bbox 1373 3967 1551 4010; x_wconf 86' lang='lat' dir='ltr'><strong>autem</strong></span> <span class='ocrx_word' id='word_1_297' title='bbox 1584 3969 1688 4006; x_wconf 91' lang='lat' dir='ltr'><strong>non</strong></span> <span class='ocrx_word' id='word_1_298' title='bbox 1720 3960 1824 4014; x_wconf 88' lang='lat' dir='ltr'><strong>est,</strong></span> <span class='ocrx_word' id='word_1_299' title='bbox 1853 3950 1977 4019; x_wconf 83' lang='lat' dir='ltr'><strong>quia</strong></span> <span class='ocrx_word' id='word_1_300' title='bbox 2000 3949 2090 4003; x_wconf 90' lang='lat' dir='ltr'><strong>ille</strong></span> 
     </span>
    </p>
   </div>
   <div class='ocr_carea' id='block_1_40' title="bbox 495 4042 2093 4116">
    <p class='ocr_par' dir='ltr' id='par_1_40' title="bbox 495 4042 2093 4116">
     <span class='ocr_line' id='line_1_40' title="bbox 495 4042 2093 4116; baseline -0.013 -1"><span class='ocrx_word' id='word_1_301' title='bbox 495 4076 592 4116; x_wconf 86' lang='lat' dir='ltr'><strong>nec</strong></span> <span class='ocrx_word' id='word_1_302' title='bbox 617 4060 778 4113; x_wconf 87' lang='lat' dir='ltr'><strong>miser</strong></span> <span class='ocrx_word' id='word_1_303' title='bbox 797 4066 897 4113; x_wconf 88' lang='lat' dir='ltr'><strong>est.</strong></span> <span class='ocrx_word' id='word_1_304' title='bbox 930 4068 1029 4108; x_wconf 90' lang='lat' dir='ltr'><strong>nec</strong></span> <span class='ocrx_word' id='word_1_305' title='bbox 1063 4052 1286 4106; x_wconf 87' lang='lat' dir='ltr'><strong>laborat.</strong></span> <span class='ocrx_word' id='word_1_306' title='bbox 1322 4049 1440 4102; x_wconf 76' lang='lat' dir='ltr'><strong>Istro</strong></span> <span class='ocrx_word' id='word_1_307' title='bbox 1466 4056 1642 4100; x_wconf 88' lang='lat' dir='ltr'><strong>autem</strong></span> <span class='ocrx_word' id='word_1_308' title='bbox 1675 4059 1833 4098; x_wconf 78' lang='lat' dir='ltr'><strong>voces</strong></span> <span class='ocrx_word' id='word_1_309' title='bbox 1862 4042 2093 4096; x_wconf 88' lang='lat' dir='ltr'><strong>misero-</strong></span> 
     </span>
    </p>
   </div>
   <div class='ocr_carea' id='block_1_41' title="bbox 494 4134 2093 4207">
    <p class='ocr_par' dir='ltr' id='par_1_41' title="bbox 494 4134 2093 4207">
     <span class='ocr_line' id='line_1_41' title="bbox 494 4134 2093 4207; baseline -0.013 -1"><span class='ocrx_word' id='word_1_310' title='bbox 494 4170 611 4207; x_wconf 87' lang='lat' dir='ltr'><strong>rmu</strong></span> <span class='ocrx_word' id='word_1_311' title='bbox 644 4160 699 4205; x_wconf 90' lang='lat' dir='ltr'><strong>et</strong></span> <span class='ocrx_word' id='word_1_312' title='bbox 746 4146 1098 4204; x_wconf 88' lang='lat' dir='ltr'><strong>laborantium</strong></span> <span class='ocrx_word' id='word_1_313' title='bbox 1125 4151 1271 4197; x_wconf 88' lang='lat' dir='ltr'><strong>sunt.</strong></span> <span class='ocrx_word' id='word_1_314' title='bbox 1306 4141 1509 4193; x_wconf 76' lang='lat' dir='ltr'><strong>Rursus</strong></span> <span class='ocrx_word' id='word_1_315' title='bbox 1556 4147 1752 4191; x_wconf 75' lang='lat' dir='ltr'><strong>nostne</strong></span> <span class='ocrx_word' id='word_1_316' title='bbox 1797 4143 1942 4199; x_wconf 88' lang='lat' dir='ltr'><strong>sunt,</strong></span> <span class='ocrx_word' id='word_1_317' title='bbox 1971 4134 2093 4202; x_wconf 86' lang='lat' dir='ltr'><strong>quia</strong></span> 
     </span>
    </p>
   </div>
   <div class='ocr_carea' id='block_1_42' title="bbox 494 4226 2092 4299">
    <p class='ocr_par' dir='ltr' id='par_1_42' title="bbox 494 4226 2092 4299">
     <span class='ocr_line' id='line_1_42' title="bbox 494 4226 2092 4299; baseline -0.013 -2"><span class='ocrx_word' id='word_1_318' title='bbox 494 4257 651 4299; x_wconf 86' lang='lat' dir='ltr'><strong>voces</strong></span> <span class='ocrx_word' id='word_1_319' title='bbox 680 4250 805 4295; x_wconf 84' lang='lat' dir='ltr'><strong>sunt</strong></span> <span class='ocrx_word' id='word_1_320' title='bbox 849 4238 1144 4292; x_wconf 86' lang='lat' dir='ltr'><strong>indicantes</strong></span> <span class='ocrx_word' id='word_1_321' title='bbox 1192 4230 1463 4286; x_wconf 89' lang='lat' dir='ltr'><strong>miseriam</strong></span> <span class='ocrx_word' id='word_1_322' title='bbox 1493 4237 1730 4282; x_wconf 88' lang='lat' dir='ltr'><strong>nostram</strong></span> <span class='ocrx_word' id='word_1_323' title='bbox 1762 4244 1776 4280; x_wconf 91' lang='lat'>:</span> <span class='ocrx_word' id='word_1_324' title='bbox 1808 4226 1937 4279; x_wconf 90' lang='lat' dir='ltr'><strong>item</strong></span> <span class='ocrx_word' id='word_1_325' title='bbox 1987 4238 2092 4277; x_wconf 91' lang='lat' dir='ltr'><strong>non</strong></span> 
     </span>
    </p>
   </div>
   <div class='ocr_carea' id='block_1_43' title="bbox 493 4318 2092 4398">
    <p class='ocr_par' dir='ltr' id='par_1_43' title="bbox 493 4318 2092 4398">
     <span class='ocr_line' id='line_1_43' title="bbox 493 4318 2092 4398; baseline -0.013 -9"><span class='ocrx_word' id='word_1_326' title='bbox 493 4346 619 4390; x_wconf 69' lang='lat' dir='ltr'><strong>sttttl</strong></span> <span class='ocrx_word' id='word_1_327' title='bbox 658 4342 888 4396; x_wconf 67' lang='lat' dir='ltr'><strong>nostr-.2,</strong></span> <span class='ocrx_word' id='word_1_328' title='bbox 920 4328 1041 4398; x_wconf 86' lang='lat' dir='ltr'><strong>quia</strong></span> <span class='ocrx_word' id='word_1_329' title='bbox 1074 4341 1137 4381; x_wconf 80' lang='lat' dir='ltr'><strong>ex</strong></span> <span class='ocrx_word' id='word_1_330' title='bbox 1186 4323 1329 4378; x_wconf 88' lang='lat' dir='ltr'><strong>dono</strong></span> <span class='ocrx_word' id='word_1_331' title='bbox 1370 4320 1487 4389; x_wconf 83' lang='lat' dir='ltr'><strong>ejus</strong></span> <span class='ocrx_word' id='word_1_332' title='bbox 1532 4318 1616 4372; x_wconf 88' lang='lat' dir='ltr'><strong>vel</strong></span> <span class='ocrx_word' id='word_1_333' title='bbox 1661 4330 1881 4386; x_wconf 84' lang='lat' dir='ltr'><strong>gemere</strong></span> <span class='ocrx_word' id='word_1_334' title='bbox 1910 4328 2092 4370; x_wconf 87' lang='lat' dir='ltr'><strong>mere-</strong></span> 
     </span>
    </p>
   </div>
   <div class='ocr_carea' id='block_1_44' title="bbox 496 4443 633 4482">
    <p class='ocr_par' dir='ltr' id='par_1_44' title="bbox 496 4443 633 4482">
     <span class='ocr_line' id='line_1_44' title="bbox 496 4443 633 4482; baseline 0 0"><span class='ocrx_word' id='word_1_335' title='bbox 496 4443 633 4482; x_wconf 77' lang='lat' dir='ltr'><strong>llilll&#39;.</strong></span> 
     </span>
    </p>
   </div>
   <div class='ocr_carea' id='block_1_45' title="bbox 564 4500 2092 4592">
    <p class='ocr_par' dir='ltr' id='par_1_45' title="bbox 564 4500 2092 4592">
     <span class='ocr_line' id='line_1_45' title="bbox 564 4500 2092 4592; baseline -0.014 -18"><span class='ocrx_word' id='word_1_336' title='bbox 564 4520 619 4573; x_wconf 75' lang='lat'><strong>‘2.</strong></span> <span class='ocrx_word' id='word_1_337' title='bbox 670 4517 821 4592; x_wconf 85' lang='lat' dir='ltr'><strong>[vers.</strong></span> <span class='ocrx_word' id='word_1_338' title='bbox 874 4512 949 4586; x_wconf 78' lang='grc'><strong>1.]</strong></span> <span class='ocrx_word' id='word_1_339' title='bbox 1000 4510 1242 4566; x_wconf 83' lang='lat' dir='ltr'><strong>Psalmus</strong></span> <span class='ocrx_word' id='word_1_340' title='bbox 1286 4506 1453 4561; x_wconf 81' lang='lat' dir='ltr'><strong>David</strong></span> <span class='ocrx_word' id='word_1_341' title='bbox 1496 4506 1789 4575; x_wconf 77' lang='lat' dir='ltr'><strong>priusquam</strong></span> <span class='ocrx_word' id='word_1_342' title='bbox 1839 4500 2092 4555; x_wconf 84' lang='lat' dir='ltr'><strong>liniretur.</strong></span> 
     </span>
    </p>
   </div>
   <div class='ocr_carea' id='block_1_46' title="bbox 499 4594 2093 4669">
    <p class='ocr_par' dir='ltr' id='par_1_46' title="bbox 499 4594 2093 4669">
     <span class='ocr_line' id='line_1_46' title="bbox 499 4594 2093 4669; baseline -0.015 0"><span class='ocrx_word' id='word_1_343' title='bbox 499 4616 610 4669; x_wconf 86' lang='lat' dir='ltr'><strong>lloc</strong></span> <span class='ocrx_word' id='word_1_344' title='bbox 635 4612 797 4667; x_wconf 87' lang='lat' dir='ltr'><strong>habet</strong></span> <span class='ocrx_word' id='word_1_345' title='bbox 818 4608 1000 4663; x_wconf 90' lang='lat' dir='ltr'><strong>titulus</strong></span> <span class='ocrx_word' id='word_1_346' title='bbox 1027 4604 1223 4659; x_wconf 84' lang='lat' dir='ltr'><strong>Psaltnl</strong></span> <span class='ocrx_word' id='word_1_347' title='bbox 1246 4604 1266 4633; x_wconf 78' lang='lat'>&#39;</span> <span class='ocrx_word' id='word_1_348' title='bbox 1298 4618 1311 4654; x_wconf 89' lang='lat'><strong>:</strong></span> <span class='ocrx_word' id='word_1_349' title='bbox 1342 4598 1581 4655; x_wconf 87' lang='lat' dir='ltr'><strong>Psalmus</strong></span> <span class='ocrx_word' id='word_1_350' title='bbox 1608 4595 1771 4649; x_wconf 80' lang='lat' dir='ltr'><strong>David</strong></span> <span class='ocrx_word' id='word_1_351' title='bbox 1798 4594 2093 4666; x_wconf 82' lang='lat' dir='ltr'><strong>priusquam</strong></span> 
     </span>
    </p>
   </div>
   <div class='ocr_carea' id='block_1_47' title="bbox 498 4684 2096 4765">
    <p class='ocr_par' dir='ltr' id='par_1_47' title="bbox 498 4684 2096 4765">
     <span class='ocr_line' id='line_1_47' title="bbox 498 4684 2096 4765; baseline -0.014 -5"><span class='ocrx_word' id='word_1_352' title='bbox 498 4707 749 4765; x_wconf 77' lang='lat' dir='ltr'><strong>ﬁniretur,</strong></span> <span class='ocrx_word' id='word_1_353' title='bbox 781 4702 884 4755; x_wconf 90' lang='lat' dir='ltr'><strong>hoc</strong></span> <span class='ocrx_word' id='word_1_354' title='bbox 913 4707 1015 4763; x_wconf 90' lang='lat' dir='ltr'><strong>est,</strong></span> <span class='ocrx_word' id='word_1_355' title='bbox 1068 4695 1376 4765; x_wconf 80' lang='lat' dir='ltr'><strong>priusquam</strong></span> <span class='ocrx_word' id='word_1_356' title='bbox 1425 4698 1729 4760; x_wconf 81' lang='lat' dir='ltr'><strong>angeretur.</strong></span> <span class='ocrx_word' id='word_1_357' title='bbox 1779 4684 1985 4742; x_wconf 87' lang='lat' dir='ltr'><strong>Unctus</strong></span> <span class='ocrx_word' id='word_1_358' title='bbox 2013 4693 2096 4739; x_wconf 77' lang='lat' dir='ltr'><strong>est</strong></span> 
     </span>
    </p>
   </div>
   <div class='ocr_carea' id='block_1_48' title="bbox 499 4778 2097 4858">
    <p class='ocr_par' dir='ltr' id='par_1_48' title="bbox 499 4778 2097 4858">
     <span class='ocr_line' id='line_1_48' title="bbox 499 4778 2097 4858; baseline -0.015 -6"><span class='ocrx_word' id='word_1_359' title='bbox 499 4800 644 4854; x_wconf 83' lang='lat' dir='ltr'><strong>enim</strong></span> <span class='ocrx_word' id='word_1_360' title='bbox 671 4796 761 4849; x_wconf 90' lang='lat' dir='ltr'><strong>ille</strong></span> <span class='ocrx_word' id='word_1_361' title='bbox 791 4802 847 4846; x_wconf 90' lang='lat' dir='ltr'><strong>ut</strong></span> <span class='ocrx_word' id='word_1_362' title='bbox 875 4806 970 4845; x_wconf 82' lang='lat' dir='ltr'><strong>rex</strong></span> <span class='ocrx_word' id='word_1_363' title='bbox 1001 4789 1045 4858; x_wconf 90' lang='lat' dir='ltr'><strong>(l</strong></span> <span class='ocrx_word' id='word_1_364' title='bbox 1080 4786 1202 4857; x_wconf 82' lang='lat' dir='ltr'><strong>Reg.</strong></span> <span class='ocrx_word' id='word_1_365' title='bbox 1236 4800 1346 4847; x_wconf 76' lang='lat' dir='ltr'><strong>xw,</strong></span> <span class='ocrx_word' id='word_1_366' title='bbox 1382 4783 1493 4850; x_wconf 77' lang='lat' dir='ltr'><strong>l3).</strong></span> <span class='ocrx_word' id='word_1_367' title='bbox 1526 4780 1591 4835; x_wconf 88' lang='lat' dir='ltr'><strong>Et</strong></span> <span class='ocrx_word' id='word_1_368' title='bbox 1619 4781 1764 4834; x_wconf 89' lang='lat' dir='ltr'><strong>solus</strong></span> <span class='ocrx_word' id='word_1_369' title='bbox 1793 4778 1813 4809; x_wconf 86' lang='grc'><em>³</em></span> <span class='ocrx_word' id='word_1_370' title='bbox 1844 4788 1969 4831; x_wconf 91' lang='lat' dir='ltr'><strong>tunc</strong></span> <span class='ocrx_word' id='word_1_371' title='bbox 1998 4791 2097 4829; x_wconf 89' lang='lat' dir='ltr'><strong>un-</strong></span> 
     </span>
    </p>
   </div>
   <div class='ocr_carea' id='block_1_49' title="bbox 499 4869 2099 4959">
    <p class='ocr_par' dir='ltr' id='par_1_49' title="bbox 499 4869 2099 4959">
     <span class='ocr_line' id='line_1_49' title="bbox 499 4869 2099 4959; baseline -0.016 -15"><span class='ocrx_word' id='word_1_372' title='bbox 499 4890 721 4959; x_wconf 79' lang='lat' dir='ltr'><strong>gebatur</strong></span> <span class='ocrx_word' id='word_1_373' title='bbox 764 4898 880 4947; x_wconf 77' lang='lat' dir='ltr'><strong>rex,</strong></span> <span class='ocrx_word' id='word_1_374' title='bbox 933 4890 988 4934; x_wconf 90' lang='lat' dir='ltr'><strong>et</strong></span> <span class='ocrx_word' id='word_1_375' title='bbox 1036 4876 1332 4933; x_wconf 87' lang='lat' dir='ltr'><strong>sacerdos:</strong></span> <span class='ocrx_word' id='word_1_376' title='bbox 1364 4874 1485 4928; x_wconf 76' lang='lat' dir='ltr'><strong>dua:</strong></span> <span class='ocrx_word' id='word_1_377' title='bbox 1541 4873 1655 4925; x_wconf 71' lang='lat' dir='ltr'><strong>ista:</strong></span> <span class='ocrx_word' id='word_1_378' title='bbox 1719 4869 1811 4923; x_wconf 91' lang='lat' dir='ltr'><strong>illo</strong></span> <span class='ocrx_word' id='word_1_379' title='bbox 1858 4878 2099 4937; x_wconf 87' lang='lat' dir='ltr'><strong>tempore</strong></span> 
     </span>
    </p>
   </div>
   <div class='ocr_carea' id='block_1_50' title="bbox 504 4960 2098 5048">
    <p class='ocr_par' dir='ltr' id='par_1_50' title="bbox 504 4960 2098 5048">
     <span class='ocr_line' id='line_1_50' title="bbox 504 4960 2098 5048; baseline -0.015 -11"><span class='ocrx_word' id='word_1_380' title='bbox 504 4991 672 5037; x_wconf 80' lang='lat' dir='ltr'><strong>uncta:</strong></span> <span class='ocrx_word' id='word_1_381' title='bbox 713 4990 975 5048; x_wconf 65' lang='lat' dir='ltr'><strong>personae.</strong></span> <span class='ocrx_word' id='word_1_382' title='bbox 1017 4971 1073 5025; x_wconf 88' lang='lat' dir='ltr'><strong>In</strong></span> <span class='ocrx_word' id='word_1_383' title='bbox 1119 4968 1324 5024; x_wconf 86' lang='lat' dir='ltr'><strong>duabus</strong></span> <span class='ocrx_word' id='word_1_384' title='bbox 1369 4966 1613 5036; x_wconf 88' lang='lat' dir='ltr'><strong>personis</strong></span> <span class='ocrx_word' id='word_1_385' title='bbox 1657 4960 2098 5034; x_wconf 63' lang='lat' dir='ltr'><strong>praeﬁgurabatur</strong></span> 
     </span>
    </p>
   </div>
   <div class='ocr_carea' id='block_1_51' title="bbox 567 5179 2098 5255">
    <p class='ocr_par' dir='ltr' id='par_1_51' title="bbox 567 5179 2098 5255">
     <span class='ocr_line' id='line_1_51' title="bbox 567 5179 2098 5255; baseline -0.015 -4"><span class='ocrx_word' id='word_1_386' title='bbox 567 5207 583 5236; x_wconf 76' lang='grc' dir='ltr'>ι</span> <span class='ocrx_word' id='word_1_387' title='bbox 611 5200 764 5250; x_wconf 78' lang='grc' dir='ltr'>Εόἱιὶο</span> <span class='ocrx_word' id='word_1_388' title='bbox 784 5205 917 5255; x_wconf 80' lang='lat' dir='ltr'><strong>t.ov.,</strong></span> <span class='ocrx_word' id='word_1_389' title='bbox 941 5193 1011 5246; x_wconf 87' lang='lat' dir='ltr'><strong>sic</strong></span> <span class='ocrx_word' id='word_1_390' title='bbox 1033 5206 1121 5248; x_wconf 82' lang='lat' dir='ltr'><strong>eoo</strong></span> <span class='ocrx_word' id='word_1_391' title='bbox 1142 5202 1328 5254; x_wconf 84' lang='lat' dir='ltr'><strong>quoque</strong></span> <span class='ocrx_word' id='word_1_392' title='bbox 1350 5185 1793 5255; x_wconf 75' lang='lat' dir='ltr'><strong>:_dissentientihus</strong></span> <span class='ocrx_word' id='word_1_393' title='bbox 1814 5182 2013 5255; x_wconf 63' lang='lat' dir='ltr'><strong>ceteris</strong></span> <span class='ocrx_word' id='word_1_394' title='bbox 2037 5179 2098 5229; x_wconf 86' lang='lat' dir='ltr'><strong>li-</strong></span> 
     </span>
    </p>
   </div>
   <div class='ocr_carea' id='block_1_52' title="bbox 501 5246 2098 5315">
    <p class='ocr_par' dir='ltr' id='par_1_52' title="bbox 501 5246 2098 5315">
     <span class='ocr_line' id='line_1_52' title="bbox 501 5246 2098 5315; baseline -0.021 -2"><span class='ocrx_word' id='word_1_395' title='bbox 501 5246 841 5315; x_wconf 12' lang='lat' dir='ltr'><strong>lrisiwtitﬁmos</strong></span> <span class='ocrx_word' id='word_1_396' title='bbox 875 5246 986 5307; x_wconf 78' lang='lat' dir='ltr'><strong>cum</strong></span> <span class='ocrx_word' id='word_1_397' title='bbox 1019 5246 1601 5315; x_wconf 46' lang='lat' dir='ltr'><strong>editione7_Fr._habebat,</strong></span> <span class='ocrx_word' id='word_1_398' title='bbox 1643 5246 1830 5308; x_wconf 77' lang='lat' dir='ltr'><strong>linguas</strong></span> 
     </span>
    </p>
   </div>
   <div class='ocr_carea' id='block_1_53' title="bbox 509 5304 2099 5377">
    <p class='ocr_par' dir='ltr' id='par_1_53' title="bbox 509 5304 2099 5377">
     <span class='ocr_line' id='line_1_53' title="bbox 509 5304 2099 5377; baseline -0.013 -5"><span class='ocrx_word' id='word_1_399' title='bbox 660 5304 963 5373; x_wconf 47' lang='lat' dir='ltr'><strong>Eia&#39;iério’s</strong></span> <span class='ocrx_word' id='word_1_400' title='bbox 989 5304 1119 5373; x_wconf 54' lang='grc' dir='ltr'><strong>λιες..</strong></span> <span class='ocrx_word' id='word_1_401' title='bbox 1152 5310 1473 5377; x_wconf 80' lang='lat' dir='ltr'><strong>morientium.</strong></span> <span class='ocrx_word' id='word_1_402' title='bbox 1510 5321 1606 5377; x_wconf 81' lang='lat' dir='ltr'><strong>qua</strong></span> <span class='ocrx_word' id='word_1_403' title='bbox 1629 5304 1863 5377; x_wconf 48' lang='lat' dir='ltr'><strong>voc—oper</strong></span> <span class='ocrx_word' id='word_1_404' title='bbox 1884 5304 2099 5377; x_wconf 72' lang='lat' dir='ltr'><strong>antithe-</strong></span> 
     </span>
    </p>
   </div>
   <div class='ocr_carea' id='block_1_54' title="bbox 500 5367 2099 5437">
    <p class='ocr_par' dir='ltr' id='par_1_54' title="bbox 500 5367 2099 5437">
     <span class='ocr_line' id='line_1_54' title="bbox 500 5367 2099 5437; baseline -0.013 -4"><span class='ocrx_word' id='word_1_405' title='bbox 500 5367 1002 5437; x_wconf 57' lang='lat' dir='ltr'><strong>iiifia&#39;iwuim,</strong></span> <span class='ocrx_word' id='word_1_406' title='bbox 1025 5367 1145 5427; x_wconf 77' lang='lat' dir='ltr'><strong>usus</strong></span> <span class='ocrx_word' id='word_1_407' title='bbox 1180 5374 1335 5423; x_wconf 85' lang='lat' dir='ltr'><strong>fuisse</strong></span> <span class='ocrx_word' id='word_1_408' title='bbox 1376 5367 1667 5437; x_wconf 66' lang='lat' dir='ltr'><strong>Augustinus</strong></span> <span class='ocrx_word' id='word_1_409' title='bbox 1702 5367 1987 5437; x_wconf 75' lang='lat' dir='ltr'><strong>intelligitur</strong></span> <span class='ocrx_word' id='word_1_410' title='bbox 2034 5377 2099 5414; x_wconf 80' lang='lat' dir='ltr'><strong>ex</strong></span> 
     </span>
    </p>
   </div>
   <div class='ocr_carea' id='block_1_55' title="bbox 409 5429 1919 5501">
    <p class='ocr_par' dir='ltr' id='par_1_55' title="bbox 409 5429 1919 5501">
     <span class='ocr_line' id='line_1_55' title="bbox 409 5429 1919 5501; baseline -0.017 0"><span class='ocrx_word' id='word_1_411' title='bbox 409 5458 412 5459; x_wconf 66' lang='grc'><strong><em>⁷</em></strong></span> <span class='ocrx_word' id='word_1_412' title='bbox 502 5429 602 5499; x_wconf 61' lang='lat' dir='ltr'><strong>iiii;</strong></span> <span class='ocrx_word' id='word_1_413' title='bbox 625 5429 831 5496; x_wconf 47' lang='lat' dir='ltr'><strong>verbis&quot;:</strong></span> <span class='ocrx_word' id='word_1_414' title='bbox 856 5429 921 5491; x_wconf 70' lang='lat' dir='ltr'><strong>bs</strong></span> <span class='ocrx_word' id='word_1_415' title='bbox 943 5429 1070 5490; x_wconf 66' lang='lat' dir='ltr'><strong>enim</strong></span> <span class='ocrx_word' id='word_1_416' title='bbox 1092 5437 1221 5501; x_wconf 77' lang='lat' dir='ltr'><strong>quod</strong></span> <span class='ocrx_word' id='word_1_417' title='bbox 1244 5429 1472 5501; x_wconf 63' lang='lat' dir='ltr'><strong>nwntttuf</strong></span> <span class='ocrx_word' id='word_1_418' title='bbox 1492 5430 1667 5501; x_wconf 67' lang='lat' dir='ltr'><strong>occidit</strong></span> <span class='ocrx_word' id='word_1_419' title='bbox 1690 5429 1919 5479; x_wconf 80' lang='lat' dir='ltr'><strong>animam.</strong></span> 
     </span>
    </p>
   </div>
   <div class='ocr_carea' id='block_1_56' title="bbox 577 5495 2100 5557">
    <p class='ocr_par' dir='ltr' id='par_1_56' title="bbox 577 5495 2100 5557">
     <span class='ocr_line' id='line_1_56' title="bbox 577 5495 2100 5557; baseline -0.014 0"><span class='ocrx_word' id='word_1_420' title='bbox 577 5495 677 5556; x_wconf 76' lang='lat' dir='ltr'><strong>im</strong></span> <span class='ocrx_word' id='word_1_421' title='bbox 723 5506 837 5555; x_wconf 80' lang='lat' dir='ltr'><strong>Edd.</strong></span> <span class='ocrx_word' id='word_1_422' title='bbox 883 5495 1241 5552; x_wconf 71' lang='lat' dir='ltr'><strong>deerant&#39;bzrc</strong></span> <span class='ocrx_word' id='word_1_423' title='bbox 1280 5497 1457 5553; x_wconf 81' lang='lat' dir='ltr'><strong>verba,</strong></span> <span class='ocrx_word' id='word_1_424' title='bbox 1498 5495 1571 5544; x_wconf 83' lang='lat' dir='ltr'><strong>vet</strong></span> <span class='ocrx_word' id='word_1_425' title='bbox 1611 5500 2100 5557; x_wconf 58' lang='lat' dir='ltr'><strong>gemeremeremar.</strong></span> 
     </span>
    </p>
   </div>
   <div class='ocr_carea' id='block_1_57' title="bbox 510 5548 2103 5627">
    <p class='ocr_par' dir='ltr' id='par_1_57' title="bbox 510 5548 2103 5627">
     <span class='ocr_line' id='line_1_57' title="bbox 510 5548 2103 5627; baseline -0.017 -3"><span class='ocrx_word' id='word_1_426' title='bbox 510 5548 945 5625; x_wconf 43' lang='grc' dir='ltr'><strong>Ρεαιίῖδιεὴῇἱιινῧί</strong></span> <span class='ocrx_word' id='word_1_427' title='bbox 958 5548 1253 5627; x_wconf 58' lang='lat' dir='ltr'><strong>priusquam</strong></span> <span class='ocrx_word' id='word_1_428' title='bbox 1306 5548 1543 5627; x_wconf 73' lang='lat' dir='ltr'><strong>ﬁniretur.</strong></span> <span class='ocrx_word' id='word_1_429' title='bbox 1600 5548 1707 5627; x_wconf 12' lang='lat' dir='ltr'><strong>ioc,</strong></span> <span class='ocrx_word' id='word_1_430' title='bbox 1745 5550 1882 5627; x_wconf 62' lang='lat' dir='ltr'><strong>habet</strong></span> <span class='ocrx_word' id='word_1_431' title='bbox 1938 5548 2103 5599; x_wconf 84' lang='lat' dir='ltr'><strong>titulus</strong></span> 
     </span>
    </p>
   </div>
   <div class='ocr_carea' id='block_1_58' title="bbox 507 5620 1913 5691">
    <p class='ocr_par' dir='ltr' id='par_1_58' title="bbox 507 5620 1913 5691">
     <span class='ocr_line' id='line_1_58' title="bbox 507 5620 1913 5691; baseline -0.016 -8"><span class='ocrx_word' id='word_1_432' title='bbox 507 5620 691 5687; x_wconf 63' lang='lat' dir='ltr'><em>W</em></span> <span class='ocrx_word' id='word_1_433' title='bbox 719 5642 737 5680; x_wconf 93' lang='lat'><strong><em>:</em></strong></span> <span class='ocrx_word' id='word_1_434' title='bbox 760 5639 872 5691; x_wconf 64' lang='lat' dir='ltr'><strong>quae</strong></span> <span class='ocrx_word' id='word_1_435' title='bbox 895 5620 1120 5691; x_wconf 75' lang='lat' dir='ltr'><strong>undecim</strong></span> <span class='ocrx_word' id='word_1_436' title='bbox 1139 5620 1551 5691; x_wconf 69' lang='lat' dir='ltr'><strong>Mss._auetoritate</strong></span> <span class='ocrx_word' id='word_1_437' title='bbox 1572 5620 1913 5691; x_wconf 58' lang='lat' dir='ltr'><strong>restituuntur.</strong></span> 
     </span>
    </p>
   </div>
   <div class='ocr_carea' id='block_1_59' title="bbox 575 5670 2103 5744">
    <p class='ocr_par' dir='ltr' id='par_1_59' title="bbox 575 5670 2103 5744">
     <span class='ocr_line' id='line_1_59' title="bbox 575 5670 2103 5744; baseline -0.015 -2"><span class='ocrx_word' id='word_1_438' title='bbox 575 5670 693 5741; x_wconf 58' lang='grc' dir='ltr'><strong>ῗᾝῖἇ</strong></span> <span class='ocrx_word' id='word_1_439' title='bbox 712 5670 1149 5743; x_wconf 54' lang='grc' dir='ltr'><strong>ίνιῖἰῖῶἶιέἷξδι</strong></span> <span class='ocrx_word' id='word_1_440' title='bbox 1181 5686 1400 5744; x_wconf 85' lang='lat' dir='ltr'><strong>quinque</strong></span> <span class='ocrx_word' id='word_1_441' title='bbox 1419 5677 1579 5728; x_wconf 81' lang='lat' dir='ltr'><strong>Gallic.</strong></span> <span class='ocrx_word' id='word_1_442' title='bbox 1611 5684 1719 5726; x_wconf 81' lang='lat' dir='ltr'><strong>Itss.</strong></span> <span class='ocrx_word' id='word_1_443' title='bbox 1741 5676 1858 5744; x_wconf 58' lang='lat' dir='ltr'><strong>edd.</strong></span> <span class='ocrx_word' id='word_1_444' title='bbox 1885 5684 2005 5722; x_wconf 80' lang='lat' dir='ltr'><strong>vero</strong></span> <span class='ocrx_word' id='word_1_445' title='bbox 2027 5670 2103 5721; x_wconf 89' lang='lat' dir='ltr'><strong>fe-</strong></span> 
     </span>
    </p>
   </div>
   <div class='ocr_carea' id='block_1_60' title="bbox 516 5740 2103 5805">
    <p class='ocr_par' dir='ltr' id='par_1_60' title="bbox 516 5740 2103 5805">
     <span class='ocr_line' id='line_1_60' title="bbox 516 5740 2103 5805; baseline -0.013 0"><span class='ocrx_word' id='word_1_446' title='bbox 753 5756 929 5801; x_wconf 81' lang='lat' dir='ltr'><strong>Unctus</strong></span> <span class='ocrx_word' id='word_1_447' title='bbox 943 5754 1012 5799; x_wconf 82' lang='lat' dir='ltr'><strong>est</strong></span> <span class='ocrx_word' id='word_1_448' title='bbox 1036 5740 1164 5797; x_wconf 80' lang='lat' dir='ltr'><strong>enim</strong></span> <span class='ocrx_word' id='word_1_449' title='bbox 1184 5740 1266 5797; x_wconf 76' lang='lat' dir='ltr'><strong>ille</strong></span> <span class='ocrx_word' id='word_1_450' title='bbox 1299 5740 1349 5793; x_wconf 71' lang='lat' dir='ltr'><strong>ut</strong></span> <span class='ocrx_word' id='word_1_451' title='bbox 1387 5755 1479 5793; x_wconf 74' lang='lat' dir='ltr'><strong>rex</strong></span> <span class='ocrx_word' id='word_1_452' title='bbox 1500 5747 1546 5792; x_wconf 85' lang='lat' dir='ltr'><strong>ct</strong></span> <span class='ocrx_word' id='word_1_453' title='bbox 1578 5740 1822 5791; x_wconf 82' lang='lat' dir='ltr'><strong>sacerdos.</strong></span> <span class='ocrx_word' id='word_1_454' title='bbox 1854 5744 1979 5787; x_wconf 80' lang='lat' dir='ltr'><strong>Tum:</strong></span> <span class='ocrx_word' id='word_1_455' title='bbox 2013 5748 2103 5785; x_wconf 88' lang='lat' dir='ltr'><strong>un-</strong></span> 
     </span>
    </p>
   </div>
   <div class='ocr_carea' id='block_1_61' title="bbox 515 5816 846 5887">
    <p class='ocr_par' dir='ltr' id='par_1_61' title="bbox 515 5816 846 5887">
     <span class='ocr_line' id='line_1_61' title="bbox 515 5816 846 5887; baseline -0.009 -21"><span class='ocrx_word' id='word_1_456' title='bbox 515 5816 729 5887; x_wconf 74' lang='lat' dir='ltr'><strong>gebatur,</strong></span> <span class='ocrx_word' id='word_1_457' title='bbox 749 5821 846 5864; x_wconf 84' lang='lat' dir='ltr'><strong>ctc.</strong></span> 
     </span>
    </p>
   </div>
   <div class='ocr_carea' id='block_1_62' title="bbox 1664 334 2474 393">
    <p class='ocr_par' dir='ltr' id='par_1_62' title="bbox 1664 334 2474 393">
     <span class='ocr_line' id='line_1_62' title="bbox 1664 334 2474 393; baseline 0.001 0"><span class='ocrx_word' id='word_1_458' title='bbox 1664 340 1719 393; x_wconf 91' lang='lat' dir='ltr'><strong>S.</strong></span> <span class='ocrx_word' id='word_1_459' title='bbox 1761 334 2125 393; x_wconf 68' lang='lat' dir='ltr'><strong>AUGUSTINI</strong></span> <span class='ocrx_word' id='word_1_460' title='bbox 2170 335 2474 393; x_wconf 81' lang='lat' dir='ltr'><strong>EPISCOPI</strong></span> 
     </span>
    </p>
   </div>
   <div class='ocr_carea' id='block_1_63' title="bbox 3661 335 3770 391">
    <p class='ocr_par' dir='ltr' id='par_1_63' title="bbox 3661 335 3770 391">
     <span class='ocr_line' id='line_1_63' title="bbox 3661 335 3770 391; baseline 0 0"><span class='ocrx_word' id='word_1_461' title='bbox 3661 335 3770 391; x_wconf 69' lang='lat'><strong>200</strong></span> 
     </span>
    </p>
   </div>
   <div class='ocr_carea' id='block_1_64' title="bbox 2164 451 3769 522">
    <p class='ocr_par' dir='ltr' id='par_1_64' title="bbox 2164 451 3769 522">
     <span class='ocr_line' id='line_1_64' title="bbox 2164 451 3769 522; baseline -0.003 -16"><span class='ocrx_word' id='word_1_462' title='bbox 2164 455 2373 506; x_wconf 81' lang='lat' dir='ltr'><strong>iuturus</strong></span> <span class='ocrx_word' id='word_1_463' title='bbox 2405 468 2538 506; x_wconf 74' lang='grc' dir='ltr'>ιηιιιε</span> <span class='ocrx_word' id='word_1_464' title='bbox 2584 469 2677 507; x_wconf 82' lang='lat' dir='ltr'><strong>res</strong></span> <span class='ocrx_word' id='word_1_465' title='bbox 2705 463 2759 506; x_wconf 82' lang='lat' dir='ltr'><strong>et</strong></span> <span class='ocrx_word' id='word_1_466' title='bbox 2788 451 3060 515; x_wconf 81' lang='lat' dir='ltr'><strong>sacerdos,</strong></span> <span class='ocrx_word' id='word_1_467' title='bbox 3093 460 3320 522; x_wconf 86' lang='lat' dir='ltr'><strong>utroque</strong></span> <span class='ocrx_word' id='word_1_468' title='bbox 3362 465 3585 504; x_wconf 80' lang='lat' dir='ltr'><strong>mum-rc</strong></span> <span class='ocrx_word' id='word_1_469' title='bbox 3629 465 3769 502; x_wconf 80' lang='lat' dir='ltr'><strong>unus</strong></span> 
     </span>
    </p>
   </div>
   <div class='ocr_carea' id='block_1_65' title="bbox 2163 541 3757 609">
    <p class='ocr_par' dir='ltr' id='par_1_65' title="bbox 2163 541 3757 609">
     <span class='ocr_line' id='line_1_65' title="bbox 2163 541 3757 609; baseline -0.003 -12"><span class='ocrx_word' id='word_1_470' title='bbox 2163 546 2426 609; x_wconf 76' lang='lat' dir='ltr'><strong>Christus,</strong></span> <span class='ocrx_word' id='word_1_471' title='bbox 2458 554 2513 599; x_wconf 91' lang='lat' dir='ltr'><strong>et</strong></span> <span class='ocrx_word' id='word_1_472' title='bbox 2544 547 2663 601; x_wconf 86' lang='lat' dir='ltr'><strong>ideo</strong></span> <span class='ocrx_word' id='word_1_473' title='bbox 2690 545 2937 599; x_wconf 86' lang='lat' dir='ltr'><strong>Christus</strong></span> <span class='ocrx_word' id='word_1_474' title='bbox 2982 558 3010 596; x_wconf 88' lang='lat' dir='ltr'><strong>a</strong></span> <span class='ocrx_word' id='word_1_475' title='bbox 3053 542 3364 597; x_wconf 80' lang='lat' dir='ltr'><strong>chrismate.</strong></span> <span class='ocrx_word' id='word_1_476' title='bbox 3416 541 3531 597; x_wconf 84' lang='lat' dir='ltr'><strong>Non</strong></span> <span class='ocrx_word' id='word_1_477' title='bbox 3577 541 3757 596; x_wconf 77' lang='lat' dir='ltr'><strong>Solum</strong></span> 
     </span>
    </p>
   </div>
   <div class='ocr_carea' id='block_1_66' title="bbox 2161 629 3769 702">
    <p class='ocr_par' dir='ltr' id='par_1_66' title="bbox 2161 629 3769 702">
     <span class='ocr_line' id='line_1_66' title="bbox 2161 629 3769 702; baseline -0.002 -15"><span class='ocrx_word' id='word_1_478' title='bbox 2161 646 2338 688; x_wconf 86' lang='lat' dir='ltr'><strong>autem</strong></span> <span class='ocrx_word' id='word_1_479' title='bbox 2368 646 2527 702; x_wconf 82' lang='lat' dir='ltr'><strong>caput</strong></span> <span class='ocrx_word' id='word_1_480' title='bbox 2556 644 2795 689; x_wconf 88' lang='lat' dir='ltr'><strong>nostrum</strong></span> <span class='ocrx_word' id='word_1_481' title='bbox 2823 645 3037 688; x_wconf 79' lang='lat' dir='ltr'><strong>unctum</strong></span> <span class='ocrx_word' id='word_1_482' title='bbox 3068 644 3173 699; x_wconf 84' lang='lat' dir='ltr'><strong>est,</strong></span> <span class='ocrx_word' id='word_1_483' title='bbox 3219 633 3313 687; x_wconf 86' lang='lat' dir='ltr'><strong>sed</strong></span> <span class='ocrx_word' id='word_1_484' title='bbox 3346 642 3403 687; x_wconf 89' lang='lat' dir='ltr'><strong>et</strong></span> <span class='ocrx_word' id='word_1_485' title='bbox 3421 646 3619 702; x_wconf 88' lang='lat' dir='ltr'><strong>corpus</strong></span> <span class='ocrx_word' id='word_1_486' title='bbox 3648 629 3769 700; x_wconf 82' lang='lat' dir='ltr'><strong>ejus</strong></span> 
     </span>
    </p>
   </div>
   <div class='ocr_carea' id='block_1_67' title="bbox 2166 721 3770 793">
    <p class='ocr_par' dir='ltr' id='par_1_67' title="bbox 2166 721 3770 793">
     <span class='ocr_line' id='line_1_67' title="bbox 2166 721 3770 793; baseline -0.001 -16"><span class='ocrx_word' id='word_1_487' title='bbox 2166 741 2261 778; x_wconf 70' lang='lat' dir='ltr'><strong>no~&#39;</strong></span> <span class='ocrx_word' id='word_1_488' title='bbox 2288 725 2407 793; x_wconf 75' lang='lat' dir='ltr'><strong>ip~i.</strong></span> <span class='ocrx_word' id='word_1_489' title='bbox 2440 724 2553 779; x_wconf 78' lang='lat' dir='ltr'><strong>Rex</strong></span> <span class='ocrx_word' id='word_1_490' title='bbox 2584 733 2760 779; x_wconf 88' lang='lat' dir='ltr'><strong>autem</strong></span> <span class='ocrx_word' id='word_1_491' title='bbox 2788 734 2889 788; x_wconf 88' lang='lat' dir='ltr'><strong>est,</strong></span> <span class='ocrx_word' id='word_1_492' title='bbox 2922 724 3044 792; x_wconf 88' lang='lat' dir='ltr'><strong>quia</strong></span> <span class='ocrx_word' id='word_1_493' title='bbox 3086 739 3186 777; x_wconf 88' lang='lat' dir='ltr'><strong>nos</strong></span> <span class='ocrx_word' id='word_1_494' title='bbox 3212 724 3349 793; x_wconf 83' lang='lat' dir='ltr'><strong>regit</strong></span> <span class='ocrx_word' id='word_1_495' title='bbox 3372 732 3429 778; x_wconf 86' lang='lat' dir='ltr'><strong>et</strong></span> <span class='ocrx_word' id='word_1_496' title='bbox 3453 721 3645 786; x_wconf 85' lang='lat' dir='ltr'><strong>ducit;</strong></span> <span class='ocrx_word' id='word_1_497' title='bbox 3679 736 3770 776; x_wconf 86' lang='lat' dir='ltr'><strong>sa-</strong></span> 
     </span>
    </p>
   </div>
   <div class='ocr_carea' id='block_1_68' title="bbox 2163 811 3749 885">
    <p class='ocr_par' dir='ltr' id='par_1_68' title="bbox 2163 811 3749 885">
     <span class='ocr_line' id='line_1_68' title="bbox 2163 811 3749 885; baseline -0.001 -16"><span class='ocrx_word' id='word_1_498' title='bbox 2163 818 2502 885; x_wconf 89' lang='lat' dir='ltr'><strong>cerdos,qnia</strong></span> <span class='ocrx_word' id='word_1_499' title='bbox 2540 819 2643 885; x_wconf 74' lang='lat' dir='ltr'><strong>pro</strong></span> <span class='ocrx_word' id='word_1_500' title='bbox 2685 816 2837 870; x_wconf 86' lang='lat' dir='ltr'><strong>nobis</strong></span> <span class='ocrx_word' id='word_1_501' title='bbox 2883 815 3183 884; x_wconf 82' lang='lat' dir='ltr'><strong>interpellat</strong></span> <span class='ocrx_word' id='word_1_502' title='bbox 3215 816 3232 884; x_wconf 89' lang='lat'>(</span> <span class='ocrx_word' id='word_1_503' title='bbox 3258 813 3408 868; x_wconf 86' lang='lat' dir='ltr'><strong>Rom.</strong></span> <span class='ocrx_word' id='word_1_504' title='bbox 3434 831 3547 879; x_wconf 77' lang='lat' dir='ltr'><strong>vm,</strong></span> <span class='ocrx_word' id='word_1_505' title='bbox 3567 814 3683 880; x_wconf 70' lang='grc' dir='ltr'><strong>δι).</strong></span> <span class='ocrx_word' id='word_1_506' title='bbox 3704 811 3749 867; x_wconf 71' lang='grc' dir='ltr'>Ε</span> 
     </span>
    </p>
   </div>
   <div class='ocr_carea' id='block_1_69' title="bbox 2166 908 3775 976">
    <p class='ocr_par' dir='ltr' id='par_1_69' title="bbox 2166 908 3775 976">
     <span class='ocr_line' id='line_1_69' title="bbox 2166 908 3775 976; baseline 0.001 -18"><span class='ocrx_word' id='word_1_507' title='bbox 2166 908 2383 976; x_wconf 83' lang='lat' dir='ltr'><strong>quidem</strong></span> <span class='ocrx_word' id='word_1_508' title='bbox 2443 908 2596 962; x_wconf 88' lang='lat' dir='ltr'><strong>solus</strong></span> <span class='ocrx_word' id='word_1_509' title='bbox 2665 908 2755 963; x_wconf 91' lang='lat' dir='ltr'><strong>ille</strong></span> <span class='ocrx_word' id='word_1_510' title='bbox 2804 908 3055 961; x_wconf 76' lang='lat' dir='ltr'><strong>sacerdos</strong></span> <span class='ocrx_word' id='word_1_511' title='bbox 3111 908 3229 961; x_wconf 86' lang='lat' dir='ltr'><strong>talis</strong></span> <span class='ocrx_word' id='word_1_512' title='bbox 3287 908 3494 968; x_wconf 79' lang='lat' dir='ltr'><strong>extitit,</strong></span> <span class='ocrx_word' id='word_1_513' title='bbox 3556 916 3613 959; x_wconf 91' lang='lat' dir='ltr'><strong>ut</strong></span> <span class='ocrx_word' id='word_1_514' title='bbox 3656 910 3775 975; x_wconf 83' lang='lat' dir='ltr'><strong>ipse</strong></span> 
     </span>
    </p>
   </div>
   <div class='ocr_carea' id='block_1_70' title="bbox 2165 997 3773 1053">
    <p class='ocr_par' dir='ltr' id='par_1_70' title="bbox 2165 997 3773 1053">
     <span class='ocr_line' id='line_1_70' title="bbox 2165 997 3773 1053; baseline -0.001 -1"><span class='ocrx_word' id='word_1_515' title='bbox 2165 1007 2310 1053; x_wconf 83' lang='lat' dir='ltr'><strong>esset</strong></span> <span class='ocrx_word' id='word_1_516' title='bbox 2351 998 2512 1053; x_wconf 89' lang='lat' dir='ltr'><strong>etiam</strong></span> <span class='ocrx_word' id='word_1_517' title='bbox 2545 998 2884 1053; x_wconf 89' lang='lat' dir='ltr'><strong>sacrilicium.</strong></span> <span class='ocrx_word' id='word_1_518' title='bbox 2930 998 3261 1053; x_wconf 82' lang='lat' dir='ltr'><strong>Sacriﬁcium</strong></span> <span class='ocrx_word' id='word_1_519' title='bbox 3294 998 3487 1053; x_wconf 78' lang='lat' dir='ltr'><strong>obtulit</strong></span> <span class='ocrx_word' id='word_1_520' title='bbox 3525 997 3638 1052; x_wconf 88' lang='lat' dir='ltr'><strong>Deo</strong></span> <span class='ocrx_word' id='word_1_521' title='bbox 3663 1013 3773 1051; x_wconf 88' lang='lat' dir='ltr'><strong>non</strong></span> 
     </span>
    </p>
   </div>
   <div class='ocr_carea' id='block_1_71' title="bbox 2166 1090 3777 1160">
    <p class='ocr_par' dir='ltr' id='par_1_71' title="bbox 2166 1090 3777 1160">
     <span class='ocr_line' id='line_1_71' title="bbox 2166 1090 3777 1160; baseline 0.001 -18"><span class='ocrx_word' id='word_1_522' title='bbox 2166 1090 2309 1144; x_wconf 87' lang='lat' dir='ltr'><strong>aliud</strong></span> <span class='ocrx_word' id='word_1_523' title='bbox 2351 1106 2509 1160; x_wconf 89' lang='lat' dir='ltr'><strong>quam</strong></span> <span class='ocrx_word' id='word_1_524' title='bbox 2541 1092 2793 1160; x_wconf 91' lang='lat' dir='ltr'><strong>seipsum.</strong></span> <span class='ocrx_word' id='word_1_525' title='bbox 2842 1090 2957 1145; x_wconf 81' lang='lat' dir='ltr'><strong>Non</strong></span> <span class='ocrx_word' id='word_1_526' title='bbox 3002 1091 3143 1145; x_wconf 87' lang='lat' dir='ltr'><strong>enim</strong></span> <span class='ocrx_word' id='word_1_527' title='bbox 3178 1091 3445 1145; x_wconf 87' lang='lat' dir='ltr'><strong>inveniret</strong></span> <span class='ocrx_word' id='word_1_528' title='bbox 3490 1100 3688 1159; x_wconf 68' lang='lat' dir='ltr'><strong>praeter</strong></span> <span class='ocrx_word' id='word_1_529' title='bbox 3713 1106 3777 1143; x_wconf 87' lang='lat' dir='ltr'><strong>se</strong></span> 
     </span>
    </p>
   </div>
   <div class='ocr_carea' id='block_1_72' title="bbox 2170 1183 3776 1254">
    <p class='ocr_par' dir='ltr' id='par_1_72' title="bbox 2170 1183 3776 1254">
     <span class='ocr_line' id='line_1_72' title="bbox 2170 1183 3776 1254; baseline 0.002 -19"><span class='ocrx_word' id='word_1_530' title='bbox 2170 1183 2573 1237; x_wconf 87' lang='lat' dir='ltr'><strong>mundissimam</strong></span> <span class='ocrx_word' id='word_1_531' title='bbox 2618 1184 2931 1238; x_wconf 84' lang='lat' dir='ltr'><strong>rationalem</strong></span> <span class='ocrx_word' id='word_1_532' title='bbox 2979 1184 3271 1246; x_wconf 86' lang='lat' dir='ltr'><strong>victimam,</strong></span> <span class='ocrx_word' id='word_1_533' title='bbox 3320 1194 3574 1254; x_wconf 77' lang='lat' dir='ltr'><strong>tanquam</strong></span> <span class='ocrx_word' id='word_1_534' title='bbox 3599 1196 3776 1254; x_wconf 74' lang='lat' dir='ltr'><strong>agnus</strong></span> 
     </span>
    </p>
   </div>
   <div class='ocr_carea' id='block_1_73' title="bbox 2171 1275 3773 1345">
    <p class='ocr_par' dir='ltr' id='par_1_73' title="bbox 2171 1275 3773 1345">
     <span class='ocr_line' id='line_1_73' title="bbox 2171 1275 3773 1345; baseline 0.005 -19"><span class='ocrx_word' id='word_1_535' title='bbox 2171 1276 2541 1328; x_wconf 89' lang='lat' dir='ltr'><strong>immaculatus</strong></span> <span class='ocrx_word' id='word_1_536' title='bbox 2586 1275 2702 1329; x_wconf 90' lang='lat' dir='ltr'><strong>fuso</strong></span> <span class='ocrx_word' id='word_1_537' title='bbox 2748 1276 3007 1345; x_wconf 86' lang='lat' dir='ltr'><strong>sanguine</strong></span> <span class='ocrx_word' id='word_1_538' title='bbox 3035 1290 3134 1330; x_wconf 89' lang='lat' dir='ltr'><strong>Suo</strong></span> <span class='ocrx_word' id='word_1_539' title='bbox 3178 1277 3446 1331; x_wconf 76' lang='lat' dir='ltr'><strong>red‘mens</strong></span> <span class='ocrx_word' id='word_1_540' title='bbox 3488 1293 3606 1341; x_wconf 83' lang='lat' dir='ltr'><strong>nos,</strong></span> <span class='ocrx_word' id='word_1_541' title='bbox 3632 1292 3773 1334; x_wconf 71' lang='lat' dir='ltr'><strong>etin-</strong></span> 
     </span>
    </p>
   </div>
   <div class='ocr_carea' id='block_1_74' title="bbox 2170 1364 3775 1435">
    <p class='ocr_par' dir='ltr' id='par_1_74' title="bbox 2170 1364 3775 1435">
     <span class='ocr_line' id='line_1_74' title="bbox 2170 1364 3775 1435; baseline 0.002 -16"><span class='ocrx_word' id='word_1_542' title='bbox 2170 1381 2461 1435; x_wconf 89' lang='lat' dir='ltr'><strong>corporans</strong></span> <span class='ocrx_word' id='word_1_543' title='bbox 2486 1381 2583 1419; x_wconf 89' lang='lat' dir='ltr'><strong>nos</strong></span> <span class='ocrx_word' id='word_1_544' title='bbox 2608 1366 2730 1430; x_wconf 91' lang='lat' dir='ltr'><strong>sibi,</strong></span> <span class='ocrx_word' id='word_1_545' title='bbox 2764 1367 2961 1421; x_wconf 89' lang='lat' dir='ltr'><strong>faciens</strong></span> <span class='ocrx_word' id='word_1_546' title='bbox 2989 1368 3348 1427; x_wconf 76' lang='lat' dir='ltr'><strong>nosmembra</strong></span> <span class='ocrx_word' id='word_1_547' title='bbox 3370 1383 3489 1430; x_wconf 83' lang='lat' dir='ltr'><strong>sua.</strong></span> <span class='ocrx_word' id='word_1_548' title='bbox 3514 1376 3573 1425; x_wconf 88' lang='lat' dir='ltr'><strong>ut</strong></span> <span class='ocrx_word' id='word_1_549' title='bbox 3592 1369 3645 1423; x_wconf 88' lang='lat' dir='ltr'><strong>in</strong></span> <span class='ocrx_word' id='word_1_550' title='bbox 3674 1364 3775 1425; x_wconf 83' lang='lat' dir='ltr'><strong>illo</strong></span> 
     </span>
    </p>
   </div>
   <div class='ocr_carea' id='block_1_75' title="bbox 2171 1456 3780 1515">
    <p class='ocr_par' dir='ltr' id='par_1_75' title="bbox 2171 1456 3780 1515">
     <span class='ocr_line' id='line_1_75' title="bbox 2171 1456 3780 1515; baseline 0.002 -4"><span class='ocrx_word' id='word_1_551' title='bbox 2171 1467 2225 1511; x_wconf 86' lang='lat' dir='ltr'><strong>et</strong></span> <span class='ocrx_word' id='word_1_552' title='bbox 2267 1472 2364 1510; x_wconf 90' lang='lat' dir='ltr'><strong>nos</strong></span> <span class='ocrx_word' id='word_1_553' title='bbox 2394 1456 2636 1511; x_wconf 60' lang='lat' dir='ltr'><strong>Christus</strong></span> <span class='ocrx_word' id='word_1_554' title='bbox 2676 1471 2940 1512; x_wconf 85' lang='lat' dir='ltr'><strong>essemus.</strong></span> <span class='ocrx_word' id='word_1_555' title='bbox 2972 1458 3097 1513; x_wconf 85' lang='lat' dir='ltr'><strong>ideo</strong></span> <span class='ocrx_word' id='word_1_556' title='bbox 3126 1458 3192 1512; x_wconf 83' lang='lat' dir='ltr'><strong>ad</strong></span> <span class='ocrx_word' id='word_1_557' title='bbox 3219 1472 3408 1513; x_wconf 83' lang='lat' dir='ltr'><strong>omnes</strong></span> <span class='ocrx_word' id='word_1_558' title='bbox 3437 1457 3780 1515; x_wconf 74' lang='lat' dir='ltr'><strong>Christianos</strong></span> 
     </span>
    </p>
   </div>
   <div class='ocr_carea' id='block_1_76' title="bbox 2174 1546 3777 1616">
    <p class='ocr_par' dir='ltr' id='par_1_76' title="bbox 2174 1546 3777 1616">
     <span class='ocr_line' id='line_1_76' title="bbox 2174 1546 3777 1616; baseline 0.002 -16"><span class='ocrx_word' id='word_1_559' title='bbox 2174 1546 2405 1614; x_wconf 87' lang='lat' dir='ltr'><strong>pertinet</strong></span> <span class='ocrx_word' id='word_1_560' title='bbox 2449 1546 2627 1602; x_wconf 86' lang='lat' dir='ltr'><strong>unctio</strong></span> <span class='ocrx_word' id='word_1_561' title='bbox 2660 1565 2674 1602; x_wconf 90' lang='lat'><strong>:</strong></span> <span class='ocrx_word' id='word_1_562' title='bbox 2709 1548 2975 1616; x_wconf 85' lang='lat' dir='ltr'><strong>prioribus</strong></span> <span class='ocrx_word' id='word_1_563' title='bbox 3003 1555 3179 1603; x_wconf 89' lang='lat' dir='ltr'><strong>autem</strong></span> <span class='ocrx_word' id='word_1_564' title='bbox 3214 1548 3418 1604; x_wconf 78' lang='lat' dir='ltr'><strong>Veteris</strong></span> <span class='ocrx_word' id='word_1_565' title='bbox 3442 1548 3777 1603; x_wconf 83' lang='lat' dir='ltr'><strong>Testamenti</strong></span> 
     </span>
    </p>
   </div>
   <div class='ocr_carea' id='block_1_77' title="bbox 2173 1638 3781 1709">
    <p class='ocr_par' dir='ltr' id='par_1_77' title="bbox 2173 1638 3781 1709">
     <span class='ocr_line' id='line_1_77' title="bbox 2173 1638 3781 1709; baseline 0.004 -19"><span class='ocrx_word' id='word_1_566' title='bbox 2173 1638 2505 1706; x_wconf 89' lang='lat' dir='ltr'><strong>temporibus</strong></span> <span class='ocrx_word' id='word_1_567' title='bbox 2548 1638 2613 1693; x_wconf 88' lang='lat' dir='ltr'><strong>ad</strong></span> <span class='ocrx_word' id='word_1_568' title='bbox 2655 1638 2787 1694; x_wconf 88' lang='lat' dir='ltr'><strong>duas</strong></span> <span class='ocrx_word' id='word_1_569' title='bbox 2814 1639 2957 1693; x_wconf 86' lang='lat' dir='ltr'><strong>solas</strong></span> <span class='ocrx_word' id='word_1_570' title='bbox 3001 1654 3259 1709; x_wconf 84' lang='lat' dir='ltr'><strong>personas</strong></span> <span class='ocrx_word' id='word_1_571' title='bbox 3287 1640 3610 1709; x_wconf 85' lang='lat' dir='ltr'><strong>pertinebat.</strong></span> <span class='ocrx_word' id='word_1_572' title='bbox 3646 1639 3781 1697; x_wconf 83' lang='lat' dir='ltr'><strong>Inde</strong></span> 
     </span>
    </p>
   </div>
   <div class='ocr_carea' id='block_1_78' title="bbox 2174 1727 3780 1801">
    <p class='ocr_par' dir='ltr' id='par_1_78' title="bbox 2174 1727 3780 1801">
     <span class='ocr_line' id='line_1_78' title="bbox 2174 1727 3780 1801; baseline 0.002 -18"><span class='ocrx_word' id='word_1_573' title='bbox 2174 1737 2353 1785; x_wconf 87' lang='lat' dir='ltr'><strong>autem</strong></span> <span class='ocrx_word' id='word_1_574' title='bbox 2392 1739 2613 1799; x_wconf 87' lang='lat' dir='ltr'><strong>apparet</strong></span> <span class='ocrx_word' id='word_1_575' title='bbox 2650 1727 2848 1786; x_wconf 87' lang='lat' dir='ltr'><strong>Christi</strong></span> <span class='ocrx_word' id='word_1_576' title='bbox 2876 1745 3071 1800; x_wconf 88' lang='lat' dir='ltr'><strong>corpus</strong></span> <span class='ocrx_word' id='word_1_577' title='bbox 3116 1746 3212 1785; x_wconf 84' lang='lat' dir='ltr'><strong>nos</strong></span> <span class='ocrx_word' id='word_1_578' title='bbox 3240 1746 3382 1797; x_wconf 87' lang='lat' dir='ltr'><strong>esse,</strong></span> <span class='ocrx_word' id='word_1_579' title='bbox 3413 1732 3537 1801; x_wconf 86' lang='lat' dir='ltr'><strong>quia</strong></span> <span class='ocrx_word' id='word_1_580' title='bbox 3581 1748 3780 1787; x_wconf 89' lang='lat' dir='ltr'><strong>omnes</strong></span> 
     </span>
    </p>
   </div>
   <div class='ocr_carea' id='block_1_79' title="bbox 2176 1819 3781 1888">
    <p class='ocr_par' dir='ltr' id='par_1_79' title="bbox 2176 1819 3781 1888">
     <span class='ocr_line' id='line_1_79' title="bbox 2176 1819 3781 1888; baseline 0.001 -15"><span class='ocrx_word' id='word_1_581' title='bbox 2176 1819 2423 1888; x_wconf 87' lang='lat' dir='ltr'><strong>ungimnr</strong></span> <span class='ocrx_word' id='word_1_582' title='bbox 2451 1835 2463 1871; x_wconf 90' lang='lat'><strong>:</strong></span> <span class='ocrx_word' id='word_1_583' title='bbox 2492 1828 2545 1872; x_wconf 88' lang='lat' dir='ltr'><strong>et</strong></span> <span class='ocrx_word' id='word_1_584' title='bbox 2569 1834 2755 1874; x_wconf 88' lang='lat' dir='ltr'><strong>omnes</strong></span> <span class='ocrx_word' id='word_1_585' title='bbox 2794 1819 2848 1873; x_wconf 91' lang='lat' dir='ltr'><strong>in</strong></span> <span class='ocrx_word' id='word_1_586' title='bbox 2894 1819 2986 1873; x_wconf 88' lang='lat' dir='ltr'><strong>illo</strong></span> <span class='ocrx_word' id='word_1_587' title='bbox 3014 1828 3071 1875; x_wconf 90' lang='lat' dir='ltr'><strong>et</strong></span> <span class='ocrx_word' id='word_1_588' title='bbox 3092 1820 3289 1875; x_wconf 88' lang='lat' dir='ltr'><strong>Christi</strong></span> <span class='ocrx_word' id='word_1_589' title='bbox 3317 1831 3373 1877; x_wconf 92' lang='lat' dir='ltr'><strong>et</strong></span> <span class='ocrx_word' id='word_1_590' title='bbox 3398 1820 3643 1877; x_wconf 81' lang='lat' dir='ltr'><strong>Christus</strong></span> <span class='ocrx_word' id='word_1_591' title='bbox 3684 1838 3781 1875; x_wconf 86' lang='lat' dir='ltr'><strong>sn—</strong></span> 
     </span>
    </p>
   </div>
   <div class='ocr_carea' id='block_1_80' title="bbox 2178 1908 3780 1980">
    <p class='ocr_par' dir='ltr' id='par_1_80' title="bbox 2178 1908 3780 1980">
     <span class='ocr_line' id='line_1_80' title="bbox 2178 1908 3780 1980; baseline 0.002 -17"><span class='ocrx_word' id='word_1_592' title='bbox 2178 1922 2318 1975; x_wconf 87' lang='lat' dir='ltr'><strong>mns,</strong></span> <span class='ocrx_word' id='word_1_593' title='bbox 2346 1910 2468 1980; x_wconf 87' lang='lat' dir='ltr'><strong>quia</strong></span> <span class='ocrx_word' id='word_1_594' title='bbox 2497 1908 2893 1975; x_wconf 85' lang='lat' dir='ltr'><strong>quodammodo</strong></span> <span class='ocrx_word' id='word_1_595' title='bbox 2925 1918 3065 1965; x_wconf 86' lang='lat' dir='ltr'><strong>totus</strong></span> <span class='ocrx_word' id='word_1_596' title='bbox 3105 1910 3353 1966; x_wconf 87' lang='lat' dir='ltr'><strong>Christus</strong></span> <span class='ocrx_word' id='word_1_597' title='bbox 3380 1921 3543 1979; x_wconf 87' lang='lat' dir='ltr'><strong>caput</strong></span> <span class='ocrx_word' id='word_1_598' title='bbox 3569 1922 3625 1966; x_wconf 92' lang='lat' dir='ltr'><strong>et</strong></span> <span class='ocrx_word' id='word_1_599' title='bbox 3651 1927 3780 1966; x_wconf 63' lang='lat' dir='ltr'><strong>coro</strong></span> 
     </span>
    </p>
   </div>
   <div class='ocr_carea' id='block_1_81' title="bbox 2152 1999 3780 2071">
    <p class='ocr_par' dir='ltr' id='par_1_81' title="bbox 2152 1999 3780 2071">
     <span class='ocr_line' id='line_1_81' title="bbox 2152 1999 3780 2071; baseline 0.002 -18"><span class='ocrx_word' id='word_1_600' title='bbox 2152 2015 2277 2069; x_wconf 68' lang='lat' dir='ltr'><strong>‘pus</strong></span> <span class='ocrx_word' id='word_1_601' title='bbox 2304 2010 2404 2055; x_wconf 87' lang='lat' dir='ltr'><strong>est.</strong></span> <span class='ocrx_word' id='word_1_602' title='bbox 2435 1999 2626 2057; x_wconf 87' lang='lat' dir='ltr'><strong>Unctio</strong></span> <span class='ocrx_word' id='word_1_603' title='bbox 2670 2000 2769 2055; x_wconf 89' lang='lat' dir='ltr'><strong>ista</strong></span> <span class='ocrx_word' id='word_1_604' title='bbox 2802 2000 3039 2069; x_wconf 77' lang='lat' dir='ltr'><strong>perficiet</strong></span> <span class='ocrx_word' id='word_1_605' title='bbox 3084 2016 3182 2055; x_wconf 87' lang='lat' dir='ltr'><strong>nos</strong></span> <span class='ocrx_word' id='word_1_606' title='bbox 3205 2002 3557 2071; x_wconf 88' lang='lat' dir='ltr'><strong>spiritualiter</strong></span> <span class='ocrx_word' id='word_1_607' title='bbox 3585 2003 3639 2056; x_wconf 90' lang='lat' dir='ltr'><strong>in</strong></span> <span class='ocrx_word' id='word_1_608' title='bbox 3687 2001 3780 2057; x_wconf 83' lang='lat' dir='ltr'><strong>illa</strong></span> 
     </span>
    </p>
   </div>
   <div class='ocr_carea' id='block_1_82' title="bbox 2179 2090 3783 2159">
    <p class='ocr_par' dir='ltr' id='par_1_82' title="bbox 2179 2090 3783 2159">
     <span class='ocr_line' id='line_1_82' title="bbox 2179 2090 3783 2159; baseline 0.003 -18"><span class='ocrx_word' id='word_1_609' title='bbox 2179 2091 2307 2153; x_wconf 83' lang='lat' dir='ltr'><strong>vita,</strong></span> <span class='ocrx_word' id='word_1_610' title='bbox 2336 2106 2455 2159; x_wconf 79' lang='lat' dir='ltr'><strong>quze</strong></span> <span class='ocrx_word' id='word_1_611' title='bbox 2479 2090 2629 2144; x_wconf 89' lang='lat' dir='ltr'><strong>nobis</strong></span> <span class='ocrx_word' id='word_1_612' title='bbox 2657 2090 2998 2159; x_wconf 86' lang='lat' dir='ltr'><strong>promittitur.</strong></span> <span class='ocrx_word' id='word_1_613' title='bbox 3030 2090 3127 2146; x_wconf 82' lang='lat' dir='ltr'><strong>Est</strong></span> <span class='ocrx_word' id='word_1_614' title='bbox 3149 2102 3327 2147; x_wconf 87' lang='lat' dir='ltr'><strong>autem</strong></span> <span class='ocrx_word' id='word_1_615' title='bbox 3355 2091 3472 2148; x_wconf 59' lang='lat' dir='ltr'><strong>hac</strong></span> <span class='ocrx_word' id='word_1_616' title='bbox 3503 2107 3606 2147; x_wconf 83' lang='lat' dir='ltr'><strong>vox</strong></span> <span class='ocrx_word' id='word_1_617' title='bbox 3631 2092 3783 2147; x_wconf 79' lang='lat' dir='ltr'><strong>desi-</strong></span> 
     </span>
    </p>
   </div>
   <div class='ocr_carea' id='block_1_83' title="bbox 2178 2181 3785 2253">
    <p class='ocr_par' dir='ltr' id='par_1_83' title="bbox 2178 2181 3785 2253">
     <span class='ocr_line' id='line_1_83' title="bbox 2178 2181 3785 2253; baseline 0.002 -18"><span class='ocrx_word' id='word_1_618' title='bbox 2178 2182 2414 2235; x_wconf 85' lang='lat' dir='ltr'><strong>derantis</strong></span> <span class='ocrx_word' id='word_1_619' title='bbox 2463 2181 2607 2235; x_wconf 87' lang='lat' dir='ltr'><strong>illam</strong></span> <span class='ocrx_word' id='word_1_620' title='bbox 2656 2181 2854 2247; x_wconf 82' lang='lat' dir='ltr'><strong>vitam;</strong></span> <span class='ocrx_word' id='word_1_621' title='bbox 2883 2190 2967 2236; x_wconf 86' lang='lat' dir='ltr'><strong>est</strong></span> <span class='ocrx_word' id='word_1_622' title='bbox 3006 2196 3105 2237; x_wconf 83' lang='lat' dir='ltr'><strong>vox</strong></span> <span class='ocrx_word' id='word_1_623' title='bbox 3146 2181 3392 2253; x_wconf 61' lang='lat' dir='ltr'><strong>quaedam</strong></span> <span class='ocrx_word' id='word_1_624' title='bbox 3422 2182 3785 2239; x_wconf 85' lang='lat' dir='ltr'><strong>desiderantis</strong></span> 
     </span>
    </p>
   </div>
   <div class='ocr_carea' id='block_1_84' title="bbox 2178 2272 3784 2343">
    <p class='ocr_par' dir='ltr' id='par_1_84' title="bbox 2178 2272 3784 2343">
     <span class='ocr_line' id='line_1_84' title="bbox 2178 2272 3784 2343; baseline 0.002 -18"><span class='ocrx_word' id='word_1_625' title='bbox 2178 2272 2401 2342; x_wconf 77' lang='lat' dir='ltr'><strong>gratiam</strong></span> <span class='ocrx_word' id='word_1_626' title='bbox 2443 2272 2561 2336; x_wconf 86' lang='lat' dir='ltr'><strong>Dei,</strong></span> <span class='ocrx_word' id='word_1_627' title='bbox 2608 2287 2727 2342; x_wconf 68' lang='lat' dir='ltr'><strong>qum</strong></span> <span class='ocrx_word' id='word_1_628' title='bbox 2754 2272 2806 2327; x_wconf 93' lang='lat' dir='ltr'><strong>in</strong></span> <span class='ocrx_word' id='word_1_629' title='bbox 2852 2272 3007 2327; x_wconf 90' lang='lat' dir='ltr'><strong>nobis</strong></span> <span class='ocrx_word' id='word_1_630' title='bbox 3053 2273 3107 2328; x_wconf 92' lang='lat' dir='ltr'><strong>in</strong></span> <span class='ocrx_word' id='word_1_631' title='bbox 3139 2273 3245 2328; x_wconf 86' lang='lat' dir='ltr'><strong>ﬁne</strong></span> <span class='ocrx_word' id='word_1_632' title='bbox 3275 2272 3583 2343; x_wconf 84' lang='lat' dir='ltr'><strong>perﬁcietur</strong></span> <span class='ocrx_word' id='word_1_633' title='bbox 3613 2292 3626 2329; x_wconf 91' lang='lat'>:</span> <span class='ocrx_word' id='word_1_634' title='bbox 3657 2275 3784 2329; x_wconf 84' lang='lat' dir='ltr'><strong>ideo</strong></span> 
     </span>
    </p>
   </div>
   <div class='ocr_carea' id='block_1_85' title="bbox 2178 2362 3785 2436">
    <p class='ocr_par' dir='ltr' id='par_1_85' title="bbox 2178 2362 3785 2436">
     <span class='ocr_line' id='line_1_85' title="bbox 2178 2362 3785 2436; baseline 0.001 -19"><span class='ocrx_word' id='word_1_635' title='bbox 2178 2364 2380 2417; x_wconf 83' lang='lat' dir='ltr'><strong>dictum</strong></span> <span class='ocrx_word' id='word_1_636' title='bbox 2409 2373 2511 2427; x_wconf 86' lang='lat' dir='ltr'><strong>est,</strong></span> <span class='ocrx_word' id='word_1_637' title='bbox 2545 2362 2852 2434; x_wconf 83' lang='lat' dir='ltr'><strong>Priusquam</strong></span> <span class='ocrx_word' id='word_1_638' title='bbox 2876 2364 3126 2419; x_wconf 80' lang='lat' dir='ltr'><strong>liniretur.</strong></span> <span class='ocrx_word' id='word_1_639' title='bbox 3157 2362 3418 2436; x_wconf 76' lang='lat' dir='ltr'><strong>Ungimur</strong></span> <span class='ocrx_word' id='word_1_640' title='bbox 3443 2366 3588 2420; x_wconf 88' lang='lat' dir='ltr'><strong>enim</strong></span> <span class='ocrx_word' id='word_1_641' title='bbox 3618 2366 3785 2419; x_wconf 79' lang='lat' dir='ltr'><strong>modo</strong></span> 
     </span>
    </p>
   </div>
   <div class='ocr_carea' id='block_1_86' title="bbox 2182 2455 3787 2528">
    <p class='ocr_par' dir='ltr' id='par_1_86' title="bbox 2182 2455 3787 2528">
     <span class='ocr_line' id='line_1_86' title="bbox 2182 2455 3787 2528; baseline 0.002 -19"><span class='ocrx_word' id='word_1_642' title='bbox 2182 2459 2235 2509; x_wconf 89' lang='lat' dir='ltr'><strong>in</strong></span> <span class='ocrx_word' id='word_1_643' title='bbox 2266 2466 2623 2520; x_wconf 75' lang='lat' dir='ltr'><strong>sacramento,</strong></span> <span class='ocrx_word' id='word_1_644' title='bbox 2644 2466 2698 2511; x_wconf 86' lang='lat' dir='ltr'><strong>et</strong></span> <span class='ocrx_word' id='word_1_645' title='bbox 2727 2466 3064 2511; x_wconf 87' lang='lat' dir='ltr'><strong>sacramento</strong></span> <span class='ocrx_word' id='word_1_646' title='bbox 3090 2455 3207 2525; x_wconf 83' lang='lat' dir='ltr'><strong>ipso</strong></span> <span class='ocrx_word' id='word_1_647' title='bbox 3230 2458 3599 2528; x_wconf 66' lang='lat' dir='ltr'><strong>praeligantur</strong></span> <span class='ocrx_word' id='word_1_648' title='bbox 3622 2457 3787 2527; x_wconf 79' lang='lat' dir='ltr'><strong>quid—</strong></span> 
     </span>
    </p>
   </div>
   <div class='ocr_carea' id='block_1_87' title="bbox 2181 2544 3786 2619">
    <p class='ocr_par' dir='ltr' id='par_1_87' title="bbox 2181 2544 3786 2619">
     <span class='ocr_line' id='line_1_87' title="bbox 2181 2544 3786 2619; baseline 0.004 -19"><span class='ocrx_word' id='word_1_649' title='bbox 2181 2546 2309 2600; x_wconf 84' lang='lat' dir='ltr'><strong>dam</strong></span> <span class='ocrx_word' id='word_1_650' title='bbox 2337 2544 2479 2615; x_wconf 89' lang='lat' dir='ltr'><strong>quod</strong></span> <span class='ocrx_word' id='word_1_651' title='bbox 2508 2545 2669 2601; x_wconf 90' lang='lat' dir='ltr'><strong>futuri</strong></span> <span class='ocrx_word' id='word_1_652' title='bbox 2694 2561 2899 2603; x_wconf 90' lang='lat' dir='ltr'><strong>sumus.</strong></span> <span class='ocrx_word' id='word_1_653' title='bbox 2933 2546 3001 2603; x_wconf 83' lang='lat' dir='ltr'><strong>Et</strong></span> <span class='ocrx_word' id='word_1_654' title='bbox 3029 2548 3156 2602; x_wconf 90' lang='lat' dir='ltr'><strong>illud</strong></span> <span class='ocrx_word' id='word_1_655' title='bbox 3187 2549 3369 2603; x_wconf 88' lang='lat' dir='ltr'><strong>nescio</strong></span> <span class='ocrx_word' id='word_1_656' title='bbox 3389 2549 3517 2619; x_wconf 85' lang='lat' dir='ltr'><strong>quid</strong></span> <span class='ocrx_word' id='word_1_657' title='bbox 3546 2548 3786 2606; x_wconf 88' lang='lat' dir='ltr'><strong>futurum</strong></span> 
     </span>
    </p>
   </div>
   <div class='ocr_carea' id='block_1_88' title="bbox 2182 2637 3786 2712">
    <p class='ocr_par' dir='ltr' id='par_1_88' title="bbox 2182 2637 3786 2712">
     <span class='ocr_line' id='line_1_88' title="bbox 2182 2637 3786 2712; baseline 0.004 -21"><span class='ocrx_word' id='word_1_658' title='bbox 2182 2638 2453 2693; x_wconf 86' lang='lat' dir='ltr'><strong>ineffabile</strong></span> <span class='ocrx_word' id='word_1_659' title='bbox 2489 2637 2798 2695; x_wconf 80' lang='lat' dir='ltr'><strong>desiderare</strong></span> <span class='ocrx_word' id='word_1_660' title='bbox 2822 2638 3102 2705; x_wconf 87' lang='lat' dir='ltr'><strong>debemus,</strong></span> <span class='ocrx_word' id='word_1_661' title='bbox 3142 2648 3197 2694; x_wconf 89' lang='lat' dir='ltr'><strong>et</strong></span> <span class='ocrx_word' id='word_1_662' title='bbox 3240 2640 3291 2694; x_wconf 93' lang='lat' dir='ltr'><strong>in</strong></span> <span class='ocrx_word' id='word_1_663' title='bbox 3322 2650 3660 2695; x_wconf 86' lang='lat' dir='ltr'><strong>sacramento</strong></span> <span class='ocrx_word' id='word_1_664' title='bbox 3686 2658 3786 2712; x_wconf 68' lang='lat' dir='ltr'><strong>go-</strong></span> 
     </span>
    </p>
   </div>
   <div class='ocr_carea' id='block_1_89' title="bbox 2183 2728 3785 2803">
    <p class='ocr_par' dir='ltr' id='par_1_89' title="bbox 2183 2728 3785 2803">
     <span class='ocr_line' id='line_1_89' title="bbox 2183 2728 3785 2803; baseline 0.003 -20"><span class='ocrx_word' id='word_1_665' title='bbox 2183 2744 2361 2795; x_wconf 89' lang='lat' dir='ltr'><strong>mere,</strong></span> <span class='ocrx_word' id='word_1_666' title='bbox 2394 2737 2451 2784; x_wconf 89' lang='lat' dir='ltr'><strong>ut</strong></span> <span class='ocrx_word' id='word_1_667' title='bbox 2491 2728 2546 2784; x_wconf 92' lang='lat' dir='ltr'><strong>in</strong></span> <span class='ocrx_word' id='word_1_668' title='bbox 2575 2744 2638 2784; x_wconf 87' lang='lat' dir='ltr'><strong>ea</strong></span> <span class='ocrx_word' id='word_1_669' title='bbox 2668 2745 2727 2785; x_wconf 88' lang='lat' dir='ltr'><strong>re</strong></span> <span class='ocrx_word' id='word_1_670' title='bbox 2768 2729 3091 2800; x_wconf 77' lang='lat' dir='ltr'><strong>gaudeamus</strong></span> <span class='ocrx_word' id='word_1_671' title='bbox 3119 2746 3239 2800; x_wconf 61' lang='lat' dir='ltr'><strong>quae</strong></span> <span class='ocrx_word' id='word_1_672' title='bbox 3268 2743 3607 2787; x_wconf 76' lang='lat' dir='ltr'><strong>sacramento</strong></span> <span class='ocrx_word' id='word_1_673' title='bbox 3637 2748 3785 2803; x_wconf 77' lang='lat' dir='ltr'><strong>pra:-</strong></span> 
     </span>
    </p>
   </div>
   <div class='ocr_carea' id='block_1_90' title="bbox 2186 2830 2535 2877">
    <p class='ocr_par' dir='ltr' id='par_1_90' title="bbox 2186 2830 2535 2877">
     <span class='ocr_line' id='line_1_90' title="bbox 2186 2830 2535 2877; baseline -0.009 0"><span class='ocrx_word' id='word_1_674' title='bbox 2186 2830 2535 2877; x_wconf 85' lang='lat' dir='ltr'><strong>monstratur.</strong></span> 
     </span>
    </p>
   </div>
   <div class='ocr_carea' id='block_1_91' title="bbox 2256 2935 3789 3006">
    <p class='ocr_par' dir='ltr' id='par_1_91' title="bbox 2256 2935 3789 3006">
     <span class='ocr_line' id='line_1_91' title="bbox 2256 2935 3789 3006; baseline 0.002 -15"><span class='ocrx_word' id='word_1_675' title='bbox 2256 2936 2312 2991; x_wconf 75' lang='lat'><strong>3.</strong></span> <span class='ocrx_word' id='word_1_676' title='bbox 2336 2935 2475 2991; x_wconf 84' lang='lat' dir='ltr'><strong>Ecce</strong></span> <span class='ocrx_word' id='word_1_677' title='bbox 2502 2936 2627 3006; x_wconf 90' lang='lat' dir='ltr'><strong>quid</strong></span> <span class='ocrx_word' id='word_1_678' title='bbox 2658 2935 2788 2991; x_wconf 88' lang='lat' dir='ltr'><strong>dicit</strong></span> <span class='ocrx_word' id='word_1_679' title='bbox 2814 2954 2829 2991; x_wconf 91' lang='lat'><strong>:</strong></span> <span class='ocrx_word' id='word_1_680' title='bbox 2856 2935 3106 2991; x_wconf 84' lang='lat' dir='ltr'><strong>Dominus</strong></span> <span class='ocrx_word' id='word_1_681' title='bbox 3125 2938 3434 2993; x_wconf 84' lang='lat' dir='ltr'><strong>illuminatio</strong></span> <span class='ocrx_word' id='word_1_682' title='bbox 3462 2954 3595 3005; x_wconf 78' lang='lat' dir='ltr'><strong>utea,</strong></span> <span class='ocrx_word' id='word_1_683' title='bbox 3623 2950 3671 2993; x_wconf 82' lang='lat' dir='ltr'><strong>et</strong></span> <span class='ocrx_word' id='word_1_684' title='bbox 3696 2957 3789 2994; x_wconf 83' lang='lat' dir='ltr'><strong>sa-</strong></span> 
     </span>
    </p>
   </div>
   <div class='ocr_carea' id='block_1_92' title="bbox 2186 3024 3791 3099">
    <p class='ocr_par' dir='ltr' id='par_1_92' title="bbox 2186 3024 3791 3099">
     <span class='ocr_line' id='line_1_92' title="bbox 2186 3024 3791 3099; baseline 0.003 -16"><span class='ocrx_word' id='word_1_685' title='bbox 2186 3028 2369 3083; x_wconf 83' lang='lat' dir='ltr'><strong>lutaris</strong></span> <span class='ocrx_word' id='word_1_686' title='bbox 2394 3045 2554 3091; x_wconf 85' lang='lat' dir='ltr'><strong>meus,</strong></span> <span class='ocrx_word' id='word_1_687' title='bbox 2576 3044 2723 3099; x_wconf 81' lang='lat' dir='ltr'><strong>quem</strong></span> <span class='ocrx_word' id='word_1_688' title='bbox 2740 3024 2922 3083; x_wconf 74' lang='lat' dir='ltr'><strong>timebo</strong></span> <span class='ocrx_word' id='word_1_689' title='bbox 2938 3030 2965 3083; x_wconf 82' lang='lat'><strong><em>7</em></strong></span> <span class='ocrx_word' id='word_1_690' title='bbox 2990 3030 3076 3084; x_wconf 85' lang='lat' dir='ltr'><strong>ille</strong></span> <span class='ocrx_word' id='word_1_691' title='bbox 3104 3045 3191 3084; x_wconf 90' lang='lat' dir='ltr'><strong>me</strong></span> <span class='ocrx_word' id='word_1_692' title='bbox 3218 3030 3505 3095; x_wconf 90' lang='lat' dir='ltr'><strong>illuminat,</strong></span> <span class='ocrx_word' id='word_1_693' title='bbox 3531 3032 3791 3088; x_wconf 80' lang='lat' dir='ltr'><strong>recedant</strong></span> 
     </span>
    </p>
   </div>
   <div class='ocr_carea' id='block_1_93' title="bbox 2189 3119 3790 3187">
    <p class='ocr_par' dir='ltr' id='par_1_93' title="bbox 2189 3119 3790 3187">
     <span class='ocr_line' id='line_1_93' title="bbox 2189 3119 3790 3187; baseline 0.004 -14"><span class='ocrx_word' id='word_1_694' title='bbox 2189 3121 2424 3174; x_wconf 63' lang='lat' dir='ltr'><strong>tenebrae</strong></span> <span class='ocrx_word' id='word_1_695' title='bbox 2446 3135 2461 3184; x_wconf 89' lang='lat'><strong>;</strong></span> <span class='ocrx_word' id='word_1_696' title='bbox 2495 3119 2584 3174; x_wconf 90' lang='lat' dir='ltr'><strong>ille</strong></span> <span class='ocrx_word' id='word_1_697' title='bbox 2604 3134 2691 3175; x_wconf 90' lang='lat' dir='ltr'><strong>me</strong></span> <span class='ocrx_word' id='word_1_698' title='bbox 2710 3120 2898 3183; x_wconf 87' lang='lat' dir='ltr'><strong>salvat,</strong></span> <span class='ocrx_word' id='word_1_699' title='bbox 2922 3121 3136 3175; x_wconf 86' lang='lat' dir='ltr'><strong>recedat</strong></span> <span class='ocrx_word' id='word_1_700' title='bbox 3160 3120 3475 3187; x_wconf 87' lang='lat' dir='ltr'><strong>inﬁrmitas;</strong></span> <span class='ocrx_word' id='word_1_701' title='bbox 3503 3123 3790 3180; x_wconf 88' lang='lat' dir='ltr'><strong>ambulans</strong></span> 
     </span>
    </p>
   </div>
   <div class='ocr_carea' id='block_1_94' title="bbox 2187 3212 3789 3283">
    <p class='ocr_par' dir='ltr' id='par_1_94' title="bbox 2187 3212 3789 3283">
     <span class='ocr_line' id='line_1_94' title="bbox 2187 3212 3789 3283; baseline 0.003 -17"><span class='ocrx_word' id='word_1_702' title='bbox 2187 3212 2241 3266; x_wconf 87' lang='lat' dir='ltr'><strong>in</strong></span> <span class='ocrx_word' id='word_1_703' title='bbox 2271 3212 2469 3267; x_wconf 88' lang='lat' dir='ltr'><strong>lumine</strong></span> <span class='ocrx_word' id='word_1_704' title='bbox 2500 3212 2703 3279; x_wconf 81' lang='lat' dir='ltr'><strong>limus,</strong></span> <span class='ocrx_word' id='word_1_705' title='bbox 2733 3227 2890 3283; x_wconf 89' lang='lat' dir='ltr'><strong>quem</strong></span> <span class='ocrx_word' id='word_1_706' title='bbox 2929 3212 3168 3268; x_wconf 84' lang='lat' dir='ltr'><strong>timebo?</strong></span> <span class='ocrx_word' id='word_1_707' title='bbox 3191 3212 3307 3267; x_wconf 87' lang='lat' dir='ltr'><strong>Non</strong></span> <span class='ocrx_word' id='word_1_708' title='bbox 3328 3214 3472 3268; x_wconf 92' lang='lat' dir='ltr'><strong>enim</strong></span> <span class='ocrx_word' id='word_1_709' title='bbox 3504 3215 3665 3269; x_wconf 85' lang='lat' dir='ltr'><strong>talem</strong></span> <span class='ocrx_word' id='word_1_710' title='bbox 3694 3231 3789 3270; x_wconf 56' lang='lat' dir='ltr'><strong>sa-</strong></span> 
     </span>
    </p>
   </div>
   <div class='ocr_carea' id='block_1_95' title="bbox 2189 3303 3789 3376">
    <p class='ocr_par' dir='ltr' id='par_1_95' title="bbox 2189 3303 3789 3376">
     <span class='ocr_line' id='line_1_95' title="bbox 2189 3303 3789 3376; baseline 0.003 -18"><span class='ocrx_word' id='word_1_711' title='bbox 2189 3304 2351 3358; x_wconf 90' lang='lat' dir='ltr'><strong>lmem</strong></span> <span class='ocrx_word' id='word_1_712' title='bbox 2372 3303 2465 3358; x_wconf 89' lang='lat' dir='ltr'><strong>dat</strong></span> <span class='ocrx_word' id='word_1_713' title='bbox 2489 3304 2649 3369; x_wconf 87' lang='lat' dir='ltr'><strong>Deus,</strong></span> <span class='ocrx_word' id='word_1_714' title='bbox 2678 3319 2798 3374; x_wconf 68' lang='lat' dir='ltr'><strong>qute</strong></span> <span class='ocrx_word' id='word_1_715' title='bbox 2824 3304 2892 3358; x_wconf 88' lang='lat' dir='ltr'><strong>ab</strong></span> <span class='ocrx_word' id='word_1_716' title='bbox 2916 3304 3096 3375; x_wconf 84' lang='lat' dir='ltr'><strong>aliquo</strong></span> <span class='ocrx_word' id='word_1_717' title='bbox 3124 3307 3289 3374; x_wconf 83' lang='lat' dir='ltr'><strong>possit</strong></span> <span class='ocrx_word' id='word_1_718' title='bbox 3318 3306 3626 3376; x_wconf 79' lang='lat' dir='ltr'><strong>extorqueri</strong></span> <span class='ocrx_word' id='word_1_719' title='bbox 3650 3323 3665 3371; x_wconf 91' lang='lat'><strong>;</strong></span> <span class='ocrx_word' id='word_1_720' title='bbox 3694 3318 3789 3363; x_wconf 88' lang='lat' dir='ltr'><strong>aut</strong></span> 
     </span>
    </p>
   </div>
   <div class='ocr_carea' id='block_1_96' title="bbox 2192 3394 3792 3465">
    <p class='ocr_par' dir='ltr' id='par_1_96' title="bbox 2192 3394 3792 3465">
     <span class='ocr_line' id='line_1_96' title="bbox 2192 3394 3792 3465; baseline 0.004 -18"><span class='ocrx_word' id='word_1_721' title='bbox 2192 3396 2295 3449; x_wconf 88' lang='lat' dir='ltr'><strong>tale</strong></span> <span class='ocrx_word' id='word_1_722' title='bbox 2323 3396 2498 3449; x_wconf 89' lang='lat' dir='ltr'><strong>lumen</strong></span> <span class='ocrx_word' id='word_1_723' title='bbox 2516 3402 2619 3457; x_wconf 89' lang='lat' dir='ltr'><strong>est,</strong></span> <span class='ocrx_word' id='word_1_724' title='bbox 2637 3394 2780 3465; x_wconf 90' lang='lat' dir='ltr'><strong>quod</strong></span> <span class='ocrx_word' id='word_1_725' title='bbox 2800 3396 2869 3450; x_wconf 90' lang='lat' dir='ltr'><strong>ab</strong></span> <span class='ocrx_word' id='word_1_726' title='bbox 2897 3396 3075 3465; x_wconf 84' lang='lat' dir='ltr'><strong>aliquo</strong></span> <span class='ocrx_word' id='word_1_727' title='bbox 3094 3398 3261 3465; x_wconf 88' lang='lat' dir='ltr'><strong>possit</strong></span> <span class='ocrx_word' id='word_1_728' title='bbox 3283 3398 3645 3453; x_wconf 89' lang='lat' dir='ltr'><strong>obtenebrari.</strong></span> <span class='ocrx_word' id='word_1_729' title='bbox 3680 3400 3792 3454; x_wconf 85' lang='lat' dir='ltr'><strong>Do-</strong></span> 
     </span>
    </p>
   </div>
   <div class='ocr_carea' id='block_1_97' title="bbox 2194 3487 3790 3553">
    <p class='ocr_par' dir='ltr' id='par_1_97' title="bbox 2194 3487 3790 3553">
     <span class='ocr_line' id='line_1_97' title="bbox 2194 3487 3790 3553; baseline 0.002 -12"><span class='ocrx_word' id='word_1_730' title='bbox 2194 3489 2369 3541; x_wconf 89' lang='lat' dir='ltr'><strong>minus</strong></span> <span class='ocrx_word' id='word_1_731' title='bbox 2394 3487 2717 3551; x_wconf 89' lang='lat' dir='ltr'><strong>illumiuaus,</strong></span> <span class='ocrx_word' id='word_1_732' title='bbox 2748 3502 2846 3541; x_wconf 90' lang='lat' dir='ltr'><strong>nos</strong></span> <span class='ocrx_word' id='word_1_733' title='bbox 2884 3488 3203 3551; x_wconf 87' lang='lat' dir='ltr'><strong>illuminati;</strong></span> <span class='ocrx_word' id='word_1_734' title='bbox 3253 3489 3507 3544; x_wconf 87' lang='lat' dir='ltr'><strong>Dominus</strong></span> <span class='ocrx_word' id='word_1_735' title='bbox 3535 3490 3751 3545; x_wconf 81' lang='lat' dir='ltr'><strong>salvans</strong></span> <span class='ocrx_word' id='word_1_736' title='bbox 3772 3533 3790 3553; x_wconf 87' lang='lat'><strong>,</strong></span> 
     </span>
    </p>
   </div>
   <div class='ocr_carea' id='block_1_98' title="bbox 2196 3579 3797 3649">
    <p class='ocr_par' dir='ltr' id='par_1_98' title="bbox 2196 3579 3797 3649">
     <span class='ocr_line' id='line_1_98' title="bbox 2196 3579 3797 3649; baseline 0.002 -15"><span class='ocrx_word' id='word_1_737' title='bbox 2196 3594 2294 3634; x_wconf 89' lang='lat' dir='ltr'><strong>nos</strong></span> <span class='ocrx_word' id='word_1_738' title='bbox 2313 3579 2501 3634; x_wconf 83' lang='lat' dir='ltr'><strong>salvati</strong></span> <span class='ocrx_word' id='word_1_739' title='bbox 2526 3597 2538 3632; x_wconf 91' lang='lat'>:</span> <span class='ocrx_word' id='word_1_740' title='bbox 2562 3581 2606 3633; x_wconf 89' lang='lat' dir='ltr'><strong>si</strong></span> <span class='ocrx_word' id='word_1_741' title='bbox 2632 3593 2762 3649; x_wconf 87' lang='lat' dir='ltr'><strong>ergo</strong></span> <span class='ocrx_word' id='word_1_742' title='bbox 2787 3579 2874 3634; x_wconf 89' lang='lat' dir='ltr'><strong>ille</strong></span> <span class='ocrx_word' id='word_1_743' title='bbox 2900 3579 3227 3639; x_wconf 84' lang='lat' dir='ltr'><strong>iilumiuans.</strong></span> <span class='ocrx_word' id='word_1_744' title='bbox 3262 3596 3360 3635; x_wconf 90' lang='lat' dir='ltr'><strong>nos</strong></span> <span class='ocrx_word' id='word_1_745' title='bbox 3387 3580 3670 3635; x_wconf 84' lang='lat' dir='ltr'><strong>illuminati</strong></span> <span class='ocrx_word' id='word_1_746' title='bbox 3696 3599 3711 3644; x_wconf 86' lang='lat'><strong>;</strong></span> <span class='ocrx_word' id='word_1_747' title='bbox 3739 3593 3797 3637; x_wconf 80' lang='lat' dir='ltr'><strong>et</strong></span> 
     </span>
    </p>
   </div>
   <div class='ocr_carea' id='block_1_99' title="bbox 2196 3671 3797 3742">
    <p class='ocr_par' dir='ltr' id='par_1_99' title="bbox 2196 3671 3797 3742">
     <span class='ocr_line' id='line_1_99' title="bbox 2196 3671 3797 3742; baseline 0.002 -17"><span class='ocrx_word' id='word_1_748' title='bbox 2196 3673 2285 3726; x_wconf 85' lang='lat' dir='ltr'><strong>ille</strong></span> <span class='ocrx_word' id='word_1_749' title='bbox 2313 3673 2546 3736; x_wconf 82' lang='lat' dir='ltr'><strong>salvans,</strong></span> <span class='ocrx_word' id='word_1_750' title='bbox 2579 3685 2677 3726; x_wconf 91' lang='lat' dir='ltr'><strong>nos</strong></span> <span class='ocrx_word' id='word_1_751' title='bbox 2717 3671 2941 3736; x_wconf 86' lang='lat' dir='ltr'><strong>salvati;</strong></span> <span class='ocrx_word' id='word_1_752' title='bbox 2986 3681 3182 3741; x_wconf 72' lang='lat' dir='ltr'><strong>prmter</strong></span> <span class='ocrx_word' id='word_1_753' title='bbox 3210 3673 3385 3742; x_wconf 78' lang='lat' dir='ltr'><strong>ipsum</strong></span> <span class='ocrx_word' id='word_1_754' title='bbox 3426 3689 3526 3727; x_wconf 87' lang='lat' dir='ltr'><strong>nos</strong></span> <span class='ocrx_word' id='word_1_755' title='bbox 3554 3674 3797 3729; x_wconf 64' lang='lat' dir='ltr'><strong>tenebras</strong></span> 
     </span>
    </p>
   </div>
   <div class='ocr_carea' id='block_1_100' title="bbox 2196 3763 3798 3834">
    <p class='ocr_par' dir='ltr' id='par_1_100' title="bbox 2196 3763 3798 3834">
     <span class='ocr_line' id='line_1_100' title="bbox 2196 3763 3798 3834; baseline 0.002 -15"><span class='ocrx_word' id='word_1_756' title='bbox 2196 3776 2250 3819; x_wconf 86' lang='lat' dir='ltr'><strong>et</strong></span> <span class='ocrx_word' id='word_1_757' title='bbox 2275 3763 2575 3818; x_wconf 86' lang='lat' dir='ltr'><strong>inﬁrmitas.</strong></span> <span class='ocrx_word' id='word_1_758' title='bbox 2605 3763 2872 3819; x_wconf 86' lang='lat' dir='ltr'><strong>Habentes</strong></span> <span class='ocrx_word' id='word_1_759' title='bbox 2904 3775 3083 3819; x_wconf 89' lang='lat' dir='ltr'><strong>autem</strong></span> <span class='ocrx_word' id='word_1_760' title='bbox 3105 3768 3160 3818; x_wconf 87' lang='lat' dir='ltr'><strong>in</strong></span> <span class='ocrx_word' id='word_1_761' title='bbox 3188 3764 3305 3834; x_wconf 88' lang='lat' dir='ltr'><strong>ipso</strong></span> <span class='ocrx_word' id='word_1_762' title='bbox 3320 3780 3479 3834; x_wconf 84' lang='lat' dir='ltr'><strong>spem</strong></span> <span class='ocrx_word' id='word_1_763' title='bbox 3506 3777 3711 3821; x_wconf 88' lang='lat' dir='ltr'><strong>certam</strong></span> <span class='ocrx_word' id='word_1_764' title='bbox 3740 3778 3798 3823; x_wconf 87' lang='lat' dir='ltr'><strong>et</strong></span> 
     </span>
    </p>
   </div>
   <div class='ocr_carea' id='block_1_101' title="bbox 2199 3855 3795 3924">
    <p class='ocr_par' dir='ltr' id='par_1_101' title="bbox 2199 3855 3795 3924">
     <span class='ocr_line' id='line_1_101' title="bbox 2199 3855 3795 3924; baseline 0.003 -15"><span class='ocrx_word' id='word_1_765' title='bbox 2199 3857 2357 3911; x_wconf 77' lang='lat' dir='ltr'><strong>ﬁxam</strong></span> <span class='ocrx_word' id='word_1_766' title='bbox 2384 3866 2439 3910; x_wconf 90' lang='lat' dir='ltr'><strong>et</strong></span> <span class='ocrx_word' id='word_1_767' title='bbox 2468 3870 2675 3919; x_wconf 83' lang='lat' dir='ltr'><strong>veram,</strong></span> <span class='ocrx_word' id='word_1_768' title='bbox 2704 3870 2861 3924; x_wconf 90' lang='lat' dir='ltr'><strong>quem</strong></span> <span class='ocrx_word' id='word_1_769' title='bbox 2891 3855 3241 3910; x_wconf 77' lang='lat' dir='ltr'><strong>timebimus?</strong></span> <span class='ocrx_word' id='word_1_770' title='bbox 3275 3856 3543 3911; x_wconf 64' lang='lat' dir='ltr'><strong>“Dominus</strong></span> <span class='ocrx_word' id='word_1_771' title='bbox 3588 3857 3795 3914; x_wconf 86' lang='lat' dir='ltr'><strong>illumi-</strong></span> 
     </span>
    </p>
   </div>
   <div class='ocr_carea' id='block_1_102' title="bbox 2198 3946 3796 4018">
    <p class='ocr_par' dir='ltr' id='par_1_102' title="bbox 2198 3946 3796 4018">
     <span class='ocr_line' id='line_1_102' title="bbox 2198 3946 3796 4018; baseline 0.001 -17"><span class='ocrx_word' id='word_1_772' title='bbox 2198 3947 2343 4001; x_wconf 79' lang='lat' dir='ltr'><strong>natio</strong></span> <span class='ocrx_word' id='word_1_773' title='bbox 2367 3956 2477 4012; x_wconf 88' lang='lat' dir='ltr'><strong>tua,</strong></span> <span class='ocrx_word' id='word_1_774' title='bbox 2510 3946 2765 4000; x_wconf 86' lang='lat' dir='ltr'><strong>Dominus</strong></span> <span class='ocrx_word' id='word_1_775' title='bbox 2808 3946 3057 4001; x_wconf 87' lang='lat' dir='ltr'><strong>salutaris</strong></span> <span class='ocrx_word' id='word_1_776' title='bbox 3107 3955 3247 4001; x_wconf 88' lang='lat' dir='ltr'><strong>tuus.</strong></span> <span class='ocrx_word' id='word_1_777' title='bbox 3296 3947 3475 4003; x_wconf 90' lang='lat' dir='ltr'><strong>Inveni</strong></span> <span class='ocrx_word' id='word_1_778' title='bbox 3523 3952 3796 4018; x_wconf 75' lang='lat' dir='ltr'><strong>patentio-</strong></span> 
     </span>
    </p>
   </div>
   <div class='ocr_carea' id='block_1_103' title="bbox 2199 4040 3799 4113">
    <p class='ocr_par' dir='ltr' id='par_1_103' title="bbox 2199 4040 3799 4113">
     <span class='ocr_line' id='line_1_103' title="bbox 2199 4040 3799 4113; baseline 0.003 -20"><span class='ocrx_word' id='word_1_779' title='bbox 2199 4058 2333 4107; x_wconf 74' lang='lat' dir='ltr'><strong>rum,</strong></span> <span class='ocrx_word' id='word_1_780' title='bbox 2356 4051 2412 4097; x_wconf 91' lang='lat' dir='ltr'><strong>et</strong></span> <span class='ocrx_word' id='word_1_781' title='bbox 2437 4042 2581 4096; x_wconf 90' lang='lat' dir='ltr'><strong>time.</strong></span> <span class='ocrx_word' id='word_1_782' title='bbox 2613 4040 2693 4095; x_wconf 81' lang='lat' dir='ltr'><strong>Ad</strong></span> <span class='ocrx_word' id='word_1_783' title='bbox 2717 4040 3142 4109; x_wconf 80' lang='lat' dir='ltr'><strong>potentissimum</strong></span> <span class='ocrx_word' id='word_1_784' title='bbox 3168 4042 3428 4104; x_wconf 87' lang='lat' dir='ltr'><strong>omnium.</strong></span> <span class='ocrx_word' id='word_1_785' title='bbox 3451 4042 3517 4097; x_wconf 90' lang='lat' dir='ltr'><strong>ad</strong></span> <span class='ocrx_word' id='word_1_786' title='bbox 3547 4046 3799 4113; x_wconf 77' lang='lat' dir='ltr'><strong>omnipo-</strong></span> 
     </span>
    </p>
   </div>
   <div class='ocr_carea' id='block_1_104' title="bbox 2200 4134 3801 4204">
    <p class='ocr_par' dir='ltr' id='par_1_104' title="bbox 2200 4134 3801 4204">
     <span class='ocr_line' id='line_1_104' title="bbox 2200 4134 3801 4204; baseline 0.002 -15"><span class='ocrx_word' id='word_1_787' title='bbox 2200 4143 2421 4200; x_wconf 85' lang='lat' dir='ltr'><strong>tentem,</strong></span> <span class='ocrx_word' id='word_1_788' title='bbox 2452 4134 2530 4189; x_wconf 91' lang='lat' dir='ltr'><strong>sic</strong></span> <span class='ocrx_word' id='word_1_789' title='bbox 2573 4134 2836 4204; x_wconf 87' lang='lat' dir='ltr'><strong>pcrtineo,</strong></span> <span class='ocrx_word' id='word_1_790' title='bbox 2882 4141 2938 4188; x_wconf 91' lang='lat' dir='ltr'><strong>ut</strong></span> <span class='ocrx_word' id='word_1_791' title='bbox 2972 4142 3029 4189; x_wconf 86' lang='lat' dir='ltr'><strong>et</strong></span> <span class='ocrx_word' id='word_1_792' title='bbox 3066 4134 3329 4190; x_wconf 89' lang='lat' dir='ltr'><strong>illuminet</strong></span> <span class='ocrx_word' id='word_1_793' title='bbox 3372 4150 3482 4200; x_wconf 90' lang='lat' dir='ltr'><strong>me,</strong></span> <span class='ocrx_word' id='word_1_794' title='bbox 3526 4145 3581 4190; x_wconf 89' lang='lat' dir='ltr'><strong>et</strong></span> <span class='ocrx_word' id='word_1_795' title='bbox 3624 4137 3801 4193; x_wconf 85' lang='lat' dir='ltr'><strong>salvet</strong></span> 
     </span>
    </p>
   </div>
   <div class='ocr_carea' id='block_1_105' title="bbox 2201 4226 3800 4299">
    <p class='ocr_par' dir='ltr' id='par_1_105' title="bbox 2201 4226 3800 4299">
     <span class='ocr_line' id='line_1_105' title="bbox 2201 4226 3800 4299; baseline 0.003 -19"><span class='ocrx_word' id='word_1_796' title='bbox 2201 4243 2307 4293; x_wconf 90' lang='lat' dir='ltr'><strong>me,</strong></span> <span class='ocrx_word' id='word_1_797' title='bbox 2349 4242 2451 4282; x_wconf 91' lang='lat' dir='ltr'><strong>nec</strong></span> <span class='ocrx_word' id='word_1_798' title='bbox 2478 4226 2641 4281; x_wconf 89' lang='lat' dir='ltr'><strong>timeo</strong></span> <span class='ocrx_word' id='word_1_799' title='bbox 2679 4227 3131 4297; x_wconf 70' lang='lat' dir='ltr'><strong>aliquemprarter</strong></span> <span class='ocrx_word' id='word_1_800' title='bbox 3171 4227 3364 4298; x_wconf 86' lang='lat' dir='ltr'><strong>ipsum.</strong></span> <span class='ocrx_word' id='word_1_801' title='bbox 3396 4226 3647 4283; x_wconf 79' lang='lat' dir='ltr'><strong>Dominus</strong></span> <span class='ocrx_word' id='word_1_802' title='bbox 3675 4247 3800 4299; x_wconf 81' lang='lat' dir='ltr'><strong>pro-</strong></span> 
     </span>
    </p>
   </div>
   <div class='ocr_carea' id='block_1_106' title="bbox 2202 4318 3189 4389">
    <p class='ocr_par' dir='ltr' id='par_1_106' title="bbox 2202 4318 3189 4389">
     <span class='ocr_line' id='line_1_106' title="bbox 2202 4318 3189 4389; baseline 0.001 -17"><span class='ocrx_word' id='word_1_803' title='bbox 2202 4328 2356 4374; x_wconf 82' lang='lat' dir='ltr'><strong>tector</strong></span> <span class='ocrx_word' id='word_1_804' title='bbox 2383 4319 2497 4372; x_wconf 73' lang='lat' dir='ltr'><strong>vita:</strong></span> <span class='ocrx_word' id='word_1_805' title='bbox 2524 4334 2667 4384; x_wconf 71' lang='lat' dir='ltr'><strong>meae,</strong></span> <span class='ocrx_word' id='word_1_806' title='bbox 2697 4334 2728 4371; x_wconf 88' lang='lat' dir='ltr'><strong>a</strong></span> <span class='ocrx_word' id='word_1_807' title='bbox 2755 4334 2855 4388; x_wconf 82' lang='lat' dir='ltr'><strong>quo</strong></span> <span class='ocrx_word' id='word_1_808' title='bbox 2884 4318 3189 4389; x_wconf 77' lang='lat' dir='ltr'><strong>trepidabo?</strong></span> 
     </span>
    </p>
   </div>
   <div class='ocr_carea' id='block_1_107' title="bbox 2273 4427 3797 4506">
    <p class='ocr_par' dir='ltr' id='par_1_107' title="bbox 2273 4427 3797 4506">
     <span class='ocr_line' id='line_1_107' title="bbox 2273 4427 3797 4506; baseline 0.002 -19"><span class='ocrx_word' id='word_1_809' title='bbox 2273 4433 2327 4487; x_wconf 72' lang='grc'><strong>4.</strong></span> <span class='ocrx_word' id='word_1_810' title='bbox 2360 4431 2506 4506; x_wconf 86' lang='lat' dir='ltr'><strong>[vers.</strong></span> <span class='ocrx_word' id='word_1_811' title='bbox 2540 4429 2620 4505; x_wconf 72' lang='lat'><strong>2.]</strong></span> <span class='ocrx_word' id='word_1_812' title='bbox 2650 4431 2785 4485; x_wconf 87' lang='lat' dir='ltr'><strong>Dum</strong></span> <span class='ocrx_word' id='word_1_813' title='bbox 2814 4427 3225 4502; x_wconf 78' lang='lat' dir='ltr'><strong>appmpinquant</strong></span> <span class='ocrx_word' id='word_1_814' title='bbox 3252 4450 3404 4503; x_wconf 82' lang='lat' dir='ltr'><strong>super</strong></span> <span class='ocrx_word' id='word_1_815' title='bbox 3432 4451 3509 4488; x_wconf 84' lang='lat' dir='ltr'><strong>me</strong></span> <span class='ocrx_word' id='word_1_816' title='bbox 3536 4448 3797 4503; x_wconf 80' lang='lat' dir='ltr'><strong>nocentes,</strong></span> 
     </span>
    </p>
   </div>
   <div class='ocr_carea' id='block_1_108' title="bbox 2201 4522 3803 4596">
    <p class='ocr_par' dir='ltr' id='par_1_108' title="bbox 2201 4522 3803 4596">
     <span class='ocr_line' id='line_1_108' title="bbox 2201 4522 3803 4596; baseline 0.004 -21"><span class='ocrx_word' id='word_1_817' title='bbox 2201 4532 2254 4575; x_wconf 86' lang='lat' dir='ltr'><strong>ut</strong></span> <span class='ocrx_word' id='word_1_818' title='bbox 2280 4522 2430 4577; x_wconf 85' lang='lat' dir='ltr'><strong>edant</strong></span> <span class='ocrx_word' id='word_1_819' title='bbox 2456 4539 2633 4576; x_wconf 86' lang='lat' dir='ltr'><strong>carnes</strong></span> <span class='ocrx_word' id='word_1_820' title='bbox 2658 4539 2794 4575; x_wconf 84' lang='lat' dir='ltr'><strong>meas</strong></span> <span class='ocrx_word' id='word_1_821' title='bbox 2822 4539 2841 4575; x_wconf 87' lang='lat'><strong><em>:</em></strong></span> <span class='ocrx_word' id='word_1_822' title='bbox 2863 4524 2948 4594; x_wconf 82' lang='lat' dir='ltr'><strong>qui</strong></span> <span class='ocrx_word' id='word_1_823' title='bbox 2970 4523 3212 4578; x_wconf 84' lang='lat' dir='ltr'><strong>tribulant</strong></span> <span class='ocrx_word' id='word_1_824' title='bbox 3232 4541 3313 4577; x_wconf 87' lang='lat' dir='ltr'><strong>me</strong></span> <span class='ocrx_word' id='word_1_825' title='bbox 3336 4526 3528 4579; x_wconf 83' lang='lat' dir='ltr'><strong>inimici</strong></span> <span class='ocrx_word' id='word_1_826' title='bbox 3554 4528 3671 4593; x_wconf 77' lang='lat' dir='ltr'><strong>mei,</strong></span> <span class='ocrx_word' id='word_1_827' title='bbox 3697 4528 3803 4596; x_wconf 79' lang='lat' dir='ltr'><strong>ipsi</strong></span> 
     </span>
    </p>
   </div>
   <div class='ocr_carea' id='block_1_109' title="bbox 2202 4612 3797 4685">
    <p class='ocr_par' dir='ltr' id='par_1_109' title="bbox 2202 4612 3797 4685">
     <span class='ocr_line' id='line_1_109' title="bbox 2202 4612 3797 4685; baseline 0.003 -19"><span class='ocrx_word' id='word_1_828' title='bbox 2202 4612 2445 4682; x_wconf 78' lang='lat' dir='ltr'><strong>inﬁrmati</strong></span> <span class='ocrx_word' id='word_1_829' title='bbox 2484 4622 2621 4677; x_wconf 87' lang='lat' dir='ltr'><strong>sunt,</strong></span> <span class='ocrx_word' id='word_1_830' title='bbox 2666 4622 2711 4665; x_wconf 91' lang='lat' dir='ltr'><strong>et</strong></span> <span class='ocrx_word' id='word_1_831' title='bbox 2740 4613 3049 4666; x_wconf 83' lang='lat' dir='ltr'><strong>ceciderunt.</strong></span> <span class='ocrx_word' id='word_1_832' title='bbox 3083 4614 3261 4684; x_wconf 83' lang='lat' dir='ltr'><strong>itaque</strong></span> <span class='ocrx_word' id='word_1_833' title='bbox 3298 4630 3399 4684; x_wconf 88' lang='lat' dir='ltr'><strong>ego</strong></span> <span class='ocrx_word' id='word_1_834' title='bbox 3420 4615 3543 4684; x_wconf 86' lang='lat' dir='ltr'><strong>quid</strong></span> <span class='ocrx_word' id='word_1_835' title='bbox 3571 4617 3797 4685; x_wconf 87' lang='lat' dir='ltr'><strong>timebo,</strong></span> 
     </span>
    </p>
   </div>
   <div class='ocr_carea' id='block_1_110' title="bbox 2204 4703 3802 4777">
    <p class='ocr_par' dir='ltr' id='par_1_110' title="bbox 2204 4703 3802 4777">
     <span class='ocr_line' id='line_1_110' title="bbox 2204 4703 3802 4777; baseline 0.003 -18"><span class='ocrx_word' id='word_1_836' title='bbox 2204 4713 2297 4759; x_wconf 89' lang='lat' dir='ltr'><strong>aut</strong></span> <span class='ocrx_word' id='word_1_837' title='bbox 2320 4719 2476 4774; x_wconf 86' lang='lat' dir='ltr'><strong>quem</strong></span> <span class='ocrx_word' id='word_1_838' title='bbox 2506 4703 2740 4757; x_wconf 85' lang='lat' dir='ltr'><strong>timebo?</strong></span> <span class='ocrx_word' id='word_1_839' title='bbox 2768 4719 2867 4773; x_wconf 81' lang='lat' dir='ltr'><strong>ego</strong></span> <span class='ocrx_word' id='word_1_840' title='bbox 2894 4720 3051 4773; x_wconf 86' lang='lat' dir='ltr'><strong>quem</strong></span> <span class='ocrx_word' id='word_1_841' title='bbox 3076 4705 3369 4775; x_wconf 69' lang='lat' dir='ltr'><strong>trepidabo.</strong></span> <span class='ocrx_word' id='word_1_842' title='bbox 3415 4717 3508 4761; x_wconf 89' lang='lat' dir='ltr'><strong>aut</strong></span> <span class='ocrx_word' id='word_1_843' title='bbox 3532 4708 3660 4777; x_wconf 90' lang='lat' dir='ltr'><strong>quid</strong></span> <span class='ocrx_word' id='word_1_844' title='bbox 3689 4720 3802 4765; x_wconf 79' lang='lat' dir='ltr'><strong>tre-</strong></span> 
     </span>
    </p>
   </div>
   <div class='ocr_carea' id='block_1_111' title="bbox 2208 4794 3799 4869">
    <p class='ocr_par' dir='ltr' id='par_1_111' title="bbox 2208 4794 3799 4869">
     <span class='ocr_line' id='line_1_111' title="bbox 2208 4794 3799 4869; baseline 0.004 -20"><span class='ocrx_word' id='word_1_845' title='bbox 2208 4794 2440 4865; x_wconf 88' lang='lat' dir='ltr'><strong>pidabo?</strong></span> <span class='ocrx_word' id='word_1_846' title='bbox 2464 4794 2567 4860; x_wconf 82' lang='lat' dir='ltr'><strong>Qui</strong></span> <span class='ocrx_word' id='word_1_847' title='bbox 2602 4809 2685 4848; x_wconf 91' lang='lat' dir='ltr'><strong>me</strong></span> <span class='ocrx_word' id='word_1_848' title='bbox 2716 4805 3124 4864; x_wconf 79' lang='lat' dir='ltr'><strong>persequuntur,</strong></span> <span class='ocrx_word' id='word_1_849' title='bbox 3173 4796 3271 4864; x_wconf 88' lang='lat' dir='ltr'><strong>ipsi</strong></span> <span class='ocrx_word' id='word_1_850' title='bbox 3314 4796 3668 4862; x_wconf 89' lang='lat' dir='ltr'><strong>inﬁrmautur,</strong></span> <span class='ocrx_word' id='word_1_851' title='bbox 3695 4800 3799 4869; x_wconf 88' lang='lat' dir='ltr'><strong>ipsi</strong></span> 
     </span>
    </p>
   </div>
   <div class='ocr_carea' id='block_1_112' title="bbox 2204 4886 3804 4957">
    <p class='ocr_par' dir='ltr' id='par_1_112' title="bbox 2204 4886 3804 4957">
     <span class='ocr_line' id='line_1_112' title="bbox 2204 4886 3804 4957; baseline 0.003 -16"><span class='ocrx_word' id='word_1_852' title='bbox 2204 4888 2416 4942; x_wconf 86' lang='lat' dir='ltr'><strong>cadunt.</strong></span> <span class='ocrx_word' id='word_1_853' title='bbox 2452 4886 2625 4953; x_wconf 85' lang='lat' dir='ltr'><strong>Quare</strong></span> <span class='ocrx_word' id='word_1_854' title='bbox 2654 4895 2829 4939; x_wconf 87' lang='lat' dir='ltr'><strong>autem</strong></span> <span class='ocrx_word' id='word_1_855' title='bbox 2873 4888 3302 4957; x_wconf 81' lang='lat' dir='ltr'><strong>persequuntur?</strong></span> <span class='ocrx_word' id='word_1_856' title='bbox 3335 4887 3402 4942; x_wconf 83' lang='lat' dir='ltr'><strong>(lt</strong></span> <span class='ocrx_word' id='word_1_857' title='bbox 3443 4888 3594 4943; x_wconf 82' lang='lat' dir='ltr'><strong>edant</strong></span> <span class='ocrx_word' id='word_1_858' title='bbox 3622 4907 3804 4947; x_wconf 81' lang='lat' dir='ltr'><strong>carnes</strong></span> 
     </span>
    </p>
   </div>
   <div class='ocr_carea' id='block_1_113' title="bbox 2206 4978 3801 5045">
    <p class='ocr_par' dir='ltr' id='par_1_113' title="bbox 2206 4978 3801 5045">
     <span class='ocr_line' id='line_1_113' title="bbox 2206 4978 3801 5045; baseline 0.006 -15"><span class='ocrx_word' id='word_1_859' title='bbox 2206 4994 2361 5031; x_wconf 86' lang='lat' dir='ltr'><strong>meas.</strong></span> <span class='ocrx_word' id='word_1_860' title='bbox 2394 4978 2523 5045; x_wconf 61' lang='lat' dir='ltr'><strong>Quae</strong></span> <span class='ocrx_word' id='word_1_861' title='bbox 2554 4986 2677 5031; x_wconf 88' lang='lat' dir='ltr'><strong>sunt</strong></span> <span class='ocrx_word' id='word_1_862' title='bbox 2699 4992 2890 5031; x_wconf 88' lang='lat' dir='ltr'><strong>carnes</strong></span> <span class='ocrx_word' id='word_1_863' title='bbox 2918 4992 3050 5031; x_wconf 75' lang='lat' dir='ltr'><strong>mea:</strong></span> <span class='ocrx_word' id='word_1_864' title='bbox 3070 4978 3094 5031; x_wconf 83' lang='lat'><strong>?</strong></span> <span class='ocrx_word' id='word_1_865' title='bbox 3118 4978 3372 5035; x_wconf 86' lang='lat' dir='ltr'><strong>Caruales</strong></span> <span class='ocrx_word' id='word_1_866' title='bbox 3413 4980 3634 5037; x_wconf 78' lang='lat' dir='ltr'><strong>affectus</strong></span> <span class='ocrx_word' id='word_1_867' title='bbox 3670 4987 3801 5040; x_wconf 84' lang='lat' dir='ltr'><strong>mei.</strong></span> 
     </span>
    </p>
   </div>
   <div class='ocr_carea' id='block_1_114' title="bbox 2208 5068 3805 5140">
    <p class='ocr_par' dir='ltr' id='par_1_114' title="bbox 2208 5068 3805 5140">
     <span class='ocr_line' id='line_1_114' title="bbox 2208 5068 3805 5140; baseline 0.006 -17"><span class='ocrx_word' id='word_1_868' title='bbox 2208 5069 2440 5124; x_wconf 75' lang='lat' dir='ltr'><strong>Szeviant</strong></span> <span class='ocrx_word' id='word_1_869' title='bbox 2482 5068 2868 5140; x_wconf 83' lang='lat' dir='ltr'><strong>persequendo,</strong></span> <span class='ocrx_word' id='word_1_870' title='bbox 2898 5068 3031 5124; x_wconf 89' lang='lat' dir='ltr'><strong>nihil</strong></span> <span class='ocrx_word' id='word_1_871' title='bbox 3063 5072 3113 5127; x_wconf 90' lang='lat' dir='ltr'><strong>in</strong></span> <span class='ocrx_word' id='word_1_872' title='bbox 3143 5087 3228 5127; x_wconf 89' lang='lat' dir='ltr'><strong>me</strong></span> <span class='ocrx_word' id='word_1_873' title='bbox 3266 5072 3495 5128; x_wconf 90' lang='lat' dir='ltr'><strong>moritur</strong></span> <span class='ocrx_word' id='word_1_874' title='bbox 3522 5075 3622 5130; x_wconf 90' lang='lat' dir='ltr'><strong>nisi</strong></span> <span class='ocrx_word' id='word_1_875' title='bbox 3654 5092 3805 5132; x_wconf 88' lang='lat' dir='ltr'><strong>mor-</strong></span> 
     </span>
    </p>
   </div>
   <div class='ocr_carea' id='block_1_115' title="bbox 2210 5161 3803 5235">
    <p class='ocr_par' dir='ltr' id='par_1_115' title="bbox 2210 5161 3803 5235">
     <span class='ocr_line' id='line_1_115' title="bbox 2210 5161 3803 5235; baseline 0.003 -19"><span class='ocrx_word' id='word_1_876' title='bbox 2210 5163 2336 5217; x_wconf 91' lang='lat' dir='ltr'><strong>tale.</strong></span> <span class='ocrx_word' id='word_1_877' title='bbox 2366 5161 2481 5216; x_wconf 85' lang='lat' dir='ltr'><strong>Erit</strong></span> <span class='ocrx_word' id='word_1_878' title='bbox 2504 5161 2557 5215; x_wconf 91' lang='lat' dir='ltr'><strong>in</strong></span> <span class='ocrx_word' id='word_1_879' title='bbox 2586 5176 2671 5217; x_wconf 91' lang='lat' dir='ltr'><strong>me</strong></span> <span class='ocrx_word' id='word_1_880' title='bbox 2686 5161 2900 5233; x_wconf 88' lang='lat' dir='ltr'><strong>aliquid,</strong></span> <span class='ocrx_word' id='word_1_881' title='bbox 2930 5178 3035 5232; x_wconf 87' lang='lat' dir='ltr'><strong>quo</strong></span> <span class='ocrx_word' id='word_1_882' title='bbox 3062 5174 3372 5232; x_wconf 87' lang='lat' dir='ltr'><strong>persecutor</strong></span> <span class='ocrx_word' id='word_1_883' title='bbox 3401 5168 3679 5235; x_wconf 79' lang='lat' dir='ltr'><strong>pervenire</strong></span> <span class='ocrx_word' id='word_1_884' title='bbox 3694 5186 3803 5223; x_wconf 88' lang='lat' dir='ltr'><strong>non</strong></span> 
     </span>
    </p>
   </div>
   <div class='ocr_carea' id='block_1_116' title="bbox 2211 5252 3807 5325">
    <p class='ocr_par' dir='ltr' id='par_1_116' title="bbox 2211 5252 3807 5325">
     <span class='ocr_line' id='line_1_116' title="bbox 2211 5252 3807 5325; baseline 0.006 -18"><span class='ocrx_word' id='word_1_885' title='bbox 2211 5254 2399 5325; x_wconf 86' lang='lat' dir='ltr'><strong>possit,</strong></span> <span class='ocrx_word' id='word_1_886' title='bbox 2440 5254 2527 5309; x_wconf 87' lang='lat' dir='ltr'><strong>ubi</strong></span> <span class='ocrx_word' id='word_1_887' title='bbox 2574 5252 2821 5309; x_wconf 74' lang='lat' dir='ltr'><strong>habitat‘</strong></span> <span class='ocrx_word' id='word_1_888' title='bbox 2850 5254 2991 5310; x_wconf 90' lang='lat' dir='ltr'><strong>Deus</strong></span> <span class='ocrx_word' id='word_1_889' title='bbox 3034 5271 3204 5311; x_wconf 88' lang='lat' dir='ltr'><strong>meus.</strong></span> <span class='ocrx_word' id='word_1_890' title='bbox 3248 5258 3565 5315; x_wconf 78' lang='lat' dir='ltr'><strong>Mauduccnt</strong></span> <span class='ocrx_word' id='word_1_891' title='bbox 3610 5277 3807 5317; x_wconf 86' lang='lat' dir='ltr'><strong>carnes</strong></span> 
     </span>
    </p>
   </div>
   <div class='ocr_carea' id='block_1_117' title="bbox 2212 5343 3805 5420">
    <p class='ocr_par' dir='ltr' id='par_1_117' title="bbox 2212 5343 3805 5420">
     <span class='ocr_line' id='line_1_117' title="bbox 2212 5343 3805 5420; baseline 0.006 -21"><span class='ocrx_word' id='word_1_892' title='bbox 2212 5361 2360 5399; x_wconf 88' lang='lat' dir='ltr'><strong>meas</strong></span> <span class='ocrx_word' id='word_1_893' title='bbox 2393 5361 2405 5397; x_wconf 89' lang='lat'>:</span> <span class='ocrx_word' id='word_1_894' title='bbox 2439 5344 2599 5399; x_wconf 86' lang='lat' dir='ltr'><strong>ﬁnitis</strong></span> <span class='ocrx_word' id='word_1_895' title='bbox 2626 5343 2877 5399; x_wconf 86' lang='lat' dir='ltr'><strong>carnibus</strong></span> <span class='ocrx_word' id='word_1_896' title='bbox 2906 5346 3120 5416; x_wconf 86' lang='lat' dir='ltr'><strong>spiritus</strong></span> <span class='ocrx_word' id='word_1_897' title='bbox 3155 5363 3268 5410; x_wconf 80' lang='lat' dir='ltr'><strong>ero.</strong></span> <span class='ocrx_word' id='word_1_898' title='bbox 3299 5359 3353 5405; x_wconf 84' lang='lat' dir='ltr'><strong>et</strong></span> <span class='ocrx_word' id='word_1_899' title='bbox 3379 5350 3693 5420; x_wconf 86' lang='lat' dir='ltr'><strong>spiritualis.</strong></span> <span class='ocrx_word' id='word_1_900' title='bbox 3740 5354 3805 5409; x_wconf 78' lang='lat' dir='ltr'><strong>Et</strong></span> 
     </span>
    </p>
   </div>
   <div class='ocr_carea' id='block_1_118' title="bbox 2211 5437 3803 5516">
    <p class='ocr_par' dir='ltr' id='par_1_118' title="bbox 2211 5437 3803 5516">
     <span class='ocr_line' id='line_1_118' title="bbox 2211 5437 3803 5516; baseline 0.007 -25"><span class='ocrx_word' id='word_1_901' title='bbox 2211 5437 2424 5507; x_wconf 87' lang='lat' dir='ltr'><strong>quidem</strong></span> <span class='ocrx_word' id='word_1_902' title='bbox 2444 5446 2642 5492; x_wconf 91' lang='lat' dir='ltr'><strong>tantam</strong></span> <span class='ocrx_word' id='word_1_903' title='bbox 2666 5438 2889 5493; x_wconf 87' lang='lat' dir='ltr'><strong>salutem</strong></span> <span class='ocrx_word' id='word_1_904' title='bbox 2918 5438 3044 5516; x_wconf 82' lang='lat' dir='ltr'><strong>mihi</strong></span> <span class='ocrx_word' id='word_1_905' title='bbox 3073 5441 3331 5510; x_wconf 88' lang='lat' dir='ltr'><strong>promittit</strong></span> <span class='ocrx_word' id='word_1_906' title='bbox 3352 5443 3607 5500; x_wconf 88' lang='lat' dir='ltr'><strong>Dominus</strong></span> <span class='ocrx_word' id='word_1_907' title='bbox 3628 5461 3803 5507; x_wconf 78' lang='lat' dir='ltr'><strong>meus.</strong></span> 
     </span>
    </p>
   </div>
   <div class='ocr_carea' id='block_1_119' title="bbox 2213 5529 3806 5605">
    <p class='ocr_par' dir='ltr' id='par_1_119' title="bbox 2213 5529 3806 5605">
     <span class='ocr_line' id='line_1_119' title="bbox 2213 5529 3806 5605; baseline 0.004 -19"><span class='ocrx_word' id='word_1_908' title='bbox 2213 5542 2272 5586; x_wconf 90' lang='lat' dir='ltr'><strong>ut</strong></span> <span class='ocrx_word' id='word_1_909' title='bbox 2295 5531 2454 5586; x_wconf 88' lang='lat' dir='ltr'><strong>etiam</strong></span> <span class='ocrx_word' id='word_1_910' title='bbox 2499 5529 2659 5585; x_wconf 92' lang='lat' dir='ltr'><strong>modo</strong></span> <span class='ocrx_word' id='word_1_911' title='bbox 2687 5530 2786 5584; x_wconf 90' lang='lat' dir='ltr'><strong>ista</strong></span> <span class='ocrx_word' id='word_1_912' title='bbox 2828 5544 2954 5586; x_wconf 89' lang='lat' dir='ltr'><strong>caro</strong></span> <span class='ocrx_word' id='word_1_913' title='bbox 2980 5532 3243 5602; x_wconf 86' lang='lat' dir='ltr'><strong>mortalis,</strong></span> <span class='ocrx_word' id='word_1_914' title='bbox 3285 5548 3405 5605; x_wconf 66' lang='lat' dir='ltr'><strong>qua:</strong></span> <span class='ocrx_word' id='word_1_915' title='bbox 3433 5536 3647 5593; x_wconf 77' lang='lat' dir='ltr'><strong>videtur</strong></span> <span class='ocrx_word' id='word_1_916' title='bbox 3686 5552 3806 5605; x_wconf 80' lang='lat' dir='ltr'><strong>per-</strong></span> 
     </span>
    </p>
   </div>
   <div class='ocr_carea' id='block_1_120' title="bbox 2278 5787 3198 5854">
    <p class='ocr_par' dir='ltr' id='par_1_120' title="bbox 2278 5787 3198 5854">
     <span class='ocr_line' id='line_1_120' title="bbox 2278 5787 3198 5854; baseline 0.002 -13"><span class='ocrx_word' id='word_1_917' title='bbox 2278 5795 2295 5826; x_wconf 77' lang='grc' dir='ltr'>ι</span> <span class='ocrx_word' id='word_1_918' title='bbox 2334 5794 2510 5854; x_wconf 73' lang='lat' dir='ltr'><strong>Regius</strong></span> <span class='ocrx_word' id='word_1_919' title='bbox 2531 5800 2583 5841; x_wconf 90' lang='lat' dir='ltr'><strong>et</strong></span> <span class='ocrx_word' id='word_1_920' title='bbox 2606 5794 2749 5841; x_wconf 78' lang='lat' dir='ltr'><strong>\‘stic.</strong></span> <span class='ocrx_word' id='word_1_921' title='bbox 2776 5797 2904 5850; x_wconf 65' lang='lat' dir='ltr'><strong>Mss,</strong></span> <span class='ocrx_word' id='word_1_922' title='bbox 2924 5787 3198 5843; x_wconf 74' lang='lat' dir='ltr'><strong>ibiltabt&#39;tat.</strong></span> 
     </span>
    </p>
   </div>
  </div>
