4008 6384
204 369 282 422 illi

203 474 357 534 nntti'
390 475 640 531 manibus
686 473 1137 544 persequentium,
1173 485 1278 524 non
1323 479 1508 539 pereat
1535 468 1587 522 in
1630 476 1788 521 teter.

203 588 346 635 num;
377 569 472 625 sed
503 567 647 640 quod
691 568 1116 622 demonstratum
1145 573 1224 618 est
1255 562 1306 615 in
1351 563 1525 630 capite
1551 573 1673 614 meo
1700 573 1782 613 re-

201 671 460 733 surgente,
494 662 598 716 hoc
635 661 814 715 omnia
842 654 1094 713 membra
1127 641 1362 724 sperem.
1406 653 1575 720 Quem
1609 651 1792 704 timeat

201 757 363 810 anima
385 768 525 814 mea,
557 767 718 822 quam
765 749 1023 804 inhabitat
1047 745 1229 802 Deus?
1260 745 1427 812 Quem
1461 743 1644 796 timeat
1666 754 1791 795 caro

203 861 329 912 inea,
361 860 486 900 cum
511 842 861 912 corruptibile
904 840 1006 894 hoc
1034 837 1265 893 induerit
1294 831 1792 902 incorruptionem?

206 939 364 993 Vultis
393 952 550 992 nosse
575 936 698 1006 quia
726 949 915 990 carnes
947 932 1020 986 illi
1050 928 1392 989 manducant,
1416 927 1504 995 qui
1535 940 1631 979 nos
1668 938 1788 993 per-

201 1038 505 1099 sequuntur,
539 1041 639 1081 nec
683 1026 782 1095 ipsi
826 1031 1000 1078 autem
1028 1020 1175 1076 carni
1220 1027 1417 1072 nostrae
1449 1013 1791 1070 metuendum

203 1124 322 1178 est?
354 1121 653 1177 Seminatur
691 1133 874 1187 corpus
919 1114 1160 1178 animale,
1211 1118 1382 1181 surget
1421 1123 1604 1178 corpus
1643 1105 1796 1177 spiri-

205 1216 330 1270 tuale
355 1213 398 1285 (Ι
420 1210 538 1269 Cor.
571 1225 667 1276 xv,
694 1207 806 1280 Μ).
839 1208 1043 1275 Quanta
1071 1213 1246 1258 autem
1272 1201 1460 1254 fiducia
1488 1197 1647 1252 debet
1672 1210 1794 1251 esse

205 1308 251 1359 in
281 1319 344 1360 eo
371 1304 462 1374 qui
505 1301 656 1356 novit
701 1300 882 1355 dicere
911 1314 925 1351 :
957 1295 1207 1349 Dominus
1251 1291 1554 1345 illuminatio
1586 1304 1716 1351 mea,
1749 1295 1796 1339 et

204 1398 435 1454 salutaris
464 1411 626 1458 meus,
666 1407 812 1461 quem
855 1388 1076 1444 timebo?
1113 1385 1366 1440 Dominus
1406 1389 1655 1452 protector
1684 1379 1800 1432 vita:

206 1505 342 1553 ntere,
374 1505 408 1542 α
431 1503 529 1557 quo
549 1483 809 1556 trepidabo
829 1483 855 1537 1’
892 1480 1193 1550 Protegitur
1219 1478 1511 1547 imperator
1537 1475 1757 1527 scutatis
1780 1513 1797 1534 ,

206 1590 258 1635 et
302 1595 410 1634 non
457 1578 647 1642 timet;
701 1574 995 1644 protegitur
1022 1587 1052 1624 a
1085 1567 1398 1624 mortalibus
1440 1561 1712 1626 mortalis,
1748 1570 1802 1614 et

208 1686 425 1727 securus
450 1678 534 1725 est
561 1685 574 1722 :
608 1665 906 1738 protegitur
933 1661 1172 1719 mortalis
1202 1659 1268 1714 ab
1299 1655 1610 1719 immortali,
1655 1665 1709 1708 et
1736 1654 1800 1706 ti-

209 1765 372 1821 mebit
408 1772 464 1817 et
491 1759 816 1830 trepidabit?

277 1855 331 1912 5.
373 1851 527 1926 [υεη.
558 1848 637 1922 5.]
667 1849 1084 1916 Quanta-autem
1131 1841 1319 1896 fiducia
1350 1840 1542 1895 debeat
1586 1853 1705 1893 esse
1751 1837 1802 1890 in

212 1961 277 2001 eo
321 1945 412 2015 qui
460 1944 557 1997 ista
589 1940 740 2006 dicit,
771 1939 954 1994 audite
982 1953 995 1989 :
1026 1934 1089 1991 Si
1131 1933 1410 1987 consistant
1436 1927 1704 1984 advehum
1729 1944 1807 1980 me

211 2047 399 2101 castra,
428 2052 529 2090 non
551 2033 740 2088 timebit
769 2047 856 2085 cor
881 2045 1064 2084 meum.
1091 2027 1279 2081 Castra
1305 2024 1507 2078 munita
1533 2031 1677 2085 sunt,
1711 2020 1807 2074 sed

213 2128 336 2199 quid
378 2124 636 2182 munitius
668 2122 821 2176 Deo?
854 2121 914 2175 Si
953 2125 1191 2188 exsurgat
1235 2116 1288 2169 in
1314 2119 1394 2167 me
1432 2112 1639 2167 bellum.
1671 2110 1808 2179 Quid

215 2218 340 2272 tnihi
369 2215 493 2270 facit
525 2214 759 2268 bellum?
791 2211 972 2266 Potest
1000 2207 1128 2262 mibi
1170 2204 1382 2260 auferre
1411 2218 1560 2273 spent
1595 2200 1812 2255 meam?

215 2318 390 2380 potest
420 2305 550 2362 mihi
580 2307 790 2360 auferre
819 2301 959 2373 quod
990 2301 1080 2355 dat
1108 2296 1501 2367 Omnipotens?
1531 2295 1681 2349 Sicut
1706 2309 1810 2347 non

219 2400 448 2454 vincitur
474 2396 563 2467 qui
587 2395 699 2458 dat,
726 2395 803 2447 sic
833 2408 936 2446 non
964 2390 1205 2444 aufertur
1234 2386 1374 2457 quod
1395 2385 1506 2440 dat.
1535 2384 1589 2439 Si
1614 2381 1813 2437 auferri

219 2499 388 2560 potest
415 2488 624 2552 datum,
652 2483 878 2555 vincitur
900 2482 1073 2536 dator.
1105 2480 1244 2550 Ergo
1271 2493 1368 2531 nec
1397 2476 1510 2546 ipsa
1535 2490 1656 2544 qua:
1685 2484 1817 2528 tem-

219 2579 472 2650 poraliter
497 2571 1053 2645 accipimus,‘auferre
1087 2570 1246 2625 nobis
1271 2568 1553 2639 quisquam
1597 2573 1773 2635 potest
1797 2605 1813 2631 ,

219 2674 408 2728 fratres
439 2669 562 2733 mei,
597 2669 697 2722 nisi
728 2667 876 2721 solus
901 2665 990 2720 ille
1035 2664 1123 2734 qui
1155 2661 1322 2716 dedit.
1354 2658 1662 2727 Spiritualia
1698 2672 1818 2726 quae

220 2764 405 2827 donat,
439 2776 544 2816 non
576 2759 806 2824 auferet,
837 2756 937 2810 nisi
968 2763 1022 2809 tu
1048 2750 1320 2808 dimiseris
1341 2752 1362 2782 ²
1388 2767 1402 2804 :
1427 2748 1661 2804 carnalia
1692 2762 1819 2802 vero

221 2864 276 2910 et
305 2852 618 2922 temporalia
650 2851 763 2919 ipse
789 2847 996 2910 aufert;
1024 2845 1149 2915 quia
1187 2851 1242 2898 et
1277 2839 1519 2913 quisquis
1557 2838 1692 2892 alius
1721 2853 1819 2890 au-

223 2947 346 3009 fert,
387 2947 504 3016 ipso
541 2943 773 2998 donante
804 2934 1370 3009 potestatem,aufert.
1398 2931 1655 2987 Novimus
1681 2927 1816 2992 hoc,

221 3049 276 3093 et
299 3038 525 3107 legimus
554 3036 604 3089 in
629 3034 764 3089 libro
790 3031 912 3097 Job,
939 3030 1060 3102 quia
1085 3044 1186 3084 nec
1211 3029 1298 3083 ille
1320 3027 1411 3098 qui
1437 3025 1646 3080 videtur
1669 3021 1823 3092 quasi

223 3129 510 3185 maximam
541 3125 737 3179 habere
766 3132 1082 3193 potestatem
1105 3120 1170 3172 ad
1201 3131 1410 3186 tempus
1438 3114 1702 3179 diabolus,
1727 3128 1823 3182 po—

223 3227 329 3276 test
367 3216 563 3285 aliquid
606 3215 706 3268 nisi
753 3213 1044 3282 permissus
1074 3207 1193 3282 (Job
1225 3206 1288 3279 ι).
1321 3206 1540 3275 Accepit
1583 3213 1820 3274 potestao

224 3321 334 3366 tem
364 3309 416 3378 in
450 3308 652 3372 intima,
700 3314 756 3360 et
792 3304 970 3358 amisit
1009 3301 1239 3356 maxima
1266 3309 1321 3354 et
1345 3312 1573 3352 summa.
1621 3295 1689 3350 Et
1717 3311 1822 3348 non

223 3413 308 3458 est
337 3403 436 3455 ista
481 3406 718 3468 potestas
759 3394 897 3458 irati,
931 3392 1023 3448 sed
1072 3406 1226 3462 paena
1273 3388 1529 3443 damnati.
1561 3385 1670 3440 Nec
1707 3384 1825 3453 ipse

225 3510 358 3565 ergo
393 3502 568 3563 potest
600 3490 800 3543 habere
827 3487 1056 3557 aliquam
1100 3491 1439 3555 poteStatem,
1473 3478 1573 3532 nisi
1600 3476 1828 3548 pennis-

224 3601 338 3640 sus.
375 3585 440 3638 Et
467 3584 518 3637 in
564 3583 652 3636 illo
680 3579 815 3634 libro
843 3576 1008 3632 habes
1033 3590 1190 3644 quem
1217 3567 1655 3634 commemoravi,
1691 3575 1746 3622 et
1772 3567 1824 3620 in

225 3676 520 3748 Evangelia
551 3672 807 3728 Dominus
833 3668 962 3724 dicit
990 3684 1003 3720 :
1041 3665 1155 3720 Hac
1200 3673 1341 3718 nocte
1371 3661 1641 3733 postulavit
1670 3657 1824 3713 Sata-

225 3786 342 3832 nas,
377 3777 430 3821 ut
455 3783 540 3821 vos
565 3765 807 3818 cribraret
835 3761 856 3792 ⁸
882 3761 1010 3814 sicut
1039 3758 1280 3822 triticum,
1317 3763 1364 3808 et
1389 3767 1480 3824 ego
1499 3749 1694 3822 -rogavi
1736 3764 1827 3818 pro

227 3871 296 3923 te,
327 3858 501 3923 Petre,
527 3873 589 3911 ne
612 3855 815 3923 deﬁciat
841 3852 968 3921 fides
989 3862 1075 3904 tua
1096 3847 1248 3920 (Luc.
1282 3861 1418 3913 χχιι,
1449 3844 1560 3912 51).
1597 3843 1824 3897 Permit-

228 3953 360 4008 titur
385 3961 563 4004 autem
589 3954 682 4002 aut
703 3944 768 4001 ad
794 3958 1008 4016 poenam
1048 3951 1308 4005 nostram,
1335 3946 1426 3991 aut
1459 3935 1524 3989 ad
1558 3933 1829 4005 probatio-

228 4061 378 4101 nem.
413 4043 554 4112 Ergo
582 4041 709 4110 quia
747 4037 900 4092 nobis
924 4049 1088 4091 nemo
1116 4039 1292 4103 potest
1313 4029 1528 4084 auferre
1567 4025 1708 4097 quod
1740 4025 1831 4079 dat

230 4138 397 4202 Deus,
433 4150 540 4189 non
567 4133 849 4187 timeamus
874 4129 976 4183 nisi
1009 4127 1174 4181 Deum
1208 4143 1222 4179 :
1250 4120 1503 4193 quidquid
1543 4119 1686 4173 aliud
1721 4119 1831 4174 fre-

229 4229 452 4292 muerit,
482 4223 738 4296 quidquid
759 4223 902 4278 aliud
934 4218 1253 4292 superbierit
1293 4215 1551 4270 adversus
1583 4228 1700 4277 nos,
1724 4227 1830 4266 non

231 4323 420 4376 timeat
456 4334 554 4373 cor
597 4326 856 4371 nostrum.

303 4414 360 4469 6.
393 4411 548 4485 [rem
580 4407 659 4481 4.]
692 4408 754 4464 Si
792 4415 1029 4476 exsurgat
1074 4404 1126 4456 in
1169 4417 1248 4454 me
1287 4400 1493 4462 bellum,
1539 4398 1593 4450 in
1623 4398 1718 4449 hac
1745 4413 1834 4467 ego

229 4506 470 4575 sperabo.
498 4502 555 4557 ln
578 4501 725 4572 qua?
756 4498 942 4561 Unam,
970 4496 1160 4565 inquit,
1191 4493 1309 4565 petii
1337 4509 1367 4545 a
1390 4491 1631 4544 Domino.
1661 4489 1838 4543 Femi—

232 4601 366 4653 nino
391 4611 592 4667 genere
620 4590 904 4663 appellavit
929 4587 1194 4660 quoddam
1219 4584 1558 4644 beneﬁcium,
1589 4591 1836 4650 tanquam

230 4689 464 4752 diceret,
498 4685 667 4740 Unam
714 4681 1045 4752 petitionem.
1080 4677 1148 4732 Et
1194 4672 1462 4746 quomodo
1492 4673 1726 4727 solemus
1757 4671 1838 4723 lo-

234 4790 466 4850 quentes
482 4778 680 4838 dicere,
710 4773 857 4828 verbi
883 4771 1072 4843 gratia,
1103 4769 1240 4822 Duas
1263 4766 1460 4828 habes;
1485 4778 1590 4815 non
1614 4760 1842 4815 dieinms

236 4874 488 4937 Duo,hoc
501 4885 648 4924 more
662 4866 907 4937 lnqucndi
923 4880 1014 4918 usa
1033 4860 1393 4928 estScriptura
1411 4874 1424 4909 :
1445 4854 1632 4920 Unam,
1649 4854 1837 4922 inquit,

236 4967 363 5037 petii
385 4983 418 5017 a
447 4962 690 5026 Domina,
739 4959 870 5011 hunc
917 4955 1188 5026 requiram.
1223 4950 1511 5005 Videamus
1539 4946 1665 5017 quid
1716 4947 1844 5015 petit

235 5059 329 5130 qui
379 5053 513 5110 nihil
542 5053 712 5108 timet.
762 5052 943 5119 Magna
975 5045 1231 5100 securitas
1277 5041 1474 5096 cordis.
1511 5039 1682 5093 Vultis
1714 5039 1843 5092 nihil

238 5129 479 5207 timere?
510 5148 656 5202 Hane
675 5159 836 5199 unam
866 5142 1048 5212 petite,
1076 5152 1234 5208 quam
1266 5149 1424 5188 unam
1450 5133 1580 5201 petit
1601 5131 1686 5202 qui
1714 5129 1843 5182 nihil

242 5245 415 5306 timet,
451 5248 544 5293 aut
570 5252 730 5308 quam
764 5235 892 5306 petit
923 5241 978 5286 ut
1006 5230 1135 5285 nihil
1169 5227 1394 5282 timeat?
1429 5222 1616 5287 Unam,
1651 5221 1840 5290 inquit,

240 5334 366 5403 petii
391 5349 422 5384 α
448 5330 692 5394 Domino,
727 5326 860 5379 hanc
885 5322 1158 5393 requiram.
1208 5317 1318 5372 lloc
1348 5315 1432 5369 hic
1461 5314 1633 5383 agitur
1671 5313 1738 5366 ab
1767 5313 1846 5366 eis

240 5425 332 5494 qui
361 5424 504 5479 bene
527 5419 823 5475 ambulant.
853 5413 989 5483 Quid
1022 5422 1101 5467 est
1130 5410 1276 5466 hoc?
1313 5423 1432 5478 quae
1461 5415 1540 5460 est
1573 5405 1660 5460 illa
1702 5404 1848 5458 una?

245 5514 317 5571 Ut
347 5516 627 5571 inhabitem
670 5512 724 5564 in
767 5510 916 5562 domo
956 5503 1165 5558 Domini
1206 5517 1376 5555 omnes
1415 5499 1519 5551 dies
1549 5497 1661 5550 vitm
1705 5512 1845 5549 meat.

316 5668 578 5730 'Quinque
607 5658 944 5730 Μεεεορενὺϊιίι
1097 5718 1109 5729 .
1313 5717 1326 5730 .
1671 5711 1768 5730 λα,

317 5712 636 5789 ’Ἠιξῖἶέεέέ
657 5712 828 5776 nisi'tu
860 5718 1148 5772 deserueris.
1175 5718 1258 5768 Alii
1297 5717 1421 5777 duo,
1445 5714 1540 5766 nisi
1571 5719 1623 5766 tu
1662 5712 1852 5764 desines

241 5803 568 5914 mimihi»:
589 5857 721 5906 Mss.
740 5852 790 5897 ut
808 5858 886 5896 vos
908 5849 1121 5895 vmret.
1147 5842 1231 5892 Alii
1253 5827 1446 5904 decem,
1472 5851 1649 5892 vexare
1681 5849 1776 5887 vos.

520 5935 803 5995 Psmoc.
838 5924 1129 5986 XXXVI.

1297 354 1697 412 ENARRATIO
1739 352 1803 407 IN
1845 352 2165 412 PSALMUM
2207 351 2390 412 XXVI.

3379 360 3488 416 202

1895 466 2017 523 Haec
2043 476 2126 524 est
2153 482 2257 525 una
2287 486 2301 522 :
2329 470 2520 526 domus
2545 473 2686 527 enim
2715 488 2776 527 ea
2804 473 2998 529 dicitur
3017 473 3104 530 ubi
3133 489 3345 546 semper
3375 491 3481 530 ma-

1894 559 2154 613 nebimus.
2204 562 2260 614 In
2307 561 2407 617 ista
2456 566 2882 632 peregrinatione
2911 566 3104 621 dicitur
3146 567 3356 631 domus,
3391 575 3482 622 sed

1895 652 2108 721 preprie
2135 651 2533 709 tabernaculum
2561 656 2856 726 appellatur
2890 675 2902 711 :
2935 657 3330 714 tabernaculum
3365 678 3486 728 per-

1894 743 2269 812 egrinantium,
2290 754 2342 799 et
2365 744 2757 815 quodammodo
2775 749 3138 813 militantium,
3161 760 3214 804 et
3235 751 3490 805 adversus

1897 838 2102 890 hostem
2151 837 2495 906 pugnantium
2529 845 2628 890 est.
2676 838 2899 902 Quando
2927 855 3057 908 ergo
3094 841 3491 895 tabernaculum

1895 935 1978 978 est
2021 926 2071 979 in
2124 926 2224 982 bac
2269 927 2398 993 vita,
2431 928 2773 983 manifestum
2801 939 2883 984 est
2923 931 3045 1000 quia
3075 941 3161 987 est
3201 943 3253 986 et
3279 930 3494 986 hostis:

1898 1032 2019 1071 nam
2050 1019 2208 1074 simul
2256 1020 2453 1076 habere
2494 1021 2852 1087 tabernacula,
2896 1022 2998 1076 hoc
3039 1033 3122 1078 est
3149 1038 3270 1080 esse
3310 1034 3496 1078 conluo

1898 1111 2144 1165 bernales
2169 1128 2183 1176 ;
2212 1120 2266 1166 et
2288 1112 2455 1167 nostis
2477 1111 2582 1166 hoc
2601 1126 2797 1167 nomen
2825 1128 2945 1166 esse
2967 1113 3328 1167 militantium.
3353 1115 3492 1183 Ergo

1902 1202 1986 1256 hic
2018 1203 2442 1269 tabernaculum,
2477 1202 2546 1257 ibi
2587 1201 2800 1257 domus.
2829 1203 2934 1258 Sed
2965 1213 3020 1258 et
3047 1203 3147 1257 hoc
3177 1204 3488 1258 tabernacu-

1898 1294 2008 1347 lum
2031 1293 2298 1348 interdum
2321 1309 2413 1363 per
2433 1294 2748 1349 abusionem
2769 1294 3057 1348 vicinitatis
3072 1295 3265 1350 dicitur
3279 1294 3488 1360 domus,

1901 1396 1953 1441 et
1982 1371 2177 1441 domus
2203 1387 2491 1456 aliquando
2520 1385 2812 1441 secundum
2837 1386 3087 1445 eumdem
3118 1387 3336 1442 modum
3364 1386 3499 1442 dici-

1903 1489 1986 1532 tur
2032 1480 2427 1534 tabernaculum
2463 1499 2477 1534 :
2511 1480 2725 1550 proprie
2765 1489 2945 1536 tamen
2993 1481 3081 1534 illa
3124 1481 3346 1547 domus,
3396 1481 3493 1538 hoc

1904 1571 2324 1625 tabernaculum.

1975 1664 2027 1717 7.
2060 1663 2194 1729 Quid
2239 1673 2414 1718 autem
2460 1665 2628 1719 acturi
2656 1663 2824 1720 simus
2875 1665 2927 1720 in
2975 1665 3064 1720 illa
3105 1664 3288 1733 domo,
3333 1665 3502 1721 babes

1903 1753 2179 1808 evidenter
2198 1756 2527 1823 expressisse
2552 1756 2715 1810 alium
2744 1756 3003 1825 psalmum
3034 1774 3048 1811 :
3073 1755 3220 1810 Beati
3245 1757 3333 1827 qui
3359 1757 3507 1811 habi-

1907 1855 2012 1900 tant
2040 1846 2091 1899 in
2135 1847 2287 1900 domo
2328 1856 2436 1915 tua,
2463 1848 2518 1901 in
2564 1848 2752 1902 saecula
2795 1849 3101 1903 steculorum
3137 1848 3416 1903 laudabunt
3460 1860 3508 1902 te

1909 1936 2082 2008 (Psal.
2104 1953 2326 2004 uxxm,
2347 1938 2424 2008 5).
2446 1938 2557 1993 Hac
2587 1940 2708 2004 iste,
2727 1939 2771 1994 si
2790 1939 3074 1995 dicendum
3094 1950 3197 2007 est,
3218 1940 3509 2011 cupiditate

1910 2028 2125 2092 ardens,
2157 2039 2210 2083 et
2235 2045 2419 2086 amore
2447 2031 2550 2086 isto
2576 2040 2832 2097 aestuans,
2879 2031 3150 2088 desiderat
3173 2048 3362 2090 omnes
3387 2032 3505 2088 dies

1912 2121 2032 2174 vita:
2058 2136 2168 2174 sure
2198 2121 2249 2175 in
2276 2120 2439 2176 domo
2469 2122 2676 2177 Domini
2709 2123 2950 2179 habitare
2979 2142 2992 2176 :
3022 2125 3075 2177 in
3103 2123 3267 2179 domo
3299 2123 3504 2177 Domini

1912 2227 2100 2265 omnes
2125 2210 2242 2266 dies
2280 2212 2406 2266 vita:
2435 2229 2568 2278 sum,
2597 2228 2701 2267 non
2733 2215 2881 2284 quasi
2909 2214 3193 2280 finiendos,
3226 2215 3321 2269 sed
3348 2225 3506 2269 reter-

1915 2317 2032 2355 nc:s.
2059 2302 2148 2356 Sic
2169 2301 2309 2356 enim
2335 2301 2583 2356 dicuntur
2603 2303 2738 2370 dies,
2763 2304 3031 2374 quomodo
3057 2305 3204 2367 anni,
3229 2304 3298 2359 de
3317 2305 3505 2375 quibus

1915 2392 2115 2447 dictum
2158 2402 2260 2457 est,
2310 2403 2358 2447 et
2406 2394 2531 2447 anui
2571 2393 2646 2448 tui
2693 2411 2795 2448 non
2824 2395 3058 2464 deﬁcient
3087 2393 3256 2466 (Psal.
3285 2409 3364 2461 et,
3393 2393 3510 2464 28).

1916 2483 2047 2537 Nam
2073 2483 2188 2538 dies
2214 2484 2336 2538 vitae
2357 2493 2571 2539 aeterna:
2593 2499 2729 2539 unus
2754 2484 2870 2540 dies
2900 2495 2981 2540 est
3007 2485 3125 2540 sine
3150 2500 3365 2540 occasu.
3399 2483 3515 2540 lloc

1919 2592 2047 2648 ergo
2075 2576 2208 2631 dixit
2235 2576 2302 2631 ad
2331 2576 2635 2644 Dominum,
2662 2576 2959 2647 Concupivi
2989 2577 3004 2610 ⁸
3029 2577 3187 2638 hanc,
3216 2576 3388 2633 Unam
3423 2594 3516 2646 pe-

1920 2670 2000 2735 tii,
2033 2669 2181 2724 Hanc
2221 2669 2510 2740 requiram.
2545 2669 2790 2740 Et‘quasi
2832 2670 3136 2725 diceremus
3173 2668 3245 2733 ei,
3277 2669 3347 2724 Et
3387 2669 3514 2741 quid

1921 2758 1992 2814 ibi
2037 2759 2270 2814 facturus
2293 2759 2395 2814 es?
2421 2774 2538 2830 quae
2570 2758 2640 2814 ibi
2679 2759 2968 2814 delectatio
2999 2769 3088 2814 tua
3111 2758 3136 2813 ἲ
3160 2758 3302 2828 quod
3327 2773 3520 2813 avoca-

1923 2861 2158 2904 mentum
2186 2849 2402 2905 cordis?
2444 2867 2563 2920 quae
2594 2851 2696 2906 illae
2725 2851 2963 2918 deliciae,
3002 2851 3142 2906 unde
3168 2851 3356 2921 gaudia
3387 2866 3520 2919 sup-

1925 2943 2147 3011 petent?
2198 2941 2311 2995 Non
2361 2942 2502 2997 enim
2551 2943 2622 2996 ibi
2678 2943 3015 3012 perdurabis,
3067 2942 3170 2997 nisi
3218 2941 3344 2997 felix
3387 2943 3518 2998 eris.

1922 3033 2172 3092 Felicitas
2215 3042 2391 3088 autem
2445 3035 2530 3089 illa
2563 3035 2706 3090 unde
2735 3035 3034 3092 succedet?
3065 3035 3334 3090 llabemus
3376 3037 3520 3091 enim

1925 3128 2011 3183 hic
2041 3127 2321 3183 felicitates
2349 3126 2588 3183 diversas
2607 3127 2819 3198 generis
2845 3127 3082 3192 humani,
3107 3136 3162 3182 et
3191 3127 3354 3183 miser
3373 3129 3526 3199 quis.

1924 3233 2030 3290 que
2049 3218 2243 3273 dicitur
2262 3216 2478 3288 quando
2507 3217 2584 3272 illi
2607 3217 2940 3273 subtrahitur
2963 3216 3109 3289 quod
3133 3227 3296 3275 amat.
3325 3218 3525 3274 Amant

1926 3324 2054 3380 ergo
2082 3309 2327 3364 homines
2354 3307 2592 3364 diversas
2618 3323 2705 3364 res
2729 3325 2744 3374 ;
2773 3316 2827 3363 et
2854 3308 3070 3377 quando
3113 3308 3342 3379 quisque
3375 3307 3520 3377 quod

1925 3411 2068 3455 amat
2096 3399 2294 3455 habere
2321 3399 2548 3466 videtur,
2582 3398 2710 3455 felix
2744 3406 2983 3453 vocatur.
3020 3397 3160 3453 Vere
3185 3406 3362 3454 autem
3393 3397 3520 3453 felix

1927 3501 2030 3558 est,
2064 3506 2167 3545 non
2188 3491 2234 3545 si
2261 3490 2311 3544 id
2339 3487 2534 3545 habeat
2557 3488 2698 3561 quod
2726 3496 2907 3554 amat;
2939 3489 3032 3544 sed
3062 3489 3106 3544 si
3129 3487 3182 3543 id
3211 3498 3355 3544 amet
3376 3489 3522 3560 quod

1926 3582 2211 3638 amandum
2241 3589 2343 3637 est.
2374 3579 2522 3636 Multi
2552 3581 2694 3635 enim
2719 3580 2898 3635 miseri
2922 3579 3090 3650 magis
3112 3578 3359 3634 habendo
3379 3578 3523 3650 quod

1929 3682 2130 3740 amant,
2161 3689 2318 3744 quam
2349 3671 2583 3728 carendo
2614 3688 2630 3727 :
2655 3671 2885 3726 amando
2911 3671 3054 3726 enim
3084 3685 3170 3726 res
3200 3669 3389 3725 noxias
3422 3671 3523 3723 mi-

1929 3769 2057 3834 seri,
2090 3765 2337 3820 habendo
2378 3774 2510 3820 sunt
2552 3762 2882 3820 miseriores.
2926 3763 2994 3818 Et
3037 3760 3295 3832 propitius
3341 3761 3481 3815 Deus
3508 3801 3525 3825 ,

1929 3876 2050 3916 cum
2101 3858 2243 3914 male
2288 3873 2558 3923 amamus,
2615 3866 2774 3926 negat
2829 3854 2970 3926 quod
3014 3869 3256 3908 amamus
3302 3869 3318 3907 :
3363 3853 3530 3908 iratus

1930 3962 2107 4006 autem
2138 3949 2230 4004 dat
2254 3949 2452 4010 amanti
2492 3947 2632 4017 quod
2661 3947 2798 4001 male
2837 3954 3000 3999 amat.
3049 3945 3226 3999 llabcs
3253 3942 3530 3998 evidenter

1933 4041 2196 4096 dicentem
2238 4038 2552 4108 Apostolum
2581 4055 2594 4091 :
2620 4035 2856 4090 Tradidit
2901 4034 3018 4089 illos
3065 4033 3201 4089 Deus
3243 4035 3296 4088 in
3337 4050 3530 4088 concu-

1936 4133 2228 4206 piscentiam
2248 4131 2414 4186 cordis
2433 4147 2605 4184 eorum
2635 4129 2809 4198 (Rom.
2843 4145 2878 4190 ι,
2906 4126 3020 4198 24).
3052 4126 3210 4182 Dedit
3229 4142 3357 4196 ergo
3385 4125 3527 4194 (ιιιονι

1932 4226 2205 4288 amabant,
2250 4222 2344 4276 sed
2399 4220 2723 4275 danmando.
2778 4219 2956 4274 llahes
2986 4234 3195 4272 rursum
3245 4227 3527 4287 negantem

1937 4315 2156 4387 petitum
2189 4332 2202 4366 :
2237 4312 2457 4382 Propter
2479 4311 2616 4381 quod
2637 4322 2710 4363 ter
2735 4310 3003 4363 Dominum
3035 4309 3228 4378 rogavi,
3255 4308 3445 4377 inquit,
3470 4318 3527 4361 ut

1937 4412 2156 4478 auferret
2185 4420 2297 4458 eum
2324 4421 2354 4457 a
2383 4419 2462 4456 me
2490 4403 2786 4473 (stimulum
2817 4400 3062 4456 videlicet
3081 4399 3300 4469 carnis).
3323 4409 3372 4452 et
3400 4400 3531 4455 dixit

1939 4499 2062 4552 mihi
2096 4507 2113 4552 .‘
2141 4496 2336 4566 Suﬁicit
2361 4496 2447 4547 tibi
2477 4493 2640 4565 gratia
2669 4506 2822 4554 mea;
2862 4507 2980 4544 nam
3026 4491 3180 4544 virtus
3214 4490 3266 4543 iu
3312 4489 3533 4557 inﬁrmi-

1942 4603 2041 4644 tate
2064 4589 2322 4658 per/icitur
2361 4586 2428 4655 (ll
2459 4585 2575 4639 Cor.
2612 4601 2714 4649 xu,
2747 4584 2780 4638 8
2806 4593 2852 4636 et
2881 4583 2960 4652 9).
2997 4582 3134 4636 Ecce
3164 4582 3283 4635 illos
3304 4581 3449 4635 dedit
3481 4581 3535 4636 in

1942 4681 2425 4754 concupiscentiznn
2452 4679 2629 4734 cordis
2657 4692 2842 4730 eorum
2866 4691 2881 4740 ;
2915 4675 3079 4729 Paulo
3103 4675 3347 4742 apostolo
3374 4689 3539 4743 nega-

1944 4777 2017 4828 vit
2054 4772 2194 4844 quod
2236 4771 2449 4826 oravit:
2482 4769 2586 4823 illis
2631 4767 2780 4822 dedit
2820 4766 2888 4821 ad
2933 4765 3331 4820 damnationem
3365 4805 3381 4830 ,
3414 4762 3541 4819 huic

1947 4869 2154 4937 negavit
2185 4864 2249 4918 ad
2278 4863 2580 4918 sanitatem.
2627 4854 2758 4914 Cum
2802 4854 3060 4912 autemid
3104 4871 3347 4909 amamus
3392 4853 3535 4924 quod

1947 4962 2056 5011 vult
2087 4959 2221 5010 Dens
2245 4965 2300 5009 ut
2327 4967 2587 5016 amemus,
2617 4949 2800 5022 procul
2821 4948 2984 5004 dubio
3008 4947 3228 5002 daturus
3255 4957 3331 5001 est
3361 4947 3537 5000 nobis.

1947 5051 2073 5106 ιιι-ε
2096 5058 2174 5102 est
2206 5047 2289 5100 illa
2329 5062 2454 5110 una,
2483 5060 2600 5114 qua:
2645 5043 2805 5098 debet
2843 5041 3034 5106 amari,
3065 5050 3121 5093 nt
3158 5041 3457 5095 habitamus
3486 5042 3542 5094 in

1949 5142 2109 5196 domo
2145 5138 2353 5193 Domini
2388 5152 2481 5206 per
2502 5150 2689 5189 omnes
2715 5133 2829 5188 dies
2856 5133 2978 5185 vita:
3009 5142 3227 5185 nostrzn.

2021 5256 2073 5310 8.
2118 5255 2180 5308 Et
2211 5253 2332 5322 quia
2367 5252 2416 5304 in
2449 5251 2564 5306 istis
2591 5249 2816 5303 terrenis
2851 5245 3287 5306 habitationibus,
3320 5245 3549 5298 diversis

1950 5347 2154 5402 deliciis
2181 5357 2233 5399 et
2262 5343 2618 5411 voluptatibus
2653 5339 2896 5394 homines
2923 5338 3274 5398 oblectantur,
3305 5347 3356 5389 et
3382 5351 3543 5389 unus-

1952 5439 2175 5509 quisque
2218 5437 2268 5489 in
2313 5451 2376 5488 ea
2408 5434 2519 5488 vult
2555 5433 2714 5486 domo
2747 5430 3019 5494 habitare,
3066 5427 3154 5481 ubi
3208 5444 3312 5480 non
3354 5425 3546 5480 haheat

1953 5528 2096 5600 quod
2134 5527 2369 5582 offendat
2409 5527 2665 5589 animum,
2698 5532 2752 5576 et
2797 5522 2990 5576 habeat
3033 5519 3196 5574 multa
3236 5534 3355 5588 qua:
3394 5517 3542 5572 dele-
3622 5536 3623 5540 π

1954 5632 2136 5687 ctent;
2178 5621 2221 5676 si
2263 5629 2443 5674 autem
2493 5617 2874 5672 subtrahantur
2912 5628 2975 5668 ea
3016 5627 3137 5682 qua:
3174 5612 3545 5676 delectabant,

1956 5715 2070 5770 vult
2097 5715 2257 5767 homo
2283 5712 2653 5780 undecumque
2681 5709 2910 5778 migrare
2935 5723 2950 5760 :
2980 5706 3367 5774 interrogemus
3396 5703 3546 5773 quasi

2021 5833 2038 5863 ι
2064 5835 2164 5878 Duo
2186 5833 2292 5878 Mss.
2319 5827 2463 5876 vatic.
2491 5832 2543 5875 et
2565 5831 2701 5886 tteg.,
2727 5835 2757 5873 a
2775 5820 2976 5873 Domino
2999 5817 3267 5882 concupiui.

3101 5902 3348 5984 (Sept)
