4008 6364
471 361 579 420 203

471 473 758 537 curiosius,
787 477 842 526 ct
869 475 1009 524 dicat
1035 467 1158 530 istc,
1185 459 1311 533 quid
1333 471 1430 513 nos
1459 454 1582 527 ipsi,
1609 451 1735 520 quid
1755 459 1970 502 acturus
1988 451 2072 498 est

477 567 529 621 in
553 564 642 619 illa
662 562 845 627 domo,
869 558 957 613 ubi
983 557 1130 625 cupit
1157 562 1212 608 et
1235 557 1403 621 optat,
1422 545 1690 602 desiderat
1708 553 1763 594 et
1783 539 1884 594 hoc
1905 549 2073 591 unum

471 654 662 727 petita
688 651 940 716 Domino,
971 646 1211 702 habitare
1238 642 1291 698 in
1317 657 1378 696 ea
1422 651 1609 692 omnes
1644 635 1763 730 dies
1777 629 1910 730 .vitcc-
1938 643 2070 730 sum;

474 715 615 814 Quid
655 745 724 798 ibi
766 743 909 812 agis,
942 752 1122 808 qumso
1161 735 1252 791 te?
1289 730 1414 803 quid
1458 737 1543 784 est
1581 723 1722 795 quod
1760 715 2076 814 desideras?

479 810 620 895 Audi
647 835 773 906 quid
800 810 820 887 εὴ
843 833 907 888 Ut
932 827 1240 896 contemplor
1269 821 1649 878 delectationem
1681 812 1905 908 Domini“.
1939 810 2078 908 Ecce

480 927 621 998 quod
651 900 794 984 anno,
827 937 952 975 ecce.
989 934 1154 986 quare
1178 915 1301 968 volo
1329 910 1566 965 habitare
1595 907 1645 960 in
1676 904 1838 958 domo
1866 900 2076 953 Domini

481 997 579 1088 per
601 1028 788 1070 omnes
813 1010 928 1064 dies
950 1011 1070 1063 vita:
1097 1022 1250 1060 meai.
1282 1003 1454 1057 liabet
1484 997 1553 1052 Ibi
1585 1007 1834 1064 magnum
1862 997 2076 1088 spe-etal-

480 1078 684 1168 eulutn,
709 1100 1114 1158 delectationem
1141 1095 1309 1165 ipsius
1330 1089 1543 1146 Domini
1566 1082 1935 1152 contemplari.
1959 1078 2080 1132 Vult

482 1199 630 1253 linita
659 1203 814 1250 nocte
839 1207 931 1247 sua
956 1191 1159 1244 [terrere
1189 1189 1241 1240 iu
1273 1185 1390 1238 luce
1421 1180 1607 1251 ipsius.
1640 1177 1791 1230 Tune
1813 1173 1954 1228 enim
1978 1171 2080 1224 erit

479 1303 638 1346 mane
681 1295 919 1340 nostrum
956 1289 1113 1335 nocte
1154 1285 1421 1331 transacta
1445 1290 1460 1327 :
1484 1262 1623 1325 unde
1649 1268 1762 1322 alio
1793 1265 1911 1319 loco
1941 1263 2080 1333 psal-

482 1395 604 1436 mus
629 1377 756 1433 dicit
787 1393 802 1430 :
832 1373 988 1428 Mane
1028 1371 1204 1425 astabo
1247 1367 1359 1432 tibi,
1403 1377 1450 1418 et
1490 1359 1864 1430 contemplabor
1891 1356 1908 1425 (
1933 1352 2076 1409 Psal.

482 1486 541 1537 ν.
571 1471 652 1543 5).
689 1469 846 1526 Modo
887 1468 1008 1522 ideo
1038 1481 1144 1519 non
1172 1457 1527 1529 contemplor,
1564 1454 1687 1524 quia
1717 1449 1926 1543 cecidi}
1956 1458 2082 1543 tunc

480 1540 689 1627 astabo,
713 1570 764 1615 et
786 1555 1211 1628 ecutcmplabor.
1235 1554 1358 1606 llmc
1375 1565 1479 1604 vox
1501 1547 1732 1601 humana
1755 1551 1855 1599 est.
1879 1540 2082 1596 Cecidit

483 1657 629 1712 enim
658 1654 843 1719 homo,
872 1663 926 1708 et
952 1667 1058 1705 non
1089 1649 1388 1703 mitteretur
1417 1640 1507 1713 qui
1534 1639 1783 1709 erigeret,
1811 1635 1914 1690 nisi
1937 1634 2080 1688 ceci-

480 1737 898 1806 dissemus.’Nos
923 1745 1237 1806 cecidimus,
1261 1740 1350 1795 ille
1372 1732 1668 1792 descendit.
1697 1729 1793 1786 llle
1816 1725 2077 1790 ascendit,

482 1857 583 1898 nos
615 1843 889 1896 levamur:
914 1837 1042 1910 quia
1069 1847 1231 1888 nemo
1258 1829 1532 1892 ascendit,
1562 1827 1662 1880 nisi
1691 1823 1780 1895 qui
1806 1818 2081 1876 descendit

483 1932 663 2006 (Joan.
687 1933 766 1997 in,
791 1930 900 2000 l5).
918 1927 1019 1997 Qui
1049 1927 1174 1991 ruit,
1202 1924 1440 1985 levatur;
1464 1918 1552 1989 qui
1579 1914 1874 1989 descendit,
1895 1925 2081 2006 ascen.

482 1999 563 2081 dit
579 2026 616 2078 ἓ.
638 2025 704 2080 Et
724 2038 829 2078 non
858 1999 980 2077 ideo
994 2020 1364 2089 desperemus,
1386 2013 1509 2084 quia
1533 2010 1622 2065 ille
1648 2008 1795 2064 solus
1819 1999 2078 2060 ascendit.

482 2117 648 2174 Levat
673 2117 817 2172 enim
847 2129 967 2178 nos,
993 2111 1060 2168 ad
1089 2125 1225 2183 quos
1253 2106 1508 2162 cadentes
1535 2098 1809 2157 descendit
1837 2114 1850 2152 :
1879 2106 1933 2151 et
1970 2104 2082 2150 sta-

484 2209 684 2274 bimus,
729 2215 783 2262 et
823 2199 1340 2273 contemplabimur,
1385 2203 1442 2251 et
1487 2205 1680 2263 magna
1728 2186 2084 2244 delectatione

485 2298 839 2368 perfruemur.
875 2294 1012 2350 Ecce
1040 2289 1151 2346 dixi
1192 2286 1330 2355 hoc,
1357 2295 1415 2370 et
1450 2280 1788 2340 exclamastis
1817 2277 2084 2334 desiderio

484 2375 761 2456 cujusdam
791 2383 990 2458 Speciei
1017 2381 1250 2438 nondum
1278 2379 1426 2433 visre.
1456 2373 1691 2432 Excedat
1727 2387 1821 2427 cor
1847 2378 2082 2425 vestrum

483 2482 661 2534 omnia
692 2479 908 2542 usitata,
949 2484 1005 2530 et
1043 2471 1268 2529 excedat
1306 2468 1534 2524 intentio
1574 2465 1852 2520 universas
1878 2461 2084 2531 cogita-

485 2573 661 2629 tiones
693 2581 901 2625 vestras
931 2567 1202 2623 solemnes
1228 2579 1292 2619 es
1322 2575 1506 2628 carne,
1535 2559 1754 2614 eductas
1779 2573 1807 2609 a
1838 2552 2085 2609 sensibus

485 2665 686 2730 carnis,
712 2672 764 2716 et
791 2659 1144 2731 imaginantes
1168 2655 1352 2712 nescio
1377 2670 1496 2724 qua:
1524 2655 1893 2723 phantasmata
1913 2651 1956 2702 '.
1979 2647 2073 2703 To-

486 2764 598 2809 tum
634 2754 702 2808 ab
739 2751 920 2806 animo
959 2747 1186 2818 rejieite,
1223 2742 1484 2817 quidquid
1521 2742 1815 2798 occurrerit
1854 2748 2082 2811 negate:

491 2843 800 2914 cognoscite
831 2839 1194 2896 infirmitatem
1223 2835 1403 2890 cordis
1432 2833 1618 2900 vestri,
1642 2840 1696 2886 et
1723 2831 1846 2903 quia
1874 2831 1961 2884 vel
1989 2843 2086 2885 oc-

487 2936 662 2991 currit
681 2934 703 2966 ³
728 2932 870 3001 quod
897 2932 1136 3002 cogitare
1163 2927 1412 3000 possetis,
1435 2926 1595 2981 dicite
1623 2943 1637 2981 :
1666 2923 1782 2981 Non
1813 2931 1898 2979 est
1919 2921 2083 2990 illud;

482 3042 595 3084 non
633 3024 779 3082 enim
826 3022 873 3078 si
911 3009 1041 3076 illud
1082 3027 1260 3084 esset,
1299 3018 1428 3073 mihi
1470 3019 1579 3084 jam
1623 3015 1966 3070 occurrisset.
2012 3012 2089 3069 Its

487 3113 860 3173 desiderabitis
885 3110 1153 3184 quoddam
1181 3111 1406 3166 bonum.
1428 3106 1598 3174 Quale
1635 3104 1874 3161 bonum?
1901 3103 2088 3162 Omnis

494 3207 621 3263 boni
651 3205 869 3271 bonum,
897 3201 1042 3259 unde
1065 3216 1226 3258 omne
1251 3204 1478 3264 bonum,
1508 3197 1705 3254 bonum
1738 3197 1823 3253 cui
1854 3211 1959 3252 non
1989 3195 2078 3250 ad~

488 3299 636 3355 ditur
650 3296 776 3368 quid
797 3297 868 3351 sit
887 3295 1060 3365 ipsum
1082 3293 1304 3350 bonum.
1324 3291 1528 3346 Dicitur
1546 3289 1688 3345 enim
1711 3289 1884 3344 bonus
1904 3287 2084 3355 homo,

486 3397 544 3446 et
571 3387 743 3456 bonus
772 3401 920 3455 ager,
957 3396 1011 3439 et
1042 3385 1182 3439 bona
1209 3382 1424 3449 domus,
1453 3389 1510 3436 et
1549 3380 1748 3437 bonum
1785 3379 2005 3444 animal,
2035 3389 2093 3435 et

487 3477 629 3538 bona
669 3479 848 3544 arbor,
885 3487 940 3534 et
980 3477 1180 3532 bonum
1220 3490 1438 3546 corpus,
1474 3483 1531 3528 et
1568 3474 1708 3528 bona
1745 3472 1921 3528 anima
1949 3491 1964 3528 :
1989 3473 2089 3528 ad.

484 3573 731 3647 juuxisti,
759 3571 970 3644 quoties
996 3569 1201 3636 dixisti,
1229 3568 1457 3624 Bonum.
1487 3566 1591 3622 Est.
1612 3566 1810 3621 bonum
1840 3565 2084 3637 simplex,

491 3667 667 3739 ipsum
691 3667 889 3720 bonum
914 3677 1020 3732 quo
1042 3671 1233 3718 cuncta
1262 3670 1390 3716 sunt
1414 3660 1572 3724 bona,
1601 3659 1773 3729 ipsum
1799 3657 1996 3713 bunum
2023 3672 2083 3712 es

492 3774 602 3832 quo
645 3768 834 3812 cuneta
879 3765 1004 3810 sunt
1044 3755 1179 3808 bona
1215 3770 1230 3810 :
1261 3751 1375 3822 ipsa
1413 3759 1498 3805 est
1535 3750 1818 3805 delectatio
1843 3749 2086 3818 Domini;

491 3851 633 3907 hanc
657 3845 1156 3918 oontemplabimur.
1184 3845 1301 3901 iam
1332 3843 1528 3910 videte,
1555 3842 1767 3906 fratres,
1795 3843 1840 3897 si
1869 3858 1966 3897 nos
1992 3841 2087 3897 de-

492 3942 694 3998 lectant
716 3939 867 4001 bona,
885 3938 990 3995 ista
1013 3953 1133 4009 qua!
1158 3936 1496 4006 appellantur
1529 3935 1690 4000 bona,
1720 3933 1764 3988 si
1803 3949 1910 3989 nos.
1939 3933 2086 3990 dele-

488 4042 641 4092 ctant
681 4031 820 4087 bona
856 4046 979 4100 quas
1019 4044 1126 4084 non
1163 4037 1289 4082 sunt
1321 4043 1417 4097 per
1449 4040 1509 4082 se
1545 4026 1683 4080 bona
1712 4026 1913 4098 (omnia
1948 4027 2089 4082 enim

493 4124 769 4184 mutabilia
796 4139 902 4179 non
932 4129 1060 4179 sunt
1087 4137 1180 4190 per
1213 4134 1273 4176 se
1300 4119 1482 4190 bona),
1500 4119 1673 4189 qualis
1709 4117 1814 4174 crit
1848 4127 2091 4173 eontem-

492 4221 660 4294 platio
701 4214 1151 4286 incommutabilis
1193 4211 1349 4278 boui,
1389 4210 1598 4276 a:terni,
1639 4225 1859 4281 semper
1900 4210 2090 4266 eodem

498 4309 663 4369 modo
705 4304 1009 4364 manentis?
1053 4301 1493 4378 Quandoquidem
1541 4301 1640 4356 ista
1680 4317 1798 4372 qua:
1844 4301 2089 4357 dicuntur

495 4403 658 4467 bona,
685 4401 832 4457 nullo
860 4407 1015 4470 pacto
1050 4411 1150 4452 nos
1185 4395 1545 4458 delectarent,
1575 4395 1674 4450 nisi
1704 4407 1885 4451 essent
1913 4398 2084 4458 bona,

493 4512 596 4554 nec
627 4496 733 4551 alio
777 4502 931 4564 pacto
971 4497 1156 4546 essent
1197 4489 1356 4553 bona,
1387 4487 1490 4543 nisi
1532 4487 1599 4543 ab
1643 4488 1735 4543 illo
1771 4498 1952 4543 essent
1991 4489 2084 4560 qui

495 4588 810 4660 simpliciter
835 4583 1010 4640 bonus
1038 4591 1138 4638 est.

570 4680 626 4736 9.
669 4677 811 4734 Ecce
846 4689 1012 4747 quare
1040 4673 1280 4728 habitare
1306 4672 1448 4739 volo,
1481 4670 1671 4743 inquit,
1705 4671 1758 4727 iu
1793 4673 1953 4728 domo
1981 4675 2089 4730 Do-

499 4769 630 4837 subii
661 4782 758 4839 per
780 4779 970 4821 omnes
993 4762 1109 4820 dies
1129 4763 1251 4817 vita:
1279 4777 1434 4818 mete.
1461 4763 1577 4818 Dixi
1606 4763 1760 4818 vobis
1788 4780 1954 4835 quare
1981 4782 1995 4820 :
2027 4764 2095 4822 Ut

497 4853 810 4929 ιώιιιηιριετ
859 4855 1244 4912 delectationem
1279 4852 1508 4908 Domini.
1545 4853 1617 4910 Ut
1656 4864 1832 4910 autem
1880 4871 2096 4927 semper

488 4937 856 5020 centeaﬂder,
885 4956 943 5003 et
968 4946 1114 5024 nulla
1145 4945 1385 5001 moleStia
1427 4961 1514 5000 me
1550 4949 1822 5018 contingat
1857 4959 2097 5003 contem-

501 5045 763 5118 plantam,
791 5040 939 5095 nulla
966 5039 1238 5110 suggestio
1265 5049 1492 5104 avertat,
1522 5040 1665 5094 nulla
1695 5040 1902 5096 auferat
1929 5041 2096 5097 alicu—

495 5141 587 5213 jus
615 5137 873 5213 potentia,
901 5136 1104 5191 nullum
1138 5133 1411 5191 inimicum
1447 5135 1617 5205 patiar
1642 5136 1696 5190 in
1726 5137 2095 5205 contemplan-

496 5231 594 5297 do,
638 5236 697 5286 et
737 5225 981 5300 perfruar
1021 5225 1230 5283 deliciis
1272 5239 1512 5292 securus,
1557 5224 1671 5296 ipso
1717 5225 1946 5283 Domino
1987 5227 2098 5284 Deo

558 5422 589 5484 sp
605 5429 722 5484 ω
736 5420 906 5478 verba,
930 5419 1019 5481 oni
1037 5417 1162 5478 rm't,
1191 5417 1375 5484 teratur
1395 5431 1411 5480 ;
1433 5417 1520 5484 qm‘
1547 5419 1794 5472 descendit
1810 5459 1824 5478 ,
1848 5425 2066 5476 ascmdit
2082 5461 2096 5484 ,

497 5483 675 5535 mulsea
706 5483 910 5535 luerunt
941 5495 971 5531 a
992 5488 1101 5532 ιον.
1122 5481 1424 5530 Exhibeatur
1446 5481 1495 5532 in
1537 5486 1715 5533 nostris
1737 5493 1841 5536 mss.
1885 5496 1938 5537 et
1972 5481 2098 5551 apud

495 5553 582 5676 fr;
605 5607 678 5676 εκ
692 5617 870 5676 ριηηφσ
885 5602 1387 5676 ρτοῃφριεεκΑι-Ριίά.
1407 5639 1421 5660 ,
1446 5604 1607 5676 anmia
1627 5605 1728 5676 visa
1759 5622 1777 5657 :
1802 5613 1882 5672 qui
1904 5618 1955 5660 et
1980 5625 2097 5674 pau-

497 5669 546 5720 lo
563 5675 676 5764 post
692 5667 953 5738 habebant,
978 5667 1324 5737 etimaginatas
1341 5667 1507 5736 nescio
1527 5681 1620 5728 quo
1642 5667 1993 5741 phantasmate:
2051 5733 2062 5744 .

608 5731 741 5789 εδει,
765 5734 810 5778 et
832 5727 1069 5794 qmdquul
1098 5736 1384 5779 occurrerit.
1409 5737 1536 5789 Mss,
1559 5736 1604 5778 et
1627 5743 1742 5794 quia
1773 5732 1846 5784 vel
1867 5742 2080 5785 eccm-rit

707 5763 741 5789 σς
765 5763 809 5778 ιο
832 5763 1067 5794 sps-Isque“
1098 5763 1231 5779 υινιυ
1248 5763 1258 5775 ι
1274 5763 1315 5779 νυ
1331 5763 1384 5778 πα
1409 5763 1536 5789 ιιι-ινδ,
1559 5763 1603 5778 νο
1627 5763 1742 5794 sinus
1775 5763 1844 5784 νςι
1867 5763 2000 5785 υι-υιυ
2017 5763 2098 5795 ιιι,

499 5802 593 5843 etc.

1713 339 1772 394 S.
1810 325 2178 390 AUGUSTINI
2221 324 2524 383 EPISCOPI

3669 328 3779 387 2M

2180 455 2323 507 meo,
2359 441 2486 512 quid
2534 441 2623 497 fiet
2663 441 2833 498 mihi?
2869 441 3120 514 Proteget
3145 458 3254 500 me.
3279 437 3394 499 Non
3433 443 3608 501 solum
3646 459 3782 515 ergo

2181 533 2532 603 contemplari
2554 534 2676 589 'volo
2701 534 3109 590 delectationem
3133 536 3361 602 Domini,
3381 537 3476 605 ait,
3500 537 3596 592 sed
3617 540 3784 596 etiam

2185 627 2377 696 protegi
2408 623 2650 696 templum
2680 627 2809 695 ejus.
2835 625 2904 682 Ut
2932 627 3188 696 templum
3218 642 3375 682 suum
3401 642 3489 682 me
3515 637 3784 703 protegat,

2181 733 2275 771 ero
2299 716 2554 787 templum
2577 717 2714 786 ejus,
2737 727 2791 772 et
2820 727 3065 788 protegar
3085 719 3258 774 abeo.
3282 719 3548 790 Numquid
3573 719 3680 776 tale
3699 728 3787 776 est

2184 809 2439 876 templum
2465 809 2577 874 Dei,
2605 810 2781 880 qualia
2826 811 3018 879 templa
3061 820 3187 864 sunt
3225 810 3678 868 simulacrorum?
3698 811 3788 869 Si-

2183 900 2419 954 mulacra
2444 901 2680 970 gentium
2710 900 2924 970 templis
2952 902 3061 956 suis
3091 909 3439 974 proteguntur
3471 921 3485 958 :
3521 904 3786 960 Dominus

2187 989 2327 1045 Deus
2357 1001 2539 1046 noster
2569 991 2823 1060 templum
2853 1007 3007 1048 suum
3040 1002 3299 1064 proteget,
3332 1003 3388 1051 et
3416 1010 3638 1053 securus
3663 1011 3784 1052 ero.

2183 1084 2600 1154 Ctznlcmplnbor
2629 1085 2694 1138 ad
2721 1085 3154 1155 delectationem,
3179 1096 3230 1143 et
3264 1098 3511 1160 protegar
3535 1089 3603 1146 ad
3639 1091 3788 1146 salu.

2185 1187 2314 1230 tem.
2350 1176 2520 1246 Quam
2564 1178 2666 1231 erit
2707 1178 2793 1232 illa
2832 1179 3498 1250 contemplatioperfecta,
3531 1192 3639 1238 tam
3682 1184 3786 1239 ista

2186 1265 2418 1336 perfecta
2451 1269 2750 1336 protectio;
2780 1277 2834 1323 et
2863 1284 3020 1339 quam
3052 1270 3179 1324 illud
3205 1271 3498 1340 perfectum
3528 1275 3788 1345 gaudium

2184 1359 2606 1430 contemplandi,
2633 1368 2739 1414 tam
2777 1362 3007 1430 perfecta
3042 1362 3202 1417 etiam
3232 1363 3558 1436 incorruptio
3585 1368 3790 1422 sanita-

2187 1452 2275 1506 tis.
2300 1450 2378 1505 Ad
2410 1452 2508 1506 ista
2534 1453 2643 1507 duo
2663 1454 2822 1508 verba
2846 1469 2966 1524 quas
2985 1454 3138 1518 dixit,
3162 1455 3474 1528 contempler
3500 1457 3790 1514 delectatio-

2185 1559 2299 1597 nem
2333 1540 2574 1612 Domini,
2607 1554 2659 1598 et
2699 1554 2933 1616 protegar
2963 1546 3206 1616 templum
3231 1547 3363 1618 ejus,
3397 1549 3666 1618 pertinent
3695 1549 3788 1605 illa

2187 1634 2292 1690 duo
2316 1635 2460 1690 unde
2486 1635 2730 1692 Psalmus
2758 1639 2942 1708 coepit,
2965 1637 3218 1694 Dominus
3241 1640 3547 1697 illuminatio
3575 1660 3710 1711 mea,
3738 1653 3790 1699 et

2183 1729 2428 1785 salutaris
2460 1747 2619 1798 meus,
2649 1746 2796 1800 quem
2827 1730 3047 1786 timebo?
3074 1731 3206 1801 Quia
3241 1733 3648 1805 contemplabor
3684 1734 3788 1808 deo

2186 1823 2527 1899 lectationem
2549 1823 2781 1892 Domini,
2807 1824 3123 1880 illuminatio
3157 1841 3274 1881 mea
3305 1835 3386 1882 est
3409 1845 3424 1880 τ
3449 1827 3570 1897 quia
3598 1837 3787 1899 proto-

2183 1922 2274 1985 get
2300 1930 2386 1970 me
2403 1892 2669 1986 Templum
2700 1931 2875 1980 suum,
2905 1916 3153 1972 salutaris
3179 1933 3331 1973 meus
3359 1927 3462 1973 est.

2259 2007 2348 2063 lo.
2381 2006 2530 2081 [ιιρνο.
2561 2005 2642 2080 5.]
2684 2007 2860 2076 Quare
2904 2019 3080 2064 autem
3124 2005 3426 2066 nobishoc
3468 2019 3686 2080 praestat
3727 2011 3784 2067 in

2189 2099 2389 2155 linem?
2421 2100 2676 2168 Quoniam
2708 2101 2970 2155 abscondit
3009 2118 3088 2155 me
3124 2101 3179 2155 in
3220 2101 3542 2156 tabernaculo
3581 2118 3695 2169 suo,
3727 2104 3788 2160 in

2186 2191 2271 2244 die
2295 2191 2546 2246 malorum
2573 2207 2820 2246 meorum.
2846 2192 2959 2246 Erit
2987 2205 3116 2262 ergo
3142 2191 3271 2247 milii
3300 2193 3352 2246 iu
3378 2192 3540 2248 domo
3573 2192 3789 2250 habita-

2189 2283 2264 2340 tio
2298 2299 2396 2354 per
2427 2297 2616 2339 omnes
2651 2283 2768 2339 dies
2801 2283 2926 2338 vim:
2955 2300 3113 2351 meas,
3139 2284 3218 2350 ad,
3236 2284 3340 2340 hoc
3369 2294 3426 2340 ut
3451 2286 3791 2357 contemplor

2187 2373 2593 2431 delectationem
2624 2373 2852 2437 Domini,
2882 2385 2937 2430 et
2967 2385 3214 2445 protegar
3253 2376 3510 2446 templum
3550 2375 3686 2446 ejus.
3715 2374 3792 2433 Ut

2188 2475 2366 2520 autem
2399 2464 2525 2521 illuc
2550 2465 2884 2536 perveniam,
2905 2465 3045 2522 unde
3066 2467 3196 2521 mihi
3219 2467 3512 2538 promitto?
3528 2467 3790 2534 Quoniam

2189 2555 2452 2610 abscondit
2479 2571 2557 2610 me
2585 2557 2638 2610 in
2668 2555 2994 2612 tabernaculo
3021 2574 3136 2623 suo,
3164 2558 3219 2613 in
3253 2559 3336 2614 die
3362 2557 3617 2614 malorum
3642 2575 3791 2615 meo—

2189 2663 2323 2702 rum.
2351 2647 2501 2703 Tunc
2525 2662 2634 2703 non
2654 2656 2817 2703 erunt
2845 2648 2962 2704 dies
2991 2650 3252 2705 malorum
3287 2666 3555 2719 ineorum,
3583 2652 3682 2709 sed
3709 2655 3794 2708 vi-

2191 2737 2268 2793 dit
2292 2754 2378 2794 me
2419 2738 2472 2794 in
2517 2741 2748 2798 diebus’
2793 2741 3052 2820 malorum
3094 2757 3356 2799 meorum.
3391 2743 3491 2811 Qui
3534 2759 3662 2815 ergo
3698 2759 3792 2802 me

2194 2833 2349 2904 longe
2389 2833 2620 2902 positum
2665 2832 3087 2890 misericorditer
3124 2835 3381 2904 respexit,
3421 2831 3604 2891 secum
3643 2835 3792 2906 posi-

2191 2934 2303 2980 tum
2328 2923 2599 2992 quomodo
2623 2923 2803 2980 beabit
2827 2925 2883 2980 'l
2903 2925 3194 2996 Propterea
3221 2941 3348 2998 ergo
3371 2941 3478 2982 non
3506 2912 3793 2999 impuden-

2193 3019 2276 3068 ter
2311 3029 2473 3069 unam
2523 3014 2669 3070 illam
2713 3015 2911 3086 petivi;
2951 3033 3049 3071 nec
3089 3017 3218 3072 mihi
3253 3016 3387 3073 dixit
3423 3032 3520 3074 cor
3555 3035 3735 3075 meum
3770 3037 3788 3076 :

2194 3104 2495 3175 Quidpetis
2522 3104 2567 3174 ³,
2594 3113 2686 3161 aut
2711 3121 2740 3160 a
2767 3121 2872 3177 quc
2903 3107 3080 3179 petis?
3109 3107 3287 3164 Audes
3313 3107 3456 3164 enim
3491 3123 3521 3162 a
3549 3109 3662 3166 Deo
3689 3111 3793 3165 ali-

2191 3197 2317 3268 quid
2345 3208 2548 3270 petere,
2578 3207 2831 3269 peccator
2857 3199 3084 3277 inique?
3111 3200 3280 3257 audes
3308 3216 3525 3272 sperare
3552 3202 3790 3273 aliquam

2194 3293 2700 3363 contemplationem
2731 3293 2824 3349 Dei
2857 3302 2908 3349 te
2937 3293 3264 3363 habiturum,
3293 3295 3524 3363 inﬁrme,
3557 3296 3794 3352 immun-

2191 3381 2265 3440 do
2281 3383 2483 3440 corde?
2501 3383 2708 3451 Audeo,
2735 3384 2924 3454 inquit,
2948 3398 3054 3440 non
3076 3384 3146 3441 de
3168 3399 3278 3452 me,
3299 3385 3394 3442 sed
3419 3386 3487 3441 de
3509 3387 3677 3457 ipsius
3695 3387 3798 3443 de-

2199 3474 2513 3543 lectatibne;
2553 3489 2658 3533 non
2692 3475 2763 3531 de
2804 3490 2922 3531 mea
2957 3478 3395 3547 praesumptione,
3424 3477 3516 3533 sed
3548 3479 3616 3535 de
3645 3480 3794 3537 illius

2195 3571 2435 3639 pignore.
2460 3567 2560 3635 Qui
2592 3577 2794 3623 tantum
2831 3568 3019 3639 pignus
3044 3567 3191 3625 dedit
3218 3571 3598 3641 peregrinanti,
3627 3572 3793 3630 dese-

2196 3672 2276 3719 ret
2304 3661 2742 3733 pervenientem?
2771 3663 3023 3729 Quoniam
3046 3662 3306 3718 abscondit
3342 3681 3423 3720 me
3457 3664 3513 3720 in
3549 3667 3792 3722 taberna-

2195 3755 2310 3810 culo
2338 3772 2450 3822 suo,
2477 3756 2533 3810 in
2561 3755 2645 3810 die
2671 3756 2920 3811 malorum
2944 3772 3191 3812 meorum.
3221 3756 3362 3814 Ecce
3385 3757 3498 3814 dies
3527 3759 3792 3816 maiorum

2197 3858 2523 3913 nostrorum,
2554 3848 2659 3901 vita
2690 3848 2790 3903 ista
2828 3858 2930 3904 est.
2956 3847 3084 3904 Dies
3108 3849 3373 3905 malorum
3404 3849 3563 3906 aliter
3591 3851 3795 3909 habent

2195 3941 2368 4011 impii,
2395 3940 2550 3996 aliter
2577 3939 2777 3996 fideles.
2810 3941 2941 3995 Nam
2968 3940 3130 3997 etiam
3157 3941 3460 4008 credentes,
3490 3944 3586 4002 sed
3615 3945 3796 4003 adhuc

2198 4032 2598 4102 peregrinantes
2625 4047 2656 4085 a
2682 4031 2909 4087 Domino
2937 4030 3386 4110 (Quamdiu-enim
3411 4050 3585 4090 smus
3609 4038 3661 4092 in
3695 4039 3796 4094 hoc

2196 4141 2435 4196 corpore,
2471 4126 2852 4196 peregrinantur
2879 4143 2912 4180 a
2937 4124 3160 4182 Domino
3184 4111 3274 4199 [11
3302 4125 3421 4184 Cor.
3460 4142 3518 4198 ν,
3557 4126 3654 4202 6],
3688 4128 3798 4187 hoc

2198 4216 2490 4289 Apostolus
2506 4215 2685 4288 dixit),
2704 4217 2748 4270 si
2774 4216 2890 4273 dies
2918 4218 3175 4272 malorum
3199 4234 3304 4272 non
3325 4229 3506 4289 agunt,
3527 4220 3668 4275 unde
3689 4236 3799 4278 vox

2199 4309 2491 4367 Dominica:
2516 4309 2791 4377 orationis,
2817 4308 2997 4365 Libera
3023 4326 3114 4364 nos
3132 4326 3164 4363 a
3183 4309 3320 4366 malo
3340 4309 3556 4382 (Matth.
3577 4326 3650 4377 vl,
3681 4313 3794 4384 33),

2198 4403 2242 4458 si
2273 4419 2378 4458 nou
2419 4419 2606 4459 sumus
2641 4403 2696 4459 in
2723 4403 2912 4460 diebus
2947 4404 3253 4460 malorum?
3283 4405 3376 4461 sed
3407 4405 3567 4477 longe
3590 4405 3800 4463 discre-

2200 4495 2303 4548 tius
2323 4494 2439 4549 dies
2463 4493 2724 4548 malorum
2754 4502 2920 4566 agunt
2947 4495 3036 4564 qui
3067 4494 3243 4550 adhuc
3270 4511 3376 4572 non
3403 4495 3749 4553 crediderunt
3778 4514 3796 4554 :

2200 4597 2299 4640 nec
2341 4585 2488 4655 ipsos
2531 4585 2622 4641 ille
2661 4585 2924 4656 despexit.
2953 4585 3162 4641 Etenim
3190 4585 3438 4642 Christus
3478 4603 3576 4659 pro
3614 4587 3798 4660 impiis

2201 4682 2445 4732 mortuus
2491 4685 2575 4731 est
2616 4674 2794 4746 (Rom.
2829 4690 2884 4742 v,
2915 4675 2995 4748 6).
3036 4676 3247 4732 Audeat
3290 4692 3420 4748 ergo
3469 4695 3801 4750 praesumere

2201 4757 2379 4822 anima
2403 4771 2653 4836 humana,
2672 4778 2725 4823 et
2747 4783 2904 4824 unam
2933 4769 3077 4823 illam
3101 4772 3318 4838 petere;
3341 4783 3532 4826 secura
3555 4770 3804 4835 habebit.

2201 4876 2387 4916 secura
2416 4859 2730 4931 possidebit.
2757 4859 2984 4914 Tantum
3007 4860 3200 4916 dilecta
3239 4871 3322 4917 est
3365 4860 3541 4931 foeda,
3571 4864 3803 4935 pulchra

2203 4953 2469 5026 quomodo
2497 4951 2750 5024 fulgebit!
2782 4951 3034 5020 Quoniam
3063 4953 3326 5008 abscondit
3364 4971 3444 5009 me
3475 4955 3531 5011 in
3563 4957 3802 5014 taberna-

2203 5048 2319 5103 culo
2337 5064 2450 5116 suo,
2472 5047 2524 5101 in
2546 5047 2628 5101 die
2643 5045 2893 5110 malorum
2909 5061 3130 5101 meorum
3146 5063 3167 5103 :
3185 5047 3401 5118 proterit
3421 5065 3500 5103 me
3522 5049 3573 5104 in
3591 5052 3806 5108 abscon-

2204 5139 2311 5193 dito
2330 5137 2642 5193 tabernaculi
2667 5137 2765 5191 sui.
2791 5136 2928 5206 Quid
2957 5147 3040 5193 est
3067 5140 3436 5194 absconditum
3470 5141 3805 5202 tabernaculi

2206 5231 2411 5302 ipsius?
2435 5230 2559 5301 quid
2590 5240 2673 5284 est
2699 5230 2842 5286 hoc?
2868 5230 3029 5286 Multa
3065 5234 3206 5286 enim
3247 5233 3398 5304 quasi
3433 5235 3673 5291 membra
3722 5248 3807 5293 ta-

2205 5322 2479 5378 bernaculi
2532 5323 2829 5377 forinsecus
2867 5323 3130 5378 videntur.
3162 5325 3230 5380 Et
3258 5334 3342 5381 est
3368 5327 3519 5397 quasi
3552 5329 3804 5403 adytum,

2205 5417 2344 5488 quod
2376 5416 2571 5470 dicitur
2600 5414 2871 5484 penetrale
2903 5426 3166 5471 secretum
3195 5415 3393 5489 (Hebr.
3420 5434 3494 5484 is,
3525 5419 3620 5492 3),
3659 5422 3806 5480 iure-

2272 5546 2289 5577 ι
2313 5545 2386 5594 sic
2428 5542 2644 5593 melioris
2685 5548 2812 5591 nota:
2857 5548 2963 5593 Mss.
3003 5547 3059 5592 At
3096 5541 3228 5603 edd.,
3263 5544 3353 5594 sed
3403 5544 3531 5596 videt
3564 5558 3642 5596 me
3676 5560 3812 5600 nime

2205 5607 2256 5659 in
2280 5607 2462 5665 diebus,
2489 5615 2583 5655 etc.

2271 5672 2291 5703 ι
2325 5663 2720 5737 r;dq.,_qnomado
2750 5677 2844 5716 non
2875 5663 3207 5717 illuminabit?
3239 5666 3436 5727 Quidam
3467 5679 3634 5719 autem
3672 5678 3810 5737 1155.,

2207 5732 2443 5794 quonde
2465 5727 2663 5778 beabit?

2277 5796 2299 5826 ³
2325 5795 2467 5844 istic.
2491 5797 2595 5851 ais,
2618 5789 2740 5853 Quid
2765 5789 2901 5853 petis,
2926 5789 3034 5854 quis
3056 5790 3195 5854 petis,
3216 5804 3246 5842 a
3267 5803 3361 5854 quo
3381 5791 3541 5854 petis?
