4008 6320
158 393 242 450 205
1225 375 1621 435 ENARBATIO
1649 371 1725 433 ΙΝ
1770 373 1846 431 PS
1868 365 2093 432 "LMUM
2134 371 2324 433 XXVI.

160 523 249 564 rms
276 500 445 573 templi
471 500 604 556 ’.Ει
631 499 760 571 quid
801 509 884 554 est
923 496 1065 554 hoc?
1098 495 1239 567 qttod
1281 496 1431 549 solus
1470 491 1724 547 Sacerdos

162 602 375 656 intmlmt.
409 594 476 649 Et
517 595 654 649 forte
698 593 811 662 ipse
850 591 1101 645 sacerdos
1128 595 1214 645 est
1243 585 1612 640 absconditum
1645 594 1722 641 ta.

163 687 406 748 bernaculi
432 686 552 741 Dei.
583 686 807 753 Accepit
833 683 975 738 enim
1006 681 1075 738 de
1104 681 1207 735 isto
1238 675 1584 734 tabernaculo
1611 690 1731 729 ear-

162 765 294 846 nein,
323 791 375 837 et
402 781 525 835 fecit
556 777 708 834 nobis
737 775 1105 832 absconditum
1135 772 1465 829 tabernaculi
1485 774 1507 804 ³
1529 789 1543 826 :
1565 778 1620 826 ut
1647 777 1730 823 ta-

162 872 477 933 bentsculutn
500 870 619 937 eius
643 869 746 926 alia
771 866 1011 926 membra
1034 867 1201 936 ipsius
1222 863 1505 920 credentes
1529 863 1582 916 in
1606 875 1730 915 eum

160 972 271 1031 sint,
299 963 665 1021 absconditum
700 972 877 1016 autem
915 958 1239 1016 tabernaculi
1271 958 1384 1029 ipse
1422 955 1512 1010 sit.
1542 952 1735 1006 Mat-tui

163 1062 277 1115 enim
314 1057 448 1123 estis,
480 1057 552 1110 ait
583 1055 891 1124 Apostolus,
918 1063 964 1107 et
992 1055 1092 1107 vita
1120 1065 1279 1108 vestra
1320 1047 1620 1106 abscondita
1660 1055 1737 1104 est

159 1148 472 1206 rumCItristo
502 1149 555 1200 in
586 1145 694 1200 Deo
719 1136 936 1218 (coloss.
966 1161 1043 1210 tu,
1069 1143 1145 1213 ὅ).

225 1241 302 1294 ll.
340 1236 492 1312 [rem
525 1234 605 1309 6.]
636 1237 716 1289 An
758 1234 835 1288 vis
873 1248 1031 1289 nosse
1071 1233 1192 1304 quia
1237 1231 1357 1285 inde
1381 1230 1549 1285 dicit?
1585 1231 1736 1285 Petra

160 1333 332 1399 nempe
351 1338 431 1383 est
449 1326 695 1382 Christus
715 1324 756 1396 (l
775 1324 889 1380 Cor.
917 1340 972 1388 ι,
993 1325 1073 1395 4).
1095 1322 1435 1392 Αιιάἰιριῳιὶύ
1465 1322 1735 1393 sequitur:

164 1425 390 1490 Quoniam
415 1420 682 1475 abscondit
711 1435 791 1472 me
818 1419 870 1470 in
897 1417 1222 1471 tabernaculo
1249 1430 1364 1477 suo,
1388 1414 1443 1467 in
1467 1413 1548 1467 die
1578 1412 1740 1466 malo-

161 1531 259 1568 rum
279 1530 441 1566 meoru
451 1529 499 1564 m
525 1527 544 1565 :
565 1509 784 1580 protexit
809 1525 888 1563 me
905 1508 960 1563 in
984 1504 1279 1561 abscoutlito
1305 1504 1614 1559 tabernaculi
1639 1505 1738 1558 sui.

163 1603 432 1672 Quzerebas
453 1599 580 1670 quid
603 1599 673 1654 sit
692 1598 1060 1653 absconditum
1084 1594 1433 1659 tabernaculi,
1456 1595 1578 1649 audi
1601 1592 1742 1664 quod

163 1696 382 1765 sequitur
408 1709 421 1747 :
449 1691 521 1747 In
551 1701 698 1763 petra
721 1686 960 1746 exultavit
986 1702 1086 1743 me.
1111 1686 1251 1757 Ergo
1277 1685 1330 1740 in
1357 1685 1573 1741 Christo
1596 1685 1741 1740 exat--

163 1789 276 1843 tavit
298 1803 402 1843 me.
430 1786 568 1854 Quia
599 1786 651 1840 in
682 1778 1209 1856 pttlvere‘huntiliasti
1237 1787 1309 1846 te,
1335 1779 1389 1834 in
1416 1784 1565 1849 petra
1593 1778 1738 1833 exalo

165 1883 277 1938 tavit
321 1889 391 1933 te.
434 1878 546 1936 Sed
590 1877 838 1934 Christus
879 1886 1092 1927 sursum
1125 1881 1228 1938 est,
1261 1880 1318 1926 tu
1355 1880 1534 1925 autem
1569 1869 1745 1925 adhuc

165 1973 416 2030 deorsum.
461 1971 601 2026 Audi
649 1964 926 2036 sequentia
955 1983 973 2020 :
1004 1960 1069 2019 Et
1096 1957 1260 2019 'nunc
1308 1964 1549 2019 nouauit
1593 1968 1746 2036 caput

165 2082 315 2120 meum
334 2074 488 2129 super
518 2057 752 2112 inimicos
779 2073 933 2112 meos.
961 2054 1029 2111 Et
1051 2073 1204 2123 nunc,
1228 2064 1512 2127 antequam
1531 2055 1744 2112 veniam

165 2155 220 2210 ad
258 2150 393 2204 illam
440 2149 687 2216 domum,
726 2148 815 2203 ubi
847 2148 970 2204 volo
1008 2147 1249 2205 habitare
1286 2164 1381 2221 per
1415 2165 1604 2205 omnes
1632 2148 1746 2206 dies

166 2242 273 2296 vitae
301 2257 453 2308 mem,
482 2249 772 2315 antequam
798 2242 1010 2296 veniam
1051 2240 1119 2296 ad
1159 2241 1305 2296 illam
1336 2242 1745 2311 contemplatio-

164 2349 272 2388 nem
302 2332 540 2399 Domini,
564 2330 636 2386 Et
664 2349 799 2387 nunc
825 2331 1066 2387 exultavit
1093 2342 1248 2402 caput
1275 2349 1444 2387 meum
1461 2349 1616 2403 super
1643 2333 1747 2386 ini-

165 2425 303 2479 mices
337 2441 493 2479 meos.
529 2425 721 2481 ‘Adltuo
757 2425 929 2495 patior
971 2426 1214 2481 inimicos
1249 2427 1492 2496 corporis
1523 2424 1744 2494 Christi,

163 2515 320 2589 adhuc
346 2533 450 2571 non
493 2532 612 2572 sum
644 2517 911 2574 exaltatus
947 2532 1112 2587 snpcr
1150 2516 1434 2584 inimicos;
1461 2517 1556 2572 sed
1594 2527 1747 2589 caput

165 2586 313 2661 meum
346 2607 595 2664 exultavit
632 2624 784 2680 super
825 2586 1058 2668 inimicos
1094 2625 1252 2663 meos.
1279 2608 1398 2664 Jam
1445 2619 1606 2679 caput
1649 2625 1746 2664 no-

163 2697 591 2754 strum‘Christus
619 2697 672 2752 in
703 2698 842 2753 caelo
865 2706 969 2768 est,
994 2697 1170 2753 adhuc
1197 2699 1398 2754 inimici
1426 2699 1595 2754 nostri
1619 2713 1742 2769 pos-

167 2797 277 2842 sunt
301 2788 350 2843 in
378 2804 478 2844 nos
503 2789 696 2844 smvire
721 2808 734 2842 :
759 2787 998 2846 nondum
1024 2803 1210 2845 sumus
1239 2790 1454 2845 exaltati
1495 2806 1657 2862 super
1683 2791 1746 2844 iis

167 2879 265 2944 los;
296 2880 386 2936 sed
419 2891 587 2951 caput
626 2890 869 2936 nostrum
895 2879 1005 2951 jam
1037 2881 1107 2937 ibi
1138 2892 1240 2936 est.
1265 2880 1418 2939 Unde
1445 2881 1548 2937 hoc
1572 2883 1744 2938 dixit:

163 2968 324 3038 Saule,
355 2971 544 3039 Saule,
567 2972 689 3043 quid
711 2989 790 3027 me
814 2973 1124 3046 persequeris
1149 2972 1283 3046 (Act.
1306 2989 1382 3041 ιι,
1403 2973 1500 3045 υτ
1518 2972 1590 3030 Se
1614 2973 1748 3030 dixit

167 3064 212 3117 in
235 3065 384 3120 nobis
411 3080 540 3120 esse
571 3065 655 3119 hic
682 3064 936 3121 deorsmn
957 3083 971 3121 :
992 3081 1121 3135 ergo
1149 3077 1203 3122 et
1225 3082 1322 3122 nos
1358 3067 1414 3123 in
1444 3067 1537 3124 illo
1561 3082 1749 3123 sumus

163 3154 221 3207 ibi
241 3168 466 3221 sursum,
488 3155 617 3225 quia
640 3165 688 3210 et
713 3172 849 3210 nunc
867 3156 1102 3210 exultavit
1124 3167 1275 3229 caput
1296 3174 1463 3212 meum
1478 3174 1631 3229 super
1648 3158 1748 3213 ini-

161 3245 299 3300 micos
327 3262 482 3301 meos.
512 3247 652 3303 Ecce
680 3246 836 3316 quale
863 3247 1055 3318 pignus
1086 3246 1366 3317 habemus,
1396 3247 1537 3305 unde
1565 3256 1620 3306 et
1648 3263 1748 3306 nos

162 3336 252 3392 lldc
289 3346 340 3392 et
383 3352 478 3409 spe
509 3347 566 3393 et
595 3336 857 3394 charitate
885 3354 1005 3393 cum
1035 3339 1210 3409 capite
1243 3351 1430 3395 nostro
1463 3355 1652 3398 sumus
1690 3342 1744 3397 in

159 3429 282 3486 cutio
307 3430 358 3484 in
390 3440 660 3486 aeternum
686 3449 698 3484 :
727 3431 848 3502 quia
875 3440 930 3486 et
955 3431 1129 3504 ipsum
1160 3431 1458 3500 divinitate,
1485 3433 1745 3498 bonitate,

161 3518 346 3575 unitate
371 3520 655 3578 nobiscum
683 3531 764 3576 est
789 3521 848 3577 in
873 3529 1016 3577 terra
1046 3537 1213 3594 usque
1240 3524 1291 3577 in
1323 3525 1745 3580 consummatio-

159 3622 266 3665 nem
291 3612 471 3668 δωρειιὶ
506 3611 723 3682 (Matth.
747 3629 938 3681 xxvnt,
963 3613 1079 3684 20).

219 3703 301 3760 η.
334 3702 636 3770 Circumivi,
675 3713 725 3760 et
759 3706 1016 3764 immolavi
1055 3707 1108 3761 in
1147 3707 1474 3764 tabernaculo
1511 3709 1622 3781 ejus
1647 3710 1744 3765 Ito-

157 3797 289 3851 stiam
309 3797 642 3870 jubitatiouls
675 3814 696 3853 :
746 3799 1085 3859 immolamus
1115 3798 1347 3855 hoStiam
1389 3800 1744 3872 jubilationis,

161 3891 482 3948 immolantes
533 3891 768 3946 hostiam
805 3892 1034 3961 Its-litim,
1078 3884 1306 3947 hostiam
1354 3894 1745 3964 gratulatiOnis,

158 3980 367 4038 Militiam
386 3983 686 4055 gratiarum
716 3983 965 4051 actionis,
999 3999 1120 4054 quae
1147 3985 1328 4039 verbis
1357 3985 1618 4055 explicari
1639 4003 1745 4041 non

163 4085 341 4144 potest.
376 4075 732 4132 Immolamus
760 4086 959 4141 autem,
993 4075 1121 4131 ubi?
1160 4075 1217 4134 lu
1259 4077 1377 4147 ipso
1408 4079 1748 4135 tabernaculo

155 4163 278 4237 eius,
345 4167 396 4222 in
446 4175 638 4222 sancta
690 4166 949 4221 Ecclesia.
1008 4167 1142 4235 Quid
1196 4183 1324 4236 ergo
1374 4169 1768 4227 immnlamust

157 4257 684 4315 Abundantissimum
705 4267 760 4314 et
775 4259 1130 4315 inenarrabile
1150 4261 1420 4331 gaudium,
1450 4263 1608 4320 nullis
1627 4279 1749 4320 ver-

158 4349 248 4419 bis,
303 4368 456 4411 voce
488 4351 810 4410 iueﬂ'ahili'.
859 4351 986 4408 llaec
1039 4362 1122 4410 est
1175 4352 1347 4409 hostia
1391 4355 1744 4424 jubilationis.

157 4441 294 4500 Unde
312 4445 561 4515 quasita,
609 4443 752 4499 unde
782 4443 995 4500 inventa
1027 4445 1146 4501 est?
1181 4446 1598 4514 Circumcmtdn,
1627 4446 1745 4506 Cir-

156 4538 339 4604 cumiai,
369 4537 567 4610 inquit.
596 4547 647 4604 et
675 4535 933 4592 immolavi
959 4529 1012 4592 in
1039 4539 1365 4595 tabernaculo
1390 4541 1500 4613 ejus
1529 4541 1748 4597 hostiam

159 4626 471 4690 iubilationis.
526 4627 836 4685 Circumeat
885 4629 1098 4684 animus
1143 4639 1266 4684 tuus
1314 4648 1409 4703 per
1443 4633 1746 4702 universam

158 4723 437 4775 crca'lttt'am
469 4738 483 4777 :
518 4719 760 4789 undique
784 4719 877 4776 tibi
904 4720 1155 4777 clamabit
1182 4731 1423 4778 creatura
1454 4741 1468 4779 :
1503 4724 1642 4780 Dcus
1663 4741 1751 4782 me

160 4808 286 4868 fecit.
312 4811 588 4886 Quidquid
617 4819 670 4867 te
699 4810 976 4880 delectarit
1002 4813 1056 4867 in
1087 4823 1200 4867 arte
1219 4812 1259 4878 ⁸,
1300 4815 1564 4872 artiticem
1595 4829 1745 4872 com-

159 4904 386 4970 mandat;
414 4905 703 4974 magisque
729 4901 774 4957 si
802 4904 1099 4959 circumcas
1130 4905 1400 4968 universa.
1433 4905 1749 4963 considera-

161 4991 224 5047 tiu
263 4996 495 5066 concipit
553 4994 778 5050 artiﬁcis
829 4992 1062 5051 laudem.
1117 4995 1274 5050 Vides
1319 4996 1510 5064 caelos,
1557 5013 1748 5069 magna

156 5100 303 5154 opera
349 5088 444 5143 Dei
495 5095 648 5142 sunt.
682 5084 842 5142 Vides
889 5094 1111 5152 terram,
1163 5087 1305 5143 Deus
1335 5089 1458 5144 fecit
1483 5092 1750 5146 seminum

158 5191 410 5246 nutnerns,
459 5177 806 5233 diversitates
845 5178 1166 5248 germinum,
1209 5179 1604 5236 multitudinem
1629 5182 1749 5236 ani-

213 5391 226 5421 ι
254 5388 383 5458 εψιη
416 5383 674 5440 uiterieris"
705 5381 886 5448 templi.
923 5382 1150 5449 Plerique
1169 5391 1344 5435 autem
1368 5393 1505 5450 Mss,
1549 5385 1754 5442 interius

153 5453 323 5563 mitts:
338 5507 561 5563 ηοωιιιιιὶ
585 5513 695 5559 Mss.
721 5512 891 5570 Attin,
915 5513 960 5570 et
983 5505 1094 5570 fecit
1118 5519 1205 5559 nos
1239 5507 1568 5560 absconditum
1591 5509 1751 5563 taber-

154 5572 382 5626 malum.
429 5580 567 5632 ιον..
615 5575 662 5620 et
695 5569 807 5632 fecit
843 5568 991 5621 nobis
1017 5569 1349 5628 abscondam
1389 5573 1755 5629 tabernaculum

341 5702 422 5770 δῖε·
441 5703 494 5746 εί
659 5690 1148 5770 θιξρῑσξγιιιμςξυρα
1172 5692 1374 5770 mibi“-
1436 5755 1447 5769 .
1617 5759 1629 5770 .
1694 5760 1704 5770 .

211 5760 232 5790 ⁸
253 5759 474 5822 Plerique
496 5765 633 5822 Msa,
656 5756 963 5822 inperant
987 5756 1128 5816 paulo
1153 5763 1289 5819 post:
1317 5756 1561 5821 magisque
1584 5759 1629 5810 si
1658 5760 1753 5811 cir-

157 5829 353 5881 mueas.
375 5814 593 5872 uniuersi
618 5814 955 5879 roristderatt'o,
980 5814 1076 5867 etc.

3330 388 3443 446 206

1838 488 2086 543 malium.
2113 490 2348 546 Cireumi
2380 492 2553 548 adhuc
2585 497 2752 552 emtas
2769 513 2941 570 usque
2969 501 3033 555 ad
3048 511 3276 570 terram,
3307 499 3436 562 nihil

1837 579 2144 650 relinquas:
2177 582 2412 654 undique
2444 585 2534 640 tibi
2562 589 2738 643 omnia
2786 605 3037 648 resonant
3065 597 3436 663 conditorem;

1837 682 1894 727 et
1939 673 2073 743 ipsa:
2115 677 2323 745 species
2371 691 2758 744 creaturarum,
2822 698 2982 740 voces
3020 696 3144 740 sunt
3194 688 3439 757 quasdam

1837 775 2137 819 creatorem
2163 760 2512 824 laudantium.
2533 771 2665 838 Quis
2685 785 2861 828 autem
2884 777 3115 845 explicet
3139 780 3442 834 universam

1839 871 2142 913 creanti-am
2170 859 2193 911 ?
2234 863 2359 932 quis
2389 863 2531 916 illam
2566 865 2792 933 esplicet
2822 866 3112 924 laudibus?
3141 872 3260 942 quis
3284 873 3447 942 digne

1842 945 2024 1001 laudet
2051 951 2246 1005 emtum
2274 961 2328 1008 et
2358 965 2576 1022 terram,
2620 972 2787 1021 mare,
2823 968 2878 1013 et
2902 961 3079 1014 omnia
3111 978 3230 1028 quae
3275 963 3328 1016 in
3368 963 3448 1017 eis

1843 1038 2010 1093 sunt?
2038 1040 2101 1093 Et
2128 1039 2227 1095 ista
2255 1043 2468 1111 quidem
2503 1044 2748 1100 visibilia.
2791 1047 2918 1114 Quis
2940 1048 3100 1119 digne
3125 1050 3302 1107 laudet
3331 1054 3430 1106 An-

1841 1131 2011 1203 gelos,
2040 1130 2228 1196 Sedes,
2262 1131 2681 1202 Dominationcs,
2730 1139 3082 1208 Principatus,
3114 1150 3170 1196 et
3200 1143 3436 1198 Potesta-

1847 1223 1971 1278 tcs?
2014 1222 2146 1291 Quis
2171 1223 2328 1293 digne
2360 1225 2540 1281 laudet
2571 1227 2672 1281 hoc
2710 1229 2880 1298 ipsum
2911 1231 3053 1301 quod
3097 1235 3150 1286 in
3180 1233 3335 1288 nobis
3365 1236 3438 1288 vi.

1843 1323 1952 1386 get,
1985 1327 2236 1388 vegetans
2266 1335 2482 1390 corpus,
2522 1336 2742 1375 movens
2775 1325 3034 1390 membra,
3067 1341 3258 1381 sensus
3287 1335 3443 1383 esse-

1847 1410 2031 1474 rens‘,
2073 1418 2128 1464 et
2155 1413 2407 1466 memoria
2434 1423 2538 1468 tam
2569 1415 2732 1467 multa
2763 1419 3145 1485 complectens,
3175 1420 3444 1475 intellectu

1847 1504 1954 1552 tam
2000 1499 2164 1552 multa
2211 1495 2546 1569 discernens,
2595 1503 2714 1575 quis
2754 1504 2914 1578 digne
2948 1506 3169 1563 laudet?
3204 1508 3275 1565 At
3309 1511 3353 1564 si
3391 1511 3443 1565 in

1847 1587 1964 1644 istis
2009 1593 2269 1648 creaturis
2320 1594 2412 1651 Dei
2464 1597 2541 1650 sic
2594 1597 2799 1653 laborat
2842 1602 3108 1658 humanus
3143 1615 3343 1666 sermo,
3392 1602 3444 1658 in

1847 1692 2090 1739 creatore
2119 1685 2243 1754 quid
2261 1687 2398 1757 agit,
2431 1689 2531 1742 nisi
2556 1690 2667 1744 sola
2694 1701 2860 1746 restet
2883 1707 3135 1750 sermone
3161 1693 3448 1755 deficiente

1844 1774 2126 1846 jubilatio?
2172 1779 2466 1850 Circumivi,
2507 1793 2554 1838 et
2593 1785 2850 1841 immolavi
2893 1788 2943 1843 in
2979 1789 3309 1848 tabernaculo
3331 1793 3448 1863 ejus

1851 1870 2065 1925 hostiam
2081 1872 2427 1941 jubilationis.

1925 1962 2012 2015 l3.
2055 1963 2151 2018 Est
2181 1974 2247 2020 et
2286 1965 2426 2020 alius
2451 1981 2662 2033 sensus,
2704 1969 2796 2038 qui
2821 1968 2950 2024 mihi
2981 1970 3193 2026 videtur
3217 1972 3280 2025 ad
3321 1987 3450 2027 con-

1852 2053 2141 2109 textinncm
2164 2054 2359 2110 Psalmi
2392 2058 2560 2128 magis
2582 2060 3035 2131 pertinere..Quia
3067 2062 3211 2116 enim
3243 2061 3451 2118 dixerat

1852 2142 1905 2198 in
1934 2152 2085 2215 petra
2127 2159 2187 2201 se
2230 2147 2543 2215 exaltatum,
2593 2149 2734 2220 quod
2767 2149 3152 2215 estChristus;
3193 2165 3247 2207 et
3293 2163 3448 2222 caput

1851 2249 2005 2290 suum
2034 2236 2328 2294 exaltatum
2355 2253 2519 2311 super
2543 2240 2789 2296 inimicos
2815 2256 2966 2310 suos,
3015 2244 3158 2313 quod
3185 2253 3268 2299 est
3291 2244 3451 2299 Chri-

1852 2337 1968 2380 stus
1996 2343 2011 2380 :
2041 2328 2202 2384 etiam
2229 2345 2309 2397 se,
2354 2331 2443 2401 qui
2474 2333 2526 2386 in
2554 2341 2706 2402 petra
2734 2334 3000 2389 esaltatus
3031 2345 3134 2401 est,
3180 2337 3232 2390 in
3256 2337 3449 2393 eodem

1850 2415 2027 2487 capite
2072 2436 2169 2471 suo
2204 2420 2494 2476 exaltatum
2540 2422 2760 2493 intelligi
2794 2423 2962 2478 voluit
3000 2439 3164 2495 super
3207 2426 3451 2482 inimicos

1852 2518 2000 2572 suos,
2043 2506 2282 2565 referens
2313 2510 2413 2565 hoc
2455 2511 2521 2565 ad
2563 2511 2822 2568 honorem
2867 2514 3141 2582 Ecclesiae,
3178 2518 3262 2571 cui
3289 2517 3453 2573 cessit

1854 2594 2190 2654 inimicorum
2222 2602 2522 2670 persecutio
2550 2619 2564 2657 :
2596 2612 2650 2658 et
2679 2603 2799 2673 quia
2831 2603 2935 2660 hoc
2964 2621 3070 2675 per
3108 2606 3266 2662 tidem
3305 2607 3454 2662 nrbis

1854 2697 2115 2744 terrarum
2145 2689 2341 2747 factum
2371 2704 2475 2760 est,
2507 2691 2796 2764 Circumivi,
2834 2697 3024 2768 inquit,
3055 2709 3103 2753 et
3124 2699 3382 2756 immolavi
3399 2702 3453 2756 iu

1853 2780 2175 2834 tabernaculo
2197 2783 2309 2852 ejus
2343 2783 2562 2840 hostium
2585 2786 2910 2856 jubilationis
2935 2805 2955 2844 :
2990 2788 3040 2844 id
3068 2800 3171 2856 est,
3200 2791 3452 2848 conside-

1851 2873 1966 2925 ravi
1999 2871 2155 2926 tidem
2182 2875 2332 2930 orbis
2377 2886 2663 2946 terrarum,
2705 2879 2759 2934 in
2787 2897 2893 2950 qua
2927 2882 3216 2938 exaltatum
3245 2895 3329 2939 est
3364 2899 3455 2940 ca-

1854 2972 1948 3032 put
1975 2957 2184 3026 memn,
2215 2983 2380 3035 super
2422 2983 2517 3023 eos
2545 2971 2635 3039 qui
2666 2985 2753 3025 me
2787 2974 3283 3043 persequebantur;
3315 2985 3370 3031 et
3399 2977 3452 3031 iu

1854 3052 1970 3123 ipso
1995 3055 2336 3112 tabernaculo
2357 3059 2492 3129 ejus,
2519 3060 2570 3114 id
2600 3070 2683 3116 est
2710 3062 2762 3118 in
2795 3061 3032 3119 Ecclesia
3063 3074 3175 3120 toto
3195 3068 3324 3122 orbe
3352 3066 3455 3122 dii-

1852 3144 1990 3210 lusa,
2020 3147 2362 3206 ineffabiliter
2390 3152 2599 3209 laudavi
2631 3154 2933 3211 Dominum.

1927 3237 2015 3292 14.
2059 3237 2212 3313 [vers.
2245 3241 2322 3315 7.]
2354 3242 2580 3298 Cantubo
2619 3257 2662 3300 et
2688 3247 2909 3316 psallam
2945 3248 3171 3306 Domino
3213 3269 3227 3306 :
3277 3252 3454 3309 securi

1851 3329 2071 3396 erimus,
2118 3342 2176 3389 et
2221 3335 2396 3389 securi
2436 3336 2792 3404 cantabimus,
2844 3348 2901 3395 et
2937 3331 3112 3396 securi
3143 3344 3453 3412 psallemus,

1851 3435 1973 3474 cum
1993 3424 2476 3492 contemplabimur
2491 3426 2901 3485 delectationem
2931 3432 3161 3496 Domini,
3191 3442 3246 3488 et
3273 3438 3455 3503 prote-

1850 3527 2040 3583 gemur
2068 3516 2327 3587 templum
2358 3517 2498 3588 ejus,
2555 3520 2609 3574 in
2653 3521 2739 3575 illa
2777 3521 3199 3593 incorruptione,
3240 3528 3456 3598 quando

1851 3604 2225 3663 aiisorbebitur
2248 3623 2394 3663 mors
2419 3609 2472 3664 in
2496 3611 2777 3667 victoriam
2808 3614 2854 3684 (Ι
2889 3613 3008 3671 Cor.
3037 3631 3132 3682 xv,
3162 3616 3276 3688 5i).
3298 3617 3455 3675 Modo

1852 3697 2016 3767 quid?
2042 3697 2173 3767 Quia
2194 3699 2302 3769 jam
2325 3700 2464 3756 dicta
2487 3704 2817 3774 suntgaudia
2844 3706 2952 3764 illa.
2981 3723 3100 3777 qum
3118 3706 3454 3777 habebimus,

1851 3802 1974 3841 cum
2005 3791 2369 3859 acceperimus
2399 3793 2541 3848 illam
2559 3811 2719 3850 unam
2750 3799 3084 3866 petitionem.
3109 3799 3265 3856 Modo
3289 3801 3460 3871 quid?

1856 3879 2081 3946 Exaudi,
2110 3881 2346 3952 Domine,
2378 3901 2546 3939 vocem
2566 3904 2728 3942 meam
2756 3903 2778 3943 :
2807 3904 3087 3960 gctnamtts
3116 3892 3296 3960 modo,
3330 3911 3455 3950 ore.-

1853 3984 1973 4026 mus
1999 3971 2178 4030 modo.
2217 3973 2458 4032 Gemitus
2499 3993 2604 4032 ttun
2645 3987 2728 4034 est
2769 3975 2872 4035 nisi
2917 3981 3259 4052 miserorum,
3285 3988 3460 4043 oratio

1855 4078 1961 4118 non
1993 4072 2076 4119 est
2120 4065 2220 4120 nisi
2251 4064 2620 4138 indigentium.
2655 4069 2918 4128 'Transiet
2959 4078 3163 4143 oratio,
3204 4078 3459 4138 succedet

1854 4153 2126 4220 laudatio;
2167 4157 2389 4215 transiet
2417 4159 2596 4226 ﬂetus,
2640 4162 2893 4220 succedet
2916 4167 3191 4238 gaudium.
3241 4168 3458 4226 interim

1855 4246 2036 4312 modo,
2069 4251 2284 4319 quando
2311 4251 2365 4305 in
2391 4251 2580 4308 diebus
2610 4254 2873 4309 malorum
2910 4268 3220 4322 nostrorum
3245 4276 3457 4327 sumus,

1855 4354 1962 4393 non
1991 4347 2166 4394 cesset
2192 4342 2366 4396 oratio
2387 4353 2572 4398 nostra
2611 4345 2681 4400 ad
2709 4345 2894 4410 Deum,
2926 4363 2958 4403 a
2989 4363 3095 4419 quo
3123 4365 3282 4406 unam
3310 4351 3457 4408 illam

1855 4438 2127 4500 petamus;
2180 4443 2237 4488 et
2261 4433 2329 4490 ab
2355 4435 2467 4506 ipsa
2494 4437 2752 4506 petitione
2780 4453 2888 4496 non
2927 4440 3256 4510 desinamus,
3284 4443 3460 4503 donec

1852 4522 1924 4576 ad
1976 4537 2097 4579 eam
2148 4523 2240 4580 illo
2293 4524 2528 4584 donante
2570 4543 2636 4584 ac
2688 4529 3014 4599 perducente
3060 4536 3461 4605 perveniamus.

1857 4610 2063 4668 Exaudi
2070 4654 2085 4678 ,
2119 4613 2355 4685 Domine,
2385 4633 2555 4674 vocem
2583 4636 2770 4687 meam,
2798 4637 2900 4693 qua
2923 4622 3142 4680 clamavi
3164 4625 3236 4680 ad
3254 4634 3334 4693 te;
3364 4629 3458 4684 mi.

1853 4720 2019 4759 serere
2039 4706 2156 4771 mei,
2182 4715 2229 4761 et
2254 4708 2445 4763 audi
2466 4725 2547 4766 me
2571 4726 2591 4765 :
2640 4727 2803 4768 uuam
2843 4714 2989 4770 illam
3021 4717 3173 4787 petit,
3217 4727 3326 4774 tam
3365 4721 3460 4778 diu

1856 4811 2073 4868 rogans,
2115 4797 2273 4866 “Clls,
2312 4814 2574 4871 gemens,
2605 4817 2714 4858 non
2750 4807 2880 4873 petit
2905 4807 3006 4863 nisi
3033 4824 3214 4864 unam.
3260 4811 3463 4870 Fiuivit

1855 4901 2044 4943 omnes
2069 4888 2410 4958 cupiditates,
2439 4895 2702 4949 remansit
2729 4896 2817 4950 illa
2850 4913 2950 4952 una
2975 4915 3138 4970 quam
3167 4905 3318 4970 petit.

1930 4978 2017 5034 15.
2061 4975 2212 5051 [verm
2238 4978 2318 5054 8.]
2360 4980 2496 5036 Audi
2524 4984 2646 5052 quia
2691 4985 2830 5041 hanc
2861 4973 2992 5056 petit
3020 5005 3034 5043 :
3083 4988 3195 5046 Tibi
3220 4994 3350 5047 dixit
3377 5011 3465 5047 rer

1857 5084 2043 5136 meum,
2077 5068 2300 5138 Qua'sioi
2318 5072 2512 5128 uultum
2531 5083 2695 5131 tuum.
2729 5076 2841 5134 lloc
2863 5088 2949 5135 est
2975 5097 3104 5152 ergo
3126 5085 3273 5152 quod
3303 5090 3463 5156 paulo

1857 5169 1982 5218 ante
2001 5163 2172 5221 dixit:
2217 5162 2287 5220 Ut
2325 5165 2638 5238 contempler
2671 5168 3050 5227 delectationem
3078 5171 3306 5229 Domini.
3347 5174 3466 5234 Tibi

1857 5251 1987 5307 dixit
2006 5270 2095 5308 cor
2114 5269 2307 5324 meum,
2338 5255 2564 5321 Quaesivi
2587 5257 2782 5314 uultum
2811 5270 2976 5316 tuum.
3007 5262 3062 5320 Si
3089 5266 3340 5335 gaudium
3369 5282 3467 5324 uo-

1856 5351 2027 5399 strnm
2077 5343 2130 5399 in
2176 5344 2279 5400 isto
2318 5345 2434 5428 sole
2477 5355 2641 5412 esset,
2690 5364 2798 5406 non
2839 5365 2936 5407 cor
2962 5365 3204 5409 nostrum
3232 5355 3462 5428 diceret,

1861 5435 2082 5505 Quaesivi
2121 5437 2312 5493 vultum
2341 5427 2522 5505 tuum;
2550 5430 2644 5496 sed
2683 5445 2821 5497 oculi
2853 5447 3096 5515 corporis
3137 5450 3328 5504 nostri.

1859 5537 2100 5584 nostrum
2148 5531 2232 5584 cui
2261 5529 2424 5590 dicit:
2466 5531 2688 5598 Quesiei
2715 5534 2910 5592 uultum
2957 5548 3120 5601 tuum,
3168 5539 3270 5594 nisi
3298 5542 3347 5596 ei
3371 5543 3462 5610 qui

1858 5621 2092 5688 pertinet
2126 5619 2192 5673 ad
2240 5621 2454 5675 oculum
2507 5623 2725 5681 cordis?
2775 5625 2971 5683 Lucem
3022 5629 3177 5685 istaut
3206 5645 3462 5701 quarunt

1853 5714 1997 5770 oculi
2038 5715 2237 5778 carnis,
2283 5713 2458 5770 lucem
2487 5714 2628 5771 illam
2657 5731 2904 5788 qumrunt
2931 5722 3071 5777 oculi
3107 5723 3308 5780 cordis.
3355 5724 3464 5781 Sed

1925 5826 1944 5856 ι
1966 5832 2038 5874 sic
2056 5825 2106 5874 in
2130 5830 2236 5876 llas.
2266 5825 2380 5876 .tttn
2396 5825 2530 5890 ald,
2553 5840 2694 5882 mutu
2713 5841 2961 5884 exercear.
