4008 6322
520 347 634 405 ῑοτ

528 479 609 515 νιε
635 461 777 514 illam
821 457 1017 518 lucem,
1066 466 1184 523 quae
1213 449 1423 504 videtur
1449 445 1619 502 oculis
1646 442 1845 507 cordis,
1896 440 2079 495 videre
2110 455 2125 491 :

536 551 655 620 quia
675 553 786 617 ipsa
812 550 898 602 lux
918 548 1059 601 Deus
1089 554 1189 599 est.
1217 541 1354 596 Deus
1374 539 1507 593 enim
1533 537 1623 591 lux
1648 546 1741 600 est,
1770 535 1843 587 ait
1869 532 2123 595 Joannes,

546 652 578 700 ll
595 641 808 696 tenebra:
828 641 879 691 in
903 654 960 692 eo
986 653 1085 689 non
1108 644 1222 687 sunt
1246 633 1367 686 ulla:
1379 630 1417 703 (I
1444 629 1600 683 Joan.
1627 644 1664 694 ι,
1692 627 1768 695 5).
1789 625 1881 680 Vis
1901 638 2029 692 ergo
2047 623 2125 675 vi-

537 734 661 789 dere
684 734 827 787 illam
852 729 1059 785 lucem?
1085 724 1278 781 Munda
1298 724 1533 783 oculum,
1550 721 1703 775 .unde
1726 719 1964 773 videtur:
1986 714 2128 768 Beati

535 827 675 878 enim
692 823 881 876 mundo
897 820 1064 881 corde,
1086 818 1201 884 quia
1226 816 1321 884 ipsi
1337 811 1739 867 Deumvidebunt
1756 807 1970 877 (Matth.
1990 806 2125 876 v,8).

612 916 695 968 16.
729 913 879 985 Iners.
910 910 989 983 9.]
1027 909 1137 962 Tibi
1170 908 1295 960 dixit
1328 906 1415 958 cer
1458 920 1643 965 meum,
1681 900 1901 968 Quwsivi
1934 898 2129 951 vultum

536 1019 696 1071 tuum,
712 1008 904 1059 vultum
924 1015 1083 1065 luam,
1104 1000 1335 1061 Domine,
1359 997 1641 1067 requiram:
1658 1008 1819 1047 unam
1840 990 1962 1060 petii
1983 1006 2009 1041 a
2038 989 2131 1041 llo-

536 1099 699 1159 miuo,
718 1096 851 1149 bane
863 1093 1149 1164 requiram,
1198 1091 1401 1146 vultum
1420 1099 1587 1152 tuum,
1609 1084 1659 1138 Ν
1663 1102 1725 1138 on
1744 1093 1936 1136 avertas
1949 1080 2130 1151 [aciem

534 1198 673 1240 tamn
699 1205 731 1240 a
761 1203 857 1240 me.
882 1183 1159 1252 Quomodo
1191 1196 1250 1237 se
1279 1179 1392 1234 ﬁxit
1411 1180 1462 1234 in
1483 1180 1585 1233 ista
1600 1192 1701 1231 una
1720 1174 2013 1244 petitione!
2043 1172 2131 1226 Vis

531 1279 857 1348 impetrare?
896 1275 1051 1330 Aliud
1081 1275 1188 1330 noli
1226 1284 1405 1343 petere
1442 1290 1455 1326 :
1488 1271 1577 1325 uni
1614 1268 1820 1333 suffice,
1870 1267 1991 1336 quia
2028 1280 2131 1319 una

530 1372 623 1426 tibi
642 1372 887 1426 sufficiet.
912 1370 1022 1424 Tibi
1039 1370 1164 1423 dixit
1179 1384 1269 1421 cor
1286 1382 1471 1428 meum,
1498 1362 1719 1429 Quaesivi
1740 1360 1934 1415 vultum
1956 1369 2095 1410 tuum
2110 1373 2130 1421 ;

530 1464 722 1517 uultum
776 1471 949 1525 ιιηιηι,
992 1459 1226 1523 Domine,
1269 1456 1521 1527 requiram
1576 1450 1659 1505 Ne
1698 1457 1893 1505 avertas
1950 1448 2133 1516 [aciem

528 1563 671 1607 tuam
722 1570 755 1606 a
806 1568 915 1606 me.
978 1565 1039 1603 ne
1064 1549 1288 1603 declines
1327 1548 1381 1600 in
1418 1547 1497 1599 ira
1538 1561 1571 1597 a
1596 1560 1739 1598 seruo
1777 1552 1885 1595 tuo.
1930 1539 2132 1609 Magni-

482 1690 487 1695 .
532 1642 652 1709 fice,
680 1642 808 1696 nihil
853 1641 966 1695 dici.
996 1640 1228 1694 dii-iuius
1254 1645 1449 1708 potest.
1482 1635 1733 1691 Sentiuut
1760 1632 1864 1688 hoc
1890 1631 1981 1703 qui
2008 1644 2132 1685 vere

533 1744 735 1789 amant.
768 1733 1112 1788 Aliusivellet
1145 1731 1332 1785 beatus
1366 1738 1422 1784 et
1447 1727 1762 1782 immortalis
1791 1738 1912 1780 esse
1940 1722 1992 1776 in
2024 1720 2129 1787 his,

531 1841 663 1895 quas
694 1826 887 1894 diligit,
935 1833 1268 1878 terrenarum
1295 1815 1856 1887 concupiscentiarum
1887 1812 2134 1882 volupta-

532 1918 676 1971 tibus
707 1933 719 1968 :
753 1926 807 1969 et
834 1913 972 1968 forte
1002 1923 1283 1982 propterea
1316 1911 1483 1965 Deum
1512 1907 1734 1969 coleret,
1764 1915 1821 1959 et
1850 1914 2051 1969 oraret,
2074 1912 2135 1957 ut

537 2007 627 2059 diu
656 2006 743 2059 hic
772 2006 973 2058 viveret
1018 2004 1070 2057 in
1098 2002 1306 2057 deliciis
1349 2000 1481 2062 suis,
1513 2007 1565 2052 et
1608 2013 1713 2051 non
1749 1996 1815 2051 ab
1842 2010 1906 2051 eo
1932 1994 2131 2065 aliquid

534 2099 735 2169 periret
756 2096 896 2167 quod
924 2105 1133 2149 terrena
1163 2091 1403 2163 possidet
1436 2088 1722 2159 cupiditas,
1779 2102 1876 2141 uec
1916 2101 2130 2150 aurum,

535 2202 634 2242 nec
660 2195 964 2254 argentum,
994 2199 1091 2238 nec
1115 2184 1159 2237 si
1181 2180 1311 2253 quid
1335 2179 1655 2250 prmdiorum
1686 2176 1981 2233 oblectaret
2007 2190 2136 2230 oeuo

531 2278 613 2332 los
640 2277 776 2347 ejus,
811 2291 909 2331 nec
937 2274 1094 2329 amici
1128 2280 1482 2337 morerentur,
1514 2286 1615 2325 nec
1640 2270 1758 2339 ﬁlii,
1786 2284 1885 2324 nec
1911 2266 2129 2338 conjux,
2176 2306 2181 2335 η

2174 2370 2175 2381 ‘
2198 2430 2201 2437 κ
2239 2360 2365 2430 quia
2397 2369 2571 2426 vocat,
2602 2360 2725 2430 quia
2749 2359 2924 2429 jubet,
2950 2360 3072 2431 quia
3096 2359 3234 2430 regit
3262 2378 3277 2415 :
3306 2370 3497 2426 mater,
3519 2362 3641 2430 quia
3674 2360 3841 2427 fovet,

531 2384 631 2424 nec
652 2369 873 2423 clientes
903 2384 917 2431 ;
951 2367 1002 2420 in
1032 2365 1116 2419 bis
1142 2364 1347 2420 deliciis
1378 2364 1547 2417 vellet
1570 2377 1782 2431 semper
1801 2360 2002 2414 vivere.
2024 2358 2131 2414 Sed

531 2464 655 2530 quia
712 2474 815 2513 non
860 2465 1037 2527 potest
1062 2471 1298 2526 semper,
1347 2454 1498 2510 novit
1543 2454 1686 2509 enim
1730 2467 1790 2507 se
1818 2452 2127 2517 mortalem;

529 2550 667 2606 forte
707 2550 772 2606 ad
802 2550 904 2604 buc
929 2550 1057 2603 colit
1084 2549 1273 2613 Deum,
1304 2556 1360 2602 et
1386 2546 1452 2600 ad
1480 2545 1583 2601 hoc
1608 2554 1726 2600 orat
1743 2544 1935 2609 Deum,
1972 2553 2027 2597 et
2058 2540 2129 2596 'ad

531 2642 633 2696 hoc
675 2640 841 2710 gemit
869 2641 999 2704 Deo,
1053 2648 1114 2693 ut
1154 2640 1253 2693 ista
1280 2637 1352 2692 illi
1380 2636 1560 2692 omnia
1603 2649 1771 2705 usque
1798 2634 1851 2687 in
1874 2644 2129 2687 senectu-

534 2740 643 2787 tem
667 2732 683 2761 ¹
714 2736 1019 2801 suppetant.
1068 2729 1134 2783 Et
1161 2730 1205 2783 si
1232 2727 1437 2782 diceret
1463 2727 1512 2782 ei
1554 2726 1715 2795 Deus,
1746 2725 1885 2779 Ecce
1916 2722 2051 2778 facio
2080 2733 2131 2778 te

528 2822 584 2875 in
629 2820 714 2876 bis
742 2819 1140 2883 immortalem;
1189 2834 1285 2888 pro
1329 2832 1522 2887 magno
1550 2816 1691 2872 bono
1737 2816 2024 2885 acciperet,
2077 2824 2129 2869 et

528 2911 887 2967 exsultatione
936 2910 1247 2980 gaudiorum
1294 2908 1587 2980 gratulatus
1634 2923 1740 2962 non
1787 2922 1847 2962 se
1890 2916 2126 2976 caperet.

529 3002 650 3059 Non
668 3003 782 3057 vult
808 3001 909 3056 hoc
931 3000 1053 3065 iste,
1074 3000 1162 3071 qui
1186 3015 1344 3055 unam
1369 2999 1520 3070 petiit
1545 3013 1576 3053 a
1601 2997 1851 3053 Domino.
1875 2996 1980 3053 Sed
2001 2996 2129 3068 quid

530 3094 689 3150 vult?
730 3092 1094 3162 Contemplari
1125 3090 1541 3148 delectationem
1570 3088 1778 3144 Domini
1813 3104 1911 3160 per
1938 3102 2129 3143 omnes

529 3186 648 3241 dies
674 3184 796 3239 vita;
825 3198 960 3238 suzc.
1001 3182 1313 3253 Rursusque
1342 3180 1481 3236 alius
1514 3180 1603 3252 qui
1633 3179 1735 3235 hoc
1760 3179 1922 3234 modo
1948 3190 2004 3234 et
2029 3178 2130 3235 bac

530 3291 693 3331 causa
722 3276 924 3330 coleret
955 3273 1149 3339 Deum,
1198 3274 1244 3328 si
1274 3273 1362 3327 illa
1388 3272 1491 3327 sibi
1514 3270 1826 3341 temporalia
1853 3270 2126 3336 adessent,

528 3368 722 3422 iratum
753 3366 919 3421 Deum
951 3379 1058 3420 non
1086 3365 1322 3431 timeret,
1349 3364 1451 3419 nisi
1482 3379 1551 3419 ne
1580 3359 1712 3417 illud
1736 3360 1992 3418 auferret.
2022 3362 2127 3419 Iste

527 3466 636 3515 non
665 3468 885 3533 propter
912 3458 1017 3514 hoc
1042 3458 1195 3513 timet
1238 3459 1463 3524 iratum;
1502 3455 1931 3528 quandoquidem
1967 3462 2023 3510 et
2057 3454 2128 3511 de

526 3552 759 3609 inimicis
784 3550 897 3606 suis
921 3550 1074 3615 dixit,
1097 3548 1168 3605 Ut
1194 3547 1353 3604 edant
1382 3562 1574 3603 carnes
1599 3562 1768 3603 meas.
1798 3545 1954 3603 Unde
1974 3546 2128 3601 timet

526 3644 719 3698 iratum
742 3643 766 3697 ἲ
796 3640 874 3697 Ne
909 3640 1117 3696 auferat
1139 3639 1281 3709 quod
1308 3639 1527 3694 amavit.
1559 3636 1699 3705 Quid
1724 3637 1964 3692 amavit?
1992 3635 2123 3690 Vul-

524 3747 639 3790 tum
670 3744 837 3789 tuum.
892 3732 1017 3787 Ideo
1044 3732 1182 3786 hanc
1206 3738 1355 3801 putat
1382 3730 1517 3785 iram
1550 3729 1783 3795 Domini,
1832 3729 1877 3783 si
1918 3736 2126 3782 avertat

525 3826 595 3881 ab
621 3826 713 3881 illo
756 3825 959 3879 vultum
998 3838 1173 3877 suum.
1215 3819 1462 3889 Domine,
1512 3836 1576 3875 ne
1620 3820 1838 3874 declines
1880 3819 1935 3873 in
1982 3819 2060 3872 ira
2093 3836 2126 3873 a

525 3933 668 3972 servo
716 3927 823 3971 tuo.
876 3915 1064 3970 Posset
1112 3914 1186 3968 illi
1233 3914 1369 3967 forte
1414 3905 1749 3981 responderi'
1776 3911 1878 3966 boc
1914 3909 2119 3965 modo:

526 4009 664 4078 Quid
695 4009 872 4075 times,
904 4023 975 4062 ne
998 4006 1233 4063 declinet
1257 4022 1285 4059 a
1316 4014 1367 4059 te.
1398 4004 1449 4058 in
1480 4005 1597 4059 ira?
1630 4004 1793 4074 Magis
1819 4004 1863 4058 si
1893 4018 1923 4057 a
1949 4013 1999 4058 te
2028 4001 2120 4057 de~

525 4099 804 4155 clinaverit
830 4099 882 4153 iu
912 4101 1008 4160 ira,
1044 4114 1149 4153 non
1184 4098 1235 4151 in
1264 4104 1316 4151 te
1347 4095 1635 4149 vindicabit
1670 4114 1683 4149 :
1727 4097 1771 4148 si
1799 4095 2041 4149 incurras
2066 4093 2121 4147 in

528 4190 676 4245 illum
725 4188 953 4243 iratum.
1007 4187 1293 4241 vindicabit
1336 4186 1387 4240 in
1432 4194 1502 4240 te.
1534 4185 1669 4255 Opta
1698 4200 1826 4255 ergo
1864 4184 2038 4254 potius
2067 4192 2124 4238 ut

526 4276 759 4334 tleelinet
787 4294 815 4331 a
842 4285 892 4331 te
923 4278 973 4329 in
1006 4277 1083 4331 ira
1135 4276 1274 4341 Non,
1300 4276 1486 4346 inquit.
1514 4275 1671 4330 Novit
1695 4277 1837 4331 enim
1869 4274 1996 4346 quid
2026 4272 2123 4329 de-

532 4354 733 4410 siderat
752 4356 793 4406 ².
846 4354 926 4407 lra
953 4354 1071 4421 ejus
1106 4369 1211 4406 non
1254 4364 1338 4408 est
1390 4353 1489 4406 nisi
1536 4354 1744 4407 aversio
1784 4354 1958 4407 vultus
1982 4358 2119 4424 ejus.

534 4446 673 4514 Quid
699 4446 742 4500 si
769 4456 819 4500 te
856 4446 1013 4499 faciet
1058 4445 1110 4498 iu
1155 4444 1361 4499 deliciis
1389 4446 1504 4500 istis
1530 4453 1585 4499 et
1611 4444 1879 4515 voluptate
1902 4446 2126 4516 gaudio—

534 4553 653 4594 rum
683 4549 1017 4592 terrenarum
1046 4536 1440 4590 inunortalem?
1486 4536 1793 4607 Respondet
1815 4546 2022 4593 amator
2042 4547 2124 4593 ta-

532 4629 602 4685 lis
685 4629 851 4694 Nolo;
881 4628 1135 4700 quidquid
1168 4628 1297 4683 mibi
1324 4631 1678 4699 praiterillum
1701 4640 1805 4699 est,
1834 4630 1993 4689 dulce
2016 4649 2123 4690 non

531 4732 617 4778 est
649 4741 662 4775 :
694 4722 949 4793 quidquid
980 4722 1106 4776 milii
1131 4722 1239 4775 vult
1265 4722 1391 4777 dare
1425 4723 1678 4776 Dominus
1720 4739 1891 4792 meus,
1920 4726 2126 4782 auferat

538 4822 725 4878 totum,
758 4821 813 4865 et
861 4828 919 4866 se
946 4812 1075 4865 mibi
1102 4811 1213 4866 det.
1244 4810 1330 4865 Ne
1354 4810 1574 4867 declines
1600 4814 1650 4866 in
1677 4814 1755 4866 ira
1778 4831 1810 4867 a
1844 4830 1985 4868 servo
2016 4826 2122 4872 tuo.

535 4903 698 4960 Forte
729 4904 799 4958 ab
840 4903 1103 4973 aliquibus
1133 4904 1385 4968 declinat,
1428 4919 1536 4958 non
1574 4904 1625 4958 in
1654 4904 1768 4971 ira;
1796 4906 2065 4975 quomodo
2094 4924 2123 4962 a

531 4996 850 5066 quibusdam
878 4994 969 5064 qui
996 4994 1070 5047 illi
1102 4995 1320 5049 dicunt:
1352 4998 1530 5048 Aeerte
1557 4996 1740 5066 faciem
1769 5006 1911 5051 tuam
1947 5016 1977 5052 a
2002 5018 2122 5070 pec-

532 5096 660 5140 catis
675 5089 796 5139 meis
818 5083 984 5155 (l’sal.
1002 5099 1053 5151 ι,
1073 5085 1093 5138 1
1111 5082 1182 5157 1).
1198 5085 1421 5152 Quando
1439 5101 1468 5138 a
1484 5086 1715 5155 peccatis
1729 5087 1830 5141 tuis
1845 5090 2035 5143 avertit
2048 5090 2120 5145 fa-

530 5179 669 5233 ciem
689 5190 862 5236 suam,
885 5189 989 5228 non
1008 5174 1059 5227 in
1079 5175 1151 5227 ira
1172 5190 1201 5227 a
1220 5184 1269 5228 te
1285 5175 1533 5229 declinat.
1556 5178 1772 5231 Avertat
1787 5192 1913 5248 ergo
1935 5178 2122 5235 faciem

530 5283 594 5324 ε..
608 5284 683 5321 xm
712 5282 740 5321 a
759 5268 988 5336 peccatis
1002 5268 1133 5320 tuis:
1152 5266 1245 5321 sed
1266 5283 1371 5319 non
1391 5275 1597 5321 avertat
1621 5267 1809 5322 faciem
1831 5284 1980 5323 suam
1998 5285 2027 5324 a
2048 5281 2119 5329 te.

607 5362 694 5411 l7.
743 5358 961 5428 Adjutor
999 5374 1139 5411 meus
1186 5370 1311 5423 esto,
1364 5373 1426 5411 ne
1471 5357 1789 5427 derelinquas
1829 5376 1927 5413 me.
1984 5360 2123 5418 Ecce

594 5492 611 5558 ξ
639 5490 773 5549 add,
789 5502 936 5558 usque
958 5486 1010 5558 in
1030 5487 1412 5558 ﬂuent._At.tts_s.,
1434 5487 1483 5539 in
1506 5496 1810 5558 senectutem.

591 5554 614 5586 ³
637 5560 768 5612 Lov.,
794 5549 866 5612 at
885 5549 1088 5612 declinet
1122 5564 1153 5598 a
1190 5556 1234 5599 ω
1265 5549 1442 5609 inira,
1483 5563 1575 5612 non
1606 5552 1828 5601 accedat.
1855 5552 1981 5611 Quid
2002 5553 2123 5606 uouit

531 5614 658 5665 enim
679 5614 702 5664 ,ν
743 5611 859 5680 quid
896 5611 1140 5680 desiderat
1162 5613 1186 5661 Υ
1209 5618 1263 5680 Er
1286 5646 1302 5667 ,
1321 5617 1378 5680 με
1402 5611 1606 5662 declinet
1640 5626 1671 5661 α
1706 5620 1754 5680 te
1775 5614 1827 5663 in
1848 5613 1941 5673 ira,
1970 5615 2022 5680 in
2044 5616 2122 5680 ira

529 5689 621 5727 non
645 5671 860 5741 accedat,
887 5672 1007 5734 Quid
1031 5671 1154 5741 nouit
1177 5671 1300 5741 enim
1320 5673 1341 5721 ?
1501 5687 1621 5741 vero
1643 5674 1879 5741 quidam;
1894 5671 1949 5741 ut»
1967 5678 2120 5728 decli-

513 5742 606 5789 net
630 5751 655 5784 ο
681 5744 725 5785 te
762 5735 810 5783 iu
833 5733 935 5793 ira,
973 5746 1064 5782 non
1099 5733 1149 5781 iu
1173 5733 1265 5782 ira.
1304 5733 1428 5794 quid
1464 5734 1591 5785 novit
1612 5733 1775 5785 enim?
1800 5736 1884 5788 Alii
1921 5739 2121 5790 demum

518 5813 639 5849 reatu
664 5797 922 5846 lectionem
948 5796 1200 5857 exhibent,
1226 5809 1370 5859 quam
1393 5798 1443 5845 in
1466 5805 1607 5847 textu
1628 5797 1814 5849 danais.

1789 326 1845 384 s.
1890 324 2260 398 sucosrm
2308 321 2614 379 muscum

3740 322 3845 378 9.03

2244 436 2386 489 enim
2416 436 2466 490 in
2496 436 2579 491 via
2610 450 2761 502 sum;
2795 437 2955 508 petivi
2978 452 3007 491 a
3040 446 3091 493 te
3113 452 3295 506 unam,
3323 436 3568 495 habitare
3599 440 3652 493 in
3678 438 3845 494 domo

2246 536 2333 581 tua
2358 542 2452 597 per
2472 543 2661 583 omnes
2686 527 2802 583 dies
2827 530 2951 584 vitae
2978 546 3131 596 mese,
3156 532 3507 602 contemplari
3529 532 3848 587 delectatio-

2240 634 2364 673 nem
2417 629 2587 686 tuam,
2642 622 2847 691 protegi
2900 622 3156 691 templum
3213 624 3442 689 tuum';
3497 624 3635 679 hanc
3682 624 3847 694 petivi

2240 723 2399 763 unam
2432 727 2445 764 :
2479 710 2573 764 sed
2601 722 2659 765 ut
2684 710 2750 764 ad
2775 710 2922 765 illam
2949 712 3279 784 perveniam,
3315 713 3368 767 in
3396 714 3477 766 via
3517 730 3657 769 sum.
3686 715 3849 770 Forte

2239 802 2389 857 dices
2442 803 2618 857 mihi:
2677 804 2857 859 Nitere
2876 806 2919 871 ³,
2977 805 3240 871 ambula;
3289 806 3515 861 liberum
3561 807 3845 862 arbitrium

2240 895 2332 949 tibi
2364 894 2508 963 dedi,
2540 896 2830 951 voluntatis
2859 907 2961 951 tum
2990 912 3046 951 es
3068 913 3083 962 ;
3108 882 3436 967 prosequere
3466 898 3629 961 viam,
3657 912 3846 968 qumre

2240 1002 2427 1058 pacem
2459 997 2514 1043 et
2550 1003 2776 1060 sequere
2806 1004 2925 1043 eam
2949 988 3119 1060 (Psal.
3154 1005 3348 1054 xxxnt,
3391 990 3522 1059 15);
3555 990 3663 1044 noli
3695 1005 3725 1042 a
3764 990 3848 1046 via

2238 1080 2533 1146 declinare,
2549 1081 2657 1135 noli
2683 1081 2750 1135 ibi
2775 1080 3207 1157 remanere,noli
3227 1091 3371 1135 retro
3389 1080 3693 1150 reapicere;
3722 1096 3846 1150 per-

2239 1187 2424 1227 severa
2474 1172 2527 1226 iu
2569 1172 2913 1236 ambulando,
2969 1174 3219 1241 quoniam
3270 1173 3358 1243 qui
3410 1175 3847 1241 perseveraverit

2240 1278 2408 1332 usque
2445 1264 2497 1317 in
2524 1262 2704 1329 linem,
2737 1263 2823 1318 bic
2846 1264 3027 1320 salvus
3056 1264 3157 1318 erit
3184 1262 3397 1333 (Matth.
3425 1280 3476 1327 ι,
3500 1264 3591 1331 ΞΞ,
3621 1275 3665 1318 et
3692 1280 3847 1331 utv,

2240 1354 2356 1423 15).
2381 1354 2499 1410 Jam
2530 1367 2583 1409 tu
2626 1366 2847 1425 accepto
2889 1355 3057 1410 libero
3088 1356 3331 1419 arbitrio,
3388 1357 3535 1426 quasi
3561 1358 3849 1425 prmsuitiis

2240 1446 2378 1501 unde
2407 1446 2648 1502 ambules
2675 1447 2754 1518 (α)
2797 1465 2811 1502 :
2845 1446 2953 1501 noli
2980 1447 3049 1502 de
3078 1456 3129 1501 te
3150 1462 3473 1516 prmsumere
3495 1463 3510 1512 ;
3534 1447 3578 1501 si
3613 1459 3663 1500 te
3690 1448 3852 1500 dere-

2240 1537 2475 1608 liquerit,
2497 1538 2547 1590 in
2572 1537 2682 1607 ipsa
2702 1538 2785 1591 via
2807 1537 3047 1605 deiicies,
3070 1538 3251 1600 cades,
3276 1537 3572 1604 aberrabis,
3599 1553 3851 1592 remane-

2240 1628 2344 1683 bis.
2382 1629 2477 1683 Die
2508 1644 2635 1699 ergo
2663 1628 2737 1682 illi
2767 1647 2781 1681 :
2828 1627 3169 1684 Voluntatem
3212 1626 3429 1698 quidem
3461 1628 3682 1683 liberam
3713 1629 3847 1683 mibi

2237 1720 2458 1787 dedisti,
2504 1720 2599 1775 sed
2651 1721 2769 1776 sine
2805 1730 2857 1775 te
2906 1720 3046 1775 nihil
3078 1729 3163 1776 est
3204 1720 3333 1774 mibi
3373 1730 3598 1776 conatus
3643 1736 3844 1777 meus:

2239 1812 2459 1885 Adjutor
2496 1829 2637 1867 meus
2676 1824 2803 1878 esto,
2846 1830 2909 1866 ne
2930 1813 3250 1881 derelinquas
3274 1828 3385 1876 me;
3411 1828 3568 1882 neque
3591 1812 3849 1882 despicias

2240 1920 2341 1969 me,
2373 1902 2510 1957 Deus
2536 1904 2777 1958 salutaris
2808 1918 2971 1958 meus.
3017 1902 3097 1959 Tu
3122 1902 3266 1957 enim
3297 1901 3517 1972 adjuvas
3542 1903 3634 1975 qui
3658 1903 3850 1959 condi-

2238 1993 2389 2059 disti,
2413 2004 2467 2047 tu
2495 2010 2602 2049 non
2628 1994 2833 2048 deseris
2859 1994 2946 2065 qui
2978 1993 3194 2049 creasti.

2239 2076 2243 2083 ’
2312 2086 2399 2141 18.
2451 2083 2603 2158 [vers.
2643 2083 2757 2158 10.]
2800 2084 3054 2149 Quoniam
3096 2096 3240 2156 pater
3272 2102 3413 2139 meus
3460 2094 3507 2139 et
3540 2096 3700 2141 mater
3734 2103 3851 2140 mea

2238 2175 2613 2239 dereliquerunt
2630 2192 2728 2230 me.
2764 2175 2911 2231 Fecit
2940 2190 2998 2231 se
3022 2177 3304 2247 parvulum
3330 2177 3441 2231 Deo
3468 2192 3483 2230 :
3513 2176 3689 2246 ipsum
3715 2177 3849 2232 fecit
3908 2190 3915 2195 ’

2238 2276 2466 2336 patrem,
2500 2267 2674 2336 ipsum
2700 2267 2823 2322 fecit
2848 2278 3095 2323 matrem.
3126 2267 3284 2322 Pater
3299 2276 3403 2335 est,
3432 2268 3554 2339 quia
3580 2268 3845 2336 condidit,

2236 2452 2360 2521 quia
2399 2453 2584 2515 nutrit,
2615 2452 2736 2523 quia
2766 2451 2948 2519 lactat,
2990 2454 3120 2523 quia
3141 2452 3404 2508 continet.
3438 2452 3597 2506 Pater
3630 2471 3775 2508 ineas
3798 2466 3849 2509 et

2236 2552 2398 2597 mater
2423 2560 2533 2597 mea
2556 2542 2939 2614 dereliquerunt
2960 2558 3073 2608 me;
3097 2541 3348 2598 Dominus
3376 2554 3544 2598 autem
3569 2545 3849 2615 assumpsit

2236 2651 2335 2697 me,
2354 2643 2409 2689 et
2434 2634 2727 2705 regendum
2751 2643 2805 2690 et
2823 2635 3189 2689 nutriendum.
3213 2634 3462 2690 Mortales
3475 2645 3725 2705 parentes
3746 2652 3846 2707 ge-

2238 2734 2489 2793 nuerunt,
2522 2726 2615 2780 filii
2643 2734 3039 2793 successerunt,
3068 2726 3323 2797 mortales
3338 2726 3674 2793 mortalibus,
3697 2735 3753 2780 et
3776 2726 3847 2781 ad

2238 2815 2339 2871 hoc
2362 2816 2475 2871 nati
2500 2827 2624 2871 sunt
2659 2817 2749 2888 qui
2781 2818 3155 2884 succederent,
3189 2826 3249 2872 ut
3276 2818 3367 2887 qui
3404 2827 3706 2889 genuerunt
3748 2818 3849 2875 de-

2234 2907 2524 2963 cederent:
2564 2923 2669 2961 uon
2717 2907 2943 2963 decedet
2983 2909 3074 2979 qui
3118 2924 3206 2964 me
3249 2910 3472 2972 creavit,
3512 2925 3612 2980 ego
3650 2910 3848 2966 abillo

2234 3014 2342 3052 non
2371 2998 2639 3053 recedam.
2688 2997 2846 3052 Pater
2879 3014 3021 3053 meus
3063 3009 3112 3053 et
3134 3009 3295 3053 mater
3324 3015 3435 3053 mea
3468 3001 3847 3072 dereliquernnt

2233 3104 2315 3142 me
2339 3102 2359 3141 :
2390 3086 2639 3142 Dominus
2659 3097 2828 3141 autem
2857 3090 3133 3159 assumpsit
3162 3106 3260 3144 me.
3292 3089 3554 3161 Exceptis
3582 3092 3743 3146 etiam
3775 3092 3849 3146 il-

2235 3179 2303 3233 lis
2330 3179 2541 3233 duobus
2569 3180 2900 3250 parentibus,
2944 3181 3011 3236 de
3037 3195 3266 3252 quorum
3292 3196 3454 3238 carne
3495 3183 3603 3237 nati
3630 3199 3843 3249 sumus,

2233 3277 2386 3339 patre
2415 3271 2675 3333 masculo,
2729 3279 2785 3325 et
2834 3279 3004 3326 matre
3032 3271 3249 3339 femina,
3304 3284 3556 3343 tanquam
3586 3272 3755 3328 Adam
3788 3284 3846 3331 et

2236 3361 2377 3428 Eva;
2408 3362 2650 3430 exceptis
2677 3363 2779 3417 illis
2808 3361 3017 3418 duobus
3065 3364 3399 3434 parentibus,
3451 3363 3712 3421 habemus
3754 3366 3844 3423 hic

2232 3454 2394 3508 alium
2424 3465 2652 3524 patrem,
2682 3465 2737 3510 et
2770 3456 2927 3510 aliam
2952 3465 3199 3524 matrem,
3222 3457 3306 3513 vel
3334 3458 3510 3529 potius
3529 3457 3841 3516 habuimus.

2233 3547 2393 3602 Pater
2422 3547 2717 3603 secundum
2743 3549 2998 3604 s:eculum
3029 3548 3274 3606 diabolus
3300 3538 3402 3618 est,
3451 3560 3507 3607 et
3550 3549 3645 3606 fuit
3675 3552 3840 3609 nobis

2233 3646 2385 3706 pater
2412 3652 2533 3691 eum
2580 3652 2826 3692 essemus
2851 3638 3137 3705 inﬁdeles;
3188 3654 3312 3694 nam
3362 3639 3666 3697 inﬁdelibus
3707 3641 3844 3698 dicit

2233 3726 2492 3782 Dominus
2522 3744 2536 3783 :
2578 3726 2675 3782 Vos
2694 3745 2727 3781 a
2748 3738 2891 3799 patre
2912 3730 3113 3784 diabolo
3132 3732 3253 3786 estis
3283 3730 3461 3803 (Joan.
3492 3729 3608 3800 vtu,
3636 3734 3753 3805 44).
3780 3734 3838 3791 Si

2232 3820 2323 3875 ille
2371 3830 2524 3891 pater
2566 3821 2806 3877 omnium
2849 3824 3158 3893 impiorum,
3194 3823 3284 3895 qui
3327 3835 3582 3894 operatur
3624 3825 3679 3880 in
3713 3827 3839 3881 Iiliis

2230 3911 2541 3968 difﬁdentia:
2562 3912 2779 3986 (Ephes.
2806 3930 2862 3979 u,
2880 3914 2963 3987 2),
2991 3924 3165 3971 mater
3187 3931 3307 3986 qua:
3334 3917 3454 3973 est?
3477 3917 3837 3989 Estquzedam

2230 4002 2439 4067 civitas,
2467 4020 2585 4074 quze
2615 4005 2903 4076 Babylonia
2930 4005 3127 4062 dicitur
3154 4024 3169 4061 :
3201 4008 3387 4063 civitas
3430 4008 3552 4073 ista,
3597 4010 3838 4069 societas

2232 4105 2317 4151 est
2340 4098 2577 4152 omnium
2608 4098 2943 4167 perditorum
2970 4100 3038 4155 ab
3064 4099 3273 4157 oriente
3298 4116 3466 4171 usque
3491 4102 3543 4157 in
3584 4103 3841 4160 occiden-

2230 4197 2373 4254 tem;
2418 4190 2531 4258 ipsa
2565 4188 2727 4245 habet
2763 4205 2987 4262 regnum
3019 4200 3317 4248 terrenum.
3360 4192 3664 4250 Secundum
3697 4196 3839 4252 hanc

2229 4280 2503 4336 civitatem
2532 4280 2834 4350 respublica
2860 4280 2936 4355 (ii)
2966 4282 3209 4353 qumdam
3241 4283 3456 4352 dicitur,
3484 4301 3643 4356 quam
3672 4286 3838 4342 modo

2234 4364 2424 4417 videtis
2463 4379 2745 4420 senescere
2788 4375 2842 4421 et
2882 4367 3093 4424 niinui:
3145 4371 3259 4425 baic
3302 4372 3474 4442 prima
3519 4374 3622 4431 fuit
3659 4392 3835 4435 mater

2232 4464 2435 4520 nostra,
2469 4456 2521 4508 in
2541 4454 2639 4509 hac
2664 4456 2774 4509 nati
2796 4471 3001 4512 sumus.
3033 4457 3395 4531 Cognovimus
3410 4454 3570 4519 alium
3597 4478 3830 4538 patrem,

2233 4544 2397 4599 Deum
2421 4560 2436 4609 ;
2472 4545 2785 4616 reliquimus
2814 4546 3104 4604 diabolum.
3131 4550 3357 4621 Quando
3378 4554 3522 4611 enim
3554 4557 3718 4613 audet
3739 4576 3834 4616 ac-

2230 4633 2423 4690 cedere
2459 4635 2525 4690 ad
2552 4650 2667 4703 eos,
2696 4652 2832 4707 quos
2869 4637 2960 4696 ille
2984 4643 3220 4712 suscepit
3248 4644 3337 4715 qui
3365 4659 3580 4716 superat
3604 4652 3833 4708 omnia?

2232 4725 2590 4796 Cognovimus
2609 4728 2766 4782 aliam
2790 4741 3035 4797 matrem,
3064 4733 3359 4791 Jerusalem
3385 4740 3679 4805 ctelestem,
3707 4760 3832 4815 qua:

2231 4827 2313 4871 est
2333 4830 2514 4871 saneta
2537 4818 2793 4885 Ecclesia,
2813 4821 2964 4892 cujus
2982 4824 3155 4892 portio
3172 4828 3542 4898 peregrinatur
3564 4830 3616 4887 in
3646 4844 3790 4891 terra
3813 4855 3828 4892 :

2233 4908 2543 4978 reliquimus
2583 4909 2951 4982 Babyloniam.
2989 4914 3149 4970 Pater
3172 4934 3311 4972 meus
3346 4929 3393 4973 et
3426 4931 3584 4977 mater
3603 4942 3714 4981 mea
3741 4929 3833 4982 de-

2230 4999 2536 5066 reliquerunt
2575 5015 2809 5056 memon
2846 5003 3040 5060 habent
3061 5006 3171 5076 jam
3202 5008 3346 5077 quod
3370 5012 3499 5067 mihi
3536 5026 3828 5089 praestent;

2231 5088 2353 5157 quia
2386 5098 2440 5143 et
2482 5089 2693 5157 quando
2715 5090 2843 5146 mibi
2874 5105 3126 5162 praestare
3156 5098 3489 5168 videbantur,
3519 5112 3576 5159 tu
3600 5088 3843 5175 praesta-

2229 5176 2346 5243 bas,
2379 5188 2433 5233 et
2461 5179 2568 5233 illis
2595 5180 2938 5251 imputabant.

2495 5376 2682 5452 protegi
2716 5390 2749 5427 a
2769 5378 2965 5452 templo
2994 5386 3091 5429 tuo.
3117 5388 3176 5432 Αι
3211 5389 3338 5445 uss,
3370 5384 3558 5450 protegi
3592 5388 3830 5452 templmn

2227 5441 2399 5513 tuam;
2422 5440 2704 5513 commotius
2722 5440 2781 5513 ad
2803 5440 3072 5513 superiora.

2296 5500 2315 5570 ξ
2339 5500 2422 5570 sic
2432 5504 2656 5570 levissima.
2684 5500 2768 5551 Alii
2792 5500 3033 5570 quinque,
3046 5510 3196 5555 utere.
3221 5504 3350 5570 Edd.,
3376 5520 3515 5569 vero,
3541 5514 3592 5559 ut
3616 5508 3760 5561 ima.

2296 5515 2315 5530 ι
2340 5515 2412 5547 alt:
2433 5515 2656 5570 arguas.
2684 5515 2768 5551 Alli
2792 5515 2907 5563 qum
2943 5515 3025 5562 ue,
3046 5515 3196 5555 utere.
3221 5515 3350 5569 eam,
3376 5520 3515 5569 vero,
3541 5515 3592 5559 ut
3616 5515 3760 5561 ira".

2226 5558 2603 5670 αὲξὲηιξεῗῧοιι
2625 5565 2751 5612 torte
2775 5565 2833 5612 ad
2860 5515 3038 5628 Ρρῖιεὶἱ
3063 5579 3301 5629 errorem,
3339 5569 3585 5619 invectum
3617 5573 3667 5620 in
3701 5576 3825 5625 Atria

2293 5680 2655 5750 multomanam
2687 5684 3037 5746 rempublicam
3071 5696 3225 5750 notat,
3275 5672 3625 5743 senescentem
3663 5697 3827 5748 veluti

2228 5742 2617 5856 ἷξιῗίὲῗῗῇἷῗυ
2638 5758 2668 5794 ³
2690 5742 2914 5814 multm"
2948 5757 3148 5803 “Sulla:
3188 5742 3332 5803 Italiae
3355 5765 3434 5804 an.
3476 5742 3645 5806 tollet
