4008 6362
132 405 224 460 209

157 566 166 578 .
195 524 278 580 l0.
316 522 360 576 Λ
393 535 498 587 quo
525 521 676 576 enim
716 518 874 575 etiam
906 515 1200 572 secundum
1246 513 1503 568 mundum
1563 513 1723 566 istum

127 621 399 685 pri-statur
426 612 665 674 homini,
698 611 797 665 nisi
827 626 854 662 a
886 606 1038 663 Deo?
1065 608 1170 662 Aut
1198 606 1324 676 quid
1355 605 1596 679 aufertur
1629 604 1725 656 ho-

129 708 245 760 mini
275 749 290 768 ,
322 707 424 758 nisi
455 705 543 758 ille
569 703 832 772 jusserit,
861 709 951 755 aut
978 699 1284 771 permiserit
1305 739 1318 758 ,
1351 698 1438 767 qui
1464 695 1724 751 donavit?

126 799 221 853 Sed
244 806 433 868 putant
452 796 575 849 vani
599 795 864 856 homines,
884 792 1022 861 quod
1037 791 1139 845 hoc
1155 789 1430 844 dt'entones
1448 795 1721 860 pratstent,

124 905 250 959 quos
273 888 520 950 adorant;
541 895 595 941 et
621 875 906 952 aliquando
926 883 1108 935 dicunt
1139 881 1237 933 sibi
1261 896 1273 931 :
1301 879 1440 933 Deus
1469 878 1539 930 ad
1563 878 1722 930 vitam

127 991 370 1034 :etcrnam
394 977 736 1033 necessarius
760 987 873 1039 est,
904 973 971 1027 ad
999 973 1145 1026 illam
1175 971 1337 1024 vitam
1367 967 1720 1039 Spiritualem;

126 1079 415 1140 potestates
453 1077 634 1122 autem
666 1067 782 1121 ista:
820 1065 1022 1120 debent
1065 1079 1096 1117 a
1140 1061 1298 1116 nobis
1333 1060 1434 1114 coli
1463 1101 1477 1127 ,
1508 1069 1726 1128 propter

127 1162 216 1217 ista
241 1159 576 1229 temporalia.
598 1157 887 1227 Oinanitas
914 1155 1132 1225 generis
1151 1152 1365 1206 humani
1387 1153 1400 1206 !
1423 1151 1548 1204 Plus
1575 1163 1725 1201 amas

125 1273 209 1310 cas
239 1269 325 1309 res
366 1262 590 1324 propter
625 1266 759 1322 quas
805 1249 936 1304 istos
957 1248 1038 1302 vis
1084 1246 1265 1300 colere
1293 1262 1306 1298 :
1341 1242 1578 1314 profecto
1608 1244 1723 1310 plus

123 1344 285 1400 habes
333 1345 464 1399 istos
492 1344 707 1408 colere,
745 1351 801 1396 ut
862 1356 967 1395 non
1020 1339 1194 1393 dicam
1246 1336 1406 1408 plus,
1439 1345 1584 1389 certe
1638 1333 1724 1387 vel

126 1449 344 1492 tantum.
393 1435 509 1490 Non
553 1436 665 1488 vult
715 1442 892 1487 autem
941 1431 1080 1485 Deus
1127 1428 1231 1483 coli
1278 1441 1400 1481 cum
1446 1425 1549 1479 illis
1579 1465 1593 1488 ,
1626 1439 1726 1478 nec

124 1530 167 1584 si
201 1530 315 1598 ipse
351 1527 562 1583 colatur
590 1526 758 1579 multo
794 1523 1059 1594 amplius,
1101 1528 1156 1576 et
1202 1519 1276 1572 illi
1324 1518 1491 1572 multo
1526 1517 1721 1569 minus.

125 1618 256 1686 Quid
288 1633 441 1688 ergo,
462 1617 692 1687 inquies,
713 1623 766 1669 ct
790 1615 874 1668 isti
898 1628 1003 1667 non
1029 1621 1154 1667 sunt
1173 1610 1457 1665 necessarii
1483 1609 1552 1662 ad
1574 1611 1685 1661 lucc
1704 1607 1726 1660 ‘t

125 1709 258 1766 Non.
277 1707 692 1765 Sedtimcndum
717 1714 798 1761 est
820 1721 887 1761 ne
911 1705 1028 1759 irati
1046 1712 1294 1758 noceant.
1317 1701 1432 1755 Non
1460 1700 1725 1754 nocebunt

127 1805 224 1858 nisi
253 1803 346 1860 ille
371 1800 668 1873 permittat.
691 1799 783 1853 Isti
809 1813 1024 1867 semper
1046 1796 1250 1850 habent
1271 1796 1598 1848 voluntatem
1631 1810 1726 1847 no-

125 1896 299 1961 cendi,
325 1909 427 1948 nec
448 1892 495 1946 si
517 1894 814 1962 placentur,
837 1905 937 1944 nee
963 1889 1010 1943 si
1041 1899 1316 1958 rogentur,
1349 1886 1603 1941 desinunt
1626 1901 1726 1939 no-

126 2003 247 2041 cere
269 1986 409 2040 velle
439 2000 452 2037 :
486 1983 588 2037 hoc
615 1982 755 2037 enim
790 1979 1181 2035 malevolentia:
1213 1979 1424 2032 illorum
1452 1977 1723 2046 proprium

127 2088 225 2134 est.
255 2078 400 2147 Ergo
426 2076 554 2146 quid
577 2073 740 2130 facies
768 2088 862 2128 eos
890 2071 1137 2133 colendo,
1162 2070 1264 2124 nisi
1295 2078 1352 2122 ut
1384 2071 1530 2121 illum
1560 2067 1728 2121 offen-

126 2171 220 2225 das
242 2211 258 2236 ,
288 2183 397 2239 quo
430 2167 638 2222 olfenso
666 2164 718 2220 in
749 2165 971 2218 istorum
1001 2169 1318 2240 potestatem
1351 2159 1565 2213 daberis
1590 2160 1604 2189 ί
1633 2175 1646 2210 :
1673 2167 1728 2211 ut

127 2264 216 2332 qui
246 2261 344 2316 tibi
371 2260 502 2315 nihil
529 2267 745 2329 possent
773 2257 948 2312 facere
977 2255 1068 2310 illo
1095 2255 1322 2326 placato,
1358 2253 1550 2307 faciant
1573 2248 1730 2321 quid-

126 2355 251 2426 quid
274 2355 464 2407 volunt
484 2353 578 2406 illo
600 2352 756 2405 irafo.
783 2350 849 2406 Et
873 2357 927 2403 ut
957 2348 1171 2403 noveris
1191 2362 1348 2416 quam
1383 2345 1574 2400 frustra
1600 2345 1728 2399 istos

127 2447 294 2512 colas,
319 2443 474 2514 quasi
501 2453 719 2513 pr0pter
738 2441 1046 2510 temporalia
1074 2440 1314 2509 quisquis
1347 2439 1459 2495 hare
1485 2438 1724 2506 cogitas:

129 2553 320 2592 omnes
357 2536 448 2606 qui
485 2534 668 2590 colunt
708 2533 1008 2602 Neptunum
1035 2573 1050 2596 ,
1081 2545 1187 2584 non
1231 2527 1679 2598 naufragaverunt
1709 2543 1724 2592 ;

127 2639 215 2683 aut
254 2643 447 2682 omnes
487 2627 578 2697 qui
622 2626 993 2694 hlasphemant
1036 2622 1377 2691 Neptunum,
1407 2621 1474 2674 ad
1519 2631 1728 2689 portum

130 2735 233 2774 non
264 2716 661 2789 pervenerunt?
690 2729 878 2769 omnes
907 2714 1160 2768 mulieres
1179 2713 1421 2766 colentes
1440 2711 1727 2775 Junonem,

128 2812 262 2865 bene
284 2815 635 2880 pepererunt;
657 2819 748 2861 aut
774 2821 962 2860 omnes
988 2804 1416 2874 blasphemantes
1441 2804 1728 2867 lunonem,

128 2903 267 2958 male
319 2899 688 2971 pepererunt?
730 2897 864 2951 Hinc
907 2895 1166 2964 intelligat
1206 2891 1450 2947 Charitas
1508 2892 1728 2955 Vestra,

129 2998 317 3050 inanes
339 3009 460 3049 esse
490 2990 756 3055 homines,
785 2989 873 3058 qui
903 2989 1032 3042 istos
1064 2987 1251 3040 volunt
1280 2985 1458 3039 colere
1487 2984 1570 3037 vel
1603 2997 1729 3053 pro-

129 3095 244 3155 pter
271 3086 374 3139 ista
405 3092 644 3138 terrena.
674 3080 805 3135 Nam
836 3079 881 3133 si
906 3087 1128 3149 propter
1153 3076 1250 3131 ista
1281 3084 1490 3131 terrena
1517 3074 1726 3129 colendi

128 3183 309 3231 essent
333 3216 348 3238 ,
380 3173 482 3228 soli
518 3172 754 3227 cultores
785 3171 996 3223 illorum
1026 3166 1252 3221 terrenis
1280 3165 1526 3220 omnibus
1553 3164 1726 3219 abun-
1761 3208 1773 3218 .

128 3268 340 3321 darent.
362 3263 515 3332 Quod
543 3261 756 3332 quidem
785 3263 827 3313 si
853 3268 1019 3320 esset,
1040 3257 1223 3327 fugere
1247 3270 1345 3310 nos
1367 3255 1487 3309 talia
1510 3255 1650 3309 dona
1679 3262 1736 3309 ct

128 3378 283 3415 unam
317 3368 506 3428 petere
524 3374 553 3411 a
574 3355 812 3410 Domino
838 3353 1180 3408 deberemus.
1216 3349 1329 3404 lluc
1353 3348 1577 3414 accedit,
1609 3348 1734 3418 quia

130 3464 180 3508 et
209 3454 308 3506 ista
339 3451 431 3505 ille
458 3449 577 3514 dat,
612 3447 702 3517 qui
733 3443 1022 3499 offenditur
1042 3456 1163 3496 cum
1193 3437 1565 3494 isti'coluntur.
1595 3439 1735 3506 Ergo

129 3547 400 3612 relinquat
427 3556 526 3596 nos
548 3549 699 3608 pater
716 3545 921 3600 noster,
945 3544 1002 3590 et
1028 3541 1198 3587 mater
1221 3541 1402 3586 nostra
1431 3547 1443 3582 :
1470 3530 1736 3598 relinquat

128 3636 398 3696 diabolus,
419 3633 683 3700 relinquat
707 3627 942 3700 Babylon
965 3625 1153 3680 civitas
1178 3639 1191 3676 :
1218 3623 1476 3677 Dominus
1494 3622 1592 3674 nos
1618 3635 1735 3673 sus-

127 3729 289 3798 cipiat
313 3723 672 3782 consolandos
697 3711 1734 3789 temporalibus,beatiﬂcandosaeternis.

131 3819 388 3884 Quoniam
415 3824 562 3886 pater
593 3828 734 3866 meus
761 3821 808 3865 et
852 3819 1011 3863 mater
1045 3823 1156 3861 mea
1202 3805 1571 3876 dereliquerunt
1613 3819 1692 3855 me
1717 3815 1738 3857 :

126 3913 385 3965 Dominus
413 3917 582 3961 autem
607 3903 876 3972 assumpsit
900 3917 998 3955 me.

197 4004 290 4059 ΞΟ.
337 4001 515 4075 hers.
568 3997 710 4070 “.1
755 3995 870 4050 Jam
918 4007 1048 4064 ergo
1092 3997 1400 4058 assumptus
1433 3995 1516 4041 est
1560 4001 1587 4038 a
1628 3985 1738 4039 Do-

128 4099 309 4162 mino,
334 4094 547 4149 deserta
591 4091 680 4144 illa
719 4089 934 4143 civitate
975 4094 1029 4140 et
1075 4092 1285 4139 rectore
1327 4079 1446 4150 ejus
1487 4078 1734 4142 diabolo,

129 4190 251 4260 quia
273 4197 455 4243 rector
482 4183 766 4254 impiorum
791 4179 1035 4234 diabolus
1056 4185 1163 4241 est,
1186 4181 1363 4229 rector
1383 4171 1567 4227 mundi
1590 4181 1740 4225 tene-

136 4280 360 4333 hrarum
407 4277 617 4329 harum.
661 4273 893 4340 Quarum
937 4265 1318 4322 tenebrarum?
1353 4264 1733 4325 Peccatorum,

133 4371 460 4425 infidelium.
509 4363 663 4421 Unde
695 4363 805 4432 jam
846 4359 1189 4415 credentibus
1229 4355 1358 4411 dicit
1404 4354 1735 4422 Apostolus:

131 4463 334 4518 Fuistis
360 4459 638 4530 aliquando
669 4457 882 4509 tenebrw
902 4496 915 4518 ,
942 4467 1076 4506 nunc
1114 4459 1283 4503 autent
1322 4447 1412 4502 lux
1438 4447 1491 4499 in
1519 4444 1739 4498 Domino

136 4557 364 4626 (Epiros.
387 4569 444 4607 ν.
464 4551 539 4625 8).
563 4551 702 4619 Ergo
714 4549 822 4618 jam
845 4544 1075 4613 suscepti
1099 4544 1165 4597 ab
1186 4542 1300 4606 illo,
1319 4538 1442 4608 quid
1465 4535 1740 4592 dicamus?

134 4647 326 4718 Legem
375 4643 496 4697 mihi
526 4640 772 4695 constitue
795 4681 808 4703 ,
838 4637 1053 4690 Domine
1075 4675 1090 4697 ,
1112 4635 1164 4686 in
1211 4632 1290 4686 uia
1321 4639 1424 4684 tua.
1473 4631 1648 4682 Ausus
1682 4643 1740 4680 es

131 4715 325 4809 petere
357 4733 566 4805 legem?
594 4731 730 4798 Quid
762 4730 804 4783 si
837 4727 928 4780 tibi
953 4726 1090 4779 dicat
1120 4740 1142 4777 ς
1179 4719 1427 4790 lmplebis
1457 4715 1739 4809 legemisi

132 4806 342 4885 dedero
370 4828 568 4896 legem,
592 4820 835 4891 implebis
863 4832 1001 4872 eam.
1028 4809 1142 4882 Non
1175 4811 1395 4866 auderet
1417 4818 1614 4899 petere,
1640 4806 1740 4861 nisi

132 4921 316 4992 primo
329 4916 535 4971 diceret
555 4931 567 4965 :
589 4911 836 4965 Dominus
853 4918 1020 4961 autem
1032 4904 1248 4974 suscepit
1271 4918 1367 4956 me.
1385 4899 1501 4955 Non
1519 4897 1744 4952 auderet

136 4988 350 5082 petere,
369 5007 469 5062 nisi
491 5005 661 5075 primo
677 5002 910 5057 diceret:
930 4998 1146 5068 Adjutor
1160 5010 1295 5048 meus
1322 5001 1444 5046 esto.
1465 4989 1603 5058 Ergo
1621 4988 1664 5041 si
1688 4998 1740 5041 tu

137 5081 389 5176 adiuvas,
418 5101 464 5155 si
495 5110 548 5155 tu
576 5095 820 5164 suscipis,
850 5091 914 5147 da
941 5091 1112 5159 legem
1148 5106 1162 5142 :
1191 5085 1376 5155 Legem
1402 5082 1527 5135 milii
1551 5081 1740 5176 consti-

136 5173 248 5265 tue,
277 5195 519 5258 Domine,
546 5194 600 5245 in
627 5191 708 5246 via
726 5199 833 5241 tua.
866 5185 1009 5255 Ergo
1039 5184 1211 5252 legem
1241 5179 1369 5233 mihi
1394 5176 1658 5232 constitue
1689 5173 1740 5226 in

134 5292 360 5348 Christo
393 5299 502 5341 tuo.
522 5284 640 5355 ipsa
669 5280 812 5337 enim
842 5279 923 5331 via
955 5278 1130 5330 locuta
1155 5282 1239 5326 est
1266 5270 1417 5324 nobis
1437 5310 1452 5334 ,
1483 5276 1537 5320 et
1561 5265 1695 5319 dixit
1727 5280 1739 5315 :

143 5379 260 5452 Ego
303 5394 419 5434 sum
460 5375 577 5436 via,
610 5374 793 5427 veritas
835 5377 884 5424 et
924 5367 1024 5419 vita
1053 5362 1230 5436 (Joan.
1269 5375 1358 5414 XIV
1388 5400 1403 5425 ,
1433 5357 1510 5426 6).
1543 5357 1649 5410 Lex
1691 5355 1742 5408 in

141 5449 382 5536 Christo,
413 5467 496 5522 lex
528 5467 649 5520 cum
682 5457 1044 5516 misericordia
1071 5465 1173 5508 est.
1203 5453 1318 5522 lpsa
1348 5459 1431 5506 est
1455 5449 1743 5519 sapientia,

141 5561 211 5619 de
239 5576 346 5635 qua
374 5556 634 5628 scriptum
663 5560 745 5609 est
777 5570 792 5606 :
827 5549 1011 5620 Legem
1052 5554 1216 5600 autem
1261 5551 1306 5598 et
1348 5538 1747 5596 misericordiam

207 5803 228 5838 ⁸
250 5799 540 5852 Theoderici.
565 5793 748 5849 codex.
766 5788 818 5840 in
834 5785 1034 5855 istarum
1055 5788 1331 5855 potestatem
1371 5780 1562 5834 laberis.
1579 5780 1750 5832 Plures

140 5865 225 5920 tu
237 5849 443 5929 nisi
459 5849 668 5916 istorum
679 5859 910 5922 potestate
934 5849 1142 5900 habetis.

1220 395 1617 455 ENARRATIO
1657 396 1720 450 ΙΝ
1761 393 2086 454 PSALMUM
2127 398 2318 454 XXVI.

3323 400 3435 462 21⁸.)

1834 513 1885 566 in
1913 513 2088 584 lingua
2119 525 2283 583 portat
2312 513 2492 586 (Prov.
2525 531 2674 586 xm,
2708 516 2820 584 26).
2853 515 2920 570 Et
2940 517 2984 571 si
3010 515 3295 572 offenderis
3326 521 3422 572 ali-

1833 605 1958 673 quid
1996 607 2048 659 iu
2091 606 2204 676 lege
2231 647 2245 672 ,
2280 607 2370 661 ille
2399 607 2486 676 qui
2522 624 2615 675 pro
2648 618 2698 662 te
2741 609 2872 661 fudit
2906 611 3214 679 sanguinem
3244 627 3422 673 suum,

1833 694 2104 750 confitenti
2155 698 2379 766 ignoscit
2411 697 2503 750 tibi
2535 716 2546 750 :
2583 705 2634 752 tu
2670 707 2871 751 tantum
2914 701 3049 752 viam
3082 702 3186 754 noli
3214 702 3430 755 desere-

1835 803 1924 851 re;
1954 787 2042 842 dic
2094 789 2518 857 illi,Susreptor
2571 807 2720 844 mens
2773 803 2928 854 esto,
2967 791 3026 844 Et
3068 793 3228 861 dirige
3255 809 3335 845 me
3378 793 3430 844 in

1833 880 2010 933 semita
2035 891 2170 933 recta
2198 891 2403 951 prapter
2441 881 2670 934 inimicos
2698 899 2850 936 meos.
2878 884 3072 952 Legem
3103 884 3168 936 da
3198 925 3210 946 ,
3243 884 3335 937 sed
3361 900 3432 937 ne

1833 971 2042 1026 auferas
2065 974 2506 1037 miscricordiam;
2537 977 2624 1042 qui
2654 975 2790 1027 dixit
2818 976 2867 1027 in
2900 977 3006 1028 alio
3034 977 3269 1043 psalmo:
3295 973 3430 1027 Nam

1833 1072 1879 1116 et
1903 1065 2298 1118 misericordiam
2323 1066 2495 1128 dabit,
2522 1067 2610 1133 qui
2641 1067 2794 1136 legem
2824 1067 2961 1119 dedit
2986 1068 3153 1139 (Psal.
3183 1084 3386 1122 Lxxxnt
3415 1111 3428 1130 ,

1832 1155 1919 1227 8).
1949 1157 2118 1225 Ergo,
2154 1156 2335 1228 Legem
2367 1159 2488 1210 mihi
2515 1161 2763 1212 constitue
2786 1202 2798 1221 ,
2839 1160 3051 1213 Domine
3074 1204 3086 1222 ,
3113 1162 3165 1211 in
3195 1163 3274 1213 via
3305 1173 3388 1213 tua
3411 1204 3423 1217 .

1824 1247 1934 1302 hoc
1974 1248 2037 1301 ad
2082 1257 2402 1317 praeceptum
2433 1251 2704 1318 pertinet:
2735 1253 2799 1303 ad
2840 1255 3258 1306 miscrEConliam
3302 1254 3423 1321 quin

1833 1341 2095 1408 pcrlinet?
2125 1340 2192 1394 Et
2217 1343 2378 1413 dirige
2406 1359 2500 1407 me,
2534 1343 2723 1411 inquit,
2755 1345 2806 1396 in
2837 1348 3012 1396 sumito
3041 1359 3190 1404 recta,
3223 1356 3429 1413 propter

1832 1448 2064 1486 tnmttcos
2089 1450 2223 1487 "1908
2233 1473 2244 1484 .

1903 1523 1994 1577 ‘21.
2037 1521 2184 1595 [verm
2220 1522 2332 1596 12.]
2362 1523 2443 1578 Ne
2466 1525 2734 1578 tradideris
2762 1543 2838 1578 me
2878 1527 2929 1578 in
2955 1526 3148 1578 animus
3178 1529 3449 1580 ινὶιιιιιαηεο

1833 1613 1956 1667 tium
1984 1631 2112 1669 me?
2143 1614 2195 1669 id
2224 1627 2335 1681 est,
2367 1631 2435 1671 ne
2463 1618 2793 1671 consentiam
2825 1617 3200 1670 tribulantihus
3232 1634 3336 1672 me.
3371 1613 3425 1668 Si

1834 1708 1974 1759 enim
2005 1708 2343 1762 consenseris
2368 1709 2636 1762 tribulanti
2665 1717 2715 1763 te
2742 1709 2794 1762 in
2822 1709 3052 1762 animam
3083 1710 3268 1779 ipsius,
3296 1726 3431 1778 qno-

1833 1797 2121 1852 dammodo
2150 1815 2254 1852 non
2281 1799 2561 1854 dcvorabit
2585 1815 2798 1854 carnem
2824 1841 2840 1866 ,
2874 1801 2966 1854 sed
2995 1802 3266 1857 voluntate
3311 1815 3433 1869 rer-

1835 1906 1987 1944 versa
2029 1891 2263 1944 animam
2297 1901 2440 1945 tuam
2481 1891 2838 1946 ntanducabit.
2872 1892 2953 1944 Ne
2978 1893 3248 1945 tradideris
3275 1909 3345 1945 nit
3379 1889 3433 1940 in

1833 1981 2030 2034 animas
2052 1981 2404 2034 tribulantium
2426 1999 2521 2034 me.
2546 1982 2740 2044 Trade,
2767 1982 2809 2036 si
2831 1983 2929 2035 hoc
2947 1984 3142 2053 placet,
3164 1987 3217 2037 in
3244 1999 3433 2037 manus

1835 2072 2224 2126 triliulantium.
2249 2074 2499 2128 Dixeruul
2531 2074 2673 2128 enim
2706 2075 2805 2127 hoc
2834 2076 2908 2127 illi
2940 2088 3224 2146 martyres,
3246 2086 3301 2131 et
3329 2087 3434 2128 tra-

1833 2164 1970 2218 didit
1995 2180 2122 2219 suos
2159 2166 2209 2218 in
2241 2180 2429 2218 manus
2455 2165 2844 2218 tribulantinm.
2876 2165 2981 2219 Sed
3013 2167 3137 2233 quid
3178 2167 3391 2219 tradidit
3411 2171 3433 2218 ’ἐ

1834 2254 2084 2310 Carnem.
2113 2255 2264 2321 Quod
2293 2255 2486 2310 dicitur
2517 2256 2567 2309 in
2599 2257 2736 2310 libro
2759 2256 2891 2323 Job,
2929 2256 3086 2309 Terra
3123 2257 3313 2310 tradita
3361 2268 3433 2310 est

1835 2346 1887 2399 in
1916 2362 2097 2400 manus
2120 2347 2262 2417 impii
2295 2347 2414 2418 (.Iob
2466 2361 2540 2411 Ix,
2568 2345 2660 2416 9.4)
2694 2364 2707 2398 :
2735 2362 2860 2401 caro
2889 2346 3078 2400 tradita
3124 2356 3206 2401 est
3238 2347 3289 2399 in
3319 2362 3433 2399 ma-

1837 2451 1937 2491 nus
1952 2438 2335 2507 persecutoris.
2360 2436 2440 2489 Ne
2454 2437 2728 2490 tradideris
2753 2453 2850 2502 me,
2871 2453 2976 2490 non
3000 2453 3214 2491 carnem
3236 2453 3432 2498 meam,

1836 2529 1931 2585 sed
1962 2545 2070 2584 me.
2104 2529 2292 2583 Anima
2340 2528 2432 2582 tibi
2480 2529 2701 2594 loquor,
2727 2544 2877 2581 mens
2921 2528 3017 2582 tibi
3067 2529 3294 2598 loquor;
3328 2545 3435 2581 non

1837 2622 1957 2675 dico
1982 2662 1997 2687 ,
2028 2619 2146 2675 Noli
2180 2621 2388 2675 tradere
2417 2636 2631 2673 carnem
2664 2636 2836 2673 meam
2865 2620 2916 2673 in
2947 2636 3135 2674 manus
3170 2621 3429 2674 tribulati-

1839 2714 1968 2765 tium
1993 2726 2112 2774 me;
2144 2711 2236 2764 sed
2257 2750 2272 2775 ,
2304 2709 2427 2763 Noli
2449 2726 2526 2763 me
2553 2711 2752 2763 tradere
2773 2711 2825 2763 in
2855 2711 3053 2764 animus
3083 2711 3432 2765 tribulantium

1838 2821 1934 2856 ine.
1969 2803 2031 2856 Et
2057 2801 2326 2871 quomodo
2354 2801 2912 2855 tradtnttur'homines
2953 2804 3003 2855 in
3035 2802 3238 2856 animas
3272 2803 3432 2855 tribu~

1843 2897 2061 2950 lantiunt
2088 2895 2185 2949 se?
2217 2894 2468 2961 Quoniam
2495 2894 2874 2947 insurrexerunt
2905 2895 2958 2947 in
2985 2912 3062 2948 me
3093 2905 3235 2948 testes
3256 2895 3432 2964 iniqui.

1838 2994 1955 3047 Jaul
1987 2991 2108 3061 quia
2139 2999 2299 3044 testes
2330 2989 2490 3057 iniqui
2520 2999 2672 3052 sunt,
2704 2999 2755 3042 ct
2784 2989 2946 3042 multa
2977 2989 3112 3042 mala
3147 2989 3198 3041 in
3231 3003 3317 3042 me
3351 2987 3436 3041 di—

1841 3091 1988 3149 cunt,
2018 3093 2072 3137 et
2100 3084 2149 3136 in
2183 3083 2362 3137 multis
2390 3081 2516 3134 mihi
2540 3081 2850 3144 detrahunt;
2881 3081 2923 3134 si
2958 3083 3178 3134 traditus
3208 3081 3356 3134 fuero
3385 3082 3434 3134 in

1841 3175 2047 3228 animas
2077 3189 2281 3234 eorum,
2313 3173 2540 3225 mentiar
2568 3183 2618 3226 et
2645 3187 2744 3242 ego
2764 3213 2776 3232 ,
2802 3182 2855 3225 et
2881 3188 2976 3226 cro
3005 3173 3180 3226 socius
3209 3188 3393 3225 eorum
3419 3215 3431 3236 ,

1841 3281 1946 3319 non
1981 3266 2244 3334 particeps
2268 3264 2505 3318 veritatis
2534 3272 2655 3327 tum,
2681 3262 2773 3315 sed
2804 3264 3192 3331 comparticcps
3221 3262 3437 3315 utenda-

1844 3363 1912 3416 cii
1945 3362 2204 3414 adversus
2235 3369 2284 3414 te
2319 3375 2331 3410 :
2365 3357 2772 3412 Exsurrexerunt
2814 3358 2937 3409 mihi
2982 3367 3126 3409 testes
3169 3357 3365 3425 iniqui;
3391 3367 3437 3408 rt

1844 3452 2051 3504 mentita
2075 3457 2145 3502 est
2174 3449 2413 3515 iniquitas
2442 3447 2556 3501 sibi.
2589 3447 2700 3501 Sibi
2729 3489 2744 3513 ,
2772 3461 2877 3501 non
2905 3447 3034 3500 mihi
3061 3463 3073 3499 :
3099 3447 3196 3500 sibi
3225 3462 3438 3515 semper

1844 3541 2151 3603 mentiatur,
2173 3539 2299 3592 mihi
2322 3548 2622 3593 autemnon
2648 3539 2953 3593 mentiatur.
2974 3539 3028 3593 Si
3053 3538 3332 3593 tradideris
3353 3555 3437 3592 me

1845 3635 1896 3687 in
1946 3633 2152 3686 animas
2201 3631 2564 3687 tribulantium
2607 3646 2695 3685 me
2723 3672 2738 3694 ,
2768 3630 2819 3684 id
2868 3639 2990 3697 est,
3020 3631 3064 3684 si
3113 3645 3438 3685 consensere

1844 3725 2206 3780 voluntatibus
2256 3729 2483 3785 eorum:
2533 3722 2643 3792 jam
2711 3738 2816 3777 non
2885 3724 2984 3778 sibi
3053 3724 3274 3778 mentita
3337 3728 3438 3777 erit

1845 3814 2096 3884 iniquitas
2125 3854 2138 3877 ,
2168 3814 2262 3869 sed
2307 3823 2359 3868 et
2405 3812 2533 3867 mihi
2568 3813 2658 3869 :si
2696 3822 2874 3868 autem
2915 3814 3137 3868 saiviant
3178 3824 3436 3885 quantum

1843 3910 2129 3970 voluerint,
2161 3917 2216 3962 et
2262 3915 2526 3961 conentur
2574 3905 2834 3975 impedire
2866 3921 3061 3960 cursus
3113 3922 3260 3960 meos
3284 3947 3300 3970 ,
3334 3923 3436 3960 ttOn

1846 4008 2023 4054 tamen
2057 4009 2109 4051 tu
2138 4012 2224 4051 me
2251 3997 2345 4052 des
2371 3998 2420 4050 in
2449 3996 2654 4050 animas
2675 4012 2885 4062 eorum;
2917 4011 3020 4049 non
3050 3997 3438 4050 consentiendo

1845 4090 2204 4144 voluntatilms
2231 4105 2414 4143 eorum
2433 4131 2445 4154 ,
2477 4088 2766 4142 remanebo
2793 4103 2924 4159 ego,
2954 4098 3007 4141 et
3033 4088 3356 4156 permanebo
3386 4089 3436 4141 in

1845 4184 2067 4237 veritate
2086 4194 2195 4244 tua,
2227 4165 2866 4248 etmcntieturiniquitas,
2887 4195 2990 4231 non
3013 4178 3162 4241 mihi,
3193 4179 3285 4232 sed
3313 4178 3434 4232 sibi.

1915 4273 2004 4327 22.
2036 4270 2204 4345 [vers.
2243 4270 2365 4343 l5.]
2395 4272 2550 4325 Redit
2588 4271 2652 4323 ad
2705 4271 2846 4322 illam
2879 4285 3035 4322 unam
3065 4279 3186 4339 post
3215 4269 3311 4323 ista
3344 4284 3437 4338 pe-

1846 4366 2011 4438 ricula,
2035 4408 2048 4430 ,
2083 4374 2202 4435 post
2239 4365 2449 4418 labores
2470 4405 2484 4428 ,
2515 4373 2635 4430 post
2675 4362 3013 4416 difficultates
3034 4405 3049 4428 ,
3080 4365 3216 4417 inter
3252 4379 3440 4418 manus

1849 4456 2280 4527 persequentium
2333 4465 2387 4510 et
2431 4456 2790 4508 tribulanlium
2844 4465 3104 4520 a-stnans,
3151 4456 3438 4520 anhelans,

1848 4549 2097 4602 laborans
2123 4589 2136 4609 ,
2168 4555 2224 4602 et
2273 4547 2457 4602 firmus
2499 4555 2553 4599 et
2590 4555 2768 4600 certus
2817 4547 2908 4600 illo
2955 4547 3275 4616 suscipiente
3305 4589 3317 4611 ,
3353 4548 3443 4601 illo

1843 4641 2083 4707 jnvante,
2119 4638 2210 4690 illo
2236 4638 2485 4700 ducente,
2520 4636 2612 4690 illo
2643 4646 2880 4707 regente.
2910 4636 3111 4690 Tamen
3142 4647 3265 4706 post
3290 4638 3437 4692 illum

1847 4733 2122 4786 cirt-uitnm
2145 4729 2605 4800 etjnbilationem,
2625 4731 2897 4784 exsultans
2914 4731 3126 4799 gaudio,
3147 4739 3200 4786 et
3216 4747 3442 4801 gemens

1849 4826 1898 4878 in
1941 4824 2208 4878 laboribus
2230 4864 2244 4884 ,
2275 4823 2560 4891 suspiravit
2601 4821 2666 4875 ad
2696 4831 3014 4887 extremum,
3047 4834 3101 4877 et
3135 4825 3208 4877 ait
3238 4841 3252 4877 :
3280 4824 3443 4876 Credo

1849 4916 2013 4969 videre
2037 4915 2166 4968 bona
2195 4913 2402 4966 Domini
2429 4914 2480 4966 in
2513 4923 2646 4964 terra
2677 4913 2964 4966 viventium.
2997 4913 3040 4967 Ο
3067 4913 3202 4966 bona
3233 4913 3443 4968 Domini

1847 5006 2019 5060 dulcia
2047 5048 2061 5070 ,
2087 5004 2403 5057 immortalia
2424 5045 2437 5064 ,
2470 5003 2903 5070 incomparabilia
2927 5044 2939 5064 ,
2973 5004 3294 5073 sempiterna
3318 5046 3331 5066 ,
3358 5006 3443 5058 in-

1849 5095 2278 5151 commutabilia!
2313 5095 2380 5147 Et
2406 5093 2618 5162 quando
2644 5109 2738 5146 vos
2771 5092 2963 5147 videbo
2984 5135 2997 5157 ,
3029 5095 3160 5146 bona
3196 5096 3445 5149 Domini?

1849 5189 2025 5243 Credo
2065 5187 2284 5252 videre,
2315 5186 2407 5239 sed
2455 5201 2559 5238 non
2605 5187 2656 5238 in
2708 5194 2844 5239 terra
2887 5186 3250 5239 morientium.
3282 5185 3445 5240 Credo

1851 5280 2016 5333 videre
2041 5279 2172 5332 bona
2209 5276 2418 5330 Domini
2444 5277 2494 5330 in
2531 5288 2664 5331 terra
2694 5277 2982 5330 viventium.
3010 5277 3174 5330 Eruet
3212 5293 3298 5332 me
3343 5279 3468 5331 Πομ

1853 5375 2029 5427 minus
2065 5387 2095 5425 a
2141 5379 2280 5424 terra
2315 5371 2653 5424 morientium
2679 5411 2691 5431 ,
2720 5369 2809 5439 qui
2841 5379 3057 5438 propter
3085 5386 3172 5425 me
3199 5370 3444 5440 dignatus

1851 5473 1936 5521 est
1960 5464 2231 5530 suscipere
2252 5472 2447 5515 terram
2466 5461 2804 5530 morientium
2826 5503 2840 5524 ,
2865 5469 2918 5514 et
2943 5462 3075 5514 mori
3100 5462 3237 5515 inter
3257 5475 3448 5514 manus

1854 5556 2216 5618 morientium;
2241 5563 2392 5608 eruet
2415 5569 2498 5607 me
2524 5553 2775 5607 Dominus
2800 5552 2866 5606 de
2895 5563 3034 5606 terra
3063 5554 3401 5606 morientium
3430 5573 3444 5607 :

1854 5646 2017 5703 Credo
2046 5645 2211 5707 videre
2247 5643 2377 5697 bona
2419 5643 2628 5697 Domini
2670 5645 2720 5696 in
2760 5654 2894 5697 terra
2937 5645 3222 5696 viventium.
3265 5644 3450 5711 Suspi-

1856 5750 1982 5794 raus
2005 5737 2158 5800 dixit,
2188 5735 2436 5789 laborans
2462 5734 2630 5800 dixit,
2664 5734 2971 5804 periclitans
3001 5735 3134 5787 dixit
3163 5735 3302 5788 inter
3337 5748 3452 5788 ma-

1858 5846 2016 5903 gnam
2050 5828 2256 5884 turbam
2281 5827 2632 5883 tentatlonum
2667 5844 2679 5882 :
2709 5825 2801 5882 sed
2827 5835 3003 5882 tamen
3031 5840 3254 5898 sperans
3283 5836 3457 5882 tomus
