4008 6326
537 493 607 548 de
631 481 995 546 misericordia
1023 476 1162 553 eius,
1191 479 1280 535 cui
1304 474 1480 535 dixit:
1512 472 1696 544 Legem
1723 469 1845 527 mihi
1867 466 2136 531 constitue,

536 576 776 640 Domine.

607 672 702 727 23.
743 668 914 742 (vers.
949 664 1034 720 14.
1064 660 1087 737 ]
1120 661 1191 718 Et
1225 659 1361 732 quid
1393 657 1481 713 ille
1521 655 1684 721 dicit,
1714 652 1804 724 qui
1845 652 2026 742 legem
2061 648 2138 704 illi

535 740 856 820 Constituit?
870 757 1161 812 Audiamus
1184 762 1240 810 et
1253 765 1441 806 vocem
1461 747 1670 802 Domini
1696 744 1930 813 desuper
1946 740 2143 795 exhor-

541 852 704 910 tautis
730 865 851 916 nos,
879 846 1210 904 consolantis
1238 856 1358 906 nos;
1386 841 1530 895 illius
1558 852 1766 901 vocem,
1785 849 1946 905 quem
1972 833 2139 886 babe-

541 958 662 1001 mns
685 958 801 1014 prtr
813 951 965 1013 patre
987 947 1044 994 et
1073 947 1247 992 matre
1274 935 1361 1006 qni
1391 947 1492 989 nos
1529 929 1967 1000 dereliqueruut,
1996 925 2142 979 illius

539 1049 728 1092 vocem
752 1032 1048 1087 audiamus.
1077 1027 1291 1083 Audivit
1311 1023 1452 1080 cnim
1481 1022 1714 1091 gemitus
1748 1027 1981 1081 nostros,
2012 1014 2143 1068 vidit

541 1126 766 1195 suspiria
797 1133 980 1178 nostra
1000 1162 1016 1187 ,
1047 1119 1269 1176 intuitus
1295 1124 1378 1171 est
1409 1112 1734 1170 desiderium
1767 1117 2009 1164 nostrum
2043 1147 2057 1171 ,
2088 1112 2145 1159 et

541 1233 706 1274 unam
739 1216 1050 1287 petitionem
1096 1221 1376 1276 nostram,
1399 1219 1560 1262 unam
1603 1202 2014 1274 postulationem
2049 1213 2153 1269 per

540 1309 857 1368 advocatum
905 1299 1175 1361 Christum
1207 1301 1434 1356 libenter
1457 1295 1696 1366 accepit;
1718 1303 1775 1349 ct
1800 1293 1972 1348 donec
2019 1305 2145 1362 pcr-

541 1403 766 1473 agamns
789 1399 944 1455 istam
967 1393 1468 1470 peregrinationem,
1484 1404 1586 1460 qua
1604 1386 1869 1444 dilaturus
1892 1391 1975 1438 est
1997 1423 2012 1448 ,
2038 1395 2145 1435 non

543 1471 820 1550 ablaturus
845 1488 987 1560 quod
1017 1485 1262 1559 promisit
1282 1520 1298 1548 ,
1327 1481 1464 1537 dixit
1485 1478 1642 1534 nobis
1675 1495 1689 1534 :
1725 1471 2145 1533 διάξειθύοηί-

542 1598 688 1637 num.
716 1581 830 1637 Non
857 1579 1148 1635 sustinebis
1174 1575 1488 1630 mendacem
1505 1613 1522 1638 ,
1550 1586 1664 1626 non
1687 1581 1810 1625 eum
1835 1567 1925 1639 qui
1950 1564 2148 1636 poterit

544 1672 678 1738 falli,
705 1686 812 1726 non
832 1685 954 1724 eum
982 1667 1070 1738 qni
1095 1681 1204 1720 non
1226 1677 1308 1720 est
1330 1665 1646 1718 inventurus
1667 1657 1806 1730 quod
1828 1657 1938 1712 det.
1963 1654 2150 1710 Omni-

546 1771 740 1834 potens
780 1759 1059 1830 promisit,
1106 1767 1289 1812 certus-
1328 1753 1575 1834 promisit
1603 1791 1618 1815 ,
1654 1764 1814 1804 verax
1858 1744 2146 1817 promisit,

549 1832 762 1909 Sustine
788 1850 1065 1906 Dominum
1085 1887 1103 1916 ,
1133 1847 1344 1903 uiriliter
1371 1832 1485 1915 age.
1521 1841 1642 1898 Noli
1672 1839 1891 1894 dissolvi
1925 1855 1940 1893 :
1969 1853 2036 1891 ne
2073 1836 2151 1890 sis

550 1943 691 2002 inter
738 1955 834 1998 eos
886 1940 1080 2011 quibus
1126 1937 1356 1998 dicitur,
1414 1932 1504 1989 γω
1556 1933 1637 1989 his
1685 1931 1770 2000 qui
1822 1927 2150 2001 perdiderunt

549 2028 1100 2103 sustinentiantwccli.
1119 2027 1316 2098 “,16)!
1345 2024 1556 2081 Sustine
1580 2021 1879 2084 Dominum,
1901 2018 2153 2074 omnibus

551 2127 706 2182 nobis
731 2125 960 2191 dicitur,
992 2133 1046 2178 et
1075 2122 1164 2177 nni
1195 2119 1397 2175 homini
1423 2117 1642 2174 dicitur.
1675 2113 1830 2171 Unus
1861 2127 2048 2167 sumus
2095 2110 2148 2166 in

550 2219 786 2282 Christo,
816 2231 1016 2285 corpus
1040 2214 1240 2270 Christi
1267 2225 1454 2269 sumus
1475 2250 1493 2277 ,
1520 2208 1610 2280 qui
1639 2221 1803 2262 unam
1827 2205 1972 2260 illam
2003 2203 2151 2259 desi-

549 2307 835 2375 deramus,
859 2309 950 2380 qui
973 2320 1132 2363 unam
1158 2306 1303 2361 illam
1335 2303 1586 2376 petimus,
1611 2299 1701 2371 qni
1729 2299 1780 2353 in
1820 2297 1926 2354 illis
1963 2295 2157 2351 diebus

550 2401 816 2458 malorum
843 2407 1153 2455 nostrorum
1173 2393 1574 2468 ingemiscimus
1592 2429 1608 2459 ,
1637 2389 1733 2462 qui
1751 2387 2034 2445 credimus
2052 2399 2156 2443 nos

550 2492 737 2552 videre
762 2492 900 2548 bona
931 2489 1144 2547 Domini
1174 2488 1229 2545 in
1259 2496 1402 2544 terra
1429 2485 1759 2549 viventium;
1788 2480 1942 2536 nobis
1976 2478 2155 2535 omni-

551 2584 677 2652 huc,
688 2583 782 2657 qui
806 2599 942 2639 unus
963 2582 1016 2637 in
1039 2596 1146 2637 uno
1169 2593 1375 2641 sumus,
1394 2576 1608 2644 dicitur,
1627 2573 1839 2631 Sustine
1856 2570 2158 2637 Domitium,

553 2676 768 2735 viriliter
789 2690 916 2746 age;
935 2683 985 2729 et
1003 2672 1315 2742 confortetur
1347 2685 1436 2724 cor
1461 2678 1604 2722 tuum
1618 2709 1634 2734 ,
1656 2677 1705 2720 et
1752 2664 1944 2721 sustine
1970 2661 2156 2718 Daul-

555 2782 700 2828 ωιτη.
730 2768 868 2840 Quid
892 2764 1037 2821 aliud
1058 2765 1152 2820 tibi
1177 2762 1343 2828 dicat,
1370 2774 1530 2830 quam
1565 2768 1625 2815 ut
1651 2758 1755 2814 hoc
1779 2762 1988 2829 repetat
2011 2752 2155 2828 quod

555 2857 1015 2915 audisnl‘Sustine
1044 2853 1341 2918 Dominum,
1368 2850 1579 2908 uiriliter
1601 2865 1720 2921 age.
1744 2844 1885 2918 Ergo
1909 2845 2001 2916 qui
2031 2860 2157 2916 per-

557 2948 697 3012 didit
715 2946 1113 3011 sustinentium,
1140 2942 1480 3000 elfeminatus
1506 2947 1612 3006 est,
1636 2935 1869 3009 perdidit
1890 2935 2155 3006 vigorem.

556 3037 674 3102 lion
701 3037 823 3107 viri,
855 3035 957 3092 hoc
982 3034 1200 3094 femina:
1225 3031 1465 3098 audiant,
1490 3029 1614 3101 quia
1641 3029 1696 3084 in
1723 3041 1831 3083 uno
1852 3027 1968 3082 viro
1993 3024 2076 3080 vir
2099 3033 2158 3080 et

557 3127 779 3189 femina.
816 3126 965 3183 Talis
1007 3125 1063 3182 in
1109 3123 1324 3181 Christo
1365 3135 1464 3177 nec
1504 3117 1778 3176 masculus
1819 3130 1920 3172 nec
1959 3112 2156 3170 femina

556 3226 643 3279 est
673 3216 868 3289 (Colat.
890 3232 982 3285 In,
1012 3213 1130 3289 28).
1159 3213 1370 3272 Sustine
1393 3210 1690 3276 Dominum,
1712 3207 1925 3263 viriliter
1946 3221 2085 3278 age;
2109 3215 2157 3260 et

557 3301 870 3382 oonfoﬂetur
897 3324 985 3363 cor
1012 3316 1156 3363 tuum
1176 3345 1193 3370 ,
1218 3313 1269 3362 et
1291 3304 1485 3360 sustine
1509 3299 1804 3357 Dominum.
1829 3295 2158 3354 Sustinendo

566 3401 851 3466 Dominum
897 3389 1120 3454 habebis
1165 3409 1290 3453 eum
1317 3435 1336 3463 ,
1365 3391 1590 3449 habebis
1635 3403 1796 3462 quem
1846 3387 2156 3444 sustinebis.

563 3491 723 3553 Aliud
747 3490 995 3549 desidera
1018 3532 1036 3559 ,
1066 3487 1115 3547 si
1139 3486 1335 3558 majus,
1364 3485 1410 3543 si
1440 3483 1657 3546 melius,
1681 3482 1728 3538 si
1755 3479 1973 3537 suavius
2000 3479 2158 3534 iuve-

559 3585 727 3648 notia.

950 3784 1033 3852 IN
1076 3783 1458 3851 PSALMUM
1499 3779 1748 3847 XXVII

1156 3902 1583 3964 ENARRATIO.

1130 4016 1307 4091 Ipsius
1333 4017 1350 4050 ¹
1377 4015 1562 4075 David.

566 3711 1036 3733 Ἥ..

637 4159 695 4223 1.
723 4158 896 4233 Iners.
945 4156 1001 4222 Ι.
1025 4150 1110 4229 2.]
1139 4153 1311 4226 Ipsius
1349 4149 1804 4228 mediatorisvox
1846 4155 1928 4203 est
1949 4187 1966 4215 ,
1999 4160 2160 4201 manu

566 4244 722 4318 fortis
756 4249 811 4305 in
853 4241 1106 4305 conﬂictu
1136 4244 1421 4318 passionis.
1453 4242 1585 4310 Quae
1617 4250 1795 4296 autem
1820 4237 2033 4293 videtur
2059 4239 2161 4307 op-

565 4352 681 4406 tare
707 4329 958 4418 inimicis,
981 4355 1087 4396 non
1106 4336 1494 4394 malevolentia:
1511 4340 1690 4388 votum
1713 4343 1795 4389 cst
1819 4375 1844 4414 ,g
1867 4331 1962 4388 sed
1990 4345 2164 4387 enun-

565 4437 716 4501 tiatio
744 4414 919 4508 plena:
944 4431 1161 4487 illorum
1188 4446 1203 4486 :
1231 4427 1372 4486 sicut
1391 4429 1447 4484 in
1467 4424 1758 4496 Evangvlio
1776 4411 2081 4481 civitatibus
2108 4421 2162 4476 iu

561 4526 759 4600 quibus
795 4522 1052 4583 miracula
1083 4536 1205 4578 cum
1236 4518 1472 4583 fecisset,
1505 4529 1680 4587 neque
1708 4513 2065 4571 credidissent
2089 4512 2161 4577 ei,

564 4633 673 4679 non
702 4614 1077 4671 malevolentia
1107 4618 1257 4684 optat
1284 4625 1404 4679 qua:
1429 4608 1578 4671 dicit,
1609 4604 1704 4662 sed
1724 4603 1854 4677 quid
1882 4603 1962 4660 eis
1987 4602 2163 4658 innui-

567 4716 694 4767 neat
713 4705 955 4776 praedicit
978 4701 1193 4774 (Matth.
1225 4717 1303 4764 XI,
1328 4697 1449 4771 9.0).
1650 4757 1652 4759 ,

635 4797 692 4859 Ξ.
732 4797 816 4852 Ad
849 4807 929 4863 te,
971 4795 1224 4861 Domine,
1250 4789 1464 4846 cluuiani
1491 4831 1508 4858 ,
1536 4787 1678 4844 Deus
1705 4802 1845 4842 meus
1875 4801 1938 4840 ne
1959 4784 2110 4842 sileas
2132 4799 2168 4840 α

565 4909 646 4954 me
668 4907 689 4947 :
708 4891 777 4946 ad
808 4899 860 4945 te
879 4930 894 4954 ,
929 4888 1152 4946 Domine
1175 4927 1192 4953 ,
1216 4883 1478 4948 clamavi,
1511 4881 1651 4935 Deus
1675 4893 1827 4936 meus
1855 4892 1922 4933 ne
1945 4889 2167 4947 separes

567 4984 826 5047 unitatem
861 4979 1019 5037 Verbi
1053 4979 1126 5032 tui
1164 4976 1234 5031 ab
1260 4991 1326 5030 eo
1354 4973 1498 5044 quod
1523 4971 1685 5027 homo
1707 4984 1850 5026 sum.
1882 4967 2168 5040 Nequando

567 5074 720 5140 sileas
760 5089 793 5126 a
827 5087 908 5126 me
942 5085 962 5126 :
995 5076 1042 5125 et
1085 5084 1170 5122 ero
1205 5065 1388 5121 similis
1427 5061 1841 5118 descendentibus
1869 5061 1924 5114 in
1955 5058 2123 5114 locum
2146 5073 2166 5113 :

568 5181 638 5228 ex
680 5179 749 5220 eo
785 5163 929 5220 enim
959 5160 1100 5232 quod
1131 5157 1404 5215 mentitas
1434 5155 1593 5212 Verbi
1626 5151 1700 5210 tui
1729 5168 1835 5208 non
1865 5151 2170 5208 intermittit

569 5256 726 5319 unirc
759 5268 820 5311 se
849 5252 980 5312 mihi
1005 5293 1020 5314 .
1051 5253 1110 5307 fit
1138 5258 1195 5306 ut
1223 5264 1333 5306 non
1359 5248 1459 5303 sim
1490 5247 1610 5302 talis
1638 5244 1803 5300 homo
1830 5244 2020 5316 quales
2044 5251 2172 5301 sunt

570 5347 750 5411 caeteri
774 5387 792 5413 ,
819 5343 912 5417 qui
941 5345 1234 5400 nascuntur
1257 5342 1310 5395 in
1337 5336 1655 5409 profundam
1685 5333 1956 5389 miseriam
1985 5331 2170 5389 saeculi

573 5439 754 5512 huius,
795 5433 884 5495 ubi
931 5445 1181 5506 tanquam
1216 5429 1397 5496 sileas,
1433 5443 1543 5485 non
1570 5426 1908 5498 «ignoscitur
1938 5422 2169 5480 Verbum

573 5522 745 5597 tuum.
777 5527 985 5585 Exaudi
1007 5528 1030 5559 ¹
1053 5541 1221 5586 uocem
1262 5521 1630 5592 deprecationis
1665 5533 1812 5584 mea,
1839 5518 1962 5573 dum
1987 5533 2078 5574 oro
2101 5516 2171 5573 ad

641 5689 661 5729 ι
683 5687 760 5739 sic
777 5691 887 5735 uss.
907 5683 1046 5746 juxta
1066 5685 1196 5730 Lxx.
1223 5685 1276 5729 Αι
1293 5685 1424 5739 hov.,
1465 5673 1682 5730 Psabmu
1701 5673 1800 5747 ipsi
1823 5671 1993 5728 nata.

639 5750 662 5789 ι
685 5747 760 5789 sic
796 5748 1010 5789 tonores
1036 5748 1145 5789 λιες..
1179 5743 1358 5789 omisso
1396 5747 1504 5789 post
1537 5740 1730 5789 md:
1762 5733 1915 5789 verbo
1950 5733 2092 5789 Domi

639 5750 662 5789 ι
685 5733 760 5802 si;
782 5733 1010 5809 riotiéres
1036 5748 1145 5792 Mss.
1179 5743 1358 5791 omisso
1396 5733 1504 5803 post
1537 5733 1734 5792 Exaudi
1762 5733 1915 5789 verbo
1950 5733 2175 5799 contine.

574 5809 867 5886 manest
881 5818 915 5862 s
935 5809 1064 5858 unt.
1086 5800 1323 5870 [mea
1340 5797 1579 5862 Donum].

1777 353 1836 410 ε.
1879 348 2248 412 Αυθυετικι
2289 347 2597 408 ERSCOH

3739 341 3852 400 ﬁt?

2248 476 2333 529 te;
2353 465 2474 518 dum
2495 462 2684 518 extollo
2702 477 2882 516 manu
2904 476 3044 519 meas
3059 461 3129 515 ad
3147 459 3388 529 templum
3408 467 3643 518 sanatur:
3661 471 3804 516 tuum
3827 476 3845 516 :

2248 559 2374 612 dum
2397 556 2705 626 eruciligor,
2725 553 2792 608 ad
2812 567 3007 608 eorum
3020 553 3272 620 saltttem,
3289 551 3389 623 qui
3401 552 3684 608 credentes
3707 553 3845 608 Iunt

2250 648 2508 718 templum
2540 646 2791 701 sanctum
2816 654 2988 699 tuum.
3573 710 3578 715 η

2318 738 2374 794 5.
2413 736 2564 812 [verm
2597 734 2680 806 3.]
2714 735 2795 791 Ne
2813 736 2970 791 sirius!
2987 737 3168 790 trahas
3187 736 3206 770 '
3224 752 3344 790 cum
3366 737 3713 803 moribus
3729 737 3848 791 ani-

2250 846 2389 884 mam
2423 845 2608 893 meam,
2649 837 2697 883 et
2729 843 2851 881 cum
2873 827 3206 899 cperantibus
3226 828 3546 897 iniqu’tnteus
3565 846 3630 882 nu
3663 828 3853 898 perdas

2249 938 2330 976 me
2358 937 2379 977 :
2402 937 2521 975 cum
2557 921 2636 976 Itis
2663 920 2756 991 qui.
2786 905 3065 992 loquitur
3089 935 3274 992 pauens
3306 935 3421 975 cum
3459 919 3695 991 produn
3732 937 3846 975 suo.

2248 1013 2382 1068 Cum
2421 1013 2505 1069 his
2529 1012 2621 1083 qui
2652 1010 2782 1067 mihi
2821 1011 3007 1066 dicunt
3039 1027 3057 1067 :
3091 1009 3297 1066 Scitum
3324 1012 3445 1080 quia
3465 1028 3501 1066 α
3526 1011 3638 1066 Deo
3670 1011 3850 1067 cessisti

2250 1106 2492 1174 magister
2519 1104 2720 1175 (loco.
2747 1120 2824 1167 ιιι.
2853 1102 2890 1158 9
2909 1105 2950 1176 ξ.
2985 1103 3132 1158 Mala
3158 1112 3332 1158 autem
3351 1105 3406 1158 in
3438 1103 3677 1159 cordibus
3699 1104 3807 1159 suis
3831 1118 3853 1159 :

2252 1196 2394 1251 mala
2420 1203 2600 1252 autem
2627 1196 2921 1266 loquuntur
2948 1192 3001 1249 in
3027 1194 3279 1249 cordibus
3307 1195 3437 1248 suis.

2320 1291 2380 1346 4.
2418 1289 2567 1365 [νινε.
2587 1289 2668 1363 4.]
2711 1289 2791 1344 Da
2818 1290 2923 1345 illis
2959 1290 3234 1346 modum
3271 1305 3429 1359 opera
3453 1290 3682 1360 ipsorum
3728 1302 3749 1342 :
3788 1289 3854 1342 da

2252 1381 2360 1438 illis
2395 1380 2690 1437 secundum
2733 1394 2897 1450 opem
2937 1380 3200 1450 ipsorum,
3227 1379 3350 1450 quia
3382 1378 3484 1432 hoc
3506 1377 3716 1447 justum
3739 1386 3848 1437 est.

2253 1470 2322 1526 Et
2363 1470 2643 1527 secundum
2680 1469 3050 1543 malignitatem
3086 1468 3468 1538 oﬂ'ectatiouum
3508 1471 3530 1503 '
3570 1471 3801 1541 ipsorum
3837 1484 3861 1530 :

2255 1564 2397 1619 mala
2434 1565 2580 1620 enim
2621 1562 2934 1619 al'feetantes
2958 1603 2973 1628 ,
3005 1563 3150 1618 bona
3187 1562 3431 1618 invenire
3468 1577 3574 1616 non
3607 1571 3855 1633 possunt.

2254 1657 2550 1714 Secundum
2580 1671 2735 1728 opera
2762 1672 3006 1712 manuum
3031 1654 3296 1711 mrumda
3321 1656 3395 1710 eis
3422 1670 3443 1709 :
3461 1653 3710 1724 quamvis
3737 1653 3863 1710 aliis

2254 1749 2325 1804 ad
2347 1749 2576 1814 salutem
2606 1748 2779 1803 valeat
2801 1744 2946 1817 quod
2969 1746 3228 1812 fecenutt,
3258 1745 3551 1800 secundum
3577 1759 3740 1815 opera
3771 1754 3857 1800 tuo

2254 1853 2379 1895 men
2417 1838 2749 1894 voluntatum
2780 1837 2997 1893 illorum
3016 1834 3087 1892 da
3111 1837 3213 1892 eis.
3257 1835 3439 1891 Redde
3472 1835 3857 1891 retributionem

2255 1944 2429 1987 eorum
2454 1931 2581 1999 ipsis
2607 1945 2626 1985 :
2647 1930 2770 2000 quia
2793 1943 2899 2000 pro
2917 1928 3141 1984 veritate
3162 1942 3326 1998 quam
3344 1925 3672 1992 audiebant,
3697 1925 3858 1982 volu-

2255 2033 2414 2079 erunt
2438 2021 2699 2077 fallaciam
2725 2020 3062 2084 retribuere:
3087 2019 3293 2074 tallacia
3318 2017 3554 2091 ipsorum
3580 2018 3733 2090 ipsos
3749 2017 3857 2074 ω.

2256 2113 2350 2170 lat.

2326 2203 2382 2261 5.
2414 2201 2566 2276 [νη.
2591 2200 2671 2276 5.]
2705 2202 2959 2268 Quoniam
2983 2199 3456 2257 mintellezeruut
3481 2201 3533 2256 in
3557 2214 3714 2270 opera
3745 2197 3862 2254 Do.

2256 2298 2385 2353 mini
2411 2306 2426 2352 ξ
2451 2304 2506 2352 et
2528 2296 2672 2352 unde
2695 2293 3039 2351 manifestum
3061 2303 3147 2351 est
3173 2293 3275 2350 hoc
3296 2293 3380 2350 eis
3401 2292 3699 2350 accidisse?
3725 2287 3872 2346 l'linc

2257 2389 2485 2454 scitiust,
2507 2389 2748 2460 quoniam
2761 2404 2864 2442 non
2877 2386 3233 2442 intellexerunt
3245 2386 3304 2440 in
3312 2401 3472 2458 opera
3483 2383 3694 2440 Domini
3708 2399 3731 2438 :
3741 2382 3867 2440 hare

2259 2479 2375 2552 ipsa
2413 2479 2666 2536 nimirum
2691 2478 2800 2549 iam
2838 2477 3120 2534 retributio
3146 2474 3287 2544 fuit,
3315 2485 3376 2532 ut
3402 2491 3562 2547 quem
3589 2473 3859 2530 malevolo

2257 2571 2440 2631 animo
2462 2571 2738 2628 hominem
2761 2577 3130 2631 tentaverunt.
3147 2583 3257 2622 non
3275 2575 3666 2638 cogtioscesent
3689 2565 3861 2621 Deum

2257 2677 2367 2735 quo
2386 2662 2411 2696 ³
2428 2661 2658 2719 consilio
2681 2662 3016 2718 incarnatum
3039 2660 3198 2716 Pater
3215 2658 3386 2716 misit.
3411 2656 3479 2715 Et
3496 2659 3548 2714 in
3569 2674 3728 2728 opera
3747 2673 3868 2712 mo-

2260 2773 2418 2812 uuum
2443 2757 2554 2827 ejus
2575 2771 2596 2812 :
2619 2769 2720 2811 nec
2740 2761 3084 2811 moverentur
3105 2753 3236 2823 ipsis
3261 2751 3566 2808 visibilibus
3583 2749 3867 2822 operibus,

2258 2865 2382 2922 quas
2422 2856 2670 2922 permota
2703 2858 2831 2904 sunt
2862 2860 3035 2917 usque
3071 2845 3140 2901 ad
3169 2845 3355 2901 mulos
3380 2858 3592 2900 eorum.
3623 2842 3870 2898 Destrues

2258 2938 2413 3006 illos,
2439 2947 2488 2996 et
2525 2952 2628 2994 non
2657 2937 2934 2996 adiﬁcobis
2969 2951 3056 2993 eos
3093 2952 3114 2992 :
3152 2935 3286 2994 nihil
3313 2933 3446 2992 mihi
3472 2943 3738 3000 noceant,
3764 2932 3865 2994 sed

2259 3043 2364 3088 nec
2399 3038 2661 3088 conantes
2690 3043 2880 3086 rursus
2915 3027 3179 3085 adversus
3208 3025 3506 3083 Ecclesium
3542 3039 3721 3083 meam
3751 3025 3866 3082 esi-

2258 3137 2391 3197 gere
2412 3125 2687 3179 machinas
2713 3119 2910 3193 aliquid
2937 3121 3171 3177 valeant.

2332 3216 2388 3272 ϐ.
2416 3214 2715 3270 Benedictus
2743 3212 2995 3268 Dominus
3011 3252 3028 3280 ,
3050 3210 3292 3284 quoniam
3307 3208 3566 3267 exaudivit
3583 3224 3753 3265 uocatu
3771 3205 3865 3265 do-

2262 3306 2567 3379 pm'atiom’s
2596 3317 2739 3361 utea.

2334 3399 2392 3457 7.
2419 3397 2572 3473 (vers.
2596 3395 2677 3472 7.]
2701 3396 2948 3453 Dominus
2968 3397 3178 3467 adiutor
3192 3411 3333 3452 ursus
3351 3404 3397 3452 et
3417 3404 3671 3466 protector
3688 3411 3832 3450 meus
3847 3411 3869 3454 .'

2265 3487 2525 3546 Dominus
2550 3488 2811 3560 adjuvans
2839 3497 2985 3544 tanta
3016 3488 3304 3558 patientem
3327 3528 3346 3556 ,
3381 3495 3439 3544 et
3465 3486 3869 3543 immortaliqu

2265 3590 2550 3653 protegens
2588 3591 2982 3650 resurgentem.
3028 3578 3096 3635 In
3135 3579 3249 3650 ipso
3286 3580 3504 3652 speravit
3533 3595 3624 3634 cor
3659 3596 3864 3645 meum,

2263 3681 2311 3726 et
2338 3671 2544 3740 adiutus
2570 3684 2702 3726 sum.
2733 3666 2799 3724 Et
2821 3670 3052 3738 reﬂoruit
3075 3684 3197 3724 caro
3226 3668 3440 3726 mea:id
3455 3678 3556 3734 cst,
3591 3680 3646 3723 et
3673 3683 3865 3725 resur-

2264 3761 2403 3817 rexit
2425 3773 2553 3816 caro
2579 3775 2718 3817 mea.
2750 3757 2813 3815 Et
2833 3776 2898 3815 ea:
2921 3759 3178 3815 uoltmtate
3197 3777 3308 3814 mea
3325 3760 3603 3827 conﬁtebor
3623 3759 3702 3814 illi
3721 3776 3743 3815 :
3765 3776 3866 3815 unv

2266 3851 2332 3908 de
2358 3853 2467 3922 jam
2496 3859 2816 3922 consumpto
2842 3852 3032 3908 mortis
3061 3861 3228 3918 metu,
3255 3868 3363 3907 non
3395 3850 3602 3908 timoris
3628 3852 3866 3909 necessi-

2266 3952 2377 4000 tate
2404 3945 2506 4000 sub
2529 3943 2673 4016 Lege
2695 3986 2714 4012 ,
2743 3944 2839 4000 sed
2871 3945 3037 4000 libera
3077 3945 3352 4001 voluntate
3373 3958 3496 4000 cum
3526 3944 3668 4016 Lego
3695 3946 3868 4005 conli~

2268 4037 2523 4093 tebutnur
2551 4037 2664 4103 illi,
2693 4039 2786 4108 qui
2812 4037 3042 4093 credunt
3068 4038 3119 4092 in
3151 4052 3238 4093 me
3261 4053 3279 4104 ;
3304 4038 3357 4094 in
3387 4037 3584 4109 quibus
3607 4039 3737 4111 quia
3763 4054 3868 4113 ego

2266 4143 2409 4192 sum,
2437 4143 2538 4200 ego
2563 4127 2881 4185 confitebor.

2337 4218 2392 4276 8.
2426 4217 2578 4293 [vers.
2599 4217 2681 4295 8.]
2724 4217 2974 4275 Dominus
2996 4219 3242 4290 fortitudo
3270 4220 3428 4293 plebis
3454 4236 3563 4277 suc
3583 4236 3607 4278 :
3632 4238 3743 4279 non
3775 4222 3864 4280 illa

2268 4311 2421 4384 plebs
2457 4312 2710 4382 ignorans
2732 4311 3000 4382 justitiam
3029 4313 3120 4370 Dei
3145 4353 3161 4381 ,
3189 4322 3246 4369 et
3268 4328 3420 4370 suam
3448 4315 3635 4371 volens
3659 4318 3866 4373 consti-

2267 4413 2419 4461 tuere
2438 4402 2618 4475 (Rom.
2639 4420 2697 4472 ι,
2719 4404 2802 4478 ‘5).
2829 4404 2947 4461 Non
2967 4405 3111 4461 enim
3137 4422 3232 4476 per
3249 4420 3309 4462 se
3330 4405 3519 4463 fortem
3540 4422 3600 4464 se
3625 4409 3866 4478 putavit;

2266 4496 2388 4568 quia
2418 4495 2676 4553 Dominus
2703 4496 2958 4554 fortitudo
2983 4497 3154 4567 plebis
3181 4513 3315 4566 suae,
3345 4499 3398 4554 in
3429 4498 3583 4569 hujus
3609 4499 3734 4556 vita:
3760 4498 3866 4558 dif-

2269 4589 2594 4645 ﬁcultatibus
2620 4603 2742 4644 cum
2768 4588 2984 4644 diabolo
3006 4588 3330 4648 dimicantis.
3357 4587 3428 4646 Et
3450 4600 3707 4661 protector
3729 4593 3869 4647 salu»

2266 4683 2454 4737 torium
2474 4680 2663 4737 Clu-isti
2684 4682 2766 4736 sui
2790 4691 2862 4736 est
2885 4697 2905 4736 :
2927 4691 2982 4735 ut
3005 4695 3124 4749 eam
3152 4682 3356 4739 salvam
3381 4682 3572 4740 factam
3596 4699 3694 4754 per
3711 4685 3869 4743 Chri-

2268 4782 2410 4830 stum
2438 4787 2616 4833 suum.
2646 4782 2765 4843 post
2786 4774 3149 4831 fortitudinem
3173 4774 3439 4843 bellicam,
3465 4776 3872 4838 immortalitate

2271 4865 2418 4938 pacis
2444 4865 2509 4920 ad
2541 4866 2786 4921 ultimum
2817 4876 3078 4938 protegat.

2342 4961 2397 5018 9.
2438 4958 2588 5033 [uers.
2617 4959 2696 5033 9.]
2738 4959 2950 5016 Salvum
2975 4964 3060 5029 [ac
3089 4961 3334 5033 populum
3359 4971 3503 5018 tuum
3523 4962 3564 5030 ⁸,
3589 4974 3638 5018 et
3660 4963 3873 5023 bendi:

2270 5050 2614 5107 hereditatem
2643 5062 2803 5106 tuam.
2836 5053 3123 5122 interpello
3152 5054 3313 5124 igitur
3333 5095 3352 5118 .
3393 5063 3673 5127 postquam
3704 5058 3868 5115 rcl'lo-

2235 5213 2238 5217 ‘
2271 5143 2381 5197 ruit
2402 5157 2532 5197 caro
2562 5157 2679 5197 mea
2698 5183 2712 5206 ,
2744 5143 2865 5212 quia
2893 5141 3094 5208 dixisti,
3118 5141 3332 5199 Postulo
3357 5160 3387 5198 α
3413 5161 3513 5210 nte,
3547 5155 3594 5200 et
3613 5147 3749 5202 dabo
3784 5149 3872 5203 tibi

2272 5245 2441 5306 gentes
2466 5233 2804 5288 Itmrrditatem
2825 5241 2963 5287 tuom
2983 5232 3155 5302 (Psal.
3176 5249 3232 5299 η.
3249 5233 3304 5306 8)
3325 5252 3342 5301 ;
3368 5235 3581 5292 Salvum
3604 5238 3685 5306 {ac
3704 5256 3873 5310 popu-

2274 5325 2379 5381 lum
2406 5332 2551 5379 tuum
2570 5367 2586 5390 ,
2627 5335 2676 5381 et
2705 5324 2909 5381 benedic
2934 5325 3275 5413 licet-editum
3301 5336 3440 5382 tuam
3477 5342 3502 5383 :
3534 5329 3659 5400 quia
3687 5333 3873 5404 omnia

2272 5431 2393 5475 mea
2421 5425 2508 5471 tua
2536 5425 2661 5472 sunt
2685 5416 2861 5488 (Joau.
2893 5433 3021 5486 Ivn,
3051 5417 3164 5490 ill).
3192 5415 3263 5474 Et
3287 5433 3405 5491 rege
3427 5418 3586 5489 illos,
3614 5429 3660 5474 et
3683 5423 3874 5477 wells

2337 5551 2356 5615 ξ
2383 5549 2517 5615 Edd.,
2540 5550 2727 5615 tradas.
2747 5550 2916 5602 Melius
2937 5548 3121 5615 aliquot
3142 5561 3266 5615 uss,
3291 5550 3472 5605 om

2337 5614 2360 5679 ξ
2380 5614 2453 5663 sic
2474 5610 2691 5663 melioris
2707 5623 2832 5664 nota
2851 5620 2959 5663 Mss.
2983 5610 3342 5679 falcem.)

2339 5674 2533 5746 ’93.“
2555 5680 2686 5746 90'"
2708 5686 2872 5746 (ἵξεαι
3094 5684 3231 5746 “5.3".

2333 5735 2359 5769 ⁸
2380 5735 2514 5799 me,
2556 5735 2952 5799 tm'nomine.
2974 5743 3098 5801 vos.

2273 5713 2533 5850 dgito:
2555 5713 3353 5803 ἴᾶἀιᾶΐῖἆῦἱῖτΐιῗὸὦᾶἷέξ
3384 5737 3527 5793 abest
3561 5753 3590 5793 a
3625 5747 3731 5795 llas.
3760 5752 3814 5796 οι
3849 5763 3876 5797 ι
