  <div class='ocr_page' id='page_1' title='image "/cluster/home/n/w/nwhite01/storage/ocr_20150623/36/umn.319510024773307/116.png"; bbox 0 0 4008 6326; ppageno 0'>
   <div class='ocr_carea' id='block_1_1' title="bbox 262 396 364 457">
    <p class='ocr_par' dir='ltr' id='par_1_1' title="bbox 262 396 364 457">
     <span class='ocr_line' id='line_1_1' title="bbox 262 396 364 457; baseline 0.02 -2"><span class='ocrx_word' id='word_1_1' title='bbox 262 396 364 457; x_wconf 66' lang='lat'><strong>213</strong></span> 
     </span>
    </p>
   </div>
   <div class='ocr_carea' id='block_1_2' title="bbox 263 510 1858 584">
    <p class='ocr_par' dir='ltr' id='par_1_2' title="bbox 263 510 1858 584">
     <span class='ocr_line' id='line_1_2' title="bbox 263 510 1858 584; baseline 0 -15"><span class='ocrx_word' id='word_1_2' title='bbox 263 514 375 569; x_wconf 77' lang='lat' dir='ltr'><strong>illos</strong></span> <span class='ocrx_word' id='word_1_3' title='bbox 400 526 555 583; x_wconf 71' lang='lat' dir='ltr'><strong>usque</strong></span> <span class='ocrx_word' id='word_1_4' title='bbox 580 512 634 565; x_wconf 88' lang='lat' dir='ltr'><strong>in</strong></span> <span class='ocrx_word' id='word_1_5' title='bbox 669 514 909 570; x_wconf 76' lang='lat' dir='ltr'><strong>swcttlunt</strong></span> <span class='ocrx_word' id='word_1_6' title='bbox 938 526 961 567; x_wconf 91' lang='lat'><strong><em>:</em></strong></span> <span class='ocrx_word' id='word_1_7' title='bbox 985 521 1040 575; x_wconf 82' lang='lat' dir='ltr'><strong>et</strong></span> <span class='ocrx_word' id='word_1_8' title='bbox 1066 527 1193 584; x_wconf 78' lang='lat' dir='ltr'><strong>rege</strong></span> <span class='ocrx_word' id='word_1_9' title='bbox 1219 511 1339 568; x_wconf 87' lang='lat' dir='ltr'><strong>illos</strong></span> <span class='ocrx_word' id='word_1_10' title='bbox 1366 512 1420 568; x_wconf 88' lang='lat' dir='ltr'><strong>in</strong></span> <span class='ocrx_word' id='word_1_11' title='bbox 1448 512 1551 571; x_wconf 77' lang='lat' dir='ltr'><strong>hac</strong></span> <span class='ocrx_word' id='word_1_12' title='bbox 1575 510 1858 584; x_wconf 79' lang='lat' dir='ltr'><strong>temporali</strong></span> 
     </span>
    </p>
   </div>
   <div class='ocr_carea' id='block_1_3' title="bbox 269 600 1323 669">
    <p class='ocr_par' dir='ltr' id='par_1_3' title="bbox 269 600 1323 669">
     <span class='ocr_line' id='line_1_3' title="bbox 269 600 1323 669; baseline -0.003 -10"><span class='ocrx_word' id='word_1_13' title='bbox 269 602 389 669; x_wconf 75' lang='lat' dir='ltr'><strong>vita.</strong></span> <span class='ocrx_word' id='word_1_14' title='bbox 422 602 554 659; x_wconf 86' lang='lat' dir='ltr'><strong>etin</strong></span> <span class='ocrx_word' id='word_1_15' title='bbox 582 613 841 659; x_wconf 72' lang='lat' dir='ltr'><strong>mter-nam</strong></span> <span class='ocrx_word' id='word_1_16' title='bbox 871 601 995 659; x_wconf 89' lang='lat' dir='ltr'><strong>hinc</strong></span> <span class='ocrx_word' id='word_1_17' title='bbox 1015 602 1150 659; x_wconf 87' lang='lat' dir='ltr'><strong>tolle</strong></span> <span class='ocrx_word' id='word_1_18' title='bbox 1178 600 1323 658; x_wconf 84' lang='lat' dir='ltr'><strong>illos.</strong></span> 
     </span>
    </p>
   </div>
   <div class='ocr_carea' id='block_1_4' title="bbox 644 808 1472 877">
    <p class='ocr_par' dir='ltr' id='par_1_4' title="bbox 644 808 1472 877">
     <span class='ocr_line' id='line_1_4' title="bbox 644 808 1472 877; baseline 0.001 -6"><span class='ocrx_word' id='word_1_19' title='bbox 644 808 728 871; x_wconf 83' lang='lat' dir='ltr'><strong>IN</strong></span> <span class='ocrx_word' id='word_1_20' title='bbox 770 809 1154 877; x_wconf 79' lang='lat' dir='ltr'><strong>PSALMUM</strong></span> <span class='ocrx_word' id='word_1_21' title='bbox 1196 809 1472 873; x_wconf 79' lang='lat' dir='ltr'><strong>XXVIII</strong></span> 
     </span>
    </p>
   </div>
   <div class='ocr_carea' id='block_1_5' title="bbox 826 927 1252 985">
    <p class='ocr_par' dir='ltr' id='par_1_5' title="bbox 826 927 1252 985">
     <span class='ocr_line' id='line_1_5' title="bbox 826 927 1252 985; baseline 0.005 -2"><span class='ocrx_word' id='word_1_22' title='bbox 826 927 960 984; x_wconf 80' lang='lat' dir='ltr'><strong>ENA</strong></span> <span class='ocrx_word' id='word_1_23' title='bbox 970 928 1252 985; x_wconf 80' lang='lat' dir='ltr'><strong>RRATIO.</strong></span> 
     </span>
    </p>
   </div>
   <div class='ocr_carea' id='block_1_6' title="bbox 507 1035 1611 1109">
    <p class='ocr_par' dir='ltr' id='par_1_6' title="bbox 507 1035 1611 1109">
     <span class='ocr_line' id='line_1_6' title="bbox 507 1035 1611 1109; baseline 0.004 -17"><span class='ocrx_word' id='word_1_24' title='bbox 507 1035 756 1094; x_wconf 79' lang='lat' dir='ltr'><strong>Psalmus</strong></span> <span class='ocrx_word' id='word_1_25' title='bbox 782 1038 882 1109; x_wconf 81' lang='lat' dir='ltr'><strong>ipsi</strong></span> <span class='ocrx_word' id='word_1_26' title='bbox 920 1037 1088 1094; x_wconf 81' lang='lat' dir='ltr'><strong>Dauid</strong></span> <span class='ocrx_word' id='word_1_27' title='bbox 1112 1081 1127 1106; x_wconf 85' lang='lat'><strong>,</strong></span> <span class='ocrx_word' id='word_1_28' title='bbox 1163 1041 1611 1103; x_wconf 82' lang='lat' dir='ltr'><strong>consummationis</strong></span> 
     </span>
    </p>
   </div>
   <div class='ocr_carea' id='block_1_7' title="bbox 904 1128 1232 1187">
    <p class='ocr_par' dir='ltr' id='par_1_7' title="bbox 904 1128 1232 1187">
     <span class='ocr_line' id='line_1_7' title="bbox 904 1128 1232 1187; baseline 0.015 -7"><span class='ocrx_word' id='word_1_29' title='bbox 904 1128 1232 1187; x_wconf 73' lang='lat' dir='ltr'><strong>tabernaculi.</strong></span> 
     </span>
    </p>
   </div>
   <div class='ocr_carea' id='block_1_8' title="bbox 328 1236 1852 1316">
    <p class='ocr_par' dir='ltr' id='par_1_8' title="bbox 328 1236 1852 1316">
     <span class='ocr_line' id='line_1_8' title="bbox 328 1236 1852 1316; baseline 0.003 -19"><span class='ocrx_word' id='word_1_30' title='bbox 328 1239 382 1298; x_wconf 78' lang='grc' dir='ltr'><strong>Ι.</strong></span> <span class='ocrx_word' id='word_1_31' title='bbox 421 1236 574 1316; x_wconf 71' lang='lat' dir='ltr'><strong>(vers.</strong></span> <span class='ocrx_word' id='word_1_32' title='bbox 605 1241 658 1307; x_wconf 77' lang='grc'><strong>1,</strong></span> <span class='ocrx_word' id='word_1_33' title='bbox 686 1239 770 1315; x_wconf 70' lang='grc'><strong>2.]</strong></span> <span class='ocrx_word' id='word_1_34' title='bbox 808 1242 1053 1299; x_wconf 83' lang='lat' dir='ltr'><strong>Psaltnus</strong></span> <span class='ocrx_word' id='word_1_35' title='bbox 1076 1242 1178 1308; x_wconf 74' lang='lat' dir='ltr'><strong>ipsi</strong></span> <span class='ocrx_word' id='word_1_36' title='bbox 1209 1244 1489 1301; x_wconf 82' lang='lat' dir='ltr'><strong>mediatori</strong></span> <span class='ocrx_word' id='word_1_37' title='bbox 1518 1260 1678 1300; x_wconf 88' lang='lat' dir='ltr'><strong>manu</strong></span> <span class='ocrx_word' id='word_1_38' title='bbox 1708 1245 1852 1301; x_wconf 80' lang='lat' dir='ltr'><strong>forti.</strong></span> 
     </span>
    </p>
   </div>
   <div class='ocr_carea' id='block_1_9' title="bbox 261 1334 1855 1405">
    <p class='ocr_par' dir='ltr' id='par_1_9' title="bbox 261 1334 1855 1405">
     <span class='ocr_line' id='line_1_9' title="bbox 261 1334 1855 1405; baseline 0.002 -14"><span class='ocrx_word' id='word_1_39' title='bbox 261 1334 600 1405; x_wconf 71' lang='lat' dir='ltr'><strong>perfectionis</strong></span> <span class='ocrx_word' id='word_1_40' title='bbox 641 1337 899 1394; x_wconf 82' lang='lat' dir='ltr'><strong>Ecclesiae</strong></span> <span class='ocrx_word' id='word_1_41' title='bbox 939 1339 994 1395; x_wconf 90' lang='lat' dir='ltr'><strong>in</strong></span> <span class='ocrx_word' id='word_1_42' title='bbox 1039 1340 1142 1396; x_wconf 90' lang='lat' dir='ltr'><strong>hoc</strong></span> <span class='ocrx_word' id='word_1_43' title='bbox 1180 1341 1381 1396; x_wconf 62' lang='lat' dir='ltr'><strong>saeculo</strong></span> <span class='ocrx_word' id='word_1_44' title='bbox 1405 1380 1421 1402; x_wconf 87' lang='lat'><strong>.</strong></span> <span class='ocrx_word' id='word_1_45' title='bbox 1462 1341 1553 1396; x_wconf 89' lang='lat' dir='ltr'><strong>ubi</strong></span> <span class='ocrx_word' id='word_1_46' title='bbox 1592 1340 1855 1397; x_wconf 82' lang='lat' dir='ltr'><strong>adversus</strong></span> 
     </span>
    </p>
   </div>
   <div class='ocr_carea' id='block_1_10' title="bbox 258 1424 1225 1499">
    <p class='ocr_par' dir='ltr' id='par_1_10' title="bbox 258 1424 1225 1499">
     <span class='ocr_line' id='line_1_10' title="bbox 258 1424 1225 1499; baseline 0.001 -14"><span class='ocrx_word' id='word_1_47' title='bbox 258 1424 524 1485; x_wconf 76' lang='lat' dir='ltr'><strong>diabolum</strong></span> <span class='ocrx_word' id='word_1_48' title='bbox 554 1431 920 1499; x_wconf 85' lang='lat' dir='ltr'><strong>temporaliter</strong></span> <span class='ocrx_word' id='word_1_49' title='bbox 944 1430 1225 1486; x_wconf 74' lang='lat' dir='ltr'><strong>militatur.</strong></span> 
     </span>
    </p>
   </div>
   <div class='ocr_carea' id='block_1_11' title="bbox 322 1518 1861 1596">
    <p class='ocr_par' dir='ltr' id='par_1_11' title="bbox 322 1518 1861 1596">
     <span class='ocr_line' id='line_1_11' title="bbox 322 1518 1861 1596; baseline 0.002 -22"><span class='ocrx_word' id='word_1_50' title='bbox 322 1519 378 1575; x_wconf 70' lang='grc' dir='ltr'><strong>Ξ.</strong></span> <span class='ocrx_word' id='word_1_51' title='bbox 418 1518 685 1585; x_wconf 85' lang='lat' dir='ltr'><strong>Propheta</strong></span> <span class='ocrx_word' id='word_1_52' title='bbox 712 1521 946 1596; x_wconf 77' lang='lat' dir='ltr'><strong>loquitur</strong></span> <span class='ocrx_word' id='word_1_53' title='bbox 972 1539 988 1577; x_wconf 90' lang='lat'><strong>:</strong></span> <span class='ocrx_word' id='word_1_54' title='bbox 1016 1521 1208 1589; x_wconf 68' lang='lat' dir='ltr'><strong>Alferte</strong></span> <span class='ocrx_word' id='word_1_55' title='bbox 1234 1521 1478 1590; x_wconf 82' lang='lat' dir='ltr'><strong>Domino,</strong></span> <span class='ocrx_word' id='word_1_56' title='bbox 1504 1524 1600 1593; x_wconf 81' lang='lat' dir='ltr'><strong>filii</strong></span> <span class='ocrx_word' id='word_1_57' title='bbox 1630 1521 1747 1592; x_wconf 90' lang='lat' dir='ltr'><strong>Dei,</strong></span> <span class='ocrx_word' id='word_1_58' title='bbox 1772 1528 1861 1596; x_wconf 69' lang='lat' dir='ltr'><strong>af-</strong></span> 
     </span>
    </p>
   </div>
   <div class='ocr_carea' id='block_1_12' title="bbox 259 1608 1852 1684">
    <p class='ocr_par' dir='ltr' id='par_1_12' title="bbox 259 1608 1852 1684">
     <span class='ocr_line' id='line_1_12' title="bbox 259 1608 1852 1684; baseline 0.004 -20"><span class='ocrx_word' id='word_1_59' title='bbox 259 1608 379 1682; x_wconf 68' lang='lat' dir='ltr'><strong>ferte</strong></span> <span class='ocrx_word' id='word_1_60' title='bbox 402 1608 626 1667; x_wconf 84' lang='lat' dir='ltr'><strong>Domino</strong></span> <span class='ocrx_word' id='word_1_61' title='bbox 656 1612 787 1681; x_wconf 81' lang='lat' dir='ltr'><strong>ﬁlios</strong></span> <span class='ocrx_word' id='word_1_62' title='bbox 816 1613 1032 1667; x_wconf 82' lang='lat' dir='ltr'><strong>arietum</strong></span> <span class='ocrx_word' id='word_1_63' title='bbox 1054 1628 1073 1666; x_wconf 86' lang='lat'><strong><em>:</em></strong></span> <span class='ocrx_word' id='word_1_64' title='bbox 1096 1613 1280 1669; x_wconf 63' lang='lat' dir='ltr'><strong>auerte</strong></span> <span class='ocrx_word' id='word_1_65' title='bbox 1306 1613 1538 1670; x_wconf 87' lang='lat' dir='ltr'><strong>Domino</strong></span> <span class='ocrx_word' id='word_1_66' title='bbox 1564 1615 1852 1684; x_wconf 81' lang='lat' dir='ltr'><strong>vosmetip—</strong></span> 
     </span>
    </p>
   </div>
   <div class='ocr_carea' id='block_1_13' title="bbox 255 1703 1855 1779">
    <p class='ocr_par' dir='ltr' id='par_1_13' title="bbox 255 1703 1855 1779">
     <span class='ocr_line' id='line_1_13' title="bbox 255 1703 1855 1779; baseline 0.004 -21"><span class='ocrx_word' id='word_1_67' title='bbox 255 1713 364 1767; x_wconf 75' lang='lat' dir='ltr'><strong>sos.</strong></span> <span class='ocrx_word' id='word_1_68' title='bbox 390 1715 529 1775; x_wconf 83' lang='lat' dir='ltr'><strong>quos</strong></span> <span class='ocrx_word' id='word_1_69' title='bbox 557 1717 653 1772; x_wconf 87' lang='lat' dir='ltr'><strong>per</strong></span> <span class='ocrx_word' id='word_1_70' title='bbox 680 1703 1027 1772; x_wconf 76' lang='lat' dir='ltr'><strong>Evangelium</strong></span> <span class='ocrx_word' id='word_1_71' title='bbox 1055 1704 1221 1761; x_wconf 87' lang='lat' dir='ltr'><strong>duces</strong></span> <span class='ocrx_word' id='word_1_72' title='bbox 1249 1720 1471 1779; x_wconf 73' lang='lat' dir='ltr'><strong>gregum</strong></span> <span class='ocrx_word' id='word_1_73' title='bbox 1499 1707 1737 1777; x_wconf 78' lang='lat' dir='ltr'><strong>Apostoli</strong></span> <span class='ocrx_word' id='word_1_74' title='bbox 1761 1723 1855 1779; x_wconf 73' lang='lat' dir='ltr'><strong>ge-</strong></span> 
     </span>
    </p>
   </div>
   <div class='ocr_carea' id='block_1_14' title="bbox 254 1792 1849 1870">
    <p class='ocr_par' dir='ltr' id='par_1_14' title="bbox 254 1792 1849 1870">
     <span class='ocr_line' id='line_1_14' title="bbox 254 1792 1849 1870; baseline 0.004 -23"><span class='ocrx_word' id='word_1_75' title='bbox 254 1801 501 1849; x_wconf 87' lang='lat' dir='ltr'><strong>nuerunt.</strong></span> <span class='ocrx_word' id='word_1_76' title='bbox 527 1792 717 1861; x_wconf 77' lang='lat' dir='ltr'><strong>Alferte</strong></span> <span class='ocrx_word' id='word_1_77' title='bbox 743 1794 961 1851; x_wconf 85' lang='lat' dir='ltr'><strong>Domino</strong></span> <span class='ocrx_word' id='word_1_78' title='bbox 978 1795 1198 1867; x_wconf 80' lang='lat' dir='ltr'><strong>gloriam</strong></span> <span class='ocrx_word' id='word_1_79' title='bbox 1215 1806 1262 1851; x_wconf 88' lang='lat' dir='ltr'><strong>et</strong></span> <span class='ocrx_word' id='word_1_80' title='bbox 1279 1797 1519 1854; x_wconf 78' lang='lat' dir='ltr'><strong>honorent</strong></span> <span class='ocrx_word' id='word_1_81' title='bbox 1536 1814 1557 1852; x_wconf 91' lang='lat'><strong><em>:</em></strong></span> <span class='ocrx_word' id='word_1_82' title='bbox 1574 1813 1669 1870; x_wconf 85' lang='lat' dir='ltr'><strong>per</strong></span> <span class='ocrx_word' id='word_1_83' title='bbox 1687 1812 1849 1869; x_wconf 83' lang='lat' dir='ltr'><strong>opera</strong></span> 
     </span>
    </p>
   </div>
   <div class='ocr_carea' id='block_1_15' title="bbox 256 1885 1850 1958">
    <p class='ocr_par' dir='ltr' id='par_1_15' title="bbox 256 1885 1850 1958">
     <span class='ocr_line' id='line_1_15' title="bbox 256 1885 1850 1958; baseline 0.006 -23"><span class='ocrx_word' id='word_1_84' title='bbox 256 1892 428 1940; x_wconf 75' lang='lat' dir='ltr'><strong>vestra</strong></span> <span class='ocrx_word' id='word_1_85' title='bbox 467 1885 725 1941; x_wconf 86' lang='lat' dir='ltr'><strong>Dominus</strong></span> <span class='ocrx_word' id='word_1_86' title='bbox 758 1887 1080 1958; x_wconf 74' lang='lat' dir='ltr'><strong>gloriﬁcelur</strong></span> <span class='ocrx_word' id='word_1_87' title='bbox 1102 1897 1157 1945; x_wconf 87' lang='lat' dir='ltr'><strong>et</strong></span> <span class='ocrx_word' id='word_1_88' title='bbox 1182 1888 1499 1945; x_wconf 86' lang='lat' dir='ltr'><strong>honoretur.</strong></span> <span class='ocrx_word' id='word_1_89' title='bbox 1522 1888 1717 1957; x_wconf 60' lang='lat' dir='ltr'><strong>Alfene</strong></span> <span class='ocrx_word' id='word_1_90' title='bbox 1740 1889 1850 1945; x_wconf 85' lang='lat' dir='ltr'><strong>Do-</strong></span> 
     </span>
    </p>
   </div>
   <div class='ocr_carea' id='block_1_16' title="bbox 254 1975 1848 2052">
    <p class='ocr_par' dir='ltr' id='par_1_16' title="bbox 254 1975 1848 2052">
     <span class='ocr_line' id='line_1_16' title="bbox 254 1975 1848 2052; baseline 0.004 -21"><span class='ocrx_word' id='word_1_91' title='bbox 254 1975 387 2031; x_wconf 74' lang='lat' dir='ltr'><strong>mino</strong></span> <span class='ocrx_word' id='word_1_92' title='bbox 407 1976 625 2049; x_wconf 81' lang='lat' dir='ltr'><strong>gloriam</strong></span> <span class='ocrx_word' id='word_1_93' title='bbox 653 1978 845 2032; x_wconf 81' lang='lat' dir='ltr'><strong>nomini</strong></span> <span class='ocrx_word' id='word_1_94' title='bbox 872 1978 982 2049; x_wconf 82' lang='lat' dir='ltr'><strong>ejus</strong></span> <span class='ocrx_word' id='word_1_95' title='bbox 1002 1992 1023 2030; x_wconf 88' lang='lat'><strong><em>:</em></strong></span> <span class='ocrx_word' id='word_1_96' title='bbox 1041 1979 1274 2052; x_wconf 75' lang='lat' dir='ltr'><strong>gloriose</strong></span> <span class='ocrx_word' id='word_1_97' title='bbox 1306 1994 1401 2050; x_wconf 87' lang='lat' dir='ltr'><strong>per</strong></span> <span class='ocrx_word' id='word_1_98' title='bbox 1418 1978 1609 2036; x_wconf 87' lang='lat' dir='ltr'><strong>orbem</strong></span> <span class='ocrx_word' id='word_1_99' title='bbox 1639 1981 1848 2037; x_wconf 80' lang='lat' dir='ltr'><strong>innote-</strong></span> 
     </span>
    </p>
   </div>
   <div class='ocr_carea' id='block_1_17' title="bbox 253 2066 1850 2138">
    <p class='ocr_par' dir='ltr' id='par_1_17' title="bbox 253 2066 1850 2138">
     <span class='ocr_line' id='line_1_17' title="bbox 253 2066 1850 2138; baseline 0.006 -18"><span class='ocrx_word' id='word_1_100' title='bbox 253 2074 381 2120; x_wconf 80' lang='lat' dir='ltr'><strong>seat.</strong></span> <span class='ocrx_word' id='word_1_101' title='bbox 423 2066 651 2122; x_wconf 71' lang='grc' dir='ltr'><strong>Δάοι-ατε</strong></span> <span class='ocrx_word' id='word_1_102' title='bbox 693 2066 969 2123; x_wconf 85' lang='lat' dir='ltr'><strong>Dominum</strong></span> <span class='ocrx_word' id='word_1_103' title='bbox 998 2070 1051 2123; x_wconf 87' lang='lat' dir='ltr'><strong>in</strong></span> <span class='ocrx_word' id='word_1_104' title='bbox 1079 2069 1200 2124; x_wconf 83' lang='lat' dir='ltr'><strong>auia</strong></span> <span class='ocrx_word' id='word_1_105' title='bbox 1223 2082 1400 2125; x_wconf 77' lang='lat' dir='ltr'><strong>sancta</strong></span> <span class='ocrx_word' id='word_1_106' title='bbox 1422 2074 1533 2138; x_wconf 79' lang='lat' dir='ltr'><strong>ejus</strong></span> <span class='ocrx_word' id='word_1_107' title='bbox 1569 2086 1589 2125; x_wconf 89' lang='lat'><strong><em>:</em></strong></span> <span class='ocrx_word' id='word_1_108' title='bbox 1629 2072 1850 2129; x_wconf 73' lang='lat' dir='ltr'><strong>adorata</strong></span> 
     </span>
    </p>
   </div>
   <div class='ocr_carea' id='block_1_18' title="bbox 252 2155 1850 2232">
    <p class='ocr_par' dir='ltr' id='par_1_18' title="bbox 252 2155 1850 2232">
     <span class='ocr_line' id='line_1_18' title="bbox 252 2155 1850 2232; baseline 0.005 -19"><span class='ocrx_word' id='word_1_109' title='bbox 252 2155 531 2213; x_wconf 84' lang='lat' dir='ltr'><strong>Dominum</strong></span> <span class='ocrx_word' id='word_1_110' title='bbox 564 2158 614 2213; x_wconf 89' lang='lat' dir='ltr'><strong>in</strong></span> <span class='ocrx_word' id='word_1_111' title='bbox 641 2159 862 2216; x_wconf 88' lang='lat' dir='ltr'><strong>dilatato</strong></span> <span class='ocrx_word' id='word_1_112' title='bbox 885 2168 941 2216; x_wconf 89' lang='lat' dir='ltr'><strong>et</strong></span> <span class='ocrx_word' id='word_1_113' title='bbox 963 2161 1299 2218; x_wconf 76' lang='lat' dir='ltr'><strong>sanctiﬁcato</strong></span> <span class='ocrx_word' id='word_1_114' title='bbox 1324 2163 1488 2218; x_wconf 88' lang='lat' dir='ltr'><strong>corde</strong></span> <span class='ocrx_word' id='word_1_115' title='bbox 1512 2173 1727 2232; x_wconf 74' lang='lat' dir='ltr'><strong>vestro;</strong></span> <span class='ocrx_word' id='word_1_116' title='bbox 1754 2180 1850 2221; x_wconf 85' lang='lat' dir='ltr'><strong>vos</strong></span> 
     </span>
    </p>
   </div>
   <div class='ocr_carea' id='block_1_19' title="bbox 250 2250 1614 2325">
    <p class='ocr_par' dir='ltr' id='par_1_19' title="bbox 250 2250 1614 2325">
     <span class='ocr_line' id='line_1_19' title="bbox 250 2250 1614 2325; baseline 0.003 -21"><span class='ocrx_word' id='word_1_117' title='bbox 250 2250 387 2306; x_wconf 84' lang='lat' dir='ltr'><strong>enim</strong></span> <span class='ocrx_word' id='word_1_118' title='bbox 415 2251 548 2305; x_wconf 81' lang='lat' dir='ltr'><strong>estis</strong></span> <span class='ocrx_word' id='word_1_119' title='bbox 576 2253 778 2325; x_wconf 73' lang='lat' dir='ltr'><strong>regium</strong></span> <span class='ocrx_word' id='word_1_120' title='bbox 808 2260 1051 2308; x_wconf 90' lang='lat' dir='ltr'><strong>sanctum</strong></span> <span class='ocrx_word' id='word_1_121' title='bbox 1080 2253 1449 2310; x_wconf 80' lang='lat' dir='ltr'><strong>habitaculum</strong></span> <span class='ocrx_word' id='word_1_122' title='bbox 1472 2256 1614 2325; x_wconf 87' lang='lat' dir='ltr'><strong>ejus.</strong></span> 
     </span>
    </p>
   </div>
   <div class='ocr_carea' id='block_1_20' title="bbox 316 2340 1887 2421">
    <p class='ocr_par' dir='ltr' id='par_1_20' title="bbox 316 2340 1887 2421">
     <span class='ocr_line' id='line_1_20' title="bbox 316 2340 1887 2421; baseline 0.004 -24"><span class='ocrx_word' id='word_1_123' title='bbox 316 2342 351 2397; x_wconf 77' lang='lat'><strong>3</strong></span> <span class='ocrx_word' id='word_1_124' title='bbox 409 2341 565 2416; x_wconf 62' lang='lat' dir='ltr'><strong>[verm</strong></span> <span class='ocrx_word' id='word_1_125' title='bbox 595 2340 675 2417; x_wconf 78' lang='grc'><strong>3.]</strong></span> <span class='ocrx_word' id='word_1_126' title='bbox 724 2342 836 2399; x_wconf 72' lang='lat' dir='ltr'><strong>Vos:</strong></span> <span class='ocrx_word' id='word_1_127' title='bbox 862 2344 1073 2398; x_wconf 79' lang='lat' dir='ltr'><strong>Domini</strong></span> <span class='ocrx_word' id='word_1_128' title='bbox 1099 2363 1254 2413; x_wconf 85' lang='lat' dir='ltr'><strong>super</strong></span> <span class='ocrx_word' id='word_1_129' title='bbox 1278 2363 1438 2421; x_wconf 78' lang='lat' dir='ltr'><strong>aquas</strong></span> <span class='ocrx_word' id='word_1_130' title='bbox 1464 2362 1483 2403; x_wconf 80' lang='lat'><strong>.&#39;</strong></span> <span class='ocrx_word' id='word_1_131' title='bbox 1510 2362 1613 2404; x_wconf 76' lang='lat' dir='ltr'><strong>vox</strong></span> <span class='ocrx_word' id='word_1_132' title='bbox 1647 2346 1847 2404; x_wconf 83' lang='lat' dir='ltr'><strong>Christi</strong></span> <span class='ocrx_word' id='word_1_133' title='bbox 1886 2392 1887 2395; x_wconf 58' lang='grc' dir='ltr'><strong>η</strong></span> 
     </span>
    </p>
   </div>
   <div class='ocr_carea' id='block_1_21' title="bbox 247 2433 1845 2508">
    <p class='ocr_par' dir='ltr' id='par_1_21' title="bbox 247 2433 1845 2508">
     <span class='ocr_line' id='line_1_21' title="bbox 247 2433 1845 2508; baseline 0.006 -21"><span class='ocrx_word' id='word_1_134' title='bbox 247 2443 404 2503; x_wconf 73' lang='lat' dir='ltr'><strong>super</strong></span> <span class='ocrx_word' id='word_1_135' title='bbox 436 2433 683 2505; x_wconf 87' lang='lat' dir='ltr'><strong>populos.</strong></span> <span class='ocrx_word' id='word_1_136' title='bbox 721 2433 861 2488; x_wconf 80' lang='lat' dir='ltr'><strong>Deus</strong></span> <span class='ocrx_word' id='word_1_137' title='bbox 896 2436 1174 2504; x_wconf 79' lang='lat' dir='ltr'><strong>ntajestatis</strong></span> <span class='ocrx_word' id='word_1_138' title='bbox 1205 2438 1472 2493; x_wconf 88' lang='lat' dir='ltr'><strong>intonuit:</strong></span> <span class='ocrx_word' id='word_1_139' title='bbox 1501 2438 1641 2493; x_wconf 85' lang='lat' dir='ltr'><strong>Deus</strong></span> <span class='ocrx_word' id='word_1_140' title='bbox 1677 2440 1845 2508; x_wconf 84' lang='lat' dir='ltr'><strong>maje-</strong></span> 
     </span>
    </p>
   </div>
   <div class='ocr_carea' id='block_1_22' title="bbox 247 2525 1845 2604">
    <p class='ocr_par' dir='ltr' id='par_1_22' title="bbox 247 2525 1845 2604">
     <span class='ocr_line' id='line_1_22' title="bbox 247 2525 1845 2604; baseline 0.005 -25"><span class='ocrx_word' id='word_1_141' title='bbox 247 2525 403 2580; x_wconf 77' lang='lat' dir='ltr'><strong>statis</strong></span> <span class='ocrx_word' id='word_1_142' title='bbox 435 2526 507 2581; x_wconf 86' lang='lat' dir='ltr'><strong>de</strong></span> <span class='ocrx_word' id='word_1_143' title='bbox 536 2527 677 2582; x_wconf 89' lang='lat' dir='ltr'><strong>nube</strong></span> <span class='ocrx_word' id='word_1_144' title='bbox 707 2528 883 2582; x_wconf 86' lang='lat' dir='ltr'><strong>carnis</strong></span> <span class='ocrx_word' id='word_1_145' title='bbox 915 2528 1223 2586; x_wconf 84' lang='lat' dir='ltr'><strong>terribiliter</strong></span> <span class='ocrx_word' id='word_1_146' title='bbox 1251 2531 1617 2600; x_wconf 72' lang='lat' dir='ltr'><strong>ptenitentiam</strong></span> <span class='ocrx_word' id='word_1_147' title='bbox 1647 2532 1845 2604; x_wconf 60' lang='lat' dir='ltr'><strong>prtedi-</strong></span> 
     </span>
    </p>
   </div>
   <div class='ocr_carea' id='block_1_23' title="bbox 246 2616 1845 2693">
    <p class='ocr_par' dir='ltr' id='par_1_23' title="bbox 246 2616 1845 2693">
     <span class='ocr_line' id='line_1_23' title="bbox 246 2616 1845 2693; baseline 0.005 -22"><span class='ocrx_word' id='word_1_148' title='bbox 246 2617 404 2671; x_wconf 84' lang='lat' dir='ltr'><strong>cavit.</strong></span> <span class='ocrx_word' id='word_1_149' title='bbox 430 2616 686 2673; x_wconf 80' lang='lat' dir='ltr'><strong>Dominus</strong></span> <span class='ocrx_word' id='word_1_150' title='bbox 710 2635 864 2677; x_wconf 71' lang='lat' dir='ltr'><strong>super</strong></span> <span class='ocrx_word' id='word_1_151' title='bbox 885 2637 1044 2689; x_wconf 77' lang='lat' dir='ltr'><strong>aquas</strong></span> <span class='ocrx_word' id='word_1_152' title='bbox 1068 2622 1253 2675; x_wconf 84' lang='lat' dir='ltr'><strong>multas</strong></span> <span class='ocrx_word' id='word_1_153' title='bbox 1280 2637 1299 2677; x_wconf 88' lang='lat'><strong><em>:</em></strong></span> <span class='ocrx_word' id='word_1_154' title='bbox 1324 2623 1437 2693; x_wconf 84' lang='lat' dir='ltr'><strong>ipse</strong></span> <span class='ocrx_word' id='word_1_155' title='bbox 1468 2623 1725 2679; x_wconf 84' lang='lat' dir='ltr'><strong>Dominus</strong></span> <span class='ocrx_word' id='word_1_156' title='bbox 1750 2625 1845 2680; x_wconf 85' lang='lat' dir='ltr'><strong>Je-</strong></span> 
     </span>
    </p>
   </div>
   <div class='ocr_carea' id='block_1_24' title="bbox 245 2715 1842 2787">
    <p class='ocr_par' dir='ltr' id='par_1_24' title="bbox 245 2715 1842 2787">
     <span class='ocr_line' id='line_1_24' title="bbox 245 2715 1842 2787; baseline 0.006 -23"><span class='ocrx_word' id='word_1_157' title='bbox 245 2722 343 2765; x_wconf 74' lang='lat' dir='ltr'><strong>ws</strong></span> <span class='ocrx_word' id='word_1_158' title='bbox 376 2718 563 2780; x_wconf 86' lang='lat' dir='ltr'><strong>postea</strong></span> <span class='ocrx_word' id='word_1_159' title='bbox 607 2726 767 2782; x_wconf 83' lang='lat' dir='ltr'><strong>quam</strong></span> <span class='ocrx_word' id='word_1_160' title='bbox 811 2728 999 2768; x_wconf 88' lang='lat' dir='ltr'><strong>vocem</strong></span> <span class='ocrx_word' id='word_1_161' title='bbox 1045 2715 1225 2769; x_wconf 87' lang='lat' dir='ltr'><strong>emisit</strong></span> <span class='ocrx_word' id='word_1_162' title='bbox 1270 2730 1435 2784; x_wconf 86' lang='lat' dir='ltr'><strong>super</strong></span> <span class='ocrx_word' id='word_1_163' title='bbox 1475 2718 1741 2787; x_wconf 83' lang='lat' dir='ltr'><strong>populos,</strong></span> <span class='ocrx_word' id='word_1_164' title='bbox 1791 2729 1842 2773; x_wconf 87' lang='lat' dir='ltr'><strong>et</strong></span> 
     </span>
    </p>
   </div>
   <div class='ocr_carea' id='block_1_25' title="bbox 245 2801 1731 2875">
    <p class='ocr_par' dir='ltr' id='par_1_25' title="bbox 245 2801 1731 2875">
     <span class='ocr_line' id='line_1_25' title="bbox 245 2801 1731 2875; baseline 0.005 -21"><span class='ocrx_word' id='word_1_165' title='bbox 245 2801 535 2875; x_wconf 71' lang='lat' dir='ltr'><strong>perterruit</strong></span> <span class='ocrx_word' id='word_1_166' title='bbox 561 2816 675 2866; x_wconf 82' lang='lat' dir='ltr'><strong>eos.</strong></span> <span class='ocrx_word' id='word_1_167' title='bbox 704 2806 970 2859; x_wconf 86' lang='lat' dir='ltr'><strong>convertit</strong></span> <span class='ocrx_word' id='word_1_168' title='bbox 998 2804 1050 2859; x_wconf 93' lang='lat' dir='ltr'><strong>in</strong></span> <span class='ocrx_word' id='word_1_169' title='bbox 1078 2820 1161 2873; x_wconf 84' lang='lat' dir='ltr'><strong>se,</strong></span> <span class='ocrx_word' id='word_1_170' title='bbox 1188 2814 1242 2860; x_wconf 93' lang='lat' dir='ltr'><strong>et</strong></span> <span class='ocrx_word' id='word_1_171' title='bbox 1270 2806 1526 2862; x_wconf 80' lang='lat' dir='ltr'><strong>habitavit</strong></span> <span class='ocrx_word' id='word_1_172' title='bbox 1552 2808 1605 2863; x_wconf 91' lang='lat' dir='ltr'><strong>in</strong></span> <span class='ocrx_word' id='word_1_173' title='bbox 1632 2812 1731 2865; x_wconf 90' lang='lat' dir='ltr'><strong>eis.</strong></span> 
     </span>
    </p>
   </div>
   <div class='ocr_carea' id='block_1_26' title="bbox 256 2877 1839 2973">
    <p class='ocr_par' dir='ltr' id='par_1_26' title="bbox 256 2877 1839 2973">
     <span class='ocr_line' id='line_1_26' title="bbox 256 2877 1839 2973; baseline 0.006 -24"><span class='ocrx_word' id='word_1_174' title='bbox 256 2877 261 2881; x_wconf 43' lang='grc'><strong>’</strong></span> <span class='ocrx_word' id='word_1_175' title='bbox 310 2892 369 2949; x_wconf 72' lang='grc' dir='ltr'><strong>ι.</strong></span> <span class='ocrx_word' id='word_1_176' title='bbox 399 2890 555 2966; x_wconf 66' lang='lat' dir='ltr'><strong>[rem</strong></span> <span class='ocrx_word' id='word_1_177' title='bbox 576 2892 659 2968; x_wconf 63' lang='lat'><strong>4.]</strong></span> <span class='ocrx_word' id='word_1_178' title='bbox 697 2892 810 2956; x_wconf 74' lang='lat' dir='ltr'><strong>Vox</strong></span> <span class='ocrx_word' id='word_1_179' title='bbox 832 2894 1043 2950; x_wconf 79' lang='lat' dir='ltr'><strong>Domini</strong></span> <span class='ocrx_word' id='word_1_180' title='bbox 1068 2897 1121 2951; x_wconf 88' lang='lat' dir='ltr'><strong>in</strong></span> <span class='ocrx_word' id='word_1_181' title='bbox 1147 2898 1328 2960; x_wconf 78' lang='lat' dir='ltr'><strong>virtute</strong></span> <span class='ocrx_word' id='word_1_182' title='bbox 1348 2915 1369 2954; x_wconf 88' lang='lat'><strong><em>:</em></strong></span> <span class='ocrx_word' id='word_1_183' title='bbox 1389 2916 1488 2955; x_wconf 81' lang='lat' dir='ltr'><strong>vox</strong></span> <span class='ocrx_word' id='word_1_184' title='bbox 1511 2902 1839 2973; x_wconf 85' lang='lat' dir='ltr'><strong>Dominijam</strong></span> 
     </span>
    </p>
   </div>
   <div class='ocr_carea' id='block_1_27' title="bbox 245 2980 1849 3065">
    <p class='ocr_par' dir='ltr' id='par_1_27' title="bbox 245 2980 1849 3065">
     <span class='ocr_line' id='line_1_27' title="bbox 245 2980 1849 3065; baseline 0.007 -28"><span class='ocrx_word' id='word_1_185' title='bbox 245 2980 301 3039; x_wconf 86' lang='lat' dir='ltr'><strong>in</strong></span> <span class='ocrx_word' id='word_1_186' title='bbox 334 2983 483 3053; x_wconf 90' lang='lat' dir='ltr'><strong>ipsis,</strong></span> <span class='ocrx_word' id='word_1_187' title='bbox 518 2992 766 3055; x_wconf 88' lang='lat' dir='ltr'><strong>potentes</strong></span> <span class='ocrx_word' id='word_1_188' title='bbox 802 2986 1001 3052; x_wconf 78' lang='lat' dir='ltr'><strong>faciens</strong></span> <span class='ocrx_word' id='word_1_189' title='bbox 1024 3003 1143 3045; x_wconf 87' lang='lat' dir='ltr'><strong>eos.</strong></span> <span class='ocrx_word' id='word_1_190' title='bbox 1175 2984 1291 3048; x_wconf 62' lang='grc' dir='ltr'><strong>γυ..</strong></span> <span class='ocrx_word' id='word_1_191' title='bbox 1326 2990 1534 3051; x_wconf 82' lang='lat' dir='ltr'><strong>Domini</strong></span> <span class='ocrx_word' id='word_1_192' title='bbox 1566 2993 1619 3051; x_wconf 84' lang='lat' dir='ltr'><strong>in</strong></span> <span class='ocrx_word' id='word_1_193' title='bbox 1645 2997 1849 3065; x_wconf 83' lang='lat' dir='ltr'><strong>magni-</strong></span> 
     </span>
    </p>
   </div>
   <div class='ocr_carea' id='block_1_28' title="bbox 241 3074 1523 3150">
    <p class='ocr_par' dir='ltr' id='par_1_28' title="bbox 241 3074 1523 3150">
     <span class='ocr_line' id='line_1_28' title="bbox 241 3074 1523 3150; baseline 0.006 -21"><span class='ocrx_word' id='word_1_194' title='bbox 241 3074 440 3145; x_wconf 75' lang='lat' dir='ltr'><strong>ﬁeentio</strong></span> <span class='ocrx_word' id='word_1_195' title='bbox 466 3090 491 3132; x_wconf 91' lang='lat'><strong><em>:</em></strong></span> <span class='ocrx_word' id='word_1_196' title='bbox 521 3092 625 3132; x_wconf 77' lang='lat' dir='ltr'><strong>vox</strong></span> <span class='ocrx_word' id='word_1_197' title='bbox 653 3078 864 3144; x_wconf 80' lang='lat' dir='ltr'><strong>Domini</strong></span> <span class='ocrx_word' id='word_1_198' title='bbox 892 3094 1087 3150; x_wconf 77' lang='lat' dir='ltr'><strong>magna</strong></span> <span class='ocrx_word' id='word_1_199' title='bbox 1113 3079 1317 3141; x_wconf 77' lang='lat' dir='ltr'><strong>faciens</strong></span> <span class='ocrx_word' id='word_1_200' title='bbox 1342 3082 1395 3147; x_wconf 84' lang='lat' dir='ltr'><strong>in</strong></span> <span class='ocrx_word' id='word_1_201' title='bbox 1422 3085 1523 3141; x_wconf 82' lang='lat' dir='ltr'><strong>eis.</strong></span> 
     </span>
    </p>
   </div>
   <div class='ocr_carea' id='block_1_29' title="bbox 308 3164 1833 3250">
    <p class='ocr_par' dir='ltr' id='par_1_29' title="bbox 308 3164 1833 3250">
     <span class='ocr_line' id='line_1_29' title="bbox 308 3164 1833 3250; baseline 0.005 -26"><span class='ocrx_word' id='word_1_202' title='bbox 308 3167 363 3224; x_wconf 84' lang='lat'><strong>5.</strong></span> <span class='ocrx_word' id='word_1_203' title='bbox 403 3164 560 3244; x_wconf 77' lang='grc' dir='ltr'><strong>[υεη.</strong></span> <span class='ocrx_word' id='word_1_204' title='bbox 583 3165 664 3243; x_wconf 84' lang='lat'><strong>5.]</strong></span> <span class='ocrx_word' id='word_1_205' title='bbox 702 3168 812 3224; x_wconf 67' lang='lat' dir='ltr'><strong>Vox</strong></span> <span class='ocrx_word' id='word_1_206' title='bbox 833 3168 1045 3250; x_wconf 83' lang='lat' dir='ltr'><strong>Domini</strong></span> <span class='ocrx_word' id='word_1_207' title='bbox 1068 3181 1330 3233; x_wconf 68' lang='lat' dir='ltr'><strong>conterent</strong></span> <span class='ocrx_word' id='word_1_208' title='bbox 1355 3175 1531 3233; x_wconf 74' lang='lat' dir='ltr'><strong>redros</strong></span> <span class='ocrx_word' id='word_1_209' title='bbox 1561 3191 1580 3230; x_wconf 91' lang='lat'><strong><em>:</em></strong></span> <span class='ocrx_word' id='word_1_210' title='bbox 1605 3192 1706 3232; x_wconf 80' lang='lat' dir='ltr'><strong>vox</strong></span> <span class='ocrx_word' id='word_1_211' title='bbox 1738 3178 1833 3232; x_wconf 77' lang='lat' dir='ltr'><strong>Do—</strong></span> 
     </span>
    </p>
   </div>
   <div class='ocr_carea' id='block_1_30' title="bbox 244 3261 1840 3339">
    <p class='ocr_par' dir='ltr' id='par_1_30' title="bbox 244 3261 1840 3339">
     <span class='ocr_line' id='line_1_30' title="bbox 244 3261 1840 3339; baseline 0.005 -23"><span class='ocrx_word' id='word_1_212' title='bbox 244 3261 367 3316; x_wconf 87' lang='lat' dir='ltr'><strong>mini</strong></span> <span class='ocrx_word' id='word_1_213' title='bbox 405 3263 733 3320; x_wconf 85' lang='lat' dir='ltr'><strong>contritione</strong></span> <span class='ocrx_word' id='word_1_214' title='bbox 761 3264 941 3327; x_wconf 79' lang='lat' dir='ltr'><strong>cordis</strong></span> <span class='ocrx_word' id='word_1_215' title='bbox 975 3264 1267 3327; x_wconf 82' lang='lat' dir='ltr'><strong>humilians</strong></span> <span class='ocrx_word' id='word_1_216' title='bbox 1294 3268 1578 3339; x_wconf 87' lang='lat' dir='ltr'><strong>superbos.</strong></span> <span class='ocrx_word' id='word_1_217' title='bbox 1609 3268 1840 3331; x_wconf 79' lang='lat' dir='ltr'><strong>Conteret</strong></span> 
     </span>
    </p>
   </div>
   <div class='ocr_carea' id='block_1_31' title="bbox 242 3349 1839 3430">
    <p class='ocr_par' dir='ltr' id='par_1_31' title="bbox 242 3349 1839 3430">
     <span class='ocr_line' id='line_1_31' title="bbox 242 3349 1839 3430; baseline 0.005 -24"><span class='ocrx_word' id='word_1_218' title='bbox 242 3349 487 3407; x_wconf 80' lang='lat' dir='ltr'><strong>Dominus</strong></span> <span class='ocrx_word' id='word_1_219' title='bbox 507 3353 688 3413; x_wconf 82' lang='lat' dir='ltr'><strong>cedros</strong></span> <span class='ocrx_word' id='word_1_220' title='bbox 710 3351 893 3419; x_wconf 61' lang='lat' dir='ltr'><strong>Libani</strong></span> <span class='ocrx_word' id='word_1_221' title='bbox 916 3368 935 3408; x_wconf 91' lang='lat'><strong><em>:</em></strong></span> <span class='ocrx_word' id='word_1_222' title='bbox 956 3364 1197 3417; x_wconf 88' lang='lat' dir='ltr'><strong>conteret</strong></span> <span class='ocrx_word' id='word_1_223' title='bbox 1220 3371 1318 3430; x_wconf 86' lang='lat' dir='ltr'><strong>per</strong></span> <span class='ocrx_word' id='word_1_224' title='bbox 1339 3358 1705 3428; x_wconf 67' lang='lat' dir='ltr'><strong>paenitentiam</strong></span> <span class='ocrx_word' id='word_1_225' title='bbox 1732 3359 1839 3414; x_wconf 80' lang='lat' dir='ltr'><strong>Do-</strong></span> 
     </span>
    </p>
   </div>
   <div class='ocr_carea' id='block_1_32' title="bbox 242 3442 1837 3518">
    <p class='ocr_par' dir='ltr' id='par_1_32' title="bbox 242 3442 1837 3518">
     <span class='ocr_line' id='line_1_32' title="bbox 242 3442 1837 3518; baseline 0.007 -21"><span class='ocrx_word' id='word_1_226' title='bbox 242 3442 415 3499; x_wconf 86' lang='lat' dir='ltr'><strong>minus</strong></span> <span class='ocrx_word' id='word_1_227' title='bbox 452 3444 627 3501; x_wconf 81' lang='lat' dir='ltr'><strong>elatos</strong></span> <span class='ocrx_word' id='word_1_228' title='bbox 662 3445 835 3501; x_wconf 90' lang='lat' dir='ltr'><strong>nitore</strong></span> <span class='ocrx_word' id='word_1_229' title='bbox 873 3456 1103 3507; x_wconf 79' lang='lat' dir='ltr'><strong>terrena:</strong></span> <span class='ocrx_word' id='word_1_230' title='bbox 1132 3448 1424 3505; x_wconf 78' lang='lat' dir='ltr'><strong>nobilitatis</strong></span> <span class='ocrx_word' id='word_1_231' title='bbox 1446 3490 1464 3518; x_wconf 90' lang='lat'><strong>,</strong></span> <span class='ocrx_word' id='word_1_232' title='bbox 1495 3465 1617 3506; x_wconf 90' lang='lat' dir='ltr'><strong>cum</strong></span> <span class='ocrx_word' id='word_1_233' title='bbox 1644 3450 1713 3505; x_wconf 87' lang='lat' dir='ltr'><strong>ad</strong></span> <span class='ocrx_word' id='word_1_234' title='bbox 1740 3466 1837 3508; x_wconf 84' lang='lat' dir='ltr'><strong>eos</strong></span> 
     </span>
    </p>
   </div>
   <div class='ocr_carea' id='block_1_33' title="bbox 240 3535 1836 3615">
    <p class='ocr_par' dir='ltr' id='par_1_33' title="bbox 240 3535 1836 3615">
     <span class='ocr_line' id='line_1_33' title="bbox 240 3535 1836 3615; baseline 0.004 -25"><span class='ocrx_word' id='word_1_235' title='bbox 240 3535 647 3593; x_wconf 79' lang='lat' dir='ltr'><strong>ceniundendos</strong></span> <span class='ocrx_word' id='word_1_236' title='bbox 673 3537 924 3610; x_wconf 70' lang='lat' dir='ltr'><strong>ignobilia</strong></span> <span class='ocrx_word' id='word_1_237' title='bbox 951 3538 1111 3609; x_wconf 82' lang='lat' dir='ltr'><strong>hujus</strong></span> <span class='ocrx_word' id='word_1_238' title='bbox 1135 3540 1318 3597; x_wconf 88' lang='lat' dir='ltr'><strong>mundi</strong></span> <span class='ocrx_word' id='word_1_239' title='bbox 1341 3541 1563 3613; x_wconf 80' lang='lat' dir='ltr'><strong>elegerit</strong></span> <span class='ocrx_word' id='word_1_240' title='bbox 1583 3543 1628 3615; x_wconf 89' lang='lat' dir='ltr'><strong>(l</strong></span> <span class='ocrx_word' id='word_1_241' title='bbox 1652 3542 1772 3599; x_wconf 86' lang='lat' dir='ltr'><strong>Cor.</strong></span> <span class='ocrx_word' id='word_1_242' title='bbox 1797 3558 1836 3613; x_wconf 88' lang='lat' dir='ltr'><strong>t,</strong></span> 
     </span>
    </p>
   </div>
   <div class='ocr_carea' id='block_1_34' title="bbox 240 3626 1523 3702">
    <p class='ocr_par' dir='ltr' id='par_1_34' title="bbox 240 3626 1523 3702">
     <span class='ocr_line' id='line_1_34' title="bbox 240 3626 1523 3702; baseline 0.005 -18"><span class='ocrx_word' id='word_1_243' title='bbox 240 3626 329 3701; x_wconf 78' lang='grc'><strong>9-8)</strong></span> <span class='ocrx_word' id='word_1_244' title='bbox 355 3669 372 3694; x_wconf 82' lang='grc'><em>,</em></span> <span class='ocrx_word' id='word_1_245' title='bbox 400 3629 456 3685; x_wconf 91' lang='lat' dir='ltr'><strong>in</strong></span> <span class='ocrx_word' id='word_1_246' title='bbox 486 3632 682 3702; x_wconf 87' lang='lat' dir='ltr'><strong>quibus</strong></span> <span class='ocrx_word' id='word_1_247' title='bbox 709 3634 957 3693; x_wconf 86' lang='lat' dir='ltr'><strong>ostendat</strong></span> <span class='ocrx_word' id='word_1_248' title='bbox 985 3632 1318 3693; x_wconf 75' lang='lat' dir='ltr'><strong>divinitatem</strong></span> <span class='ocrx_word' id='word_1_249' title='bbox 1347 3651 1523 3691; x_wconf 87' lang='lat' dir='ltr'><strong>suam.</strong></span> 
     </span>
    </p>
   </div>
   <div class='ocr_carea' id='block_1_35' title="bbox 270 3720 1840 3802">
    <p class='ocr_par' dir='ltr' id='par_1_35' title="bbox 270 3720 1840 3802">
     <span class='ocr_line' id='line_1_35' title="bbox 270 3720 1840 3802; baseline 0.006 -25"><span class='ocrx_word' id='word_1_250' title='bbox 270 3782 274 3785; x_wconf 57' lang='grc'><strong><em>,</em></strong></span> <span class='ocrx_word' id='word_1_251' title='bbox 307 3721 358 3777; x_wconf 85' lang='grc' dir='ltr'><strong>ϐ.</strong></span> <span class='ocrx_word' id='word_1_252' title='bbox 380 3720 534 3796; x_wconf 56' lang='lat' dir='ltr'><strong>[verm</strong></span> <span class='ocrx_word' id='word_1_253' title='bbox 560 3724 643 3795; x_wconf 85' lang='lat'><strong>6.]</strong></span> <span class='ocrx_word' id='word_1_254' title='bbox 666 3722 731 3779; x_wconf 86' lang='lat' dir='ltr'><strong>Et</strong></span> <span class='ocrx_word' id='word_1_255' title='bbox 753 3728 1060 3783; x_wconf 79' lang='lat' dir='ltr'><strong>comminuet</strong></span> <span class='ocrx_word' id='word_1_256' title='bbox 1082 3743 1168 3783; x_wconf 86' lang='lat' dir='ltr'><strong>ens</strong></span> <span class='ocrx_word' id='word_1_257' title='bbox 1193 3736 1433 3800; x_wconf 84' lang='lat' dir='ltr'><strong>tanquam</strong></span> <span class='ocrx_word' id='word_1_258' title='bbox 1454 3731 1663 3786; x_wconf 75' lang='lat' dir='ltr'><strong>tutulum</strong></span> <span class='ocrx_word' id='word_1_259' title='bbox 1686 3731 1840 3802; x_wconf 70' lang='lat' dir='ltr'><strong>Liba-</strong></span> 
     </span>
    </p>
   </div>
   <div class='ocr_carea' id='block_1_36' title="bbox 240 3813 1841 3895">
    <p class='ocr_par' dir='ltr' id='par_1_36' title="bbox 240 3813 1841 3895">
     <span class='ocr_line' id='line_1_36' title="bbox 240 3813 1841 3895; baseline 0.009 -30"><span class='ocrx_word' id='word_1_260' title='bbox 240 3813 309 3867; x_wconf 86' lang='lat' dir='ltr'><strong>ni.</strong></span> <span class='ocrx_word' id='word_1_261' title='bbox 342 3814 408 3868; x_wconf 83' lang='lat' dir='ltr'><strong>Et</strong></span> <span class='ocrx_word' id='word_1_262' title='bbox 434 3823 710 3885; x_wconf 80' lang='lat' dir='ltr'><strong>amputata</strong></span> <span class='ocrx_word' id='word_1_263' title='bbox 736 3820 965 3888; x_wconf 87' lang='lat' dir='ltr'><strong>superba</strong></span> <span class='ocrx_word' id='word_1_264' title='bbox 995 3818 1312 3883; x_wconf 75' lang='lat' dir='ltr'><strong>celsitudine</strong></span> <span class='ocrx_word' id='word_1_265' title='bbox 1342 3822 1575 3887; x_wconf 83' lang='lat' dir='ltr'><strong>illorum.</strong></span> <span class='ocrx_word' id='word_1_266' title='bbox 1605 3822 1841 3895; x_wconf 83' lang='lat' dir='ltr'><strong>deponet</strong></span> 
     </span>
    </p>
   </div>
   <div class='ocr_carea' id='block_1_37' title="bbox 239 3907 1835 3987">
    <p class='ocr_par' dir='ltr' id='par_1_37' title="bbox 239 3907 1835 3987">
     <span class='ocr_line' id='line_1_37' title="bbox 239 3907 1835 3987; baseline 0.007 -26"><span class='ocrx_word' id='word_1_267' title='bbox 239 3922 328 3961; x_wconf 83' lang='lat' dir='ltr'><strong>eos</strong></span> <span class='ocrx_word' id='word_1_268' title='bbox 351 3909 418 3963; x_wconf 84' lang='lat' dir='ltr'><strong>ad</strong></span> <span class='ocrx_word' id='word_1_269' title='bbox 446 3907 802 3964; x_wconf 83' lang='lat' dir='ltr'><strong>imitationem</strong></span> <span class='ocrx_word' id='word_1_270' title='bbox 832 3910 1145 3968; x_wconf 81' lang='lat' dir='ltr'><strong>humilitatis</strong></span> <span class='ocrx_word' id='word_1_271' title='bbox 1171 3927 1282 3969; x_wconf 68' lang='lat' dir='ltr'><strong>sua:</strong></span> <span class='ocrx_word' id='word_1_272' title='bbox 1308 3955 1321 3981; x_wconf 85' lang='lat'><strong>,</strong></span> <span class='ocrx_word' id='word_1_273' title='bbox 1349 3914 1439 3987; x_wconf 91' lang='lat' dir='ltr'><strong>qui</strong></span> <span class='ocrx_word' id='word_1_274' title='bbox 1468 3923 1721 3984; x_wconf 80' lang='lat' dir='ltr'><strong>tanquam</strong></span> <span class='ocrx_word' id='word_1_275' title='bbox 1755 3919 1835 3972; x_wconf 85' lang='lat' dir='ltr'><strong>vi-</strong></span> 
     </span>
    </p>
   </div>
   <div class='ocr_carea' id='block_1_38' title="bbox 242 3998 1836 4083">
    <p class='ocr_par' dir='ltr' id='par_1_38' title="bbox 242 3998 1836 4083">
     <span class='ocr_line' id='line_1_38' title="bbox 242 3998 1836 4083; baseline 0.004 -26"><span class='ocrx_word' id='word_1_276' title='bbox 242 3998 378 4057; x_wconf 85' lang='lat' dir='ltr'><strong>tulus</strong></span> <span class='ocrx_word' id='word_1_277' title='bbox 408 4015 505 4070; x_wconf 83' lang='lat' dir='ltr'><strong>per</strong></span> <span class='ocrx_word' id='word_1_278' title='bbox 536 4003 706 4073; x_wconf 83' lang='lat' dir='ltr'><strong>ipsam</strong></span> <span class='ocrx_word' id='word_1_279' title='bbox 736 4001 891 4073; x_wconf 84' lang='lat' dir='ltr'><strong>hujus</strong></span> <span class='ocrx_word' id='word_1_280' title='bbox 914 4004 1095 4059; x_wconf 75' lang='lat' dir='ltr'><strong>srrculi</strong></span> <span class='ocrx_word' id='word_1_281' title='bbox 1122 4005 1456 4083; x_wconf 80' lang='lat' dir='ltr'><strong>nobilitatem</strong></span> <span class='ocrx_word' id='word_1_282' title='bbox 1478 4008 1545 4063; x_wconf 82' lang='lat' dir='ltr'><strong>ad</strong></span> <span class='ocrx_word' id='word_1_283' title='bbox 1571 4008 1836 4064; x_wconf 82' lang='lat' dir='ltr'><strong>victimam</strong></span> 
     </span>
    </p>
   </div>
   <div class='ocr_carea' id='block_1_39' title="bbox 238 4088 1838 4171">
    <p class='ocr_par' dir='ltr' id='par_1_39' title="bbox 238 4088 1838 4171">
     <span class='ocr_line' id='line_1_39' title="bbox 238 4088 1838 4171; baseline 0.008 -29"><span class='ocrx_word' id='word_1_284' title='bbox 238 4088 427 4145; x_wconf 87' lang='lat' dir='ltr'><strong>ductus</strong></span> <span class='ocrx_word' id='word_1_285' title='bbox 458 4101 545 4146; x_wconf 82' lang='lat' dir='ltr'><strong>est</strong></span> <span class='ocrx_word' id='word_1_286' title='bbox 575 4109 590 4142; x_wconf 88' lang='lat'><strong><em>:</em></strong></span> <span class='ocrx_word' id='word_1_287' title='bbox 624 4092 900 4147; x_wconf 80' lang='lat' dir='ltr'><strong>Astiterunt</strong></span> <span class='ocrx_word' id='word_1_288' title='bbox 934 4095 1066 4149; x_wconf 81' lang='lat' dir='ltr'><strong>enim</strong></span> <span class='ocrx_word' id='word_1_289' title='bbox 1104 4113 1246 4168; x_wconf 84' lang='lat' dir='ltr'><strong>reges</strong></span> <span class='ocrx_word' id='word_1_290' title='bbox 1279 4106 1427 4153; x_wconf 69' lang='lat' dir='ltr'><strong>terra:</strong></span> <span class='ocrx_word' id='word_1_291' title='bbox 1451 4140 1465 4165; x_wconf 83' lang='lat'><strong>,</strong></span> <span class='ocrx_word' id='word_1_292' title='bbox 1501 4110 1551 4153; x_wconf 86' lang='lat' dir='ltr'><strong>et</strong></span> <span class='ocrx_word' id='word_1_293' title='bbox 1586 4102 1838 4171; x_wconf 83' lang='lat' dir='ltr'><strong>principes</strong></span> 
     </span>
    </p>
   </div>
   <div class='ocr_carea' id='block_1_40' title="bbox 236 4186 1837 4249">
    <p class='ocr_par' dir='ltr' id='par_1_40' title="bbox 236 4186 1837 4249">
     <span class='ocr_line' id='line_1_40' title="bbox 236 4186 1837 4249; baseline 0.01 -16"><span class='ocrx_word' id='word_1_294' title='bbox 236 4193 571 4238; x_wconf 68' lang='lat' dir='ltr'><strong>conuenerunt</strong></span> <span class='ocrx_word' id='word_1_295' title='bbox 615 4186 669 4239; x_wconf 88' lang='lat' dir='ltr'><strong>itt</strong></span> <span class='ocrx_word' id='word_1_296' title='bbox 714 4202 871 4240; x_wconf 85' lang='lat' dir='ltr'><strong>unum</strong></span> <span class='ocrx_word' id='word_1_297' title='bbox 910 4187 1150 4242; x_wconf 74' lang='lat' dir='ltr'><strong>adversus</strong></span> <span class='ocrx_word' id='word_1_298' title='bbox 1191 4187 1467 4247; x_wconf 78' lang='lat' dir='ltr'><strong>Dominum</strong></span> <span class='ocrx_word' id='word_1_299' title='bbox 1509 4202 1556 4245; x_wconf 84' lang='lat' dir='ltr'><strong>et</strong></span> <span class='ocrx_word' id='word_1_300' title='bbox 1596 4194 1837 4249; x_wconf 73' lang='lat' dir='ltr'><strong>adversus</strong></span> 
     </span>
    </p>
   </div>
   <div class='ocr_carea' id='block_1_41' title="bbox 237 4272 1834 4351">
    <p class='ocr_par' dir='ltr' id='par_1_41' title="bbox 237 4272 1834 4351">
     <span class='ocr_line' id='line_1_41' title="bbox 237 4272 1834 4351; baseline 0.008 -22"><span class='ocrx_word' id='word_1_301' title='bbox 237 4272 488 4330; x_wconf 65' lang='lat' dir='ltr'><strong>Clu‘istum</strong></span> <span class='ocrx_word' id='word_1_302' title='bbox 519 4278 631 4349; x_wconf 79' lang='lat' dir='ltr'><strong>ejus</strong></span> <span class='ocrx_word' id='word_1_303' title='bbox 661 4277 834 4346; x_wconf 73' lang='lat' dir='ltr'><strong>(Psat&#39;.</strong></span> <span class='ocrx_word' id='word_1_304' title='bbox 870 4293 929 4345; x_wconf 89' lang='lat' dir='ltr'><strong>lt,</strong></span> <span class='ocrx_word' id='word_1_305' title='bbox 956 4279 1035 4349; x_wconf 72' lang='grc'><strong>2).</strong></span> <span class='ocrx_word' id='word_1_306' title='bbox 1070 4278 1135 4333; x_wconf 81' lang='lat' dir='ltr'><strong>Et</strong></span> <span class='ocrx_word' id='word_1_307' title='bbox 1163 4281 1373 4345; x_wconf 82' lang='lat' dir='ltr'><strong>dilectus</strong></span> <span class='ocrx_word' id='word_1_308' title='bbox 1402 4283 1530 4336; x_wconf 88' lang='lat' dir='ltr'><strong>sicut</strong></span> <span class='ocrx_word' id='word_1_309' title='bbox 1556 4286 1696 4351; x_wconf 80' lang='lat' dir='ltr'><strong>filius</strong></span> <span class='ocrx_word' id='word_1_310' title='bbox 1718 4287 1834 4340; x_wconf 86' lang='lat' dir='ltr'><strong>uni-</strong></span> 
     </span>
    </p>
   </div>
   <div class='ocr_carea' id='block_1_42' title="bbox 237 4372 1833 4447">
    <p class='ocr_par' dir='ltr' id='par_1_42' title="bbox 237 4372 1833 4447">
     <span class='ocr_line' id='line_1_42' title="bbox 237 4372 1833 4447; baseline 0.01 -26"><span class='ocrx_word' id='word_1_311' title='bbox 237 4373 463 4425; x_wconf 79' lang='lat' dir='ltr'><strong>cornium</strong></span> <span class='ocrx_word' id='word_1_312' title='bbox 506 4388 526 4427; x_wconf 90' lang='lat'><strong><em>:</em></strong></span> <span class='ocrx_word' id='word_1_313' title='bbox 568 4388 692 4439; x_wconf 82' lang='lat' dir='ltr'><strong>nam</strong></span> <span class='ocrx_word' id='word_1_314' title='bbox 740 4382 794 4429; x_wconf 87' lang='lat' dir='ltr'><strong>et</strong></span> <span class='ocrx_word' id='word_1_315' title='bbox 836 4372 951 4443; x_wconf 81' lang='lat' dir='ltr'><strong>ipse</strong></span> <span class='ocrx_word' id='word_1_316' title='bbox 994 4374 1221 4441; x_wconf 80' lang='lat' dir='ltr'><strong>dilectus</strong></span> <span class='ocrx_word' id='word_1_317' title='bbox 1262 4384 1423 4447; x_wconf 86' lang='lat' dir='ltr'><strong>atque</strong></span> <span class='ocrx_word' id='word_1_318' title='bbox 1460 4377 1650 4434; x_wconf 83' lang='lat' dir='ltr'><strong>unicus</strong></span> <span class='ocrx_word' id='word_1_319' title='bbox 1691 4379 1833 4437; x_wconf 81' lang='lat' dir='ltr'><strong>Patri</strong></span> 
     </span>
    </p>
   </div>
   <div class='ocr_carea' id='block_1_43' title="bbox 237 4464 1835 4534">
    <p class='ocr_par' dir='ltr' id='par_1_43' title="bbox 237 4464 1835 4534">
     <span class='ocr_line' id='line_1_43' title="bbox 237 4464 1835 4534; baseline 0.007 -18"><span class='ocrx_word' id='word_1_320' title='bbox 237 4464 527 4524; x_wconf 77' lang='lat' dir='ltr'><strong>exinanivit</strong></span> <span class='ocrx_word' id='word_1_321' title='bbox 558 4480 621 4520; x_wconf 84' lang='lat' dir='ltr'><strong>se</strong></span> <span class='ocrx_word' id='word_1_322' title='bbox 651 4464 925 4522; x_wconf 87' lang='lat' dir='ltr'><strong>nobilitate</strong></span> <span class='ocrx_word' id='word_1_323' title='bbox 951 4480 1082 4530; x_wconf 87' lang='lat' dir='ltr'><strong>sua;</strong></span> <span class='ocrx_word' id='word_1_324' title='bbox 1111 4477 1165 4521; x_wconf 87' lang='lat' dir='ltr'><strong>et</strong></span> <span class='ocrx_word' id='word_1_325' title='bbox 1190 4465 1358 4523; x_wconf 79' lang='lat' dir='ltr'><strong>factus</strong></span> <span class='ocrx_word' id='word_1_326' title='bbox 1388 4478 1469 4522; x_wconf 86' lang='lat' dir='ltr'><strong>est</strong></span> <span class='ocrx_word' id='word_1_327' title='bbox 1496 4468 1679 4534; x_wconf 82' lang='lat' dir='ltr'><strong>homo,</strong></span> <span class='ocrx_word' id='word_1_328' title='bbox 1698 4470 1835 4527; x_wconf 72' lang='lat' dir='ltr'><strong>sicut</strong></span> 
     </span>
    </p>
   </div>
   <div class='ocr_carea' id='block_1_44' title="bbox 237 4552 1834 4632">
    <p class='ocr_par' dir='ltr' id='par_1_44' title="bbox 237 4552 1834 4632">
     <span class='ocr_line' id='line_1_44' title="bbox 237 4552 1834 4632; baseline 0.006 -25"><span class='ocrx_word' id='word_1_329' title='bbox 237 4552 369 4611; x_wconf 75' lang='lat' dir='ltr'><strong>illius</strong></span> <span class='ocrx_word' id='word_1_330' title='bbox 388 4554 701 4615; x_wconf 74' lang='lat' dir='ltr'><strong>Judteorum</strong></span> <span class='ocrx_word' id='word_1_331' title='bbox 725 4556 1081 4623; x_wconf 79' lang='lat' dir='ltr'><strong>ignorantium</strong></span> <span class='ocrx_word' id='word_1_332' title='bbox 1099 4556 1360 4625; x_wconf 85' lang='lat' dir='ltr'><strong>justitiam</strong></span> <span class='ocrx_word' id='word_1_333' title='bbox 1384 4559 1477 4614; x_wconf 86' lang='lat' dir='ltr'><strong>Dei</strong></span> <span class='ocrx_word' id='word_1_334' title='bbox 1502 4559 1676 4629; x_wconf 81' lang='lat' dir='ltr'><strong>(Rom.</strong></span> <span class='ocrx_word' id='word_1_335' title='bbox 1698 4577 1751 4622; x_wconf 70' lang='grc' dir='ltr'><strong>χ,</strong></span> <span class='ocrx_word' id='word_1_336' title='bbox 1774 4560 1834 4632; x_wconf 80' lang='lat'><strong>3)</strong></span> 
     </span>
    </p>
   </div>
   <div class='ocr_carea' id='block_1_45' title="bbox 234 4647 1832 4723">
    <p class='ocr_par' dir='ltr' id='par_1_45' title="bbox 234 4647 1832 4723">
     <span class='ocr_line' id='line_1_45' title="bbox 234 4647 1832 4723; baseline 0.004 -22"><span class='ocrx_word' id='word_1_337' title='bbox 234 4658 286 4702; x_wconf 89' lang='lat' dir='ltr'><strong>et</strong></span> <span class='ocrx_word' id='word_1_338' title='bbox 319 4649 556 4721; x_wconf 84' lang='lat' dir='ltr'><strong>superbe</strong></span> <span class='ocrx_word' id='word_1_339' title='bbox 579 4647 894 4719; x_wconf 84' lang='lat' dir='ltr'><strong>jactantium</strong></span> <span class='ocrx_word' id='word_1_340' title='bbox 931 4658 1181 4719; x_wconf 82' lang='lat' dir='ltr'><strong>tauquam</strong></span> <span class='ocrx_word' id='word_1_341' title='bbox 1222 4650 1546 4723; x_wconf 68' lang='lat' dir='ltr'><strong>singularem</strong></span> <span class='ocrx_word' id='word_1_342' title='bbox 1570 4651 1832 4714; x_wconf 80' lang='lat' dir='ltr'><strong>justitiam</strong></span> 
     </span>
    </p>
   </div>
   <div class='ocr_carea' id='block_1_46' title="bbox 235 4733 1312 4807">
    <p class='ocr_par' dir='ltr' id='par_1_46' title="bbox 235 4733 1312 4807">
     <span class='ocr_line' id='line_1_46' title="bbox 235 4733 1312 4807; baseline 0.012 -13"><span class='ocrx_word' id='word_1_343' title='bbox 235 4753 403 4807; x_wconf 77' lang='lat' dir='ltr'><strong>suam.</strong></span> <span class='ocrx_word' id='word_1_344' title='bbox 1310 4733 1312 4736; x_wconf 44' lang='grc'><em>’</em></span> 
     </span>
    </p>
   </div>
   <div class='ocr_carea' id='block_1_47' title="bbox 300 4830 1829 4907">
    <p class='ocr_par' dir='ltr' id='par_1_47' title="bbox 300 4830 1829 4907">
     <span class='ocr_line' id='line_1_47' title="bbox 300 4830 1829 4907; baseline 0.001 -18"><span class='ocrx_word' id='word_1_345' title='bbox 300 4834 352 4889; x_wconf 67' lang='grc'><strong>’1.</strong></span> <span class='ocrx_word' id='word_1_346' title='bbox 392 4832 552 4906; x_wconf 67' lang='grc' dir='ltr'><strong>[εει-ε.</strong></span> <span class='ocrx_word' id='word_1_347' title='bbox 581 4830 658 4905; x_wconf 87' lang='grc'><strong>7.]</strong></span> <span class='ocrx_word' id='word_1_348' title='bbox 697 4831 806 4893; x_wconf 65' lang='lat' dir='ltr'><strong>Vas</strong></span> <span class='ocrx_word' id='word_1_349' title='bbox 826 4831 1037 4889; x_wconf 84' lang='lat' dir='ltr'><strong>Domini</strong></span> <span class='ocrx_word' id='word_1_350' title='bbox 1056 4832 1372 4904; x_wconf 69' lang='lat' dir='ltr'><strong>prouidentia</strong></span> <span class='ocrx_word' id='word_1_351' title='bbox 1390 4836 1655 4905; x_wconf 78' lang='lat' dir='ltr'><strong>ﬂammam</strong></span> <span class='ocrx_word' id='word_1_352' title='bbox 1674 4836 1829 4907; x_wconf 75' lang='lat' dir='ltr'><strong>ignis.</strong></span> 
     </span>
    </p>
   </div>
   <div class='ocr_carea' id='block_1_48' title="bbox 234 4923 1833 4999">
    <p class='ocr_par' dir='ltr' id='par_1_48' title="bbox 234 4923 1833 4999">
     <span class='ocr_line' id='line_1_48' title="bbox 234 4923 1833 4999; baseline 0.004 -22"><span class='ocrx_word' id='word_1_353' title='bbox 234 4923 339 4980; x_wconf 74' lang='lat' dir='ltr'><strong>Vox</strong></span> <span class='ocrx_word' id='word_1_354' title='bbox 373 4924 589 4983; x_wconf 85' lang='lat' dir='ltr'><strong>Domini</strong></span> <span class='ocrx_word' id='word_1_355' title='bbox 616 4940 711 4995; x_wconf 90' lang='lat' dir='ltr'><strong>per</strong></span> <span class='ocrx_word' id='word_1_356' title='bbox 732 4926 979 4981; x_wconf 86' lang='lat' dir='ltr'><strong>ardorem</strong></span> <span class='ocrx_word' id='word_1_357' title='bbox 1001 4924 1479 4991; x_wconf 83' lang='lat' dir='ltr'><strong>concitatissimum</strong></span> <span class='ocrx_word' id='word_1_358' title='bbox 1506 4944 1833 4999; x_wconf 74' lang='lat' dir='ltr'><strong>persequen-</strong></span> 
     </span>
    </p>
   </div>
   <div class='ocr_carea' id='block_1_49' title="bbox 232 5015 1829 5083">
    <p class='ocr_par' dir='ltr' id='par_1_49' title="bbox 232 5015 1829 5083">
     <span class='ocr_line' id='line_1_49' title="bbox 232 5015 1829 5083; baseline 0.006 -16"><span class='ocrx_word' id='word_1_359' title='bbox 232 5018 356 5083; x_wconf 75' lang='lat' dir='ltr'><strong>tium</strong></span> <span class='ocrx_word' id='word_1_360' title='bbox 397 5032 459 5073; x_wconf 83' lang='lat' dir='ltr'><strong>se</strong></span> <span class='ocrx_word' id='word_1_361' title='bbox 499 5016 623 5075; x_wconf 84' lang='lat' dir='ltr'><strong>sine</strong></span> <span class='ocrx_word' id='word_1_362' title='bbox 662 5015 765 5070; x_wconf 87' lang='lat' dir='ltr'><strong>ulla</strong></span> <span class='ocrx_word' id='word_1_363' title='bbox 797 5031 893 5072; x_wconf 87' lang='lat' dir='ltr'><strong>sua</strong></span> <span class='ocrx_word' id='word_1_364' title='bbox 924 5015 1143 5083; x_wconf 55' lang='lat' dir='ltr'><strong>laesione</strong></span> <span class='ocrx_word' id='word_1_365' title='bbox 1174 5019 1520 5082; x_wconf 85' lang='lat' dir='ltr'><strong>transeuntis.</strong></span> <span class='ocrx_word' id='word_1_366' title='bbox 1565 5018 1652 5075; x_wconf 84' lang='lat' dir='ltr'><strong>vel</strong></span> <span class='ocrx_word' id='word_1_367' title='bbox 1692 5020 1829 5076; x_wconf 87' lang='lat' dir='ltr'><strong>divi-</strong></span> 
     </span>
    </p>
   </div>
   <div class='ocr_carea' id='block_1_50' title="bbox 233 5106 1828 5180">
    <p class='ocr_par' dir='ltr' id='par_1_50' title="bbox 233 5106 1828 5180">
     <span class='ocr_line' id='line_1_50' title="bbox 233 5106 1828 5180; baseline 0.004 -19"><span class='ocrx_word' id='word_1_368' title='bbox 233 5107 401 5162; x_wconf 80' lang='lat' dir='ltr'><strong>dentis</strong></span> <span class='ocrx_word' id='word_1_369' title='bbox 440 5106 713 5165; x_wconf 80' lang='lat' dir='ltr'><strong>furentcm</strong></span> <span class='ocrx_word' id='word_1_370' title='bbox 755 5106 1083 5163; x_wconf 85' lang='lat' dir='ltr'><strong>iracundiam</strong></span> <span class='ocrx_word' id='word_1_371' title='bbox 1128 5120 1529 5179; x_wconf 80' lang='lat' dir='ltr'><strong>persecutorem</strong></span> <span class='ocrx_word' id='word_1_372' title='bbox 1569 5125 1828 5180; x_wconf 84' lang='lat' dir='ltr'><strong>suorum,</strong></span> 
     </span>
    </p>
   </div>
   <div class='ocr_carea' id='block_1_51' title="bbox 232 5198 1826 5271">
    <p class='ocr_par' dir='ltr' id='par_1_51' title="bbox 232 5198 1826 5271">
     <span class='ocr_line' id='line_1_51' title="bbox 232 5198 1826 5271; baseline 0.003 -18"><span class='ocrx_word' id='word_1_373' title='bbox 232 5211 286 5253; x_wconf 87' lang='lat' dir='ltr'><strong>ut</strong></span> <span class='ocrx_word' id='word_1_374' title='bbox 309 5200 393 5253; x_wconf 91' lang='lat' dir='ltr'><strong>alii</strong></span> <span class='ocrx_word' id='word_1_375' title='bbox 420 5202 687 5265; x_wconf 78' lang='lat' dir='ltr'><strong>dicerent,</strong></span> <span class='ocrx_word' id='word_1_376' title='bbox 717 5198 981 5271; x_wconf 84' lang='lat' dir='ltr'><strong>Numquid</strong></span> <span class='ocrx_word' id='word_1_377' title='bbox 1006 5199 1143 5256; x_wconf 82' lang='lat' dir='ltr'><strong>forte</strong></span> <span class='ocrx_word' id='word_1_378' title='bbox 1164 5201 1277 5270; x_wconf 86' lang='lat' dir='ltr'><strong>ipse</strong></span> <span class='ocrx_word' id='word_1_379' title='bbox 1295 5209 1381 5257; x_wconf 88' lang='lat' dir='ltr'><strong>est</strong></span> <span class='ocrx_word' id='word_1_380' title='bbox 1398 5202 1681 5266; x_wconf 85' lang='lat' dir='ltr'><strong>Christus;</strong></span> <span class='ocrx_word' id='word_1_381' title='bbox 1705 5205 1826 5270; x_wconf 85' lang='lat' dir='ltr'><strong>alii,</strong></span> 
     </span>
    </p>
   </div>
   <div class='ocr_carea' id='block_1_52' title="bbox 230 5290 1826 5364">
    <p class='ocr_par' dir='ltr' id='par_1_52' title="bbox 230 5290 1826 5364">
     <span class='ocr_line' id='line_1_52' title="bbox 230 5290 1826 5364; baseline 0.003 -17"><span class='ocrx_word' id='word_1_382' title='bbox 230 5290 364 5358; x_wconf 79' lang='lat' dir='ltr'><strong>Non,</strong></span> <span class='ocrx_word' id='word_1_383' title='bbox 391 5293 489 5349; x_wconf 83' lang='lat' dir='ltr'><strong>sed</strong></span> <span class='ocrx_word' id='word_1_384' title='bbox 516 5292 724 5347; x_wconf 86' lang='lat' dir='ltr'><strong>seducit</strong></span> <span class='ocrx_word' id='word_1_385' title='bbox 754 5293 1007 5361; x_wconf 86' lang='lat' dir='ltr'><strong>populum</strong></span> <span class='ocrx_word' id='word_1_386' title='bbox 1049 5292 1331 5362; x_wconf 70' lang='lat' dir='ltr'><strong>(Joatt.,vtt</strong></span> <span class='ocrx_word' id='word_1_387' title='bbox 1354 5334 1369 5359; x_wconf 90' lang='lat'><strong>,</strong></span> <span class='ocrx_word' id='word_1_388' title='bbox 1406 5294 1496 5364; x_wconf 74' lang='lat' dir='ltr'><strong>i2)</strong></span> <span class='ocrx_word' id='word_1_389' title='bbox 1524 5312 1538 5345; x_wconf 82' lang='lat'>:</span> <span class='ocrx_word' id='word_1_390' title='bbox 1564 5307 1725 5350; x_wconf 76' lang='lat' dir='ltr'><strong>amne</strong></span> <span class='ocrx_word' id='word_1_391' title='bbox 1758 5298 1826 5350; x_wconf 84' lang='lat' dir='ltr'><strong>ita</strong></span> 
     </span>
    </p>
   </div>
   <div class='ocr_carea' id='block_1_53' title="bbox 230 5385 1825 5455">
    <p class='ocr_par' dir='ltr' id='par_1_53' title="bbox 230 5385 1825 5455">
     <span class='ocr_line' id='line_1_53' title="bbox 230 5385 1825 5455; baseline 0.003 -14"><span class='ocrx_word' id='word_1_392' title='bbox 230 5386 570 5455; x_wconf 78' lang='lat' dir='ltr'><strong>prtccidentis</strong></span> <span class='ocrx_word' id='word_1_393' title='bbox 606 5385 851 5439; x_wconf 85' lang='lat' dir='ltr'><strong>insanum</strong></span> <span class='ocrx_word' id='word_1_394' title='bbox 900 5390 1185 5445; x_wconf 86' lang='lat' dir='ltr'><strong>tumultum</strong></span> <span class='ocrx_word' id='word_1_395' title='bbox 1226 5402 1456 5453; x_wconf 87' lang='lat' dir='ltr'><strong>eorum,</strong></span> <span class='ocrx_word' id='word_1_396' title='bbox 1500 5397 1557 5440; x_wconf 87' lang='lat' dir='ltr'><strong>ut</strong></span> <span class='ocrx_word' id='word_1_397' title='bbox 1596 5390 1731 5441; x_wconf 83' lang='lat' dir='ltr'><strong>alios</strong></span> <span class='ocrx_word' id='word_1_398' title='bbox 1770 5394 1825 5445; x_wconf 84' lang='lat' dir='ltr'><strong>in</strong></span> 
     </span>
    </p>
   </div>
   <div class='ocr_carea' id='block_1_54' title="bbox 229 5474 1824 5547">
    <p class='ocr_par' dir='ltr' id='par_1_54' title="bbox 229 5474 1824 5547">
     <span class='ocr_line' id='line_1_54' title="bbox 229 5474 1824 5547; baseline 0.004 -17"><span class='ocrx_word' id='word_1_399' title='bbox 229 5474 543 5538; x_wconf 86' lang='lat' dir='ltr'><strong>charitatem</strong></span> <span class='ocrx_word' id='word_1_400' title='bbox 582 5491 735 5535; x_wconf 84' lang='lat' dir='ltr'><strong>suam</strong></span> <span class='ocrx_word' id='word_1_401' title='bbox 772 5474 1043 5547; x_wconf 83' lang='lat' dir='ltr'><strong>trajicerct</strong></span> <span class='ocrx_word' id='word_1_402' title='bbox 1072 5517 1087 5537; x_wconf 89' lang='lat'><strong>.</strong></span> <span class='ocrx_word' id='word_1_403' title='bbox 1129 5476 1263 5531; x_wconf 85' lang='lat' dir='ltr'><strong>alios</strong></span> <span class='ocrx_word' id='word_1_404' title='bbox 1300 5477 1354 5531; x_wconf 84' lang='lat' dir='ltr'><strong>in</strong></span> <span class='ocrx_word' id='word_1_405' title='bbox 1398 5479 1594 5534; x_wconf 76' lang='lat' dir='ltr'><strong>malitia</strong></span> <span class='ocrx_word' id='word_1_406' title='bbox 1635 5496 1824 5537; x_wconf 75' lang='lat' dir='ltr'><strong>eorum</strong></span> 
     </span>
    </p>
   </div>
   <div class='ocr_carea' id='block_1_55' title="bbox 230 5570 577 5640">
    <p class='ocr_par' dir='ltr' id='par_1_55' title="bbox 230 5570 577 5640">
     <span class='ocr_line' id='line_1_55' title="bbox 230 5570 577 5640; baseline 0.003 -18"><span class='ocrx_word' id='word_1_407' title='bbox 230 5570 577 5640; x_wconf 80' lang='lat' dir='ltr'><strong>relinqueret.</strong></span> 
     </span>
    </p>
   </div>
   <div class='ocr_carea' id='block_1_56' title="bbox 296 5658 1829 5739">
    <p class='ocr_par' dir='ltr' id='par_1_56' title="bbox 296 5658 1829 5739">
     <span class='ocr_line' id='line_1_56' title="bbox 296 5658 1829 5739; baseline 0.001 -20"><span class='ocrx_word' id='word_1_408' title='bbox 296 5661 352 5727; x_wconf 80' lang='lat'><strong>8.</strong></span> <span class='ocrx_word' id='word_1_409' title='bbox 389 5662 549 5739; x_wconf 57' lang='lat' dir='ltr'><strong>iners.</strong></span> <span class='ocrx_word' id='word_1_410' title='bbox 580 5663 661 5735; x_wconf 78' lang='grc'><strong>8.]</strong></span> <span class='ocrx_word' id='word_1_411' title='bbox 708 5658 819 5717; x_wconf 65' lang='lat' dir='ltr'><strong>Vox</strong></span> <span class='ocrx_word' id='word_1_412' title='bbox 848 5658 1057 5721; x_wconf 84' lang='lat' dir='ltr'><strong>Domini</strong></span> <span class='ocrx_word' id='word_1_413' title='bbox 1082 5663 1437 5720; x_wconf 68' lang='lat' dir='ltr'><strong>commorantis</strong></span> <span class='ocrx_word' id='word_1_414' title='bbox 1460 5664 1784 5726; x_wconf 74' lang='lat' dir='ltr'><strong>solitudinem</strong></span> <span class='ocrx_word' id='word_1_415' title='bbox 1808 5680 1829 5721; x_wconf 90' lang='lat'><strong><em>:</em></strong></span> 
     </span>
    </p>
   </div>
   <div class='ocr_carea' id='block_1_57' title="bbox 231 5752 1822 5822">
    <p class='ocr_par' dir='ltr' id='par_1_57' title="bbox 231 5752 1822 5822">
     <span class='ocr_line' id='line_1_57' title="bbox 231 5752 1822 5822; baseline 0.001 -13"><span class='ocrx_word' id='word_1_416' title='bbox 231 5766 326 5809; x_wconf 76' lang='lat' dir='ltr'><strong>vos</strong></span> <span class='ocrx_word' id='word_1_417' title='bbox 369 5752 585 5809; x_wconf 79' lang='lat' dir='ltr'><strong>Domini</strong></span> <span class='ocrx_word' id='word_1_418' title='bbox 612 5766 1001 5808; x_wconf 81' lang='lat' dir='ltr'><strong>commoveutts</strong></span> <span class='ocrx_word' id='word_1_419' title='bbox 1027 5761 1094 5807; x_wconf 86' lang='lat' dir='ltr'><strong>att</strong></span> <span class='ocrx_word' id='word_1_420' title='bbox 1122 5761 1282 5807; x_wconf 79' lang='lat' dir='ltr'><strong>tidem</strong></span> <span class='ocrx_word' id='word_1_421' title='bbox 1314 5753 1515 5809; x_wconf 83' lang='lat' dir='ltr'><strong>Gentes</strong></span> <span class='ocrx_word' id='word_1_422' title='bbox 1552 5757 1822 5822; x_wconf 76' lang='lat' dir='ltr'><strong>quondam</strong></span> 
     </span>
    </p>
   </div>
   <div class='ocr_carea' id='block_1_58' title="bbox 223 5845 1819 5921">
    <p class='ocr_par' dir='ltr' id='par_1_58' title="bbox 223 5845 1819 5921">
     <span class='ocr_line' id='line_1_58' title="bbox 223 5845 1819 5921; baseline 0.006 -18"><span class='ocrx_word' id='word_1_423' title='bbox 223 5846 342 5906; x_wconf 85' lang='lat' dir='ltr'><strong>sine</strong></span> <span class='ocrx_word' id='word_1_424' title='bbox 365 5864 464 5921; x_wconf 83' lang='lat' dir='ltr'><strong>spe</strong></span> <span class='ocrx_word' id='word_1_425' title='bbox 489 5854 548 5905; x_wconf 85' lang='lat' dir='ltr'><strong>et</strong></span> <span class='ocrx_word' id='word_1_426' title='bbox 576 5846 691 5904; x_wconf 81' lang='lat' dir='ltr'><strong>sine</strong></span> <span class='ocrx_word' id='word_1_427' title='bbox 714 5846 828 5904; x_wconf 86' lang='lat' dir='ltr'><strong>Deo</strong></span> <span class='ocrx_word' id='word_1_428' title='bbox 858 5845 913 5902; x_wconf 82' lang='lat' dir='ltr'><strong>in</strong></span> <span class='ocrx_word' id='word_1_429' title='bbox 941 5848 1044 5901; x_wconf 84' lang='lat' dir='ltr'><strong>hoc</strong></span> <span class='ocrx_word' id='word_1_430' title='bbox 1078 5846 1279 5906; x_wconf 75' lang='lat' dir='ltr'><strong>mtmdo</strong></span> <span class='ocrx_word' id='word_1_431' title='bbox 1310 5846 1539 5917; x_wconf 74' lang='lat' dir='ltr'><strong>(Ephes.</strong></span> <span class='ocrx_word' id='word_1_432' title='bbox 1570 5863 1604 5903; x_wconf 89' lang='lat' dir='ltr'><strong>n</strong></span> <span class='ocrx_word' id='word_1_433' title='bbox 1624 5888 1640 5916; x_wconf 93' lang='lat'><strong>,</strong></span> <span class='ocrx_word' id='word_1_434' title='bbox 1678 5849 1819 5920; x_wconf 73' lang='lat' dir='ltr'><strong>l2):</strong></span> 
     </span>
    </p>
   </div>
   <div class='ocr_carea' id='block_1_59' title="bbox 1359 392 2461 465">
    <p class='ocr_par' dir='ltr' id='par_1_59' title="bbox 1359 392 2461 465">
     <span class='ocr_line' id='line_1_59' title="bbox 1359 392 2461 465; baseline 0.004 -12"><span class='ocrx_word' id='word_1_435' title='bbox 1359 392 1762 459; x_wconf 67' lang='lat' dir='ltr'><strong>ENMiRATIO</strong></span> <span class='ocrx_word' id='word_1_436' title='bbox 1797 395 1869 455; x_wconf 78' lang='lat' dir='ltr'><strong>IN</strong></span> <span class='ocrx_word' id='word_1_437' title='bbox 1905 398 2231 459; x_wconf 65' lang='lat' dir='ltr'><strong>PSALMUI</strong></span> <span class='ocrx_word' id='word_1_438' title='bbox 2268 400 2461 465; x_wconf 75' lang='lat' dir='ltr'><strong>XXIX.</strong></span> 
     </span>
    </p>
   </div>
   <div class='ocr_carea' id='block_1_60' title="bbox 3453 424 3564 491">
    <p class='ocr_par' dir='ltr' id='par_1_60' title="bbox 3453 424 3564 491">
     <span class='ocr_line' id='line_1_60' title="bbox 3453 424 3564 491; baseline 0.054 -6"><span class='ocrx_word' id='word_1_439' title='bbox 3453 424 3564 491; x_wconf 66' lang='grc'><strong>214</strong></span> 
     </span>
    </p>
   </div>
   <div class='ocr_carea' id='block_1_61' title="bbox 1970 515 3562 608">
    <p class='ocr_par' dir='ltr' id='par_1_61' title="bbox 1970 515 3562 608">
     <span class='ocr_line' id='line_1_61' title="bbox 1970 515 3562 608; baseline 0.02 -38"><span class='ocrx_word' id='word_1_440' title='bbox 1970 515 2060 608; x_wconf 80' lang='lat' dir='ltr'><strong>ubi</strong></span> <span class='ocrx_word' id='word_1_441' title='bbox 2074 515 2252 572; x_wconf 84' lang='lat' dir='ltr'><strong>nullus</strong></span> <span class='ocrx_word' id='word_1_442' title='bbox 2270 520 2549 590; x_wconf 82' lang='lat' dir='ltr'><strong>prephcta,</strong></span> <span class='ocrx_word' id='word_1_443' title='bbox 2578 525 2754 583; x_wconf 87' lang='lat' dir='ltr'><strong>nullus</strong></span> <span class='ocrx_word' id='word_1_444' title='bbox 2780 530 2926 587; x_wconf 81' lang='lat' dir='ltr'><strong>verbi</strong></span> <span class='ocrx_word' id='word_1_445' title='bbox 2956 532 3051 591; x_wconf 87' lang='lat' dir='ltr'><strong>Dei</strong></span> <span class='ocrx_word' id='word_1_446' title='bbox 3080 538 3417 608; x_wconf 63' lang='lat' dir='ltr'><strong>medicatur,</strong></span> <span class='ocrx_word' id='word_1_447' title='bbox 3445 545 3562 602; x_wconf 75' lang='lat' dir='ltr'><strong>vel-</strong></span> 
     </span>
    </p>
   </div>
   <div class='ocr_carea' id='block_1_62' title="bbox 1968 606 3566 693">
    <p class='ocr_par' dir='ltr' id='par_1_62' title="bbox 1968 606 3566 693">
     <span class='ocr_line' id='line_1_62' title="bbox 1968 606 3566 693; baseline 0.019 -30"><span class='ocrx_word' id='word_1_448' title='bbox 1968 606 2048 665; x_wconf 88' lang='lat' dir='ltr'><strong>uti</strong></span> <span class='ocrx_word' id='word_1_449' title='bbox 2071 610 2253 671; x_wconf 86' lang='lat' dir='ltr'><strong>nullus</strong></span> <span class='ocrx_word' id='word_1_450' title='bbox 2303 610 2465 667; x_wconf 87' lang='lat' dir='ltr'><strong>homo</strong></span> <span class='ocrx_word' id='word_1_451' title='bbox 2494 613 2841 675; x_wconf 81' lang='lat' dir='ltr'><strong>habitaverat.</strong></span> <span class='ocrx_word' id='word_1_452' title='bbox 2870 622 2942 678; x_wconf 78' lang='lat' dir='ltr'><strong>Et</strong></span> <span class='ocrx_word' id='word_1_453' title='bbox 2961 638 3284 689; x_wconf 70' lang='lat' dir='ltr'><strong>commovebat</strong></span> <span class='ocrx_word' id='word_1_454' title='bbox 3312 606 3566 693; x_wconf 75' lang='lat' dir='ltr'><strong>Dominus</strong></span> 
     </span>
    </p>
   </div>
   <div class='ocr_carea' id='block_1_63' title="bbox 1968 701 3562 785">
    <p class='ocr_par' dir='ltr' id='par_1_63' title="bbox 1968 701 3562 785">
     <span class='ocr_line' id='line_1_63' title="bbox 1968 701 3562 785; baseline 0.021 -34"><span class='ocrx_word' id='word_1_455' title='bbox 1968 709 2222 757; x_wconf 75' lang='lat' dir='ltr'><strong>desertum</strong></span> <span class='ocrx_word' id='word_1_456' title='bbox 2244 701 2406 759; x_wconf 75' lang='lat' dir='ltr'><strong>Gades</strong></span> <span class='ocrx_word' id='word_1_457' title='bbox 2428 719 2446 759; x_wconf 91' lang='lat'><em>:</em></span> <span class='ocrx_word' id='word_1_458' title='bbox 2467 714 2521 761; x_wconf 88' lang='lat' dir='ltr'><strong>et</strong></span> <span class='ocrx_word' id='word_1_459' title='bbox 2543 716 2669 765; x_wconf 89' lang='lat' dir='ltr'><strong>tunc</strong></span> <span class='ocrx_word' id='word_1_460' title='bbox 2691 713 2951 769; x_wconf 86' lang='lat' dir='ltr'><strong>celebrari</strong></span> <span class='ocrx_word' id='word_1_461' title='bbox 2972 717 3129 775; x_wconf 77' lang='lat' dir='ltr'><strong>faciet</strong></span> <span class='ocrx_word' id='word_1_462' title='bbox 3149 727 3414 783; x_wconf 82' lang='lat' dir='ltr'><strong>Dominus</strong></span> <span class='ocrx_word' id='word_1_463' title='bbox 3436 743 3562 785; x_wconf 83' lang='lat' dir='ltr'><strong>san-</strong></span> 
     </span>
    </p>
   </div>
   <div class='ocr_carea' id='block_1_64' title="bbox 1966 792 3572 883">
    <p class='ocr_par' dir='ltr' id='par_1_64' title="bbox 1966 792 3572 883">
     <span class='ocr_line' id='line_1_64' title="bbox 1966 792 3572 883; baseline 0.018 -40"><span class='ocrx_word' id='word_1_464' title='bbox 1966 798 2111 847; x_wconf 90' lang='lat' dir='ltr'><strong>ctum</strong></span> <span class='ocrx_word' id='word_1_465' title='bbox 2150 792 2371 849; x_wconf 79' lang='lat' dir='ltr'><strong>verbum</strong></span> <span class='ocrx_word' id='word_1_466' title='bbox 2412 794 2808 870; x_wconf 84' lang='lat' dir='ltr'><strong>Scripturarutn</strong></span> <span class='ocrx_word' id='word_1_467' title='bbox 2848 820 3100 876; x_wconf 85' lang='lat' dir='ltr'><strong>suarum,</strong></span> <span class='ocrx_word' id='word_1_468' title='bbox 3128 822 3270 883; x_wconf 86' lang='lat' dir='ltr'><strong>quod</strong></span> <span class='ocrx_word' id='word_1_469' title='bbox 3305 834 3335 875; x_wconf 84' lang='lat' dir='ltr'><strong>a</strong></span> <span class='ocrx_word' id='word_1_470' title='bbox 3364 818 3572 877; x_wconf 68' lang='lat' dir='ltr'><strong>ludris</strong></span> 
     </span>
    </p>
   </div>
   <div class='ocr_carea' id='block_1_65' title="bbox 1967 883 2919 957">
    <p class='ocr_par' dir='ltr' id='par_1_65' title="bbox 1967 883 2919 957">
     <span class='ocr_line' id='line_1_65' title="bbox 1967 883 2919 957; baseline 0.018 -21"><span class='ocrx_word' id='word_1_471' title='bbox 1967 898 2075 938; x_wconf 86' lang='lat' dir='ltr'><strong>non</strong></span> <span class='ocrx_word' id='word_1_472' title='bbox 2103 883 2522 957; x_wconf 77' lang='lat' dir='ltr'><strong>intelligentibus</strong></span> <span class='ocrx_word' id='word_1_473' title='bbox 2552 891 2919 955; x_wconf 80' lang='lat' dir='ltr'><strong>deserebatur.</strong></span> 
     </span>
    </p>
   </div>
   <div class='ocr_carea' id='block_1_66' title="bbox 2036 972 3565 1062">
    <p class='ocr_par' dir='ltr' id='par_1_66' title="bbox 2036 972 3565 1062">
     <span class='ocr_line' id='line_1_66' title="bbox 2036 972 3565 1062; baseline 0.02 -33"><span class='ocrx_word' id='word_1_474' title='bbox 2036 972 2090 1029; x_wconf 92' lang='lat'><strong>9.</strong></span> <span class='ocrx_word' id='word_1_475' title='bbox 2131 972 2284 1048; x_wconf 80' lang='lat' dir='ltr'><strong>[vers.</strong></span> <span class='ocrx_word' id='word_1_476' title='bbox 2326 976 2407 1053; x_wconf 88' lang='lat'><strong>9.]</strong></span> <span class='ocrx_word' id='word_1_477' title='bbox 2453 978 2565 1037; x_wconf 73' lang='lat' dir='ltr'><strong>Vox</strong></span> <span class='ocrx_word' id='word_1_478' title='bbox 2601 981 2815 1041; x_wconf 78' lang='lat' dir='ltr'><strong>Domini</strong></span> <span class='ocrx_word' id='word_1_479' title='bbox 2848 991 3157 1062; x_wconf 74' lang='lat' dir='ltr'><strong>perﬁcientis</strong></span> <span class='ocrx_word' id='word_1_480' title='bbox 3195 1012 3366 1052; x_wconf 74' lang='lat' dir='ltr'><strong>ceruos</strong></span> <span class='ocrx_word' id='word_1_481' title='bbox 3407 1015 3430 1053; x_wconf 79' lang='lat'><strong>.&#39;</strong></span> <span class='ocrx_word' id='word_1_482' title='bbox 3461 1017 3565 1059; x_wconf 76' lang='lat' dir='ltr'><strong>vox</strong></span> 
     </span>
    </p>
   </div>
   <div class='ocr_carea' id='block_1_67' title="bbox 1965 1063 3567 1161">
    <p class='ocr_par' dir='ltr' id='par_1_67' title="bbox 1965 1063 3567 1161">
     <span class='ocr_line' id='line_1_67' title="bbox 1965 1063 3567 1161; baseline 0.02 -42"><span class='ocrx_word' id='word_1_483' title='bbox 1965 1063 2114 1122; x_wconf 89' lang='lat' dir='ltr'><strong>enim</strong></span> <span class='ocrx_word' id='word_1_484' title='bbox 2144 1066 2356 1125; x_wconf 88' lang='lat' dir='ltr'><strong>Domini</strong></span> <span class='ocrx_word' id='word_1_485' title='bbox 2384 1072 2556 1142; x_wconf 87' lang='lat' dir='ltr'><strong>primo</strong></span> <span class='ocrx_word' id='word_1_486' title='bbox 2580 1078 2787 1146; x_wconf 84' lang='lat' dir='ltr'><strong>perlicit</strong></span> <span class='ocrx_word' id='word_1_487' title='bbox 2809 1091 3151 1152; x_wconf 85' lang='lat' dir='ltr'><strong>superatorcs</strong></span> <span class='ocrx_word' id='word_1_488' title='bbox 3172 1099 3226 1144; x_wconf 86' lang='lat' dir='ltr'><strong>ct</strong></span> <span class='ocrx_word' id='word_1_489' title='bbox 3253 1093 3567 1161; x_wconf 80' lang='lat' dir='ltr'><strong>repulsores</strong></span> 
     </span>
    </p>
   </div>
   <div class='ocr_carea' id='block_1_68' title="bbox 1966 1163 3562 1241">
    <p class='ocr_par' dir='ltr' id='par_1_68' title="bbox 1966 1163 3562 1241">
     <span class='ocr_line' id='line_1_68' title="bbox 1966 1163 3562 1241; baseline 0.021 -32"><span class='ocrx_word' id='word_1_490' title='bbox 1966 1170 2355 1215; x_wconf 84' lang='lat' dir='ltr'><strong>venenosarum</strong></span> <span class='ocrx_word' id='word_1_491' title='bbox 2396 1163 2718 1235; x_wconf 80' lang='lat' dir='ltr'><strong>linguarum.</strong></span> <span class='ocrx_word' id='word_1_492' title='bbox 2746 1168 2815 1224; x_wconf 85' lang='lat' dir='ltr'><strong>Et</strong></span> <span class='ocrx_word' id='word_1_493' title='bbox 2851 1174 3089 1230; x_wconf 77' lang='lat' dir='ltr'><strong>reuelabit</strong></span> <span class='ocrx_word' id='word_1_494' title='bbox 3124 1178 3280 1235; x_wconf 78' lang='lat' dir='ltr'><strong>siluas</strong></span> <span class='ocrx_word' id='word_1_495' title='bbox 3307 1195 3325 1236; x_wconf 91' lang='lat'><strong><em>:</em></strong></span> <span class='ocrx_word' id='word_1_496' title='bbox 3351 1192 3411 1239; x_wconf 78' lang='lat' dir='ltr'><strong>et</strong></span> <span class='ocrx_word' id='word_1_497' title='bbox 3437 1195 3562 1241; x_wconf 80' lang='lat' dir='ltr'><strong>tunc</strong></span> 
     </span>
    </p>
   </div>
   <div class='ocr_carea' id='block_1_69' title="bbox 1961 1245 3555 1332">
    <p class='ocr_par' dir='ltr' id='par_1_69' title="bbox 1961 1245 3555 1332">
     <span class='ocr_line' id='line_1_69' title="bbox 1961 1245 3555 1332; baseline 0.018 -30"><span class='ocrx_word' id='word_1_498' title='bbox 1961 1245 2041 1303; x_wconf 84' lang='lat' dir='ltr'><strong>eis</strong></span> <span class='ocrx_word' id='word_1_499' title='bbox 2078 1250 2336 1308; x_wconf 86' lang='lat' dir='ltr'><strong>revelabit</strong></span> <span class='ocrx_word' id='word_1_500' title='bbox 2370 1257 2667 1325; x_wconf 68' lang='lat' dir='ltr'><strong>opacitate:</strong></span> <span class='ocrx_word' id='word_1_501' title='bbox 2703 1259 3007 1320; x_wconf 87' lang='lat' dir='ltr'><strong>divinorum</strong></span> <span class='ocrx_word' id='word_1_502' title='bbox 3046 1267 3303 1325; x_wconf 87' lang='lat' dir='ltr'><strong>librorum</strong></span> <span class='ocrx_word' id='word_1_503' title='bbox 3344 1282 3401 1329; x_wconf 85' lang='lat' dir='ltr'><strong>et</strong></span> <span class='ocrx_word' id='word_1_504' title='bbox 3436 1288 3555 1332; x_wconf 83' lang='lat' dir='ltr'><strong>utn-</strong></span> 
     </span>
    </p>
   </div>
   <div class='ocr_carea' id='block_1_70' title="bbox 1959 1337 3555 1433">
    <p class='ocr_par' dir='ltr' id='par_1_70' title="bbox 1959 1337 3555 1433">
     <span class='ocr_line' id='line_1_70' title="bbox 1959 1337 3555 1433; baseline 0.017 -40"><span class='ocrx_word' id='word_1_505' title='bbox 1959 1337 2176 1433; x_wconf 80' lang='lat' dir='ltr'><strong>b_racula</strong></span> <span class='ocrx_word' id='word_1_506' title='bbox 2221 1346 2635 1416; x_wconf 84' lang='lat' dir='ltr'><strong>mysteriorum.</strong></span> <span class='ocrx_word' id='word_1_507' title='bbox 2678 1351 2765 1407; x_wconf 90' lang='lat' dir='ltr'><strong>ubi</strong></span> <span class='ocrx_word' id='word_1_508' title='bbox 2802 1368 2925 1409; x_wconf 91' lang='lat' dir='ltr'><strong>cum</strong></span> <span class='ocrx_word' id='word_1_509' title='bbox 2968 1357 3211 1417; x_wconf 85' lang='lat' dir='ltr'><strong>libertate</strong></span> <span class='ocrx_word' id='word_1_510' title='bbox 3251 1376 3555 1433; x_wconf 84' lang='lat' dir='ltr'><strong>pascantur.</strong></span> 
     </span>
    </p>
   </div>
   <div class='ocr_carea' id='block_1_71' title="bbox 1958 1428 3554 1521">
    <p class='ocr_par' dir='ltr' id='par_1_71' title="bbox 1958 1428 3554 1521">
     <span class='ocr_line' id='line_1_71' title="bbox 1958 1428 3554 1521; baseline 0.019 -37"><span class='ocrx_word' id='word_1_511' title='bbox 1958 1428 2028 1485; x_wconf 82' lang='lat' dir='ltr'><strong>Et</strong></span> <span class='ocrx_word' id='word_1_512' title='bbox 2053 1431 2106 1487; x_wconf 86' lang='lat' dir='ltr'><strong>in</strong></span> <span class='ocrx_word' id='word_1_513' title='bbox 2135 1435 2323 1507; x_wconf 74' lang='lat' dir='ltr'><strong>templo</strong></span> <span class='ocrx_word' id='word_1_514' title='bbox 2346 1437 2460 1508; x_wconf 79' lang='lat' dir='ltr'><strong>ejus</strong></span> <span class='ocrx_word' id='word_1_515' title='bbox 2484 1444 2832 1516; x_wconf 69' lang='lat' dir='ltr'><strong>unusquisque</strong></span> <span class='ocrx_word' id='word_1_516' title='bbox 2851 1447 2973 1502; x_wconf 88' lang='lat' dir='ltr'><strong>dicit</strong></span> <span class='ocrx_word' id='word_1_517' title='bbox 2998 1451 3213 1521; x_wconf 80' lang='lat' dir='ltr'><strong>gloriam</strong></span> <span class='ocrx_word' id='word_1_518' title='bbox 3241 1428 3338 1511; x_wconf 52' lang='lat' dir='ltr'><strong>tot</strong></span> <span class='ocrx_word' id='word_1_519' title='bbox 3366 1456 3415 1511; x_wconf 88' lang='lat' dir='ltr'><strong>in</strong></span> <span class='ocrx_word' id='word_1_520' title='bbox 3445 1455 3554 1513; x_wconf 55' lang='lat' dir='ltr'><strong>Ec.</strong></span> 
     </span>
    </p>
   </div>
   <div class='ocr_carea' id='block_1_72' title="bbox 1957 1521 3550 1615">
    <p class='ocr_par' dir='ltr' id='par_1_72' title="bbox 1957 1521 3550 1615">
     <span class='ocr_line' id='line_1_72' title="bbox 1957 1521 3550 1615; baseline 0.016 -38"><span class='ocrx_word' id='word_1_521' title='bbox 1957 1521 2120 1615; x_wconf 63' lang='lat' dir='ltr'><strong>elesia</strong></span> <span class='ocrx_word' id='word_1_522' title='bbox 2142 1526 2261 1597; x_wconf 88' lang='lat' dir='ltr'><strong>ejus</strong></span> <span class='ocrx_word' id='word_1_523' title='bbox 2284 1530 2460 1587; x_wconf 88' lang='lat' dir='ltr'><strong>omnis</strong></span> <span class='ocrx_word' id='word_1_524' title='bbox 2480 1531 2533 1587; x_wconf 88' lang='lat' dir='ltr'><strong>in</strong></span> <span class='ocrx_word' id='word_1_525' title='bbox 2555 1548 2704 1607; x_wconf 86' lang='lat' dir='ltr'><strong>spem</strong></span> <span class='ocrx_word' id='word_1_526' title='bbox 2726 1547 2980 1595; x_wconf 62' lang='lat' dir='ltr'><strong>artemam</strong></span> <span class='ocrx_word' id='word_1_527' title='bbox 3008 1558 3352 1615; x_wconf 75' lang='lat' dir='ltr'><strong>regeneratus</strong></span> <span class='ocrx_word' id='word_1_528' title='bbox 3370 1550 3550 1605; x_wconf 80' lang='lat' dir='ltr'><strong>laudat</strong></span> 
     </span>
    </p>
   </div>
   <div class='ocr_carea' id='block_1_73' title="bbox 1958 1611 3554 1711">
    <p class='ocr_par' dir='ltr' id='par_1_73' title="bbox 1958 1611 3554 1711">
     <span class='ocr_line' id='line_1_73' title="bbox 1958 1611 3554 1711; baseline 0.016 -40"><span class='ocrx_word' id='word_1_529' title='bbox 1958 1611 2131 1711; x_wconf 80' lang='lat' dir='ltr'><strong>Deum</strong></span> <span class='ocrx_word' id='word_1_530' title='bbox 2165 1631 2265 1687; x_wconf 87' lang='lat' dir='ltr'><strong>pro</strong></span> <span class='ocrx_word' id='word_1_531' title='bbox 2298 1634 2399 1675; x_wconf 84' lang='lat' dir='ltr'><strong>suo</strong></span> <span class='ocrx_word' id='word_1_532' title='bbox 2435 1622 2665 1696; x_wconf 76' lang='lat' dir='ltr'><strong>quisque</strong></span> <span class='ocrx_word' id='word_1_533' title='bbox 2691 1625 2837 1685; x_wconf 89' lang='lat' dir='ltr'><strong>dono</strong></span> <span class='ocrx_word' id='word_1_534' title='bbox 2858 1671 2875 1690; x_wconf 96' lang='lat'><strong>.</strong></span> <span class='ocrx_word' id='word_1_535' title='bbox 2906 1634 3045 1702; x_wconf 85' lang='lat' dir='ltr'><strong>quod</strong></span> <span class='ocrx_word' id='word_1_536' title='bbox 3071 1611 3110 1688; x_wconf 31' lang='lat' dir='ltr'><strong>va</strong></span> <span class='ocrx_word' id='word_1_537' title='bbox 3141 1645 3327 1694; x_wconf 90' lang='lat' dir='ltr'><strong>sancto</strong></span> <span class='ocrx_word' id='word_1_538' title='bbox 3353 1640 3554 1711; x_wconf 82' lang='lat' dir='ltr'><strong>Spiritu</strong></span> 
     </span>
    </p>
   </div>
   <div class='ocr_carea' id='block_1_74' title="bbox 1956 1709 2185 1778">
    <p class='ocr_par' dir='ltr' id='par_1_74' title="bbox 1956 1709 2185 1778">
     <span class='ocr_line' id='line_1_74' title="bbox 1956 1709 2185 1778; baseline 0 -13"><span class='ocrx_word' id='word_1_539' title='bbox 1956 1709 2185 1778; x_wconf 73' lang='lat' dir='ltr'><strong>accepit.</strong></span> 
     </span>
    </p>
   </div>
   <div class='ocr_carea' id='block_1_75' title="bbox 2027 1796 3555 1881">
    <p class='ocr_par' dir='ltr' id='par_1_75' title="bbox 2027 1796 3555 1881">
     <span class='ocr_line' id='line_1_75' title="bbox 2027 1796 3555 1881; baseline 0.019 -28"><span class='ocrx_word' id='word_1_540' title='bbox 2027 1797 2117 1853; x_wconf 68' lang='lat'><strong>10.</strong></span> <span class='ocrx_word' id='word_1_541' title='bbox 2174 1796 2325 1872; x_wconf 68' lang='lat' dir='ltr'><strong>fuas.</strong></span> <span class='ocrx_word' id='word_1_542' title='bbox 2370 1802 2486 1880; x_wconf 69' lang='grc' dir='ltr'><strong>ια]</strong></span> <span class='ocrx_word' id='word_1_543' title='bbox 2535 1804 2788 1866; x_wconf 76' lang='lat' dir='ltr'><strong>Dominus</strong></span> <span class='ocrx_word' id='word_1_544' title='bbox 2824 1812 3070 1873; x_wconf 76' lang='lat' dir='ltr'><strong>diluvium</strong></span> <span class='ocrx_word' id='word_1_545' title='bbox 3112 1819 3411 1878; x_wconf 77' lang='lat' dir='ltr'><strong>inhabitat:</strong></span> <span class='ocrx_word' id='word_1_546' title='bbox 3448 1826 3555 1881; x_wconf 66' lang='lat' dir='ltr'><strong>Duo</strong></span> 
     </span>
    </p>
   </div>
   <div class='ocr_carea' id='block_1_76' title="bbox 1956 1886 3557 1982">
    <p class='ocr_par' dir='ltr' id='par_1_76' title="bbox 1956 1886 3557 1982">
     <span class='ocr_line' id='line_1_76' title="bbox 1956 1886 3557 1982; baseline 0.022 -42"><span class='ocrx_word' id='word_1_547' title='bbox 1956 1886 2133 1982; x_wconf 80' lang='lat' dir='ltr'><strong>minus</strong></span> <span class='ocrx_word' id='word_1_548' title='bbox 2159 1905 2289 1982; x_wconf 78' lang='lat' dir='ltr'><strong>ergo</strong></span> <span class='ocrx_word' id='word_1_549' title='bbox 2328 1895 2563 1965; x_wconf 86' lang='lat' dir='ltr'><strong>primum</strong></span> <span class='ocrx_word' id='word_1_550' title='bbox 2602 1899 2865 1977; x_wconf 84' lang='lat' dir='ltr'><strong>inhabitat</strong></span> <span class='ocrx_word' id='word_1_551' title='bbox 2891 1905 3146 1964; x_wconf 78' lang='lat' dir='ltr'><strong>diluvium</strong></span> <span class='ocrx_word' id='word_1_552' title='bbox 3189 1911 3353 1982; x_wconf 81' lang='lat' dir='ltr'><strong>hujus</strong></span> <span class='ocrx_word' id='word_1_553' title='bbox 3375 1921 3557 1975; x_wconf 67' lang='lat' dir='ltr'><strong>saeculi</strong></span> 
     </span>
    </p>
   </div>
   <div class='ocr_carea' id='block_1_77' title="bbox 1956 1976 3556 2069">
    <p class='ocr_par' dir='ltr' id='par_1_77' title="bbox 1956 1976 3556 2069">
     <span class='ocr_line' id='line_1_77' title="bbox 1956 1976 3556 2069; baseline 0.025 -39"><span class='ocrx_word' id='word_1_554' title='bbox 1956 1976 2012 2031; x_wconf 90' lang='lat' dir='ltr'><strong>in</strong></span> <span class='ocrx_word' id='word_1_555' title='bbox 2039 1981 2237 2035; x_wconf 87' lang='lat' dir='ltr'><strong>sanctis</strong></span> <span class='ocrx_word' id='word_1_556' title='bbox 2263 1982 2375 2041; x_wconf 87' lang='lat' dir='ltr'><strong>suis</strong></span> <span class='ocrx_word' id='word_1_557' title='bbox 2398 2025 2413 2050; x_wconf 82' lang='lat'><strong>.</strong></span> <span class='ocrx_word' id='word_1_558' title='bbox 2444 1993 2698 2059; x_wconf 80' lang='lat' dir='ltr'><strong>tanquam</strong></span> <span class='ocrx_word' id='word_1_559' title='bbox 2725 1992 2779 2049; x_wconf 91' lang='lat' dir='ltr'><strong>in</strong></span> <span class='ocrx_word' id='word_1_560' title='bbox 2796 1976 2932 2051; x_wconf 83' lang='lat' dir='ltr'><strong>arca</strong></span> <span class='ocrx_word' id='word_1_561' title='bbox 2958 2036 2976 2063; x_wconf 88' lang='lat'><strong>,</strong></span> <span class='ocrx_word' id='word_1_562' title='bbox 3002 1999 3072 2053; x_wconf 89' lang='lat' dir='ltr'><strong>ita</strong></span> <span class='ocrx_word' id='word_1_563' title='bbox 3103 2000 3157 2054; x_wconf 87' lang='lat' dir='ltr'><strong>io</strong></span> <span class='ocrx_word' id='word_1_564' title='bbox 3190 1976 3434 2062; x_wconf 71' lang='lat' dir='ltr'><strong>Ecclesia</strong></span> <span class='ocrx_word' id='word_1_565' title='bbox 3456 2022 3556 2069; x_wconf 73' lang='lat' dir='ltr'><strong>cu-</strong></span> 
     </span>
    </p>
   </div>
   <div class='ocr_carea' id='block_1_78' title="bbox 1953 2070 3556 2157">
    <p class='ocr_par' dir='ltr' id='par_1_78' title="bbox 1953 2070 3556 2157">
     <span class='ocr_line' id='line_1_78' title="bbox 1953 2070 3556 2157; baseline 0.022 -35"><span class='ocrx_word' id='word_1_566' title='bbox 1953 2070 2185 2126; x_wconf 87' lang='lat' dir='ltr'><strong>stoditis.</strong></span> <span class='ocrx_word' id='word_1_567' title='bbox 2216 2071 2285 2128; x_wconf 79' lang='lat' dir='ltr'><strong>Et</strong></span> <span class='ocrx_word' id='word_1_568' title='bbox 2304 2076 2496 2133; x_wconf 77' lang='lat' dir='ltr'><strong>sedebit</strong></span> <span class='ocrx_word' id='word_1_569' title='bbox 2518 2078 2771 2141; x_wconf 75' lang='lat' dir='ltr'><strong>Dominus</strong></span> <span class='ocrx_word' id='word_1_570' title='bbox 2790 2103 2882 2144; x_wconf 81' lang='lat' dir='ltr'><strong>rea:</strong></span> <span class='ocrx_word' id='word_1_571' title='bbox 2905 2089 2957 2143; x_wconf 82' lang='lat' dir='ltr'><strong>in</strong></span> <span class='ocrx_word' id='word_1_572' title='bbox 2976 2102 3261 2149; x_wconf 72' lang='lat' dir='ltr'><strong>talentum:</strong></span> <span class='ocrx_word' id='word_1_573' title='bbox 3282 2113 3341 2153; x_wconf 75' lang='lat' dir='ltr'><strong>et</strong></span> <span class='ocrx_word' id='word_1_574' title='bbox 3357 2098 3556 2157; x_wconf 78' lang='lat' dir='ltr'><strong>deinde</strong></span> 
     </span>
    </p>
   </div>
   <div class='ocr_carea' id='block_1_79' title="bbox 1951 2161 2999 2237">
    <p class='ocr_par' dir='ltr' id='par_1_79' title="bbox 1951 2161 2999 2237">
     <span class='ocr_line' id='line_1_79' title="bbox 1951 2161 2999 2237; baseline 0.019 -22"><span class='ocrx_word' id='word_1_575' title='bbox 1951 2161 2159 2219; x_wconf 85' lang='lat' dir='ltr'><strong>sedebit</strong></span> <span class='ocrx_word' id='word_1_576' title='bbox 2188 2181 2418 2237; x_wconf 75' lang='lat' dir='ltr'><strong>regnans</strong></span> <span class='ocrx_word' id='word_1_577' title='bbox 2446 2170 2498 2228; x_wconf 89' lang='lat' dir='ltr'><strong>in</strong></span> <span class='ocrx_word' id='word_1_578' title='bbox 2524 2172 2603 2229; x_wconf 86' lang='lat' dir='ltr'><strong>eis</strong></span> <span class='ocrx_word' id='word_1_579' title='bbox 2634 2175 2685 2231; x_wconf 90' lang='lat' dir='ltr'><strong>in</strong></span> <span class='ocrx_word' id='word_1_580' title='bbox 2715 2183 2999 2235; x_wconf 80' lang='lat' dir='ltr'><strong>aeternum.</strong></span> 
     </span>
    </p>
   </div>
   <div class='ocr_carea' id='block_1_80' title="bbox 2033 2253 3557 2343">
    <p class='ocr_par' dir='ltr' id='par_1_80' title="bbox 2033 2253 3557 2343">
     <span class='ocr_line' id='line_1_80' title="bbox 2033 2253 3557 2343; baseline 0.02 -36"><span class='ocrx_word' id='word_1_581' title='bbox 2033 2254 2121 2310; x_wconf 78' lang='lat' dir='ltr'><strong>it.</strong></span> <span class='ocrx_word' id='word_1_582' title='bbox 2163 2253 2314 2330; x_wconf 57' lang='lat' dir='ltr'><strong>[uera</strong></span> <span class='ocrx_word' id='word_1_583' title='bbox 2348 2258 2461 2332; x_wconf 58' lang='grc' dir='ltr'><strong>ιι]</strong></span> <span class='ocrx_word' id='word_1_584' title='bbox 2500 2260 2750 2321; x_wconf 80' lang='lat' dir='ltr'><strong>Dominus</strong></span> <span class='ocrx_word' id='word_1_585' title='bbox 2775 2267 3008 2327; x_wconf 76' lang='lat' dir='ltr'><strong>uirtutem</strong></span> <span class='ocrx_word' id='word_1_586' title='bbox 3035 2277 3228 2343; x_wconf 83' lang='lat' dir='ltr'><strong>papulo</strong></span> <span class='ocrx_word' id='word_1_587' title='bbox 3253 2294 3347 2331; x_wconf 84' lang='lat' dir='ltr'><strong>suo</strong></span> <span class='ocrx_word' id='word_1_588' title='bbox 3371 2279 3509 2334; x_wconf 82' lang='lat' dir='ltr'><strong>dabit</strong></span> <span class='ocrx_word' id='word_1_589' title='bbox 3534 2298 3557 2337; x_wconf 91' lang='lat'><strong><em>:</em></strong></span> 
     </span>
    </p>
   </div>
   <div class='ocr_carea' id='block_1_81' title="bbox 1952 2342 3551 2437">
    <p class='ocr_par' dir='ltr' id='par_1_81' title="bbox 1952 2342 3551 2437">
     <span class='ocr_line' id='line_1_81' title="bbox 1952 2342 3551 2437; baseline 0.021 -43"><span class='ocrx_word' id='word_1_590' title='bbox 1952 2342 2076 2413; x_wconf 84' lang='lat' dir='ltr'><strong>quia</strong></span> <span class='ocrx_word' id='word_1_591' title='bbox 2100 2345 2359 2403; x_wconf 87' lang='lat' dir='ltr'><strong>Dominus</strong></span> <span class='ocrx_word' id='word_1_592' title='bbox 2376 2349 2628 2409; x_wconf 81' lang='lat' dir='ltr'><strong>virtutem</strong></span> <span class='ocrx_word' id='word_1_593' title='bbox 2650 2357 2846 2427; x_wconf 89' lang='lat' dir='ltr'><strong>populo</strong></span> <span class='ocrx_word' id='word_1_594' title='bbox 2865 2373 2963 2415; x_wconf 86' lang='lat' dir='ltr'><strong>suo</strong></span> <span class='ocrx_word' id='word_1_595' title='bbox 2980 2342 3165 2418; x_wconf 84' lang='lat' dir='ltr'><strong>contra</strong></span> <span class='ocrx_word' id='word_1_596' title='bbox 3186 2366 3346 2437; x_wconf 83' lang='lat' dir='ltr'><strong>hujus</strong></span> <span class='ocrx_word' id='word_1_597' title='bbox 3365 2372 3551 2428; x_wconf 84' lang='lat' dir='ltr'><strong>mundi</strong></span> 
     </span>
    </p>
   </div>
   <div class='ocr_carea' id='block_1_82' title="bbox 1954 2438 3554 2527">
    <p class='ocr_par' dir='ltr' id='par_1_82' title="bbox 1954 2438 3554 2527">
     <span class='ocr_line' id='line_1_82' title="bbox 1954 2438 3554 2527; baseline 0.018 -38"><span class='ocrx_word' id='word_1_598' title='bbox 1954 2438 2218 2527; x_wconf 79' lang='lat' dir='ltr'><strong>procellas</strong></span> <span class='ocrx_word' id='word_1_599' title='bbox 2245 2448 2301 2495; x_wconf 90' lang='lat' dir='ltr'><strong>et</strong></span> <span class='ocrx_word' id='word_1_600' title='bbox 2326 2444 2565 2501; x_wconf 82' lang='lat' dir='ltr'><strong>turbines</strong></span> <span class='ocrx_word' id='word_1_601' title='bbox 2588 2445 2861 2509; x_wconf 81' lang='lat' dir='ltr'><strong>dimicanti</strong></span> <span class='ocrx_word' id='word_1_602' title='bbox 2886 2451 3054 2521; x_wconf 86' lang='lat' dir='ltr'><strong>dabit,</strong></span> <span class='ocrx_word' id='word_1_603' title='bbox 3088 2457 3212 2527; x_wconf 85' lang='lat' dir='ltr'><strong>quia</strong></span> <span class='ocrx_word' id='word_1_604' title='bbox 3240 2474 3425 2525; x_wconf 87' lang='lat' dir='ltr'><strong>pacem</strong></span> <span class='ocrx_word' id='word_1_605' title='bbox 3451 2462 3554 2519; x_wconf 82' lang='lat' dir='ltr'><strong>illis</strong></span> 
     </span>
    </p>
   </div>
   <div class='ocr_carea' id='block_1_83' title="bbox 1952 2524 3550 2623">
    <p class='ocr_par' dir='ltr' id='par_1_83' title="bbox 1952 2524 3550 2623">
     <span class='ocr_line' id='line_1_83' title="bbox 1952 2524 3550 2623; baseline 0.019 -46"><span class='ocrx_word' id='word_1_606' title='bbox 1952 2524 2004 2623; x_wconf 76' lang='lat' dir='ltr'><strong>in</strong></span> <span class='ocrx_word' id='word_1_607' title='bbox 2037 2525 2139 2582; x_wconf 86' lang='lat' dir='ltr'><strong>hoc</strong></span> <span class='ocrx_word' id='word_1_608' title='bbox 2167 2530 2366 2623; x_wconf 81' lang='lat' dir='ltr'><strong>mutulo</strong></span> <span class='ocrx_word' id='word_1_609' title='bbox 2393 2547 2499 2588; x_wconf 89' lang='lat' dir='ltr'><strong>non</strong></span> <span class='ocrx_word' id='word_1_610' title='bbox 2526 2538 2790 2606; x_wconf 57' lang='lat' dir='ltr'><strong>promisit».</strong></span> <span class='ocrx_word' id='word_1_611' title='bbox 2822 2538 3071 2599; x_wconf 84' lang='lat' dir='ltr'><strong>Dominus</strong></span> <span class='ocrx_word' id='word_1_612' title='bbox 3092 2524 3352 2605; x_wconf 62' lang='lat' dir='ltr'><strong>benedice:</strong></span> <span class='ocrx_word' id='word_1_613' title='bbox 3378 2568 3550 2623; x_wconf 76' lang='lat' dir='ltr'><strong>popu-</strong></span> 
     </span>
    </p>
   </div>
   <div class='ocr_carea' id='block_1_84' title="bbox 1950 2614 3553 2711">
    <p class='ocr_par' dir='ltr' id='par_1_84' title="bbox 1950 2614 3553 2711">
     <span class='ocr_line' id='line_1_84' title="bbox 1950 2614 3553 2711; baseline 0.019 -44"><span class='ocrx_word' id='word_1_614' title='bbox 1950 2614 2059 2711; x_wconf 66' lang='lat' dir='ltr'><strong>tum</strong></span> <span class='ocrx_word' id='word_1_615' title='bbox 2087 2634 2234 2672; x_wconf 87' lang='lat' dir='ltr'><strong>suum</strong></span> <span class='ocrx_word' id='word_1_616' title='bbox 2264 2621 2317 2674; x_wconf 87' lang='lat' dir='ltr'><strong>in</strong></span> <span class='ocrx_word' id='word_1_617' title='bbox 2344 2638 2468 2689; x_wconf 79' lang='lat' dir='ltr'><strong>pace</strong></span> <span class='ocrx_word' id='word_1_618' title='bbox 2489 2637 2512 2678; x_wconf 89' lang='lat'><strong><em>:</em></strong></span> <span class='ocrx_word' id='word_1_619' title='bbox 2532 2635 2589 2680; x_wconf 89' lang='lat' dir='ltr'><strong>et</strong></span> <span class='ocrx_word' id='word_1_620' title='bbox 2618 2626 2757 2683; x_wconf 73' lang='lat' dir='ltr'><strong>idem</strong></span> <span class='ocrx_word' id='word_1_621' title='bbox 2790 2630 3045 2688; x_wconf 84' lang='lat' dir='ltr'><strong>Dominus</strong></span> <span class='ocrx_word' id='word_1_622' title='bbox 3073 2636 3355 2695; x_wconf 83' lang='lat' dir='ltr'><strong>benedieet</strong></span> <span class='ocrx_word' id='word_1_623' title='bbox 3378 2614 3553 2711; x_wconf 52' lang='grc' dir='ltr'><strong>’βάρυ-</strong></span> 
     </span>
    </p>
   </div>
   <div class='ocr_carea' id='block_1_85' title="bbox 1951 2704 3551 2801">
    <p class='ocr_par' dir='ltr' id='par_1_85' title="bbox 1951 2704 3551 2801">
     <span class='ocr_line' id='line_1_85' title="bbox 1951 2704 3551 2801; baseline 0.021 -43"><span class='ocrx_word' id='word_1_624' title='bbox 1951 2704 2060 2761; x_wconf 89' lang='lat' dir='ltr'><strong>lum</strong></span> <span class='ocrx_word' id='word_1_625' title='bbox 2079 2723 2255 2773; x_wconf 89' lang='lat' dir='ltr'><strong>suum,</strong></span> <span class='ocrx_word' id='word_1_626' title='bbox 2281 2713 2332 2766; x_wconf 89' lang='lat' dir='ltr'><strong>in</strong></span> <span class='ocrx_word' id='word_1_627' title='bbox 2355 2713 2533 2785; x_wconf 80' lang='lat' dir='ltr'><strong>seipse</strong></span> <span class='ocrx_word' id='word_1_628' title='bbox 2554 2717 2627 2772; x_wconf 90' lang='lat' dir='ltr'><strong>illi</strong></span> <span class='ocrx_word' id='word_1_629' title='bbox 2654 2734 2837 2787; x_wconf 85' lang='lat' dir='ltr'><strong>pacem</strong></span> <span class='ocrx_word' id='word_1_630' title='bbox 2862 2734 3155 2795; x_wconf 64' lang='lat' dir='ltr'><strong>praestans;</strong></span> <span class='ocrx_word' id='word_1_631' title='bbox 3179 2732 3450 2801; x_wconf 88' lang='lat' dir='ltr'><strong>quoniam,</strong></span> <span class='ocrx_word' id='word_1_632' title='bbox 3476 2734 3551 2791; x_wconf 59' lang='lat' dir='ltr'><strong>inn</strong></span> 
     </span>
    </p>
   </div>
   <div class='ocr_carea' id='block_1_86' title="bbox 1949 2800 3548 2942">
    <p class='ocr_par' dir='ltr' id='par_1_86' title="bbox 1949 2800 3548 2942">
     <span class='ocr_line' id='line_1_86' title="bbox 1949 2800 3548 2942; baseline 0.021 -92"><span class='ocrx_word' id='word_1_633' title='bbox 1949 2800 2084 2942; x_wconf 60' lang='lat' dir='ltr'><strong>qlttit,</strong></span> <span class='ocrx_word' id='word_1_634' title='bbox 2122 2800 2305 2857; x_wconf 85' lang='lat' dir='ltr'><strong>Pacem</strong></span> <span class='ocrx_word' id='word_1_635' title='bbox 2325 2822 2488 2863; x_wconf 86' lang='lat' dir='ltr'><strong>meant</strong></span> <span class='ocrx_word' id='word_1_636' title='bbox 2519 2809 2587 2864; x_wconf 85' lang='lat' dir='ltr'><strong>do</strong></span> <span class='ocrx_word' id='word_1_637' title='bbox 2605 2810 2759 2872; x_wconf 76' lang='lat' dir='ltr'><strong>vobis.</strong></span> <span class='ocrx_word' id='word_1_638' title='bbox 2786 2830 2961 2883; x_wconf 83' lang='lat' dir='ltr'><strong>pacem</strong></span> <span class='ocrx_word' id='word_1_639' title='bbox 2984 2833 3146 2880; x_wconf 77' lang='lat' dir='ltr'><strong>meum</strong></span> <span class='ocrx_word' id='word_1_640' title='bbox 3162 2826 3388 2894; x_wconf 72' lang='lat' dir='ltr'><strong>retiisun</strong></span> <span class='ocrx_word' id='word_1_641' title='bbox 3409 2826 3548 2883; x_wconf 63' lang='lat' dir='ltr'><strong>vobis</strong></span> 
     </span>
     <span class='ocr_line' id='line_1_87' title="bbox 1949 2890 2421 2942; baseline 0 0"><span class='ocrx_word' id='word_1_642' title='bbox 1949 2890 1967 2942; x_wconf 77' lang='grc' dir='ltr'><em>ι</em></span> <span class='ocrx_word' id='word_1_643' title='bbox 2009 2907 2125 2942; x_wconf 86' lang='lat' dir='ltr'><strong>oatt.</strong></span> <span class='ocrx_word' id='word_1_644' title='bbox 2161 2908 2276 2942; x_wconf 78' lang='lat' dir='ltr'><strong>xtv-</strong></span> <span class='ocrx_word' id='word_1_645' title='bbox 2304 2894 2421 2942; x_wconf 70' lang='lat' dir='ltr'><strong>27L</strong></span> 
     </span>
    </p>
   </div>
   <div class='ocr_carea' id='block_1_87' title="bbox 1949 2890 2422 2968">
    <p class='ocr_par' dir='ltr' id='par_1_87' title="bbox 1949 2890 2422 2968">
     <span class='ocr_line' id='line_1_88' title="bbox 1949 2890 2422 2968; baseline 0.021 -27"><span class='ocrx_word' id='word_1_646' title='bbox 1949 2890 2125 2953; x_wconf 80' lang='lat' dir='ltr'><strong>(Joatt.</strong></span> <span class='ocrx_word' id='word_1_647' title='bbox 2160 2908 2277 2957; x_wconf 76' lang='lat' dir='ltr'><strong>xw,</strong></span> <span class='ocrx_word' id='word_1_648' title='bbox 2304 2894 2422 2968; x_wconf 72' lang='grc'><strong>27).</strong></span> 
     </span>
    </p>
   </div>
   <div class='ocr_carea' id='block_1_88' title="bbox 2350 3102 3124 3177">
    <p class='ocr_par' dir='ltr' id='par_1_88' title="bbox 2350 3102 3124 3177">
     <span class='ocr_line' id='line_1_89' title="bbox 2350 3102 3124 3177; baseline 0.018 -14"><span class='ocrx_word' id='word_1_649' title='bbox 2350 3102 2434 3164; x_wconf 81' lang='lat' dir='ltr'><strong>IN</strong></span> <span class='ocrx_word' id='word_1_650' title='bbox 2474 3103 2859 3170; x_wconf 81' lang='lat' dir='ltr'><strong>PSALMUM</strong></span> <span class='ocrx_word' id='word_1_651' title='bbox 2899 3110 3124 3177; x_wconf 77' lang='lat' dir='ltr'><strong>XXIX</strong></span> 
     </span>
    </p>
   </div>
   <div class='ocr_carea' id='block_1_89' title="bbox 2485 3227 2968 3287">
    <p class='ocr_par' dir='ltr' id='par_1_89' title="bbox 2485 3227 2968 3287">
     <span class='ocr_line' id='line_1_90' title="bbox 2485 3227 2968 3287; baseline 0.012 -5"><span class='ocrx_word' id='word_1_652' title='bbox 2485 3227 2887 3287; x_wconf 72' lang='lat' dir='ltr'><strong>ENARRATIO</strong></span> <span class='ocrx_word' id='word_1_653' title='bbox 2929 3233 2968 3287; x_wconf 86' lang='lat' dir='ltr'><strong>l.</strong></span> 
     </span>
    </p>
   </div>
   <div class='ocr_carea' id='block_1_90' title="bbox 1952 3325 3544 3423">
    <p class='ocr_par' dir='ltr' id='par_1_90' title="bbox 1952 3325 3544 3423">
     <span class='ocr_line' id='line_1_91' title="bbox 1952 3325 3544 3423; baseline 0.019 -41"><span class='ocrx_word' id='word_1_654' title='bbox 1952 3325 2017 3383; x_wconf 81' lang='grc' dir='ltr'><strong>1η</strong></span> <span class='ocrx_word' id='word_1_655' title='bbox 2038 3330 2191 3401; x_wconf 77' lang='lat' dir='ltr'><strong>ﬁnem</strong></span> <span class='ocrx_word' id='word_1_656' title='bbox 2217 3330 2455 3393; x_wconf 82' lang='lat' dir='ltr'><strong>Psalmus</strong></span> <span class='ocrx_word' id='word_1_657' title='bbox 2475 3336 2671 3394; x_wconf 71' lang='grc' dir='ltr'><strong>ϐαιτιίσὶ</strong></span> <span class='ocrx_word' id='word_1_658' title='bbox 2686 3340 3015 3400; x_wconf 77' lang='lat' dir='ltr'><strong>dedicationis</strong></span> <span class='ocrx_word' id='word_1_659' title='bbox 3031 3351 3213 3405; x_wconf 82' lang='lat' dir='ltr'><strong>domus</strong></span> <span class='ocrx_word' id='word_1_660' title='bbox 3232 3353 3333 3423; x_wconf 80' lang='lat' dir='ltr'><strong>ipsi</strong></span> <span class='ocrx_word' id='word_1_661' title='bbox 3351 3353 3544 3413; x_wconf 76' lang='lat' dir='ltr'><strong>Dauid.</strong></span> 
     </span>
    </p>
   </div>
   <div class='ocr_carea' id='block_1_91' title="bbox 2041 3438 3549 3523">
    <p class='ocr_par' dir='ltr' id='par_1_91' title="bbox 2041 3438 3549 3523">
     <span class='ocr_line' id='line_1_92' title="bbox 2041 3438 3549 3523; baseline 0.02 -30"><span class='ocrx_word' id='word_1_662' title='bbox 2041 3439 2092 3495; x_wconf 78' lang='grc'><strong>1.</strong></span> <span class='ocrx_word' id='word_1_663' title='bbox 2134 3438 2284 3515; x_wconf 69' lang='lat' dir='ltr'><strong>[om</strong></span> <span class='ocrx_word' id='word_1_664' title='bbox 2314 3443 2393 3520; x_wconf 72' lang='grc'><strong>1.]</strong></span> <span class='ocrx_word' id='word_1_665' title='bbox 2429 3445 2487 3503; x_wconf 83' lang='lat' dir='ltr'><strong>In</strong></span> <span class='ocrx_word' id='word_1_666' title='bbox 2516 3449 2675 3506; x_wconf 77' lang='lat' dir='ltr'><strong>finem</strong></span> <span class='ocrx_word' id='word_1_667' title='bbox 2702 3447 2943 3514; x_wconf 83' lang='lat' dir='ltr'><strong>Psalmus</strong></span> <span class='ocrx_word' id='word_1_668' title='bbox 2969 3457 3169 3516; x_wconf 61' lang='lat' dir='ltr'><strong>notitiae</strong></span> <span class='ocrx_word' id='word_1_669' title='bbox 3195 3469 3549 3523; x_wconf 81' lang='lat' dir='ltr'><strong>resurrectio-</strong></span> 
     </span>
    </p>
   </div>
   <div class='ocr_carea' id='block_1_92' title="bbox 1969 3530 3548 3624">
    <p class='ocr_par' dir='ltr' id='par_1_92' title="bbox 1969 3530 3548 3624">
     <span class='ocr_line' id='line_1_93' title="bbox 1969 3530 3548 3624; baseline 0.018 -39"><span class='ocrx_word' id='word_1_670' title='bbox 1969 3530 2052 3585; x_wconf 84' lang='lat' dir='ltr'><strong>nis</strong></span> <span class='ocrx_word' id='word_1_671' title='bbox 2079 3540 2238 3601; x_wconf 87' lang='lat' dir='ltr'><strong>atque</strong></span> <span class='ocrx_word' id='word_1_672' title='bbox 2266 3534 2319 3590; x_wconf 89' lang='lat' dir='ltr'><strong>in</strong></span> <span class='ocrx_word' id='word_1_673' title='bbox 2344 3533 2700 3596; x_wconf 84' lang='lat' dir='ltr'><strong>immortalem</strong></span> <span class='ocrx_word' id='word_1_674' title='bbox 2725 3553 2921 3604; x_wconf 85' lang='lat' dir='ltr'><strong>statum</strong></span> <span class='ocrx_word' id='word_1_675' title='bbox 2946 3552 3254 3611; x_wconf 79' lang='lat' dir='ltr'><strong>mutationis</strong></span> <span class='ocrx_word' id='word_1_676' title='bbox 3279 3563 3438 3624; x_wconf 83' lang='lat' dir='ltr'><strong>atque</strong></span> <span class='ocrx_word' id='word_1_677' title='bbox 3464 3557 3548 3612; x_wconf 82' lang='lat' dir='ltr'><strong>in-</strong></span> 
     </span>
    </p>
   </div>
   <div class='ocr_carea' id='block_1_93' title="bbox 1946 3623 3548 3710">
    <p class='ocr_par' dir='ltr' id='par_1_93' title="bbox 1946 3623 3548 3710">
     <span class='ocr_line' id='line_1_94' title="bbox 1946 3623 3548 3710; baseline 0.018 -34"><span class='ocrx_word' id='word_1_678' title='bbox 1946 3623 2245 3680; x_wconf 82' lang='lat' dir='ltr'><strong>novationis</strong></span> <span class='ocrx_word' id='word_1_679' title='bbox 2273 3631 2553 3701; x_wconf 87' lang='lat' dir='ltr'><strong>corporis,</strong></span> <span class='ocrx_word' id='word_1_680' title='bbox 2597 3648 2703 3689; x_wconf 91' lang='lat' dir='ltr'><strong>non</strong></span> <span class='ocrx_word' id='word_1_681' title='bbox 2730 3642 2941 3705; x_wconf 81' lang='lat' dir='ltr'><strong>tantum</strong></span> <span class='ocrx_word' id='word_1_682' title='bbox 2973 3640 3187 3698; x_wconf 78' lang='lat' dir='ltr'><strong>Domini</strong></span> <span class='ocrx_word' id='word_1_683' title='bbox 3213 3686 3229 3710; x_wconf 88' lang='lat'><strong>,</strong></span> <span class='ocrx_word' id='word_1_684' title='bbox 3261 3623 3360 3701; x_wconf 2' lang='lat' dir='ltr'><strong>sed]</strong></span> <span class='ocrx_word' id='word_1_685' title='bbox 3385 3652 3548 3705; x_wconf 81' lang='lat' dir='ltr'><strong>etiam</strong></span> 
     </span>
    </p>
   </div>
   <div class='ocr_carea' id='block_1_94' title="bbox 1945 3713 3547 3802">
    <p class='ocr_par' dir='ltr' id='par_1_94' title="bbox 1945 3713 3547 3802">
     <span class='ocr_line' id='line_1_95' title="bbox 1945 3713 3547 3802; baseline 0.019 -35"><span class='ocrx_word' id='word_1_686' title='bbox 1945 3713 2107 3767; x_wconf 69' lang='lat' dir='ltr'><strong>totius</strong></span> <span class='ocrx_word' id='word_1_687' title='bbox 2139 3716 2413 3775; x_wconf 68' lang='lat' dir='ltr'><strong>Ecclesiae.</strong></span> <span class='ocrx_word' id='word_1_688' title='bbox 2439 3719 2573 3777; x_wconf 77' lang='lat' dir='ltr'><strong>Nam</strong></span> <span class='ocrx_word' id='word_1_689' title='bbox 2602 3722 2655 3778; x_wconf 88' lang='lat' dir='ltr'><strong>in</strong></span> <span class='ocrx_word' id='word_1_690' title='bbox 2682 3729 2952 3795; x_wconf 83' lang='lat' dir='ltr'><strong>superiori</strong></span> <span class='ocrx_word' id='word_1_691' title='bbox 2988 3734 3194 3802; x_wconf 89' lang='lat' dir='ltr'><strong>psalmo</strong></span> <span class='ocrx_word' id='word_1_692' title='bbox 3230 3737 3547 3796; x_wconf 85' lang='lat' dir='ltr'><strong>tabernacu-</strong></span> 
     </span>
    </p>
   </div>
   <div class='ocr_carea' id='block_1_95' title="bbox 1944 3803 3542 3903">
    <p class='ocr_par' dir='ltr' id='par_1_95' title="bbox 1944 3803 3542 3903">
     <span class='ocr_line' id='line_1_96' title="bbox 1944 3803 3542 3903; baseline 0.02 -46"><span class='ocrx_word' id='word_1_693' title='bbox 1944 3803 2053 3860; x_wconf 87' lang='lat' dir='ltr'><strong>lum</strong></span> <span class='ocrx_word' id='word_1_694' title='bbox 2080 3818 2511 3869; x_wconf 77' lang='lat' dir='ltr'><strong>ronsummatum</strong></span> <span class='ocrx_word' id='word_1_695' title='bbox 2538 3826 2642 3881; x_wconf 89' lang='lat' dir='ltr'><strong>est,</strong></span> <span class='ocrx_word' id='word_1_696' title='bbox 2670 3817 2755 3873; x_wconf 77' lang='lat' dir='ltr'><strong>tibi</strong></span> <span class='ocrx_word' id='word_1_697' title='bbox 2785 3819 3085 3878; x_wconf 86' lang='lat' dir='ltr'><strong>habitamus</strong></span> <span class='ocrx_word' id='word_1_698' title='bbox 3110 3830 3231 3885; x_wconf 83' lang='lat' dir='ltr'><strong>belli</strong></span> <span class='ocrx_word' id='word_1_699' title='bbox 3257 3838 3501 3903; x_wconf 83' lang='lat' dir='ltr'><strong>tempore</strong></span> <span class='ocrx_word' id='word_1_700' title='bbox 3525 3852 3542 3889; x_wconf 86' lang='lat'><strong>:</strong></span> 
     </span>
    </p>
   </div>
   <div class='ocr_carea' id='block_1_96' title="bbox 1944 3903 3546 3998">
    <p class='ocr_par' dir='ltr' id='par_1_96' title="bbox 1944 3903 3546 3998">
     <span class='ocr_line' id='line_1_97' title="bbox 1944 3903 3546 3998; baseline 0.019 -47"><span class='ocrx_word' id='word_1_701' title='bbox 1944 3912 2085 3953; x_wconf 87' lang='lat' dir='ltr'><strong>nunc</strong></span> <span class='ocrx_word' id='word_1_702' title='bbox 2116 3910 2292 3954; x_wconf 86' lang='lat' dir='ltr'><strong>autem</strong></span> <span class='ocrx_word' id='word_1_703' title='bbox 2318 3903 2511 3972; x_wconf 86' lang='lat' dir='ltr'><strong>domus</strong></span> <span class='ocrx_word' id='word_1_704' title='bbox 2537 3906 2836 3978; x_wconf 85' lang='lat' dir='ltr'><strong>dedicatur,</strong></span> <span class='ocrx_word' id='word_1_705' title='bbox 2868 3930 2987 3984; x_wconf 81' lang='lat' dir='ltr'><strong>qua:</strong></span> <span class='ocrx_word' id='word_1_706' title='bbox 3014 3918 3066 3971; x_wconf 86' lang='lat' dir='ltr'><strong>in</strong></span> <span class='ocrx_word' id='word_1_707' title='bbox 3097 3923 3422 3995; x_wconf 85' lang='lat' dir='ltr'><strong>sempiterna</strong></span> <span class='ocrx_word' id='word_1_708' title='bbox 3451 3944 3546 3998; x_wconf 79' lang='lat' dir='ltr'><strong>pn-</strong></span> 
     </span>
    </p>
   </div>
   <div class='ocr_carea' id='block_1_97' title="bbox 1938 3995 2389 4060">
    <p class='ocr_par' dir='ltr' id='par_1_97' title="bbox 1938 3995 2389 4060">
     <span class='ocr_line' id='line_1_98' title="bbox 1938 3995 2389 4060; baseline 0.013 -17"><span class='ocrx_word' id='word_1_709' title='bbox 1938 4004 2007 4046; x_wconf 85' lang='lat' dir='ltr'><strong>ce</strong></span> <span class='ocrx_word' id='word_1_710' title='bbox 2036 3995 2389 4060; x_wconf 79' lang='lat' dir='ltr'><strong>permanebit.</strong></span> 
     </span>
    </p>
   </div>
   <div class='ocr_carea' id='block_1_98' title="bbox 2012 4080 3548 4174">
    <p class='ocr_par' dir='ltr' id='par_1_98' title="bbox 2012 4080 3548 4174">
     <span class='ocr_line' id='line_1_99' title="bbox 2012 4080 3548 4174; baseline 0.023 -42"><span class='ocrx_word' id='word_1_711' title='bbox 2012 4080 2068 4174; x_wconf 73' lang='lat'><strong>2.</strong></span> <span class='ocrx_word' id='word_1_712' title='bbox 2110 4081 2263 4153; x_wconf 81' lang='lat' dir='ltr'><strong>[vers.</strong></span> <span class='ocrx_word' id='word_1_713' title='bbox 2293 4084 2376 4159; x_wconf 76' lang='lat'><strong>2.]</strong></span> <span class='ocrx_word' id='word_1_714' title='bbox 2416 4087 2659 4146; x_wconf 88' lang='lat' dir='ltr'><strong>Christus</strong></span> <span class='ocrx_word' id='word_1_715' title='bbox 2694 4092 2875 4164; x_wconf 87' lang='lat' dir='ltr'><strong>itaque</strong></span> <span class='ocrx_word' id='word_1_716' title='bbox 2906 4106 3048 4155; x_wconf 89' lang='lat' dir='ltr'><strong>totus</strong></span> <span class='ocrx_word' id='word_1_717' title='bbox 3074 4101 3311 4174; x_wconf 89' lang='lat' dir='ltr'><strong>loquitur</strong></span> <span class='ocrx_word' id='word_1_718' title='bbox 3338 4123 3356 4163; x_wconf 84' lang='lat'><strong>:</strong></span> <span class='ocrx_word' id='word_1_719' title='bbox 3380 4105 3548 4166; x_wconf 65' lang='lat' dir='ltr'><strong>Exul-</strong></span> 
     </span>
    </p>
   </div>
   <div class='ocr_carea' id='block_1_99' title="bbox 1944 4172 3542 4257">
    <p class='ocr_par' dir='ltr' id='par_1_99' title="bbox 1944 4172 3542 4257">
     <span class='ocr_line' id='line_1_100' title="bbox 1944 4172 3542 4257; baseline 0.021 -34"><span class='ocrx_word' id='word_1_720' title='bbox 1944 4172 2059 4227; x_wconf 81' lang='lat' dir='ltr'><strong>tabo</strong></span> <span class='ocrx_word' id='word_1_721' title='bbox 2086 4182 2151 4239; x_wconf 83' lang='lat' dir='ltr'><strong>te,</strong></span> <span class='ocrx_word' id='word_1_722' title='bbox 2185 4174 2419 4241; x_wconf 82' lang='lat' dir='ltr'><strong>Domine,</strong></span> <span class='ocrx_word' id='word_1_723' title='bbox 2452 4182 2693 4249; x_wconf 80' lang='lat' dir='ltr'><strong>quoniam</strong></span> <span class='ocrx_word' id='word_1_724' title='bbox 2714 4186 2979 4257; x_wconf 76' lang='lat' dir='ltr'><strong>suscepisti</strong></span> <span class='ocrx_word' id='word_1_725' title='bbox 3014 4206 3095 4246; x_wconf 90' lang='lat' dir='ltr'><strong>me</strong></span> <span class='ocrx_word' id='word_1_726' title='bbox 3119 4172 3542 4255; x_wconf 44' lang='lat' dir='ltr'><strong>{sublimitatem</strong></span> 
     </span>
    </p>
   </div>
   <div class='ocr_carea' id='block_1_100' title="bbox 1944 4265 3547 4353">
    <p class='ocr_par' dir='ltr' id='par_1_100' title="bbox 1944 4265 3547 4353">
     <span class='ocr_line' id='line_1_101' title="bbox 1944 4265 3547 4353; baseline 0.019 -37"><span class='ocrx_word' id='word_1_727' title='bbox 1944 4270 2085 4317; x_wconf 87' lang='lat' dir='ltr'><strong>tuam</strong></span> <span class='ocrx_word' id='word_1_728' title='bbox 2120 4265 2364 4331; x_wconf 83' lang='lat' dir='ltr'><strong>laudabo,</strong></span> <span class='ocrx_word' id='word_1_729' title='bbox 2402 4267 2626 4335; x_wconf 86' lang='lat' dir='ltr'><strong>Domine</strong></span> <span class='ocrx_word' id='word_1_730' title='bbox 2651 4313 2668 4340; x_wconf 88' lang='lat'><strong>,</strong></span> <span class='ocrx_word' id='word_1_731' title='bbox 2695 4279 2949 4346; x_wconf 86' lang='lat' dir='ltr'><strong>quoniam</strong></span> <span class='ocrx_word' id='word_1_732' title='bbox 2982 4286 3263 4353; x_wconf 83' lang='lat' dir='ltr'><strong>suscepisti</strong></span> <span class='ocrx_word' id='word_1_733' title='bbox 3293 4304 3397 4344; x_wconf 90' lang='lat' dir='ltr'><strong>me.</strong></span> <span class='ocrx_word' id='word_1_734' title='bbox 3435 4287 3547 4347; x_wconf 72' lang='lat' dir='ltr'><strong>Nec</strong></span> 
     </span>
    </p>
   </div>
   <div class='ocr_carea' id='block_1_101' title="bbox 1933 4356 3544 4450">
    <p class='ocr_par' dir='ltr' id='par_1_101' title="bbox 1933 4356 3544 4450">
     <span class='ocr_line' id='line_1_102' title="bbox 1933 4356 3544 4450; baseline 0.022 -45"><span class='ocrx_word' id='word_1_735' title='bbox 1933 4356 2234 4419; x_wconf 81' lang='lat' dir='ltr'><strong>jucuttdasti</strong></span> <span class='ocrx_word' id='word_1_736' title='bbox 2258 4358 2487 4417; x_wconf 84' lang='lat' dir='ltr'><strong>inimicos</strong></span> <span class='ocrx_word' id='word_1_737' title='bbox 2510 4380 2649 4419; x_wconf 84' lang='lat' dir='ltr'><strong>meos</strong></span> <span class='ocrx_word' id='word_1_738' title='bbox 2683 4385 2836 4439; x_wconf 84' lang='lat' dir='ltr'><strong>super</strong></span> <span class='ocrx_word' id='word_1_739' title='bbox 2878 4387 2962 4425; x_wconf 79' lang='lat' dir='ltr'><strong>me</strong></span> <span class='ocrx_word' id='word_1_740' title='bbox 2979 4389 2998 4426; x_wconf 91' lang='lat'><strong><em>:</em></strong></span> <span class='ocrx_word' id='word_1_741' title='bbox 3027 4390 3125 4430; x_wconf 85' lang='lat' dir='ltr'><strong>nec</strong></span> <span class='ocrx_word' id='word_1_742' title='bbox 3147 4393 3243 4433; x_wconf 86' lang='lat' dir='ltr'><strong>eos</strong></span> <span class='ocrx_word' id='word_1_743' title='bbox 3269 4383 3356 4450; x_wconf 89' lang='lat' dir='ltr'><strong>qui</strong></span> <span class='ocrx_word' id='word_1_744' title='bbox 3385 4384 3544 4443; x_wconf 76' lang='lat' dir='ltr'><strong>toties</strong></span> 
     </span>
    </p>
   </div>
   <div class='ocr_carea' id='block_1_102' title="bbox 1941 4444 3542 4541">
    <p class='ocr_par' dir='ltr' id='par_1_102' title="bbox 1941 4444 3542 4541">
     <span class='ocr_line' id='line_1_103' title="bbox 1941 4444 3542 4541; baseline 0.022 -44"><span class='ocrx_word' id='word_1_745' title='bbox 1941 4444 2103 4501; x_wconf 82' lang='lat' dir='ltr'><strong>variis</strong></span> <span class='ocrx_word' id='word_1_746' title='bbox 2139 4462 2235 4521; x_wconf 90' lang='lat' dir='ltr'><strong>per</strong></span> <span class='ocrx_word' id='word_1_747' title='bbox 2269 4452 2454 4506; x_wconf 83' lang='lat' dir='ltr'><strong>urbem</strong></span> <span class='ocrx_word' id='word_1_748' title='bbox 2492 4459 2960 4519; x_wconf 70' lang='lat' dir='ltr'><strong>persecutionibus</strong></span> <span class='ocrx_word' id='word_1_749' title='bbox 2989 4480 3076 4519; x_wconf 87' lang='lat' dir='ltr'><strong>me</strong></span> <span class='ocrx_word' id='word_1_750' title='bbox 3113 4444 3419 4541; x_wconf 80' lang='lat' dir='ltr'><strong>opprimere</strong></span> <span class='ocrx_word' id='word_1_751' title='bbox 3442 4491 3542 4531; x_wconf 59' lang='lat' dir='ltr'><strong>eo.</strong></span> 
     </span>
    </p>
   </div>
   <div class='ocr_carea' id='block_1_103' title="bbox 1941 4537 2896 4618">
    <p class='ocr_par' dir='ltr' id='par_1_103' title="bbox 1941 4537 2896 4618">
     <span class='ocr_line' id='line_1_104' title="bbox 1941 4537 2896 4618; baseline 0.019 -29"><span class='ocrx_word' id='word_1_752' title='bbox 1941 4537 2049 4590; x_wconf 83' lang='lat' dir='ltr'><strong>nati</strong></span> <span class='ocrx_word' id='word_1_753' title='bbox 2078 4548 2203 4592; x_wconf 87' lang='lat' dir='ltr'><strong>sunt</strong></span> <span class='ocrx_word' id='word_1_754' title='bbox 2224 4581 2237 4601; x_wconf 82' lang='lat'><strong>,</strong></span> <span class='ocrx_word' id='word_1_755' title='bbox 2263 4540 2568 4608; x_wconf 80' lang='lat' dir='ltr'><strong>jucundasti</strong></span> <span class='ocrx_word' id='word_1_756' title='bbox 2597 4560 2763 4618; x_wconf 79' lang='lat' dir='ltr'><strong>Super</strong></span> <span class='ocrx_word' id='word_1_757' title='bbox 2787 4565 2896 4607; x_wconf 85' lang='lat' dir='ltr'><strong>me.</strong></span> 
     </span>
    </p>
   </div>
   <div class='ocr_carea' id='block_1_104' title="bbox 2012 4627 3544 4725">
    <p class='ocr_par' dir='ltr' id='par_1_104' title="bbox 2012 4627 3544 4725">
     <span class='ocr_line' id='line_1_105' title="bbox 2012 4627 3544 4725; baseline 0.018 -40"><span class='ocrx_word' id='word_1_758' title='bbox 2012 4630 2067 4685; x_wconf 79' lang='grc'><strong>5.</strong></span> <span class='ocrx_word' id='word_1_759' title='bbox 2107 4627 2257 4702; x_wconf 68' lang='lat' dir='ltr'><strong>(vers.</strong></span> <span class='ocrx_word' id='word_1_760' title='bbox 2289 4631 2368 4704; x_wconf 78' lang='lat'><strong>5.]</strong></span> <span class='ocrx_word' id='word_1_761' title='bbox 2411 4633 2627 4694; x_wconf 81' lang='lat' dir='ltr'><strong>Domine</strong></span> <span class='ocrx_word' id='word_1_762' title='bbox 2664 4635 2806 4695; x_wconf 84' lang='lat' dir='ltr'><strong>Deus</strong></span> <span class='ocrx_word' id='word_1_763' title='bbox 2838 4661 3007 4705; x_wconf 81' lang='lat' dir='ltr'><strong>meus.</strong></span> <span class='ocrx_word' id='word_1_764' title='bbox 3038 4648 3253 4706; x_wconf 83' lang='lat' dir='ltr'><strong>clamavi</strong></span> <span class='ocrx_word' id='word_1_765' title='bbox 3278 4657 3346 4707; x_wconf 83' lang='lat' dir='ltr'><strong>ad</strong></span> <span class='ocrx_word' id='word_1_766' title='bbox 3383 4666 3544 4725; x_wconf 59' lang='lat' dir='ltr'><strong>te...“</strong></span> 
     </span>
    </p>
   </div>
   <div class='ocr_carea' id='block_1_105' title="bbox 1938 4724 3547 4810">
    <p class='ocr_par' dir='ltr' id='par_1_105' title="bbox 1938 4724 3547 4810">
     <span class='ocr_line' id='line_1_106' title="bbox 1938 4724 3547 4810; baseline 0.021 -37"><span class='ocrx_word' id='word_1_767' title='bbox 1938 4724 2132 4783; x_wconf 82' lang='lat' dir='ltr'><strong>sanasti</strong></span> <span class='ocrx_word' id='word_1_768' title='bbox 2155 4739 2298 4778; x_wconf 75' lang='lat' dir='ltr'><strong>.tue:</strong></span> <span class='ocrx_word' id='word_1_769' title='bbox 2324 4724 2547 4791; x_wconf 82' lang='lat' dir='ltr'><strong>Domine</strong></span> <span class='ocrx_word' id='word_1_770' title='bbox 2587 4729 2725 4785; x_wconf 84' lang='lat' dir='ltr'><strong>Deus</strong></span> <span class='ocrx_word' id='word_1_771' title='bbox 2763 4749 2919 4789; x_wconf 87' lang='lat' dir='ltr'><strong>meus</strong></span> <span class='ocrx_word' id='word_1_772' title='bbox 2945 4778 2959 4797; x_wconf 89' lang='lat'><strong>.</strong></span> <span class='ocrx_word' id='word_1_773' title='bbox 3001 4739 3223 4799; x_wconf 75' lang='lat' dir='ltr'><strong>clamavi</strong></span> <span class='ocrx_word' id='word_1_774' title='bbox 3261 4747 3327 4803; x_wconf 79' lang='lat' dir='ltr'><strong>ad</strong></span> <span class='ocrx_word' id='word_1_775' title='bbox 3370 4724 3461 4810; x_wconf 78' lang='lat' dir='ltr'><strong>te.</strong></span> <span class='ocrx_word' id='word_1_776' title='bbox 3488 4758 3547 4808; x_wconf 83' lang='lat' dir='ltr'><strong>et</strong></span> 
     </span>
    </p>
   </div>
   <div class='ocr_carea' id='block_1_106' title="bbox 1938 4816 3514 4907">
    <p class='ocr_par' dir='ltr' id='par_1_106' title="bbox 1938 4816 3514 4907">
     <span class='ocr_line' id='line_1_107' title="bbox 1938 4816 3514 4907; baseline 0.02 -42"><span class='ocrx_word' id='word_1_777' title='bbox 1938 4825 2138 4882; x_wconf 84' lang='lat' dir='ltr'><strong>corpus</strong></span> <span class='ocrx_word' id='word_1_778' title='bbox 2161 4816 2487 4872; x_wconf 86' lang='lat' dir='ltr'><strong>mortalitate</strong></span> <span class='ocrx_word' id='word_1_779' title='bbox 2515 4822 2754 4876; x_wconf 83' lang='lat' dir='ltr'><strong>saucium</strong></span> <span class='ocrx_word' id='word_1_780' title='bbox 2784 4834 2837 4878; x_wconf 89' lang='lat' dir='ltr'><strong>et</strong></span> <span class='ocrx_word' id='word_1_781' title='bbox 2863 4841 3065 4896; x_wconf 76' lang='lat' dir='ltr'><strong>tegi-nm</strong></span> <span class='ocrx_word' id='word_1_782' title='bbox 3094 4834 3205 4900; x_wconf 81' lang='lat' dir='ltr'><strong>j1m</strong></span> <span class='ocrx_word' id='word_1_783' title='bbox 3236 4852 3339 4891; x_wconf 90' lang='lat' dir='ltr'><strong>non</strong></span> <span class='ocrx_word' id='word_1_784' title='bbox 3364 4854 3514 4907; x_wconf 73' lang='lat' dir='ltr'><strong>gero.</strong></span> 
     </span>
    </p>
   </div>
   <div class='ocr_carea' id='block_1_107' title="bbox 2008 4902 3544 4998">
    <p class='ocr_par' dir='ltr' id='par_1_107' title="bbox 2008 4902 3544 4998">
     <span class='ocr_line' id='line_1_108' title="bbox 2008 4902 3544 4998; baseline 0.02 -41"><span class='ocrx_word' id='word_1_785' title='bbox 2008 4907 2063 4961; x_wconf 66' lang='grc' dir='ltr'><strong>Δ.</strong></span> <span class='ocrx_word' id='word_1_786' title='bbox 2104 4902 2272 4979; x_wconf 69' lang='grc' dir='ltr'><strong>[νινε.</strong></span> <span class='ocrx_word' id='word_1_787' title='bbox 2294 4911 2345 4967; x_wconf 70' lang='grc' dir='ltr'><strong>ι.</strong></span> <span class='ocrx_word' id='word_1_788' title='bbox 2372 4909 2395 4984; x_wconf 92' lang='grc'><strong>]</strong></span> <span class='ocrx_word' id='word_1_789' title='bbox 2432 4909 2654 4969; x_wconf 81' lang='lat' dir='ltr'><strong>Domine</strong></span> <span class='ocrx_word' id='word_1_790' title='bbox 2673 4956 2690 4981; x_wconf 85' lang='lat'><strong>,</strong></span> <span class='ocrx_word' id='word_1_791' title='bbox 2719 4917 2961 4975; x_wconf 76' lang='lat' dir='ltr'><strong>reduxisti</strong></span> <span class='ocrx_word' id='word_1_792' title='bbox 2984 4924 3047 4976; x_wconf 80' lang='lat' dir='ltr'><strong>ab</strong></span> <span class='ocrx_word' id='word_1_793' title='bbox 3089 4927 3267 4998; x_wconf 76' lang='lat' dir='ltr'><strong>inferis</strong></span> <span class='ocrx_word' id='word_1_794' title='bbox 3315 4902 3544 4991; x_wconf 54' lang='lat' dir='ltr'><strong>animum</strong></span> 
     </span>
    </p>
   </div>
   <div class='ocr_carea' id='block_1_108' title="bbox 1935 5002 3545 5081">
    <p class='ocr_par' dir='ltr' id='par_1_108' title="bbox 1935 5002 3545 5081">
     <span class='ocr_line' id='line_1_109' title="bbox 1935 5002 3545 5081; baseline 0.018 -28"><span class='ocrx_word' id='word_1_795' title='bbox 1935 5014 2135 5068; x_wconf 80' lang='lat' dir='ltr'><strong>meant,</strong></span> <span class='ocrx_word' id='word_1_796' title='bbox 2174 5002 2371 5057; x_wconf 81' lang='lat' dir='ltr'><strong>salvum</strong></span> <span class='ocrx_word' id='word_1_797' title='bbox 2413 5005 2578 5078; x_wconf 76' lang='lat' dir='ltr'><strong>fecisti</strong></span> <span class='ocrx_word' id='word_1_798' title='bbox 2616 5025 2694 5063; x_wconf 77' lang='lat' dir='ltr'><strong>me</strong></span> <span class='ocrx_word' id='word_1_799' title='bbox 2732 5027 2763 5063; x_wconf 90' lang='lat' dir='ltr'><strong>a</strong></span> <span class='ocrx_word' id='word_1_800' title='bbox 2790 5012 3202 5077; x_wconf 66' lang='lat' dir='ltr'><strong>descendentiéus</strong></span> <span class='ocrx_word' id='word_1_801' title='bbox 3250 5024 3300 5075; x_wconf 83' lang='lat' dir='ltr'><strong>in</strong></span> <span class='ocrx_word' id='word_1_802' title='bbox 3330 5024 3545 5081; x_wconf 76' lang='lat' dir='ltr'><strong>locum:</strong></span> 
     </span>
    </p>
   </div>
   <div class='ocr_carea' id='block_1_109' title="bbox 1934 5087 3500 5174">
    <p class='ocr_par' dir='ltr' id='par_1_109' title="bbox 1934 5087 3500 5174">
     <span class='ocr_line' id='line_1_110' title="bbox 1934 5087 3500 5174; baseline 0.018 -31"><span class='ocrx_word' id='word_1_803' title='bbox 1934 5087 2143 5144; x_wconf 79' lang='lat' dir='ltr'><strong>salvum</strong></span> <span class='ocrx_word' id='word_1_804' title='bbox 2183 5090 2354 5147; x_wconf 78' lang='lat' dir='ltr'><strong>iecisti</strong></span> <span class='ocrx_word' id='word_1_805' title='bbox 2396 5108 2482 5149; x_wconf 89' lang='lat' dir='ltr'><strong>me</strong></span> <span class='ocrx_word' id='word_1_806' title='bbox 2507 5111 2538 5151; x_wconf 84' lang='lat' dir='ltr'><strong>a</strong></span> <span class='ocrx_word' id='word_1_807' title='bbox 2585 5097 2899 5157; x_wconf 85' lang='lat' dir='ltr'><strong>conditione</strong></span> <span class='ocrx_word' id='word_1_808' title='bbox 2942 5105 3218 5174; x_wconf 76' lang='lat' dir='ltr'><strong>profumlzc</strong></span> <span class='ocrx_word' id='word_1_809' title='bbox 3245 5115 3500 5171; x_wconf 59' lang='lat' dir='ltr'><strong>excitatis</strong></span> 
     </span>
    </p>
   </div>
   <div class='ocr_carea' id='block_1_110' title="bbox 1935 5180 3047 5257">
    <p class='ocr_par' dir='ltr' id='par_1_110' title="bbox 1935 5180 3047 5257">
     <span class='ocr_line' id='line_1_111' title="bbox 1935 5180 3047 5257; baseline 0.013 -22"><span class='ocrx_word' id='word_1_810' title='bbox 1935 5186 2099 5251; x_wconf 79' lang='lat' dir='ltr'><strong>atque</strong></span> <span class='ocrx_word' id='word_1_811' title='bbox 2125 5180 2294 5235; x_wconf 77' lang='lat' dir='ltr'><strong>intimi</strong></span> <span class='ocrx_word' id='word_1_812' title='bbox 2325 5182 2434 5239; x_wconf 85' lang='lat' dir='ltr'><strong>limi</strong></span> <span class='ocrx_word' id='word_1_813' title='bbox 2459 5187 2823 5257; x_wconf 84' lang='lat' dir='ltr'><strong>corruptibilis</strong></span> <span class='ocrx_word' id='word_1_814' title='bbox 2852 5195 3047 5253; x_wconf 81' lang='lat' dir='ltr'><strong>carnis.</strong></span> 
     </span>
    </p>
   </div>
   <div class='ocr_carea' id='block_1_111' title="bbox 2005 5266 3541 5361">
    <p class='ocr_par' dir='ltr' id='par_1_111' title="bbox 2005 5266 3541 5361">
     <span class='ocr_line' id='line_1_112' title="bbox 2005 5266 3541 5361; baseline 0.019 -39"><span class='ocrx_word' id='word_1_815' title='bbox 2005 5270 2061 5329; x_wconf 83' lang='lat'><strong>5.</strong></span> <span class='ocrx_word' id='word_1_816' title='bbox 2102 5266 2282 5345; x_wconf 72' lang='grc' dir='ltr'><strong>[νει-ε.</strong></span> <span class='ocrx_word' id='word_1_817' title='bbox 2310 5269 2411 5347; x_wconf 84' lang='grc'><strong>5.]</strong></span> <span class='ocrx_word' id='word_1_818' title='bbox 2454 5274 2671 5332; x_wconf 84' lang='lat' dir='ltr'><strong>Psaltite</strong></span> <span class='ocrx_word' id='word_1_819' title='bbox 2696 5278 2919 5342; x_wconf 70' lang='lat' dir='ltr'><strong>Domino</strong></span> <span class='ocrx_word' id='word_1_820' title='bbox 2966 5290 3131 5341; x_wconf 77' lang='lat' dir='ltr'><strong>sancti</strong></span> <span class='ocrx_word' id='word_1_821' title='bbox 3178 5294 3291 5361; x_wconf 80' lang='lat' dir='ltr'><strong>ejus</strong></span> <span class='ocrx_word' id='word_1_822' title='bbox 3313 5297 3541 5352; x_wconf 76' lang='lat' dir='ltr'><strong>:essul-</strong></span> 
     </span>
    </p>
   </div>
   <div class='ocr_carea' id='block_1_112' title="bbox 1934 5361 3541 5453">
    <p class='ocr_par' dir='ltr' id='par_1_112' title="bbox 1934 5361 3541 5453">
     <span class='ocr_line' id='line_1_113' title="bbox 1934 5361 3541 5453; baseline 0.014 -37"><span class='ocrx_word' id='word_1_823' title='bbox 1934 5371 2011 5423; x_wconf 82' lang='lat' dir='ltr'><strong>tat</strong></span> <span class='ocrx_word' id='word_1_824' title='bbox 2062 5361 2331 5453; x_wconf 66' lang='lat' dir='ltr'><strong>Propheta</strong></span> <span class='ocrx_word' id='word_1_825' title='bbox 2384 5366 2560 5425; x_wconf 84' lang='lat' dir='ltr'><strong>iutura</strong></span> <span class='ocrx_word' id='word_1_826' title='bbox 2608 5370 2705 5425; x_wconf 89' lang='lat' dir='ltr'><strong>ista</strong></span> <span class='ocrx_word' id='word_1_827' title='bbox 2766 5389 3016 5443; x_wconf 81' lang='lat' dir='ltr'><strong>cernens,</strong></span> <span class='ocrx_word' id='word_1_828' title='bbox 3060 5390 3113 5435; x_wconf 86' lang='lat' dir='ltr'><strong>et</strong></span> <span class='ocrx_word' id='word_1_829' title='bbox 3159 5385 3347 5453; x_wconf 84' lang='lat' dir='ltr'><strong>dicit&#39;,</strong></span> <span class='ocrx_word' id='word_1_830' title='bbox 3386 5385 3541 5446; x_wconf 81' lang='lat' dir='ltr'><strong>Psat.</strong></span> 
     </span>
    </p>
   </div>
   <div class='ocr_carea' id='block_1_113' title="bbox 1935 5452 3544 5536">
    <p class='ocr_par' dir='ltr' id='par_1_113' title="bbox 1935 5452 3544 5536">
     <span class='ocr_line' id='line_1_114' title="bbox 1935 5452 3544 5536; baseline 0.019 -30"><span class='ocrx_word' id='word_1_831' title='bbox 1935 5452 2024 5508; x_wconf 77' lang='lat' dir='ltr'><strong>lite</strong></span> <span class='ocrx_word' id='word_1_832' title='bbox 2060 5452 2282 5510; x_wconf 88' lang='lat' dir='ltr'><strong>Domino</strong></span> <span class='ocrx_word' id='word_1_833' title='bbox 2316 5460 2481 5513; x_wconf 78' lang='lat' dir='ltr'><strong>sancti</strong></span> <span class='ocrx_word' id='word_1_834' title='bbox 2520 5463 2653 5530; x_wconf 77' lang='lat' dir='ltr'><strong>ejus.</strong></span> <span class='ocrx_word' id='word_1_835' title='bbox 2686 5460 2756 5519; x_wconf 85' lang='lat' dir='ltr'><strong>Et</strong></span> <span class='ocrx_word' id='word_1_836' title='bbox 2782 5470 3095 5536; x_wconf 79' lang='lat' dir='ltr'><strong>conﬁtemini</strong></span> <span class='ocrx_word' id='word_1_837' title='bbox 3123 5452 3380 5533; x_wconf 66' lang='lat' dir='ltr'><strong>memoriis</strong></span> <span class='ocrx_word' id='word_1_838' title='bbox 3415 5496 3544 5535; x_wconf 83' lang='lat' dir='ltr'><strong>san-</strong></span> 
     </span>
    </p>
   </div>
   <div class='ocr_carea' id='block_1_114' title="bbox 1933 5544 3538 5641">
    <p class='ocr_par' dir='ltr' id='par_1_114' title="bbox 1933 5544 3538 5641">
     <span class='ocr_line' id='line_1_115' title="bbox 1933 5544 3538 5641; baseline 0.017 -40"><span class='ocrx_word' id='word_1_839' title='bbox 1933 5544 2121 5601; x_wconf 86' lang='lat' dir='ltr'><strong>ctitatis</strong></span> <span class='ocrx_word' id='word_1_840' title='bbox 2167 5547 2277 5619; x_wconf 79' lang='lat' dir='ltr'><strong>ejus</strong></span> <span class='ocrx_word' id='word_1_841' title='bbox 2313 5562 2338 5605; x_wconf 90' lang='lat'><strong><em>:</em></strong></span> <span class='ocrx_word' id='word_1_842' title='bbox 2364 5560 2419 5604; x_wconf 90' lang='lat' dir='ltr'><strong>et</strong></span> <span class='ocrx_word' id='word_1_843' title='bbox 2450 5553 2777 5611; x_wconf 75' lang='lat' dir='ltr'><strong>conﬁtemini</strong></span> <span class='ocrx_word' id='word_1_844' title='bbox 2807 5559 2857 5613; x_wconf 90' lang='lat' dir='ltr'><strong>ei</strong></span> <span class='ocrx_word' id='word_1_845' title='bbox 2891 5562 3033 5630; x_wconf 89' lang='lat' dir='ltr'><strong>quod</strong></span> <span class='ocrx_word' id='word_1_846' title='bbox 3079 5570 3396 5637; x_wconf 84' lang='lat' dir='ltr'><strong>sanctitatis,</strong></span> <span class='ocrx_word' id='word_1_847' title='bbox 3428 5587 3538 5641; x_wconf 61' lang='lat' dir='ltr'><strong>qua</strong></span> 
     </span>
    </p>
   </div>
   <div class='ocr_carea' id='block_1_115' title="bbox 1933 5638 3537 5719">
    <p class='ocr_par' dir='ltr' id='par_1_115' title="bbox 1933 5638 3537 5719">
     <span class='ocr_line' id='line_1_116' title="bbox 1933 5638 3537 5719; baseline 0.021 -32"><span class='ocrx_word' id='word_1_848' title='bbox 1933 5649 2031 5689; x_wconf 85' lang='lat' dir='ltr'><strong>vos</strong></span> <span class='ocrx_word' id='word_1_849' title='bbox 2060 5638 2433 5699; x_wconf 73' lang='lat' dir='ltr'><strong>sanctiﬁcavit.</strong></span> <span class='ocrx_word' id='word_1_850' title='bbox 2463 5657 2567 5696; x_wconf 90' lang='lat' dir='ltr'><strong>non</strong></span> <span class='ocrx_word' id='word_1_851' title='bbox 2603 5649 2691 5699; x_wconf 86' lang='lat' dir='ltr'><strong>est</strong></span> <span class='ocrx_word' id='word_1_852' title='bbox 2715 5646 2934 5719; x_wconf 86' lang='lat' dir='ltr'><strong>oblitus,</strong></span> <span class='ocrx_word' id='word_1_853' title='bbox 2956 5667 3077 5708; x_wconf 90' lang='lat' dir='ltr'><strong>cum</strong></span> <span class='ocrx_word' id='word_1_854' title='bbox 3103 5663 3271 5715; x_wconf 87' lang='lat' dir='ltr'><strong>totum</strong></span> <span class='ocrx_word' id='word_1_855' title='bbox 3295 5657 3398 5717; x_wconf 84' lang='lat' dir='ltr'><strong>hoc</strong></span> <span class='ocrx_word' id='word_1_856' title='bbox 3422 5638 3537 5719; x_wconf 78' lang='lat' dir='ltr'><strong>ute-</strong></span> 
     </span>
    </p>
   </div>
   <div class='ocr_carea' id='block_1_116' title="bbox 1932 5723 3229 5813">
    <p class='ocr_par' dir='ltr' id='par_1_116' title="bbox 1932 5723 3229 5813">
     <span class='ocr_line' id='line_1_117' title="bbox 1932 5723 3229 5813; baseline 0.019 -32"><span class='ocrx_word' id='word_1_857' title='bbox 1932 5723 2082 5782; x_wconf 87' lang='lat' dir='ltr'><strong>diutn</strong></span> <span class='ocrx_word' id='word_1_858' title='bbox 2105 5737 2313 5799; x_wconf 84' lang='lat' dir='ltr'><strong>tempus</strong></span> <span class='ocrx_word' id='word_1_859' title='bbox 2330 5730 2601 5789; x_wconf 83' lang='lat' dir='ltr'><strong>desiderio</strong></span> <span class='ocrx_word' id='word_1_860' title='bbox 2624 5746 2804 5793; x_wconf 82' lang='lat' dir='ltr'><strong>vestro</strong></span> <span class='ocrx_word' id='word_1_861' title='bbox 2826 5739 3041 5813; x_wconf 80' lang='lat' dir='ltr'><strong>longum</strong></span> <span class='ocrx_word' id='word_1_862' title='bbox 3065 5757 3229 5806; x_wconf 75' lang='lat' dir='ltr'><strong>esset.</strong></span> 
     </span>
    </p>
   </div>
   <div class='ocr_carea' id='block_1_117' title="bbox 1998 5862 3160 5931">
    <p class='ocr_par' dir='ltr' id='par_1_117' title="bbox 1998 5862 3160 5931">
     <span class='ocr_line' id='line_1_118' title="bbox 1998 5862 3160 5931; baseline 0.017 -20"><span class='ocrx_word' id='word_1_863' title='bbox 1998 5862 2015 5893; x_wconf 84' lang='grc'>⁸</span> <span class='ocrx_word' id='word_1_864' title='bbox 2042 5864 2148 5913; x_wconf 66' lang='grc' dir='ltr'><strong>ιιι.</strong></span> <span class='ocrx_word' id='word_1_865' title='bbox 2170 5873 2347 5926; x_wconf 67' lang='lat' dir='ltr'><strong>ungue</strong></span> <span class='ocrx_word' id='word_1_866' title='bbox 2368 5875 2632 5930; x_wconf 81' lang='lat' dir='ltr'><strong>consensu,</strong></span> <span class='ocrx_word' id='word_1_867' title='bbox 2645 5868 2920 5924; x_wconf 68' lang='lat' dir='ltr'><strong>Exsulta...</strong></span> <span class='ocrx_word' id='word_1_868' title='bbox 2936 5879 2987 5925; x_wconf 83' lang='lat' dir='ltr'><strong>et</strong></span> <span class='ocrx_word' id='word_1_869' title='bbox 3006 5875 3160 5931; x_wconf 74' lang='lat' dir='ltr'><strong>dicat.</strong></span> 
     </span>
    </p>
   </div>
  </div>
