  <div class='ocr_page' id='page_1' title='image "/cluster/home/n/w/nwhite01/storage/ocr_20150623/36/umn.319510024773307/117.png"; bbox 0 0 4008 6326; ppageno 0'>
   <div class='ocr_carea' id='block_1_1' title="bbox 459 395 568 451">
    <p class='ocr_par' dir='ltr' id='par_1_1' title="bbox 459 395 568 451">
     <span class='ocr_line' id='line_1_1' title="bbox 459 395 568 451; baseline 0 -1"><span class='ocrx_word' id='word_1_1' title='bbox 459 395 568 451; x_wconf 72' lang='grc'><strong>215</strong></span> 
     </span>
    </p>
   </div>
   <div class='ocr_carea' id='block_1_2' title="bbox 530 499 2053 580">
    <p class='ocr_par' dir='ltr' id='par_1_2' title="bbox 530 499 2053 580">
     <span class='ocr_line' id='line_1_2' title="bbox 530 499 2053 580; baseline -0.005 -19"><span class='ocrx_word' id='word_1_2' title='bbox 530 509 584 562; x_wconf 81' lang='lat'><strong>6.</strong></span> <span class='ocrx_word' id='word_1_3' title='bbox 624 501 793 580; x_wconf 70' lang='lat' dir='ltr'><strong>(vers.</strong></span> <span class='ocrx_word' id='word_1_4' title='bbox 818 503 870 559; x_wconf 84' lang='grc' dir='ltr'><strong>ϐ.</strong></span> <span class='ocrx_word' id='word_1_5' title='bbox 895 501 917 577; x_wconf 93' lang='lat'>]</span> <span class='ocrx_word' id='word_1_6' title='bbox 936 502 1186 570; x_wconf 87' lang='lat' dir='ltr'><strong>Quoniam</strong></span> <span class='ocrx_word' id='word_1_7' title='bbox 1213 502 1288 556; x_wconf 87' lang='lat' dir='ltr'><strong>ira</strong></span> <span class='ocrx_word' id='word_1_8' title='bbox 1307 503 1359 556; x_wconf 90' lang='lat' dir='ltr'><strong>in</strong></span> <span class='ocrx_word' id='word_1_9' title='bbox 1380 499 1729 572; x_wconf 72' lang='lat' dir='ltr'><strong>indignatione</strong></span> <span class='ocrx_word' id='word_1_10' title='bbox 1750 503 1860 573; x_wconf 84' lang='lat' dir='ltr'><strong>ejus</strong></span> <span class='ocrx_word' id='word_1_11' title='bbox 1883 517 1904 557; x_wconf 90' lang='lat'><strong><em>:</em></strong></span> <span class='ocrx_word' id='word_1_12' title='bbox 1921 517 2053 573; x_wconf 88' lang='lat' dir='ltr'><strong>quo-</strong></span> 
     </span>
    </p>
   </div>
   <div class='ocr_carea' id='block_1_3' title="bbox 459 592 2056 664">
    <p class='ocr_par' dir='ltr' id='par_1_3' title="bbox 459 592 2056 664">
     <span class='ocr_line' id='line_1_3' title="bbox 459 592 2056 664; baseline 0.001 -15"><span class='ocrx_word' id='word_1_13' title='bbox 459 596 603 650; x_wconf 97' lang='lat' dir='ltr'><strong>niam</strong></span> <span class='ocrx_word' id='word_1_14' title='bbox 631 594 918 650; x_wconf 74' lang='lat' dir='ltr'><strong>vindicavit</strong></span> <span class='ocrx_word' id='word_1_15' title='bbox 947 593 1000 649; x_wconf 92' lang='lat' dir='ltr'><strong>in</strong></span> <span class='ocrx_word' id='word_1_16' title='bbox 1018 609 1112 649; x_wconf 81' lang='lat' dir='ltr'><strong>vos</strong></span> <span class='ocrx_word' id='word_1_17' title='bbox 1134 594 1360 664; x_wconf 90' lang='lat' dir='ltr'><strong>primum</strong></span> <span class='ocrx_word' id='word_1_18' title='bbox 1393 601 1690 662; x_wconf 88' lang='lat' dir='ltr'><strong>peccatum,</strong></span> <span class='ocrx_word' id='word_1_19' title='bbox 1714 592 1854 662; x_wconf 90' lang='lat' dir='ltr'><strong>quod</strong></span> <span class='ocrx_word' id='word_1_20' title='bbox 1883 604 2056 650; x_wconf 88' lang='lat' dir='ltr'><strong>morte</strong></span> 
     </span>
    </p>
   </div>
   <div class='ocr_carea' id='block_1_4' title="bbox 457 682 2086 752">
    <p class='ocr_par' dir='ltr' id='par_1_4' title="bbox 457 682 2086 752">
     <span class='ocr_line' id='line_1_4' title="bbox 457 682 2086 752; baseline -0.002 -12"><span class='ocrx_word' id='word_1_21' title='bbox 457 686 714 741; x_wconf 87' lang='lat' dir='ltr'><strong>solvistis.</strong></span> <span class='ocrx_word' id='word_1_22' title='bbox 742 683 810 738; x_wconf 82' lang='lat' dir='ltr'><strong>Et</strong></span> <span class='ocrx_word' id='word_1_23' title='bbox 839 686 940 738; x_wconf 79' lang='lat' dir='ltr'><strong>vita</strong></span> <span class='ocrx_word' id='word_1_24' title='bbox 968 685 1020 738; x_wconf 90' lang='lat' dir='ltr'><strong>in</strong></span> <span class='ocrx_word' id='word_1_25' title='bbox 1045 684 1300 737; x_wconf 83' lang='lat' dir='ltr'><strong>uoluntate</strong></span> <span class='ocrx_word' id='word_1_26' title='bbox 1327 685 1437 752; x_wconf 86' lang='lat' dir='ltr'><strong>ejus</strong></span> <span class='ocrx_word' id='word_1_27' title='bbox 1466 698 1485 735; x_wconf 91' lang='lat'><strong><em>:</em></strong></span> <span class='ocrx_word' id='word_1_28' title='bbox 1504 693 1558 736; x_wconf 88' lang='lat' dir='ltr'><strong>et</strong></span> <span class='ocrx_word' id='word_1_29' title='bbox 1588 682 1746 736; x_wconf 85' lang='lat' dir='ltr'><strong>vitam</strong></span> <span class='ocrx_word' id='word_1_30' title='bbox 1773 694 2052 749; x_wconf 65' lang='lat' dir='ltr'><strong>aeternam,</strong></span> <span class='ocrx_word' id='word_1_31' title='bbox 2082 693 2086 698; x_wconf 88' lang='lat'>&#39;</span> 
     </span>
    </p>
   </div>
   <div class='ocr_carea' id='block_1_5' title="bbox 456 773 2052 848">
    <p class='ocr_par' dir='ltr' id='par_1_5' title="bbox 456 773 2052 848">
     <span class='ocr_line' id='line_1_5' title="bbox 456 773 2052 848; baseline -0.001 -18"><span class='ocrx_word' id='word_1_32' title='bbox 456 777 524 833; x_wconf 83' lang='lat' dir='ltr'><strong>ad</strong></span> <span class='ocrx_word' id='word_1_33' title='bbox 553 793 712 848; x_wconf 88' lang='lat' dir='ltr'><strong>quam</strong></span> <span class='ocrx_word' id='word_1_34' title='bbox 759 777 933 831; x_wconf 89' lang='lat' dir='ltr'><strong>redire</strong></span> <span class='ocrx_word' id='word_1_35' title='bbox 961 776 1121 830; x_wconf 88' lang='lat' dir='ltr'><strong>nullis</strong></span> <span class='ocrx_word' id='word_1_36' title='bbox 1169 775 1362 831; x_wconf 83' lang='lat' dir='ltr'><strong>vestris</strong></span> <span class='ocrx_word' id='word_1_37' title='bbox 1402 773 1605 827; x_wconf 83' lang='lat' dir='ltr'><strong>viribus</strong></span> <span class='ocrx_word' id='word_1_38' title='bbox 1631 773 1858 843; x_wconf 78' lang='lat' dir='ltr'><strong>possetis</strong></span> <span class='ocrx_word' id='word_1_39' title='bbox 1884 813 1899 839; x_wconf 91' lang='lat'><strong>,</strong></span> <span class='ocrx_word' id='word_1_40' title='bbox 1923 774 2052 843; x_wconf 80' lang='lat' dir='ltr'><strong>quia</strong></span> 
     </span>
    </p>
   </div>
   <div class='ocr_carea' id='block_1_6' title="bbox 458 863 2054 938">
    <p class='ocr_par' dir='ltr' id='par_1_6' title="bbox 458 863 2054 938">
     <span class='ocr_line' id='line_1_6' title="bbox 458 863 2054 938; baseline 0 -18"><span class='ocrx_word' id='word_1_41' title='bbox 458 869 626 923; x_wconf 83' lang='lat' dir='ltr'><strong>voluit</strong></span> <span class='ocrx_word' id='word_1_42' title='bbox 667 867 831 923; x_wconf 88' lang='lat' dir='ltr'><strong>dedit.</strong></span> <span class='ocrx_word' id='word_1_43' title='bbox 873 866 1088 937; x_wconf 81' lang='lat' dir='ltr'><strong>Vespere</strong></span> <span class='ocrx_word' id='word_1_44' title='bbox 1116 865 1456 920; x_wconf 81' lang='lat' dir='ltr'><strong>demorabitur</strong></span> <span class='ocrx_word' id='word_1_45' title='bbox 1478 866 1630 935; x_wconf 79' lang='lat' dir='ltr'><strong>fletus</strong></span> <span class='ocrx_word' id='word_1_46' title='bbox 1677 863 1751 938; x_wconf 90' lang='lat' dir='ltr'><strong>(a)</strong></span> <span class='ocrx_word' id='word_1_47' title='bbox 1785 883 1799 919; x_wconf 90' lang='lat'><strong>:</strong></span> <span class='ocrx_word' id='word_1_48' title='bbox 1831 881 2054 936; x_wconf 81' lang='lat' dir='ltr'><strong>vespere</strong></span> 
     </span>
    </p>
   </div>
   <div class='ocr_carea' id='block_1_7' title="bbox 455 959 2052 1036">
    <p class='ocr_par' dir='ltr' id='par_1_7' title="bbox 455 959 2052 1036">
     <span class='ocr_line' id='line_1_7' title="bbox 455 959 2052 1036; baseline -0.007 -14"><span class='ocrx_word' id='word_1_49' title='bbox 455 967 652 1036; x_wconf 61' lang='lat' dir='ltr'><strong>mpit,</strong></span> <span class='ocrx_word' id='word_1_50' title='bbox 686 964 775 1020; x_wconf 91' lang='lat' dir='ltr'><strong>ubi</strong></span> <span class='ocrx_word' id='word_1_51' title='bbox 816 963 1091 1033; x_wconf 76' lang='lat' dir='ltr'><strong>sapientia:</strong></span> <span class='ocrx_word' id='word_1_52' title='bbox 1119 963 1298 1017; x_wconf 92' lang='lat' dir='ltr'><strong>lumen</strong></span> <span class='ocrx_word' id='word_1_53' title='bbox 1337 961 1560 1016; x_wconf 81' lang='lat' dir='ltr'><strong>recessit</strong></span> <span class='ocrx_word' id='word_1_54' title='bbox 1601 974 1631 1012; x_wconf 87' lang='lat' dir='ltr'><strong>a</strong></span> <span class='ocrx_word' id='word_1_55' title='bbox 1671 968 1924 1029; x_wconf 82' lang='lat' dir='ltr'><strong><em>peccante</em></strong></span> <span class='ocrx_word' id='word_1_56' title='bbox 1953 959 2052 1012; x_wconf 83' lang='lat' dir='ltr'><strong>ho-</strong></span> 
     </span>
    </p>
   </div>
   <div class='ocr_carea' id='block_1_8' title="bbox 457 1052 2053 1128">
    <p class='ocr_par' dir='ltr' id='par_1_8' title="bbox 457 1052 2053 1128">
     <span class='ocr_line' id='line_1_8' title="bbox 457 1052 2053 1128; baseline -0.004 -17"><span class='ocrx_word' id='word_1_57' title='bbox 457 1057 621 1124; x_wconf 88' lang='lat' dir='ltr'><strong>mine,</strong></span> <span class='ocrx_word' id='word_1_58' title='bbox 650 1055 866 1128; x_wconf 82' lang='lat' dir='ltr'><strong>quando</strong></span> <span class='ocrx_word' id='word_1_59' title='bbox 907 1063 1082 1109; x_wconf 89' lang='lat' dir='ltr'><strong>morte</strong></span> <span class='ocrx_word' id='word_1_60' title='bbox 1131 1054 1411 1108; x_wconf 88' lang='lat' dir='ltr'><strong>damnatus</strong></span> <span class='ocrx_word' id='word_1_61' title='bbox 1440 1061 1556 1116; x_wconf 83' lang='lat' dir='ltr'><strong>est;</strong></span> <span class='ocrx_word' id='word_1_62' title='bbox 1587 1052 1655 1105; x_wconf 83' lang='lat' dir='ltr'><strong>ab</strong></span> <span class='ocrx_word' id='word_1_63' title='bbox 1683 1052 1800 1120; x_wconf 88' lang='lat' dir='ltr'><strong>ipso</strong></span> <span class='ocrx_word' id='word_1_64' title='bbox 1829 1064 2053 1120; x_wconf 84' lang='lat' dir='ltr'><strong><em>vespere</em></strong></span> 
     </span>
    </p>
   </div>
   <div class='ocr_carea' id='block_1_9' title="bbox 455 1140 2051 1214">
    <p class='ocr_par' dir='ltr' id='par_1_9' title="bbox 455 1140 2051 1214">
     <span class='ocr_line' id='line_1_9' title="bbox 455 1140 2051 1214; baseline -0.006 -12"><span class='ocrx_word' id='word_1_65' title='bbox 455 1161 633 1203; x_wconf 82' lang='lat' dir='ltr'><strong>moras</strong></span> <span class='ocrx_word' id='word_1_66' title='bbox 654 1147 870 1202; x_wconf 84' lang='lat' dir='ltr'><strong>habebit</strong></span> <span class='ocrx_word' id='word_1_67' title='bbox 900 1145 1054 1200; x_wconf 91' lang='lat' dir='ltr'><strong>ﬁetus</strong></span> <span class='ocrx_word' id='word_1_68' title='bbox 1077 1185 1092 1211; x_wconf 93' lang='lat'><strong>,</strong></span> <span class='ocrx_word' id='word_1_69' title='bbox 1119 1143 1370 1214; x_wconf 84' lang='lat' dir='ltr'><strong>quamdiu</strong></span> <span class='ocrx_word' id='word_1_70' title='bbox 1402 1142 1454 1197; x_wconf 90' lang='lat' dir='ltr'><strong>in</strong></span> <span class='ocrx_word' id='word_1_71' title='bbox 1483 1140 1756 1196; x_wconf 83' lang='lat' dir='ltr'><strong>laboribus</strong></span> <span class='ocrx_word' id='word_1_72' title='bbox 1797 1149 1854 1195; x_wconf 90' lang='lat' dir='ltr'><strong>et</strong></span> <span class='ocrx_word' id='word_1_73' title='bbox 1883 1148 2051 1194; x_wconf 80' lang='lat' dir='ltr'><strong>tenta-</strong></span> 
     </span>
    </p>
   </div>
   <div class='ocr_carea' id='block_1_10' title="bbox 454 1231 2050 1309">
    <p class='ocr_par' dir='ltr' id='par_1_10' title="bbox 454 1231 2050 1309">
     <span class='ocr_line' id='line_1_10' title="bbox 454 1231 2050 1309; baseline -0.007 -14"><span class='ocrx_word' id='word_1_74' title='bbox 454 1239 690 1295; x_wconf 89' lang='lat' dir='ltr'><strong>tionibus</strong></span> <span class='ocrx_word' id='word_1_75' title='bbox 713 1238 937 1309; x_wconf 91' lang='lat' dir='ltr'><strong>populus</strong></span> <span class='ocrx_word' id='word_1_76' title='bbox 962 1237 1051 1291; x_wconf 90' lang='lat' dir='ltr'><strong>Dei</strong></span> <span class='ocrx_word' id='word_1_77' title='bbox 1073 1243 1345 1306; x_wconf 79' lang='lat' dir='ltr'><strong>exspectat</strong></span> <span class='ocrx_word' id='word_1_78' title='bbox 1363 1233 1757 1296; x_wconf 10' lang='lat' dir='ltr'><strong>dievaomini.</strong></span> <span class='ocrx_word' id='word_1_79' title='bbox 1782 1231 1850 1286; x_wconf 84' lang='lat' dir='ltr'><strong>Et</strong></span> <span class='ocrx_word' id='word_1_80' title='bbox 1866 1232 1918 1285; x_wconf 89' lang='lat' dir='ltr'><strong>in</strong></span> <span class='ocrx_word' id='word_1_81' title='bbox 1941 1248 2050 1284; x_wconf 87' lang='lat' dir='ltr'><strong>ma-</strong></span> 
     </span>
    </p>
   </div>
   <div class='ocr_carea' id='block_1_11' title="bbox 452 1323 2048 1398">
    <p class='ocr_par' dir='ltr' id='par_1_11' title="bbox 452 1323 2048 1398">
     <span class='ocr_line' id='line_1_11' title="bbox 452 1323 2048 1398; baseline -0.004 -15"><span class='ocrx_word' id='word_1_82' title='bbox 452 1330 671 1384; x_wconf 87' lang='lat' dir='ltr'><strong>tutinum</strong></span> <span class='ocrx_word' id='word_1_83' title='bbox 705 1329 974 1383; x_wconf 68' lang='lat' dir='ltr'><strong>exsultatio</strong></span> <span class='ocrx_word' id='word_1_84' title='bbox 997 1342 1017 1382; x_wconf 90' lang='lat'><strong><em>:</em></strong></span> <span class='ocrx_word' id='word_1_85' title='bbox 1042 1343 1207 1398; x_wconf 85' lang='lat' dir='ltr'><strong>usque</strong></span> <span class='ocrx_word' id='word_1_86' title='bbox 1232 1327 1284 1382; x_wconf 92' lang='lat' dir='ltr'><strong>in</strong></span> <span class='ocrx_word' id='word_1_87' title='bbox 1315 1327 1649 1389; x_wconf 88' lang='lat' dir='ltr'><strong>matutinum,</strong></span> <span class='ocrx_word' id='word_1_88' title='bbox 1675 1340 1781 1394; x_wconf 86' lang='lat' dir='ltr'><strong>quo</strong></span> <span class='ocrx_word' id='word_1_89' title='bbox 1807 1323 2048 1379; x_wconf 84' lang='lat' dir='ltr'><strong>exsulta-</strong></span> 
     </span>
    </p>
   </div>
   <div class='ocr_carea' id='block_1_12' title="bbox 453 1415 2047 1490">
    <p class='ocr_par' dir='ltr' id='par_1_12' title="bbox 453 1415 2047 1490">
     <span class='ocr_line' id='line_1_12' title="bbox 453 1415 2047 1490; baseline -0.004 -14"><span class='ocrx_word' id='word_1_90' title='bbox 453 1422 530 1477; x_wconf 92' lang='lat' dir='ltr'><strong>tio</strong></span> <span class='ocrx_word' id='word_1_91' title='bbox 556 1419 966 1477; x_wconf 81' lang='lat' dir='ltr'><strong>resurrectionis</strong></span> <span class='ocrx_word' id='word_1_92' title='bbox 995 1418 1171 1474; x_wconf 84' lang='lat' dir='ltr'><strong>futura</strong></span> <span class='ocrx_word' id='word_1_93' title='bbox 1191 1429 1296 1483; x_wconf 88' lang='lat' dir='ltr'><strong>est,</strong></span> <span class='ocrx_word' id='word_1_94' title='bbox 1328 1433 1446 1490; x_wconf 81' lang='lat' dir='ltr'><strong>quae</strong></span> <span class='ocrx_word' id='word_1_95' title='bbox 1468 1417 1520 1472; x_wconf 93' lang='lat' dir='ltr'><strong>in</strong></span> <span class='ocrx_word' id='word_1_96' title='bbox 1551 1417 1809 1472; x_wconf 88' lang='lat' dir='ltr'><strong>matutina</strong></span> <span class='ocrx_word' id='word_1_97' title='bbox 1839 1415 2047 1469; x_wconf 85' lang='lat' dir='ltr'><strong>Domini</strong></span> 
     </span>
    </p>
   </div>
   <div class='ocr_carea' id='block_1_13' title="bbox 453 1499 1387 1591">
    <p class='ocr_par' dir='ltr' id='par_1_13' title="bbox 453 1499 1387 1591">
     <span class='ocr_line' id='line_1_13' title="bbox 453 1499 1387 1591; baseline -0.011 -18"><span class='ocrx_word' id='word_1_98' title='bbox 453 1514 851 1572; x_wconf 76' lang='lat' dir='ltr'><strong>resurrectione</strong></span> <span class='ocrx_word' id='word_1_99' title='bbox 870 1510 1190 1591; x_wconf 37' lang='lat' dir='ltr'><strong>.przeﬁoruit.</strong></span> <span class='ocrx_word' id='word_1_100' title='bbox 1382 1499 1387 1506; x_wconf 63' lang='grc'><strong>’</strong></span> 
     </span>
    </p>
   </div>
   <div class='ocr_carea' id='block_1_14' title="bbox 523 1601 2046 1681">
    <p class='ocr_par' dir='ltr' id='par_1_14' title="bbox 523 1601 2046 1681">
     <span class='ocr_line' id='line_1_14' title="bbox 523 1601 2046 1681; baseline -0.006 -18"><span class='ocrx_word' id='word_1_101' title='bbox 523 1610 578 1662; x_wconf 87' lang='lat'><strong>7.</strong></span> <span class='ocrx_word' id='word_1_102' title='bbox 620 1605 640 1681; x_wconf 88' lang='lat'>[</span> <span class='ocrx_word' id='word_1_103' title='bbox 667 1625 796 1663; x_wconf 83' lang='lat' dir='ltr'><strong>vers.</strong></span> <span class='ocrx_word' id='word_1_104' title='bbox 831 1609 883 1662; x_wconf 89' lang='lat'><strong>7.</strong></span> <span class='ocrx_word' id='word_1_105' title='bbox 911 1605 933 1681; x_wconf 92' lang='lat'>]</span> <span class='ocrx_word' id='word_1_106' title='bbox 965 1606 1074 1677; x_wconf 76' lang='lat' dir='ltr'><strong>Ego</strong></span> <span class='ocrx_word' id='word_1_107' title='bbox 1116 1615 1284 1660; x_wconf 74' lang='lat' dir='ltr'><strong>autem</strong></span> <span class='ocrx_word' id='word_1_108' title='bbox 1317 1605 1428 1658; x_wconf 72' lang='lat' dir='ltr'><strong>dixi</strong></span> <span class='ocrx_word' id='word_1_109' title='bbox 1463 1604 1516 1658; x_wconf 89' lang='lat' dir='ltr'><strong>in</strong></span> <span class='ocrx_word' id='word_1_110' title='bbox 1557 1601 1868 1657; x_wconf 80' lang='lat' dir='ltr'><strong>abundantia</strong></span> <span class='ocrx_word' id='word_1_111' title='bbox 1899 1617 2046 1668; x_wconf 87' lang='lat' dir='ltr'><strong>mea,</strong></span> 
     </span>
    </p>
   </div>
   <div class='ocr_carea' id='block_1_15' title="bbox 457 1693 2044 1768">
    <p class='ocr_par' dir='ltr' id='par_1_15' title="bbox 457 1693 2044 1768">
     <span class='ocr_line' id='line_1_15' title="bbox 457 1693 2044 1768; baseline -0.006 -10"><span class='ocrx_word' id='word_1_112' title='bbox 457 1701 577 1758; x_wconf 84' lang='lat' dir='ltr'><strong>Non</strong></span> <span class='ocrx_word' id='word_1_113' title='bbox 614 1701 847 1756; x_wconf 83' lang='lat' dir='ltr'><strong>movebar</strong></span> <span class='ocrx_word' id='word_1_114' title='bbox 884 1702 939 1754; x_wconf 90' lang='lat' dir='ltr'><strong>in</strong></span> <span class='ocrx_word' id='word_1_115' title='bbox 975 1710 1222 1754; x_wconf 63' lang='lat' dir='ltr'><strong>internum</strong></span> <span class='ocrx_word' id='word_1_116' title='bbox 1247 1713 1270 1753; x_wconf 91' lang='lat'><strong><em>:</em></strong></span> <span class='ocrx_word' id='word_1_117' title='bbox 1294 1711 1394 1768; x_wconf 92' lang='lat' dir='ltr'><strong>ego</strong></span> <span class='ocrx_word' id='word_1_118' title='bbox 1437 1705 1616 1750; x_wconf 89' lang='lat' dir='ltr'><strong>autem</strong></span> <span class='ocrx_word' id='word_1_119' title='bbox 1659 1695 1748 1749; x_wconf 90' lang='lat' dir='ltr'><strong>ille</strong></span> <span class='ocrx_word' id='word_1_120' title='bbox 1784 1693 2044 1764; x_wconf 85' lang='lat' dir='ltr'><strong>populus,</strong></span> 
     </span>
    </p>
   </div>
   <div class='ocr_carea' id='block_1_16' title="bbox 450 1785 2046 1863">
    <p class='ocr_par' dir='ltr' id='par_1_16' title="bbox 450 1785 2046 1863">
     <span class='ocr_line' id='line_1_16' title="bbox 450 1785 2046 1863; baseline -0.004 -17"><span class='ocrx_word' id='word_1_121' title='bbox 450 1793 540 1862; x_wconf 88' lang='lat' dir='ltr'><strong>qui</strong></span> <span class='ocrx_word' id='word_1_122' title='bbox 571 1792 640 1847; x_wconf 89' lang='lat' dir='ltr'><strong>ab</strong></span> <span class='ocrx_word' id='word_1_123' title='bbox 680 1790 831 1848; x_wconf 89' lang='lat' dir='ltr'><strong>initio</strong></span> <span class='ocrx_word' id='word_1_124' title='bbox 870 1790 1145 1863; x_wconf 81' lang='lat' dir='ltr'><strong>loquebar,</strong></span> <span class='ocrx_word' id='word_1_125' title='bbox 1173 1789 1283 1844; x_wconf 91' lang='lat' dir='ltr'><strong>dixi</strong></span> <span class='ocrx_word' id='word_1_126' title='bbox 1311 1790 1364 1844; x_wconf 91' lang='lat' dir='ltr'><strong>in</strong></span> <span class='ocrx_word' id='word_1_127' title='bbox 1415 1801 1532 1843; x_wconf 84' lang='lat' dir='ltr'><strong>mea</strong></span> <span class='ocrx_word' id='word_1_128' title='bbox 1561 1785 1908 1851; x_wconf 81' lang='lat' dir='ltr'><strong>abundantia,</strong></span> <span class='ocrx_word' id='word_1_129' title='bbox 1938 1785 2046 1856; x_wconf 71' lang='lat' dir='ltr'><strong>iam</strong></span> 
     </span>
    </p>
   </div>
   <div class='ocr_carea' id='block_1_17' title="bbox 451 1878 2046 1955">
    <p class='ocr_par' dir='ltr' id='par_1_17' title="bbox 451 1878 2046 1955">
     <span class='ocr_line' id='line_1_17' title="bbox 451 1878 2046 1955; baseline -0.005 -16"><span class='ocrx_word' id='word_1_130' title='bbox 451 1882 650 1940; x_wconf 85' lang='lat' dir='ltr'><strong>nullam</strong></span> <span class='ocrx_word' id='word_1_131' title='bbox 696 1885 904 1955; x_wconf 84' lang='lat' dir='ltr'><strong>patiens</strong></span> <span class='ocrx_word' id='word_1_132' title='bbox 948 1891 1242 1955; x_wconf 73' lang='lat' dir='ltr'><strong>egestatem</strong></span> <span class='ocrx_word' id='word_1_133' title='bbox 1301 1899 1315 1937; x_wconf 91' lang='lat'><strong>:</strong></span> <span class='ocrx_word' id='word_1_134' title='bbox 1374 1879 1497 1936; x_wconf 82' lang='lat' dir='ltr'><strong>Non</strong></span> <span class='ocrx_word' id='word_1_135' title='bbox 1539 1878 1771 1933; x_wconf 77' lang='lat' dir='ltr'><strong>movebar</strong></span> <span class='ocrx_word' id='word_1_136' title='bbox 1807 1878 1862 1932; x_wconf 91' lang='lat' dir='ltr'><strong>in</strong></span> <span class='ocrx_word' id='word_1_137' title='bbox 1896 1886 2046 1933; x_wconf 62' lang='lat' dir='ltr'><strong>atter-</strong></span> 
     </span>
    </p>
   </div>
   <div class='ocr_carea' id='block_1_18' title="bbox 450 1993 782 2040">
    <p class='ocr_par' dir='ltr' id='par_1_18' title="bbox 450 1993 782 2040">
     <span class='ocr_line' id='line_1_18' title="bbox 450 1993 782 2040; baseline 0.015 -12"><span class='ocrx_word' id='word_1_138' title='bbox 450 1993 593 2033; x_wconf 82' lang='lat' dir='ltr'><strong>nunt.</strong></span> <span class='ocrx_word' id='word_1_139' title='bbox 767 2025 782 2040; x_wconf 79' lang='lat'><em>,</em></span> 
     </span>
    </p>
   </div>
   <div class='ocr_carea' id='block_1_19' title="bbox 517 2061 2047 2141">
    <p class='ocr_par' dir='ltr' id='par_1_19' title="bbox 517 2061 2047 2141">
     <span class='ocr_line' id='line_1_19' title="bbox 517 2061 2047 2141; baseline -0.004 -18"><span class='ocrx_word' id='word_1_140' title='bbox 517 2067 574 2123; x_wconf 86' lang='lat'><strong>8.</strong></span> <span class='ocrx_word' id='word_1_141' title='bbox 615 2064 637 2141; x_wconf 90' lang='lat'><strong>[</strong></span> <span class='ocrx_word' id='word_1_142' title='bbox 662 2082 791 2121; x_wconf 73' lang='lat' dir='ltr'><strong>vers.</strong></span> <span class='ocrx_word' id='word_1_143' title='bbox 816 2064 896 2141; x_wconf 90' lang='lat'><strong>8.]</strong></span> <span class='ocrx_word' id='word_1_144' title='bbox 925 2066 1163 2132; x_wconf 79' lang='lat' dir='ltr'><strong>Domine,</strong></span> <span class='ocrx_word' id='word_1_145' title='bbox 1190 2065 1243 2120; x_wconf 90' lang='lat' dir='ltr'><strong>in</strong></span> <span class='ocrx_word' id='word_1_146' title='bbox 1272 2065 1528 2120; x_wconf 74' lang='lat' dir='ltr'><strong>uoluntate</strong></span> <span class='ocrx_word' id='word_1_147' title='bbox 1545 2073 1633 2118; x_wconf 87' lang='lat' dir='ltr'><strong>tua</strong></span> <span class='ocrx_word' id='word_1_148' title='bbox 1658 2061 1938 2135; x_wconf 67' lang='lat' dir='ltr'><strong>praestitisti</strong></span> <span class='ocrx_word' id='word_1_149' title='bbox 1958 2062 2047 2117; x_wconf 79' lang='lat' dir='ltr'><strong>de-</strong></span> 
     </span>
    </p>
   </div>
   <div class='ocr_carea' id='block_1_20' title="bbox 447 2155 2042 2220">
    <p class='ocr_par' dir='ltr' id='par_1_20' title="bbox 447 2155 2042 2220">
     <span class='ocr_line' id='line_1_20' title="bbox 447 2155 2042 2220; baseline -0.003 -6"><span class='ocrx_word' id='word_1_150' title='bbox 447 2160 558 2216; x_wconf 85' lang='lat' dir='ltr'><strong>cori</strong></span> <span class='ocrx_word' id='word_1_151' title='bbox 597 2177 709 2215; x_wconf 77' lang='lat' dir='ltr'><strong>nseo</strong></span> <span class='ocrx_word' id='word_1_152' title='bbox 741 2161 971 2215; x_wconf 80' lang='lat' dir='ltr'><strong>virtutem</strong></span> <span class='ocrx_word' id='word_1_153' title='bbox 998 2172 1018 2214; x_wconf 89' lang='lat'><strong><em>:</em></strong></span> <span class='ocrx_word' id='word_1_154' title='bbox 1047 2158 1142 2214; x_wconf 87' lang='lat' dir='ltr'><strong>sed</strong></span> <span class='ocrx_word' id='word_1_155' title='bbox 1186 2158 1325 2213; x_wconf 88' lang='lat' dir='ltr'><strong>hanc</strong></span> <span class='ocrx_word' id='word_1_156' title='bbox 1349 2155 1747 2220; x_wconf 81' lang='lat' dir='ltr'><strong>abundantiam,</strong></span> <span class='ocrx_word' id='word_1_157' title='bbox 1782 2155 2042 2220; x_wconf 80' lang='lat' dir='ltr'><strong>Domine,</strong></span> 
     </span>
    </p>
   </div>
   <div class='ocr_carea' id='block_1_21' title="bbox 451 2246 2047 2318">
    <p class='ocr_par' dir='ltr' id='par_1_21' title="bbox 451 2246 2047 2318">
     <span class='ocr_line' id='line_1_21' title="bbox 451 2246 2047 2318; baseline -0.004 -12"><span class='ocrx_word' id='word_1_158' title='bbox 451 2266 558 2307; x_wconf 91' lang='lat' dir='ltr'><strong>non</strong></span> <span class='ocrx_word' id='word_1_159' title='bbox 584 2267 650 2306; x_wconf 87' lang='lat' dir='ltr'><strong>ex</strong></span> <span class='ocrx_word' id='word_1_160' title='bbox 677 2267 762 2308; x_wconf 88' lang='lat' dir='ltr'><strong>me</strong></span> <span class='ocrx_word' id='word_1_161' title='bbox 787 2251 919 2307; x_wconf 87' lang='lat' dir='ltr'><strong>mihi</strong></span> <span class='ocrx_word' id='word_1_162' title='bbox 949 2265 1091 2318; x_wconf 87' lang='lat' dir='ltr'><strong>esse,</strong></span> <span class='ocrx_word' id='word_1_163' title='bbox 1118 2249 1213 2307; x_wconf 90' lang='lat' dir='ltr'><strong>sed</strong></span> <span class='ocrx_word' id='word_1_164' title='bbox 1238 2251 1291 2308; x_wconf 92' lang='lat' dir='ltr'><strong>in</strong></span> <span class='ocrx_word' id='word_1_165' title='bbox 1320 2249 1594 2305; x_wconf 80' lang='lat' dir='ltr'><strong>voluntate</strong></span> <span class='ocrx_word' id='word_1_166' title='bbox 1621 2256 1708 2304; x_wconf 76' lang='lat' dir='ltr'><strong>tua</strong></span> <span class='ocrx_word' id='word_1_167' title='bbox 1735 2246 2047 2318; x_wconf 61' lang='lat' dir='ltr'><strong>priestitisse</strong></span> 
     </span>
    </p>
   </div>
   <div class='ocr_carea' id='block_1_22' title="bbox 449 2339 2043 2406">
    <p class='ocr_par' dir='ltr' id='par_1_22' title="bbox 449 2339 2043 2406">
     <span class='ocr_line' id='line_1_22' title="bbox 449 2339 2043 2406; baseline -0.004 -8"><span class='ocrx_word' id='word_1_168' title='bbox 449 2352 502 2398; x_wconf 89' lang='lat' dir='ltr'><strong>te</strong></span> <span class='ocrx_word' id='word_1_169' title='bbox 527 2341 707 2398; x_wconf 87' lang='lat' dir='ltr'><strong>decori</strong></span> <span class='ocrx_word' id='word_1_170' title='bbox 732 2358 853 2399; x_wconf 89' lang='lat' dir='ltr'><strong>meo</strong></span> <span class='ocrx_word' id='word_1_171' title='bbox 881 2343 1130 2397; x_wconf 73' lang='lat' dir='ltr'><strong>virtutem</strong></span> <span class='ocrx_word' id='word_1_172' title='bbox 1155 2357 1222 2398; x_wconf 84' lang='lat' dir='ltr'><strong>ex</strong></span> <span class='ocrx_word' id='word_1_173' title='bbox 1249 2355 1316 2397; x_wconf 91' lang='lat' dir='ltr'><strong>eo</strong></span> <span class='ocrx_word' id='word_1_174' title='bbox 1338 2340 1540 2406; x_wconf 91' lang='lat' dir='ltr'><strong>didici,</strong></span> <span class='ocrx_word' id='word_1_175' title='bbox 1580 2339 1815 2394; x_wconf 80' lang='lat' dir='ltr'><strong>Auertistl</strong></span> <span class='ocrx_word' id='word_1_176' title='bbox 1835 2349 2004 2393; x_wconf 84' lang='lat' dir='ltr'><strong>autem</strong></span> <span class='ocrx_word' id='word_1_177' title='bbox 2025 2340 2043 2372; x_wconf 72' lang='grc' dir='ltr'>ί</span> 
     </span>
    </p>
   </div>
   <div class='ocr_carea' id='block_1_23' title="bbox 445 2430 2043 2506">
    <p class='ocr_par' dir='ltr' id='par_1_23' title="bbox 445 2430 2043 2506">
     <span class='ocr_line' id='line_1_23' title="bbox 445 2430 2043 2506; baseline -0.003 -16"><span class='ocrx_word' id='word_1_178' title='bbox 445 2435 631 2506; x_wconf 78' lang='lat' dir='ltr'><strong>facient</strong></span> <span class='ocrx_word' id='word_1_179' title='bbox 673 2444 813 2490; x_wconf 81' lang='lat' dir='ltr'><strong>tuam</strong></span> <span class='ocrx_word' id='word_1_180' title='bbox 856 2452 890 2489; x_wconf 90' lang='lat' dir='ltr'><strong>a</strong></span> <span class='ocrx_word' id='word_1_181' title='bbox 927 2451 1039 2500; x_wconf 88' lang='lat' dir='ltr'><strong>me,</strong></span> <span class='ocrx_word' id='word_1_182' title='bbox 1069 2445 1120 2490; x_wconf 86' lang='lat' dir='ltr'><strong>et</strong></span> <span class='ocrx_word' id='word_1_183' title='bbox 1163 2432 1329 2506; x_wconf 83' lang='lat' dir='ltr'><strong>factus</strong></span> <span class='ocrx_word' id='word_1_184' title='bbox 1355 2450 1469 2488; x_wconf 83' lang='lat' dir='ltr'><strong>sum</strong></span> <span class='ocrx_word' id='word_1_185' title='bbox 1505 2431 1868 2498; x_wconf 85' lang='lat' dir='ltr'><strong>conturbatus;</strong></span> <span class='ocrx_word' id='word_1_186' title='bbox 1902 2430 2043 2502; x_wconf 91' lang='lat' dir='ltr'><strong>quod</strong></span> 
     </span>
    </p>
   </div>
   <div class='ocr_carea' id='block_1_24' title="bbox 445 2521 2045 2598">
    <p class='ocr_par' dir='ltr' id='par_1_24' title="bbox 445 2521 2045 2598">
     <span class='ocr_line' id='line_1_24' title="bbox 445 2521 2045 2598; baseline -0.004 -16"><span class='ocrx_word' id='word_1_187' title='bbox 445 2526 688 2586; x_wconf 85' lang='lat' dir='ltr'><strong>avertisti</strong></span> <span class='ocrx_word' id='word_1_188' title='bbox 713 2525 1000 2598; x_wconf 84' lang='lat' dir='ltr'><strong>aliquando</strong></span> <span class='ocrx_word' id='word_1_189' title='bbox 1026 2541 1056 2579; x_wconf 79' lang='grc' dir='ltr'><strong>ιι</strong></span> <span class='ocrx_word' id='word_1_190' title='bbox 1088 2533 1344 2598; x_wconf 83' lang='lat' dir='ltr'><strong>peccante</strong></span> <span class='ocrx_word' id='word_1_191' title='bbox 1383 2525 1569 2579; x_wconf 78' lang='lat' dir='ltr'><strong>faciem</strong></span> <span class='ocrx_word' id='word_1_192' title='bbox 1596 2533 1762 2584; x_wconf 84' lang='lat' dir='ltr'><strong>tuam.</strong></span> <span class='ocrx_word' id='word_1_193' title='bbox 1795 2533 1848 2576; x_wconf 89' lang='lat' dir='ltr'><strong>et</strong></span> <span class='ocrx_word' id='word_1_194' title='bbox 1876 2521 2045 2576; x_wconf 85' lang='lat' dir='ltr'><strong>lactus</strong></span> 
     </span>
    </p>
   </div>
   <div class='ocr_carea' id='block_1_25' title="bbox 443 2613 2046 2685">
    <p class='ocr_par' dir='ltr' id='par_1_25' title="bbox 443 2613 2046 2685">
     <span class='ocr_line' id='line_1_25' title="bbox 443 2613 2046 2685; baseline -0.005 -9"><span class='ocrx_word' id='word_1_195' title='bbox 443 2635 564 2676; x_wconf 88' lang='lat' dir='ltr'><strong>sum</strong></span> <span class='ocrx_word' id='word_1_196' title='bbox 593 2619 974 2685; x_wconf 87' lang='lat' dir='ltr'><strong>conturbatus,</strong></span> <span class='ocrx_word' id='word_1_197' title='bbox 1004 2617 1289 2676; x_wconf 89' lang='lat' dir='ltr'><strong>recedente</strong></span> <span class='ocrx_word' id='word_1_198' title='bbox 1319 2631 1352 2671; x_wconf 83' lang='lat' dir='ltr'><strong>s</strong></span> <span class='ocrx_word' id='word_1_199' title='bbox 1396 2631 1484 2673; x_wconf 87' lang='lat' dir='ltr'><strong>me</strong></span> <span class='ocrx_word' id='word_1_200' title='bbox 1522 2613 1909 2671; x_wconf 86' lang='lat' dir='ltr'><strong>illuminatione</strong></span> <span class='ocrx_word' id='word_1_201' title='bbox 1951 2626 2046 2668; x_wconf 84' lang='lat' dir='ltr'><strong>no-</strong></span> 
     </span>
    </p>
   </div>
   <div class='ocr_carea' id='block_1_26' title="bbox 443 2708 731 2766">
    <p class='ocr_par' dir='ltr' id='par_1_26' title="bbox 443 2708 731 2766">
     <span class='ocr_line' id='line_1_26' title="bbox 443 2708 731 2766; baseline -0.003 0"><span class='ocrx_word' id='word_1_202' title='bbox 443 2708 576 2766; x_wconf 63' lang='lat' dir='ltr'><strong>titiae</strong></span> <span class='ocrx_word' id='word_1_203' title='bbox 602 2718 731 2765; x_wconf 71' lang='lat' dir='ltr'><strong>tute.</strong></span> 
     </span>
    </p>
   </div>
   <div class='ocr_carea' id='block_1_27' title="bbox 514 2793 2042 2877">
    <p class='ocr_par' dir='ltr' id='par_1_27' title="bbox 514 2793 2042 2877">
     <span class='ocr_line' id='line_1_27' title="bbox 514 2793 2042 2877; baseline -0.007 -19"><span class='ocrx_word' id='word_1_204' title='bbox 514 2803 572 2860; x_wconf 86' lang='lat'><strong>9.</strong></span> <span class='ocrx_word' id='word_1_205' title='bbox 613 2801 781 2877; x_wconf 72' lang='grc' dir='ltr'><strong>[νοτε.</strong></span> <span class='ocrx_word' id='word_1_206' title='bbox 806 2800 860 2860; x_wconf 81' lang='lat'><strong>9.</strong></span> <span class='ocrx_word' id='word_1_207' title='bbox 885 2799 908 2875; x_wconf 84' lang='lat'><strong>]</strong></span> <span class='ocrx_word' id='word_1_208' title='bbox 933 2799 1014 2856; x_wconf 78' lang='lat' dir='ltr'><strong>Ad</strong></span> <span class='ocrx_word' id='word_1_209' title='bbox 1045 2810 1124 2867; x_wconf 89' lang='lat' dir='ltr'><strong>te,</strong></span> <span class='ocrx_word' id='word_1_210' title='bbox 1152 2798 1397 2865; x_wconf 82' lang='lat' dir='ltr'><strong>Domine,</strong></span> <span class='ocrx_word' id='word_1_211' title='bbox 1423 2795 1656 2852; x_wconf 85' lang='lat' dir='ltr'><strong>clamabo</strong></span> <span class='ocrx_word' id='word_1_212' title='bbox 1675 2837 1689 2861; x_wconf 91' lang='lat'><strong>,</strong></span> <span class='ocrx_word' id='word_1_213' title='bbox 1717 2804 1764 2851; x_wconf 87' lang='lat' dir='ltr'><strong>el</strong></span> <span class='ocrx_word' id='word_1_214' title='bbox 1787 2795 1856 2849; x_wconf 84' lang='lat' dir='ltr'><strong>ad</strong></span> <span class='ocrx_word' id='word_1_215' title='bbox 1881 2793 2042 2848; x_wconf 86' lang='lat' dir='ltr'><strong>Deum</strong></span> 
     </span>
    </p>
   </div>
   <div class='ocr_carea' id='block_1_28' title="bbox 442 2887 2040 2966">
    <p class='ocr_par' dir='ltr' id='par_1_28' title="bbox 442 2887 2040 2966">
     <span class='ocr_line' id='line_1_28' title="bbox 442 2887 2040 2966; baseline -0.005 -18"><span class='ocrx_word' id='word_1_216' title='bbox 442 2911 610 2952; x_wconf 79' lang='lat' dir='ltr'><strong>meum</strong></span> <span class='ocrx_word' id='word_1_217' title='bbox 627 2893 933 2966; x_wconf 84' lang='lat' dir='ltr'><strong>deprecabor</strong></span> <span class='ocrx_word' id='word_1_218' title='bbox 958 2908 981 2953; x_wconf 69' lang='grc' dir='ltr'><em>τ</em></span> <span class='ocrx_word' id='word_1_219' title='bbox 1005 2892 1149 2964; x_wconf 84' lang='lat' dir='ltr'><strong>quod</strong></span> <span class='ocrx_word' id='word_1_220' title='bbox 1170 2900 1382 2961; x_wconf 87' lang='lat' dir='ltr'><strong>tempus</strong></span> <span class='ocrx_word' id='word_1_221' title='bbox 1419 2889 1840 2960; x_wconf 80' lang='lat' dir='ltr'><strong>conturbationis</strong></span> <span class='ocrx_word' id='word_1_222' title='bbox 1866 2897 1919 2942; x_wconf 90' lang='lat' dir='ltr'><strong>et</strong></span> <span class='ocrx_word' id='word_1_223' title='bbox 1939 2887 2040 2941; x_wconf 85' lang='lat' dir='ltr'><strong>mi-</strong></span> 
     </span>
    </p>
   </div>
   <div class='ocr_carea' id='block_1_29' title="bbox 442 2978 2040 3052">
    <p class='ocr_par' dir='ltr' id='par_1_29' title="bbox 442 2978 2040 3052">
     <span class='ocr_line' id='line_1_29' title="bbox 442 2978 2040 3052; baseline -0.009 -10"><span class='ocrx_word' id='word_1_224' title='bbox 442 2986 598 3042; x_wconf 65' lang='lat' dir='ltr'><strong>seriae</strong></span> <span class='ocrx_word' id='word_1_225' title='bbox 628 2999 762 3040; x_wconf 80' lang='lat' dir='ltr'><strong>mea:</strong></span> <span class='ocrx_word' id='word_1_226' title='bbox 800 2985 1043 3041; x_wconf 89' lang='lat' dir='ltr'><strong>recolens</strong></span> <span class='ocrx_word' id='word_1_227' title='bbox 1065 3025 1082 3049; x_wconf 92' lang='lat'><strong>,</strong></span> <span class='ocrx_word' id='word_1_228' title='bbox 1109 2994 1164 3038; x_wconf 89' lang='lat' dir='ltr'><strong>et</strong></span> <span class='ocrx_word' id='word_1_229' title='bbox 1193 2992 1440 3052; x_wconf 89' lang='lat' dir='ltr'><strong>tanquam</strong></span> <span class='ocrx_word' id='word_1_230' title='bbox 1490 2981 1543 3034; x_wconf 90' lang='lat' dir='ltr'><strong>in</strong></span> <span class='ocrx_word' id='word_1_231' title='bbox 1590 2995 1657 3034; x_wconf 91' lang='lat' dir='ltr'><strong>eo</strong></span> <span class='ocrx_word' id='word_1_232' title='bbox 1685 2978 2004 3033; x_wconf 80' lang='lat' dir='ltr'><strong>constitutus</strong></span> <span class='ocrx_word' id='word_1_233' title='bbox 2024 3019 2040 3043; x_wconf 82' lang='lat'><strong>,</strong></span> 
     </span>
    </p>
   </div>
   <div class='ocr_carea' id='block_1_30' title="bbox 443 3070 2041 3146">
    <p class='ocr_par' dir='ltr' id='par_1_30' title="bbox 443 3070 2041 3146">
     <span class='ocr_line' id='line_1_30' title="bbox 443 3070 2041 3146; baseline -0.009 -14"><span class='ocrx_word' id='word_1_234' title='bbox 443 3077 603 3132; x_wconf 84' lang='lat' dir='ltr'><strong>audio</strong></span> <span class='ocrx_word' id='word_1_235' title='bbox 631 3090 818 3132; x_wconf 89' lang='lat' dir='ltr'><strong>vocem</strong></span> <span class='ocrx_word' id='word_1_236' title='bbox 852 3075 1188 3146; x_wconf 84' lang='lat' dir='ltr'><strong>primogeniti</strong></span> <span class='ocrx_word' id='word_1_237' title='bbox 1217 3073 1312 3137; x_wconf 90' lang='lat' dir='ltr'><strong>tui,</strong></span> <span class='ocrx_word' id='word_1_238' title='bbox 1330 3071 1518 3141; x_wconf 87' lang='lat' dir='ltr'><strong>capitis</strong></span> <span class='ocrx_word' id='word_1_239' title='bbox 1547 3070 1650 3126; x_wconf 89' lang='lat' dir='ltr'><strong>mei</strong></span> <span class='ocrx_word' id='word_1_240' title='bbox 1679 3085 1776 3139; x_wconf 90' lang='lat' dir='ltr'><strong>pro</strong></span> <span class='ocrx_word' id='word_1_241' title='bbox 1810 3084 1893 3124; x_wconf 91' lang='lat' dir='ltr'><strong>me</strong></span> <span class='ocrx_word' id='word_1_242' title='bbox 1922 3083 2041 3122; x_wconf 76' lang='lat' dir='ltr'><strong>mo-</strong></span> 
     </span>
    </p>
   </div>
   <div class='ocr_carea' id='block_1_31' title="bbox 444 3159 2042 3236">
    <p class='ocr_par' dir='ltr' id='par_1_31' title="bbox 444 3159 2042 3236">
     <span class='ocr_line' id='line_1_31' title="bbox 444 3159 2042 3236; baseline -0.008 -13"><span class='ocrx_word' id='word_1_243' title='bbox 444 3168 618 3236; x_wconf 89' lang='lat' dir='ltr'><strong>rituri,</strong></span> <span class='ocrx_word' id='word_1_244' title='bbox 645 3178 701 3224; x_wconf 90' lang='lat' dir='ltr'><strong>et</strong></span> <span class='ocrx_word' id='word_1_245' title='bbox 723 3169 949 3224; x_wconf 88' lang='lat' dir='ltr'><strong>dicentis</strong></span> <span class='ocrx_word' id='word_1_246' title='bbox 973 3184 986 3222; x_wconf 89' lang='lat'>:</span> <span class='ocrx_word' id='word_1_247' title='bbox 1008 3166 1089 3220; x_wconf 78' lang='lat' dir='ltr'><strong>Ad</strong></span> <span class='ocrx_word' id='word_1_248' title='bbox 1105 3176 1173 3235; x_wconf 89' lang='lat' dir='ltr'><strong>te,</strong></span> <span class='ocrx_word' id='word_1_249' title='bbox 1191 3164 1427 3229; x_wconf 87' lang='lat' dir='ltr'><strong>Domine,</strong></span> <span class='ocrx_word' id='word_1_250' title='bbox 1449 3161 1700 3228; x_wconf 82' lang='lat' dir='ltr'><strong>clamabo,</strong></span> <span class='ocrx_word' id='word_1_251' title='bbox 1727 3171 1773 3214; x_wconf 85' lang='lat' dir='ltr'><strong>et</strong></span> <span class='ocrx_word' id='word_1_252' title='bbox 1793 3159 1861 3213; x_wconf 86' lang='lat' dir='ltr'><strong>ad</strong></span> <span class='ocrx_word' id='word_1_253' title='bbox 1882 3159 2042 3213; x_wconf 88' lang='lat' dir='ltr'><strong>Deum</strong></span> 
     </span>
    </p>
   </div>
   <div class='ocr_carea' id='block_1_32' title="bbox 443 3261 968 3331">
    <p class='ocr_par' dir='ltr' id='par_1_32' title="bbox 443 3261 968 3331">
     <span class='ocr_line' id='line_1_32' title="bbox 443 3261 968 3331; baseline 0 -17"><span class='ocrx_word' id='word_1_254' title='bbox 443 3278 611 3316; x_wconf 86' lang='lat' dir='ltr'><strong>meum</strong></span> <span class='ocrx_word' id='word_1_255' title='bbox 640 3261 968 3331; x_wconf 88' lang='lat' dir='ltr'><strong>deprecabor.</strong></span> 
     </span>
    </p>
   </div>
   <div class='ocr_carea' id='block_1_33' title="bbox 515 3340 2059 3425">
    <p class='ocr_par' dir='ltr' id='par_1_33' title="bbox 515 3340 2059 3425">
     <span class='ocr_line' id='line_1_33' title="bbox 515 3340 2059 3425; baseline -0.009 -17"><span class='ocrx_word' id='word_1_256' title='bbox 515 3353 604 3408; x_wconf 75' lang='lat'><strong>10.</strong></span> <span class='ocrx_word' id='word_1_257' title='bbox 646 3351 814 3425; x_wconf 83' lang='lat' dir='ltr'><strong>[uers.</strong></span> <span class='ocrx_word' id='word_1_258' title='bbox 846 3352 934 3408; x_wconf 75' lang='grc'><strong>10.</strong></span> <span class='ocrx_word' id='word_1_259' title='bbox 958 3351 980 3424; x_wconf 92' lang='grc'>]</span> <span class='ocrx_word' id='word_1_260' title='bbox 1011 3350 1138 3418; x_wconf 72' lang='lat' dir='ltr'><strong>Qum</strong></span> <span class='ocrx_word' id='word_1_261' title='bbox 1161 3350 1355 3403; x_wconf 90' lang='lat' dir='ltr'><strong>utilitas</strong></span> <span class='ocrx_word' id='word_1_262' title='bbox 1388 3349 1442 3402; x_wconf 91' lang='lat' dir='ltr'><strong>in</strong></span> <span class='ocrx_word' id='word_1_263' title='bbox 1469 3346 1716 3418; x_wconf 77' lang='lat' dir='ltr'><strong>sanguine</strong></span> <span class='ocrx_word' id='word_1_264' title='bbox 1741 3361 1853 3398; x_wconf 91' lang='lat' dir='ltr'><strong>meo</strong></span> <span class='ocrx_word' id='word_1_265' title='bbox 1878 3387 1892 3410; x_wconf 93' lang='lat'><strong>,</strong></span> <span class='ocrx_word' id='word_1_266' title='bbox 1919 3340 2059 3396; x_wconf 80' lang='lat' dir='ltr'><strong>dum&#39;</strong></span> 
     </span>
    </p>
   </div>
   <div class='ocr_carea' id='block_1_34' title="bbox 442 3436 2040 3512">
    <p class='ocr_par' dir='ltr' id='par_1_34' title="bbox 442 3436 2040 3512">
     <span class='ocr_line' id='line_1_34' title="bbox 442 3436 2040 3512; baseline -0.005 -14"><span class='ocrx_word' id='word_1_267' title='bbox 442 3444 690 3500; x_wconf 83' lang='lat' dir='ltr'><strong>descendo</strong></span> <span class='ocrx_word' id='word_1_268' title='bbox 729 3445 782 3497; x_wconf 96' lang='lat' dir='ltr'><strong>in</strong></span> <span class='ocrx_word' id='word_1_269' title='bbox 822 3441 1253 3512; x_wconf 64' lang='lat' dir='ltr'><strong>corruptionem?</strong></span> <span class='ocrx_word' id='word_1_270' title='bbox 1289 3455 1410 3511; x_wconf 70' lang='lat' dir='ltr'><strong>qua:</strong></span> <span class='ocrx_word' id='word_1_271' title='bbox 1440 3439 1640 3494; x_wconf 86' lang='lat' dir='ltr'><strong>utilitas</strong></span> <span class='ocrx_word' id='word_1_272' title='bbox 1681 3438 1734 3491; x_wconf 91' lang='lat' dir='ltr'><strong>in</strong></span> <span class='ocrx_word' id='word_1_273' title='bbox 1781 3436 2040 3491; x_wconf 83' lang='lat' dir='ltr'><strong>eil‘usione</strong></span> 
     </span>
    </p>
   </div>
   <div class='ocr_carea' id='block_1_35' title="bbox 442 3527 2042 3606">
    <p class='ocr_par' dir='ltr' id='par_1_35' title="bbox 442 3527 2042 3606">
     <span class='ocr_line' id='line_1_35' title="bbox 442 3527 2042 3606; baseline -0.005 -18"><span class='ocrx_word' id='word_1_274' title='bbox 442 3535 715 3606; x_wconf 78' lang='lat' dir='ltr'><strong>sanguinis</strong></span> <span class='ocrx_word' id='word_1_275' title='bbox 731 3527 858 3601; x_wconf 89' lang='lat' dir='ltr'><strong>mei,</strong></span> <span class='ocrx_word' id='word_1_276' title='bbox 877 3535 1002 3588; x_wconf 88' lang='lat' dir='ltr'><strong>dum</strong></span> <span class='ocrx_word' id='word_1_277' title='bbox 1027 3531 1294 3588; x_wconf 88' lang='lat' dir='ltr'><strong>descendo</strong></span> <span class='ocrx_word' id='word_1_278' title='bbox 1328 3532 1380 3586; x_wconf 92' lang='lat' dir='ltr'><strong>in</strong></span> <span class='ocrx_word' id='word_1_279' title='bbox 1410 3529 1849 3600; x_wconf 85' lang='lat' dir='ltr'><strong>corruptionem?</strong></span> <span class='ocrx_word' id='word_1_280' title='bbox 1874 3527 2042 3581; x_wconf 84' lang='lat' dir='ltr'><strong>Num-</strong></span> 
     </span>
    </p>
   </div>
   <div class='ocr_carea' id='block_1_36' title="bbox 445 3620 2041 3695">
    <p class='ocr_par' dir='ltr' id='par_1_36' title="bbox 445 3620 2041 3695">
     <span class='ocr_line' id='line_1_36' title="bbox 445 3620 2041 3695; baseline -0.006 -14"><span class='ocrx_word' id='word_1_281' title='bbox 445 3627 568 3693; x_wconf 83' lang='lat' dir='ltr'><strong>quid</strong></span> <span class='ocrx_word' id='word_1_282' title='bbox 587 3627 905 3695; x_wconf 77' lang='lat' dir='ltr'><strong>confitebitur</strong></span> <span class='ocrx_word' id='word_1_283' title='bbox 931 3624 1019 3678; x_wconf 83' lang='lat' dir='ltr'><strong>tibi</strong></span> <span class='ocrx_word' id='word_1_284' title='bbox 1040 3623 1246 3694; x_wconf 77' lang='lat' dir='ltr'><strong>puluis?</strong></span> <span class='ocrx_word' id='word_1_285' title='bbox 1273 3622 1327 3678; x_wconf 88' lang='lat' dir='ltr'><strong>Si</strong></span> <span class='ocrx_word' id='word_1_286' title='bbox 1351 3622 1491 3676; x_wconf 89' lang='lat' dir='ltr'><strong>enim</strong></span> <span class='ocrx_word' id='word_1_287' title='bbox 1525 3636 1628 3675; x_wconf 89' lang='lat' dir='ltr'><strong>non</strong></span> <span class='ocrx_word' id='word_1_288' title='bbox 1659 3620 1838 3675; x_wconf 79' lang='lat' dir='ltr'><strong>statim</strong></span> <span class='ocrx_word' id='word_1_289' title='bbox 1858 3635 2041 3673; x_wconf 82' lang='lat' dir='ltr'><strong>resur-</strong></span> 
     </span>
    </p>
   </div>
   <div class='ocr_carea' id='block_1_37' title="bbox 449 3709 2042 3785">
    <p class='ocr_par' dir='ltr' id='par_1_37' title="bbox 449 3709 2042 3785">
     <span class='ocr_line' id='line_1_37' title="bbox 449 3709 2042 3785; baseline -0.006 -12"><span class='ocrx_word' id='word_1_290' title='bbox 449 3733 664 3783; x_wconf 84' lang='lat' dir='ltr'><strong>rexcro,</strong></span> <span class='ocrx_word' id='word_1_291' title='bbox 696 3727 1118 3785; x_wconf 84' lang='lat' dir='ltr'><strong>corruptumque</strong></span> <span class='ocrx_word' id='word_1_292' title='bbox 1148 3714 1303 3768; x_wconf 80' lang='lat' dir='ltr'><strong>fuerit</strong></span> <span class='ocrx_word' id='word_1_293' title='bbox 1329 3728 1524 3784; x_wconf 89' lang='lat' dir='ltr'><strong>corpus</strong></span> <span class='ocrx_word' id='word_1_294' title='bbox 1557 3728 1766 3775; x_wconf 89' lang='lat' dir='ltr'><strong>meum,</strong></span> <span class='ocrx_word' id='word_1_295' title='bbox 1793 3709 2042 3775; x_wconf 84' lang='lat' dir='ltr'><strong>numquid</strong></span> 
     </span>
    </p>
   </div>
   <div class='ocr_carea' id='block_1_38' title="bbox 444 3803 2038 3878">
    <p class='ocr_par' dir='ltr' id='par_1_38' title="bbox 444 3803 2038 3878">
     <span class='ocr_line' id='line_1_38' title="bbox 444 3803 2038 3878; baseline -0.006 -15"><span class='ocrx_word' id='word_1_296' title='bbox 444 3809 768 3878; x_wconf 80' lang='lat' dir='ltr'><strong>conﬁtebitur</strong></span> <span class='ocrx_word' id='word_1_297' title='bbox 794 3808 882 3861; x_wconf 88' lang='lat' dir='ltr'><strong>tibi</strong></span> <span class='ocrx_word' id='word_1_298' title='bbox 914 3807 1109 3877; x_wconf 82' lang='lat' dir='ltr'><strong>pulvis,</strong></span> <span class='ocrx_word' id='word_1_299' title='bbox 1138 3804 1188 3858; x_wconf 91' lang='lat' dir='ltr'><strong>id</strong></span> <span class='ocrx_word' id='word_1_300' title='bbox 1217 3815 1299 3859; x_wconf 87' lang='lat' dir='ltr'><strong>est</strong></span> <span class='ocrx_word' id='word_1_301' title='bbox 1343 3805 1493 3858; x_wconf 88' lang='lat' dir='ltr'><strong>turba</strong></span> <span class='ocrx_word' id='word_1_302' title='bbox 1526 3803 1808 3872; x_wconf 89' lang='lat' dir='ltr'><strong>impiorum</strong></span> <span class='ocrx_word' id='word_1_303' title='bbox 1836 3844 1851 3868; x_wconf 86' lang='lat'><strong>,</strong></span> <span class='ocrx_word' id='word_1_304' title='bbox 1881 3817 2038 3873; x_wconf 88' lang='lat' dir='ltr'><strong>quam</strong></span> 
     </span>
    </p>
   </div>
   <div class='ocr_carea' id='block_1_39' title="bbox 447 3893 2039 3967">
    <p class='ocr_par' dir='ltr' id='par_1_39' title="bbox 447 3893 2039 3967">
     <span class='ocr_line' id='line_1_39' title="bbox 447 3893 2039 3967; baseline -0.007 -10"><span class='ocrx_word' id='word_1_305' title='bbox 447 3917 565 3957; x_wconf 90' lang='lat' dir='ltr'><strong>mea</strong></span> <span class='ocrx_word' id='word_1_306' title='bbox 605 3899 997 3955; x_wconf 84' lang='lat' dir='ltr'><strong>resurrectione</strong></span> <span class='ocrx_word' id='word_1_307' title='bbox 1035 3895 1379 3967; x_wconf 81' lang='lat' dir='ltr'><strong>justiﬁcabo?</strong></span> <span class='ocrx_word' id='word_1_308' title='bbox 1408 3896 1508 3949; x_wconf 80' lang='lat' dir='ltr'><strong>Aut</strong></span> <span class='ocrx_word' id='word_1_309' title='bbox 1542 3893 1864 3949; x_wconf 81' lang='lat' dir='ltr'><strong>annuntiabit</strong></span> <span class='ocrx_word' id='word_1_310' title='bbox 1906 3894 2039 3947; x_wconf 79' lang='lat' dir='ltr'><strong>reri-</strong></span> 
     </span>
    </p>
   </div>
   <div class='ocr_carea' id='block_1_40' title="bbox 443 3988 2038 4048">
    <p class='ocr_par' dir='ltr' id='par_1_40' title="bbox 443 3988 2038 4048">
     <span class='ocr_line' id='line_1_40' title="bbox 443 3988 2038 4048; baseline -0.004 -1"><span class='ocrx_word' id='word_1_311' title='bbox 443 4005 597 4048; x_wconf 85' lang='lat' dir='ltr'><strong>totem</strong></span> <span class='ocrx_word' id='word_1_312' title='bbox 640 3992 821 4046; x_wconf 81' lang='lat' dir='ltr'><strong>tuam?</strong></span> <span class='ocrx_word' id='word_1_313' title='bbox 848 4001 939 4045; x_wconf 86' lang='lat' dir='ltr'><strong>aut</strong></span> <span class='ocrx_word' id='word_1_314' title='bbox 980 3989 1314 4044; x_wconf 84' lang='lat' dir='ltr'><strong>annuntiabit</strong></span> <span class='ocrx_word' id='word_1_315' title='bbox 1346 3988 1412 4042; x_wconf 87' lang='lat' dir='ltr'><strong>ad</strong></span> <span class='ocrx_word' id='word_1_316' title='bbox 1449 3988 1676 4043; x_wconf 89' lang='lat' dir='ltr'><strong>salutem</strong></span> <span class='ocrx_word' id='word_1_317' title='bbox 1721 3997 2038 4043; x_wconf 73' lang='lat' dir='ltr'><strong>emterorum</strong></span> 
     </span>
    </p>
   </div>
   <div class='ocr_carea' id='block_1_41' title="bbox 443 4081 927 4141">
    <p class='ocr_par' dir='ltr' id='par_1_41' title="bbox 443 4081 927 4141">
     <span class='ocr_line' id='line_1_41' title="bbox 443 4081 927 4141; baseline -0.006 -3"><span class='ocrx_word' id='word_1_318' title='bbox 443 4084 721 4141; x_wconf 72' lang='lat' dir='ltr'><strong>veritatem</strong></span> <span class='ocrx_word' id='word_1_319' title='bbox 747 4081 927 4137; x_wconf 85' lang='lat' dir='ltr'><strong>tuam?</strong></span> 
     </span>
    </p>
   </div>
   <div class='ocr_carea' id='block_1_42' title="bbox 517 4167 2040 4246">
    <p class='ocr_par' dir='ltr' id='par_1_42' title="bbox 517 4167 2040 4246">
     <span class='ocr_line' id='line_1_42' title="bbox 517 4167 2040 4246; baseline -0.005 -17"><span class='ocrx_word' id='word_1_320' title='bbox 517 4176 606 4229; x_wconf 82' lang='grc' dir='ltr'><strong>Η.</strong></span> <span class='ocrx_word' id='word_1_321' title='bbox 649 4173 822 4246; x_wconf 83' lang='lat' dir='ltr'><strong>[vers.</strong></span> <span class='ocrx_word' id='word_1_322' title='bbox 857 4169 982 4242; x_wconf 61' lang='lat'><strong>“.1</strong></span> <span class='ocrx_word' id='word_1_323' title='bbox 1013 4169 1218 4223; x_wconf 75' lang='lat' dir='ltr'><strong>Audiuit</strong></span> <span class='ocrx_word' id='word_1_324' title='bbox 1255 4167 1508 4222; x_wconf 84' lang='lat' dir='ltr'><strong>Dominus</strong></span> <span class='ocrx_word' id='word_1_325' title='bbox 1531 4208 1545 4230; x_wconf 88' lang='lat'><strong>,</strong></span> <span class='ocrx_word' id='word_1_326' title='bbox 1599 4176 1646 4221; x_wconf 88' lang='lat' dir='ltr'><strong>et</strong></span> <span class='ocrx_word' id='word_1_327' title='bbox 1695 4168 1926 4222; x_wconf 87' lang='lat' dir='ltr'><strong>misertus</strong></span> <span class='ocrx_word' id='word_1_328' title='bbox 1968 4178 2040 4221; x_wconf 88' lang='lat' dir='ltr'><strong>est</strong></span> 
     </span>
    </p>
   </div>
   <div class='ocr_carea' id='block_1_43' title="bbox 445 4259 2042 4332">
    <p class='ocr_par' dir='ltr' id='par_1_43' title="bbox 445 4259 2042 4332">
     <span class='ocr_line' id='line_1_43' title="bbox 445 4259 2042 4332; baseline -0.004 -12"><span class='ocrx_word' id='word_1_329' title='bbox 445 4267 607 4331; x_wconf 83' lang='lat' dir='ltr'><strong>mihi;</strong></span> <span class='ocrx_word' id='word_1_330' title='bbox 654 4265 903 4320; x_wconf 88' lang='lat' dir='ltr'><strong>Dominus</strong></span> <span class='ocrx_word' id='word_1_331' title='bbox 939 4265 1101 4332; x_wconf 78' lang='lat' dir='ltr'><strong>[actus</strong></span> <span class='ocrx_word' id='word_1_332' title='bbox 1146 4272 1220 4315; x_wconf 90' lang='lat' dir='ltr'><strong>est</strong></span> <span class='ocrx_word' id='word_1_333' title='bbox 1258 4261 1466 4329; x_wconf 83' lang='lat' dir='ltr'><strong>ndjutor</strong></span> <span class='ocrx_word' id='word_1_334' title='bbox 1512 4276 1652 4314; x_wconf 88' lang='lat' dir='ltr'><strong>meus</strong></span> <span class='ocrx_word' id='word_1_335' title='bbox 1693 4277 1712 4314; x_wconf 90' lang='lat'><strong><em>:</em></strong></span> <span class='ocrx_word' id='word_1_336' title='bbox 1753 4275 1850 4313; x_wconf 85' lang='lat' dir='ltr'><strong>nec</strong></span> <span class='ocrx_word' id='word_1_337' title='bbox 1894 4259 2042 4314; x_wconf 89' lang='lat' dir='ltr'><strong>dedit</strong></span> 
     </span>
    </p>
   </div>
   <div class='ocr_carea' id='block_1_44' title="bbox 443 4343 2038 4420">
    <p class='ocr_par' dir='ltr' id='par_1_44' title="bbox 443 4343 2038 4420">
     <span class='ocr_line' id='line_1_44' title="bbox 443 4343 2038 4420; baseline -0.004 -8"><span class='ocrx_word' id='word_1_338' title='bbox 443 4366 683 4412; x_wconf 82' lang='lat' dir='ltr'><strong>sanctum</strong></span> <span class='ocrx_word' id='word_1_339' title='bbox 709 4371 862 4411; x_wconf 91' lang='lat' dir='ltr'><strong>suum</strong></span> <span class='ocrx_word' id='word_1_340' title='bbox 891 4353 1076 4410; x_wconf 87' lang='lat' dir='ltr'><strong>videre</strong></span> <span class='ocrx_word' id='word_1_341' title='bbox 1101 4343 1497 4420; x_wconf 84' lang='lat' dir='ltr'><strong>corruptionem</strong></span> <span class='ocrx_word' id='word_1_342' title='bbox 1530 4356 1547 4419; x_wconf 84' lang='lat'><strong>(</strong></span> <span class='ocrx_word' id='word_1_343' title='bbox 1583 4348 1728 4403; x_wconf 88' lang='lat' dir='ltr'><strong>Psal.</strong></span> <span class='ocrx_word' id='word_1_344' title='bbox 1758 4365 1861 4415; x_wconf 81' lang='lat' dir='ltr'><strong>xv,</strong></span> <span class='ocrx_word' id='word_1_345' title='bbox 1903 4349 1971 4404; x_wconf 74' lang='grc'><strong>10</strong></span> <span class='ocrx_word' id='word_1_346' title='bbox 1997 4349 2038 4420; x_wconf 93' lang='grc'><strong>).</strong></span> 
     </span>
    </p>
   </div>
   <div class='ocr_carea' id='block_1_45' title="bbox 518 4441 2042 4519">
    <p class='ocr_par' dir='ltr' id='par_1_45' title="bbox 518 4441 2042 4519">
     <span class='ocr_line' id='line_1_45' title="bbox 518 4441 2042 4519; baseline -0.005 -17"><span class='ocrx_word' id='word_1_347' title='bbox 518 4447 604 4502; x_wconf 71' lang='grc'><strong>12.</strong></span> <span class='ocrx_word' id='word_1_348' title='bbox 645 4446 666 4519; x_wconf 95' lang='grc'>[</span> <span class='ocrx_word' id='word_1_349' title='bbox 690 4463 817 4502; x_wconf 82' lang='lat' dir='ltr'><strong>vers.</strong></span> <span class='ocrx_word' id='word_1_350' title='bbox 848 4445 938 4501; x_wconf 75' lang='grc'><strong>12.</strong></span> <span class='ocrx_word' id='word_1_351' title='bbox 966 4441 989 4518; x_wconf 89' lang='grc'><strong>]</strong></span> <span class='ocrx_word' id='word_1_352' title='bbox 1023 4442 1324 4498; x_wconf 82' lang='lat' dir='ltr'><strong>Convertiin</strong></span> <span class='ocrx_word' id='word_1_353' title='bbox 1353 4442 1616 4512; x_wconf 83' lang='lat' dir='ltr'><strong>planctum</strong></span> <span class='ocrx_word' id='word_1_354' title='bbox 1643 4458 1809 4495; x_wconf 88' lang='lat' dir='ltr'><strong>meum</strong></span> <span class='ocrx_word' id='word_1_355' title='bbox 1831 4442 1883 4495; x_wconf 89' lang='lat' dir='ltr'><strong>in</strong></span> <span class='ocrx_word' id='word_1_356' title='bbox 1909 4459 2042 4513; x_wconf 82' lang='lat' dir='ltr'><strong>gau-</strong></span> 
     </span>
    </p>
   </div>
   <div class='ocr_carea' id='block_1_46' title="bbox 446 4532 2039 4612">
    <p class='ocr_par' dir='ltr' id='par_1_46' title="bbox 446 4532 2039 4612">
     <span class='ocr_line' id='line_1_46' title="bbox 446 4532 2039 4612; baseline -0.005 -18"><span class='ocrx_word' id='word_1_357' title='bbox 446 4542 585 4594; x_wconf 85' lang='lat' dir='ltr'><strong>dium</strong></span> <span class='ocrx_word' id='word_1_358' title='bbox 613 4540 778 4594; x_wconf 81' lang='lat' dir='ltr'><strong>mihi:</strong></span> <span class='ocrx_word' id='word_1_359' title='bbox 802 4553 961 4610; x_wconf 90' lang='lat' dir='ltr'><strong>quem</strong></span> <span class='ocrx_word' id='word_1_360' title='bbox 990 4535 1398 4612; x_wconf 78' lang='lat' dir='ltr'><strong>primogenitum</strong></span> <span class='ocrx_word' id='word_1_361' title='bbox 1428 4549 1457 4587; x_wconf 86' lang='lat' dir='ltr'><strong>a</strong></span> <span class='ocrx_word' id='word_1_362' title='bbox 1490 4532 1714 4588; x_wconf 86' lang='lat' dir='ltr'><strong>mortuis</strong></span> <span class='ocrx_word' id='word_1_363' title='bbox 1756 4542 2039 4587; x_wconf 87' lang='lat' dir='ltr'><strong>consecuta</strong></span> 
     </span>
    </p>
   </div>
   <div class='ocr_carea' id='block_1_47' title="bbox 449 4622 2040 4698">
    <p class='ocr_par' dir='ltr' id='par_1_47' title="bbox 449 4622 2040 4698">
     <span class='ocr_line' id='line_1_47' title="bbox 449 4622 2040 4698; baseline -0.006 -11"><span class='ocrx_word' id='word_1_364' title='bbox 449 4629 710 4698; x_wconf 87' lang='lat' dir='ltr'><strong>Ecclesia,</strong></span> <span class='ocrx_word' id='word_1_365' title='bbox 741 4646 884 4685; x_wconf 92' lang='lat' dir='ltr'><strong>nunc</strong></span> <span class='ocrx_word' id='word_1_366' title='bbox 922 4629 976 4684; x_wconf 92' lang='lat' dir='ltr'><strong>in</strong></span> <span class='ocrx_word' id='word_1_367' title='bbox 1013 4627 1350 4682; x_wconf 89' lang='lat' dir='ltr'><strong>dedicatione</strong></span> <span class='ocrx_word' id='word_1_368' title='bbox 1372 4625 1565 4679; x_wconf 89' lang='lat' dir='ltr'><strong>domus</strong></span> <span class='ocrx_word' id='word_1_369' title='bbox 1595 4632 1700 4678; x_wconf 67' lang='lat' dir='ltr'><strong>tuae</strong></span> <span class='ocrx_word' id='word_1_370' title='bbox 1725 4623 1876 4689; x_wconf 87' lang='lat' dir='ltr'><strong>dico,</strong></span> <span class='ocrx_word' id='word_1_371' title='bbox 1907 4622 2040 4679; x_wconf 88' lang='lat' dir='ltr'><strong>Con-</strong></span> 
     </span>
    </p>
   </div>
   <div class='ocr_carea' id='block_1_48' title="bbox 446 4713 2044 4792">
    <p class='ocr_par' dir='ltr' id='par_1_48' title="bbox 446 4713 2044 4792">
     <span class='ocr_line' id='line_1_48' title="bbox 446 4713 2044 4792; baseline -0.006 -14"><span class='ocrx_word' id='word_1_372' title='bbox 446 4726 634 4780; x_wconf 78' lang='lat' dir='ltr'><strong>uertisti</strong></span> <span class='ocrx_word' id='word_1_373' title='bbox 675 4722 936 4792; x_wconf 83' lang='lat' dir='ltr'><strong>planctum</strong></span> <span class='ocrx_word' id='word_1_374' title='bbox 987 4735 1152 4773; x_wconf 86' lang='lat' dir='ltr'><strong>meum</strong></span> <span class='ocrx_word' id='word_1_375' title='bbox 1196 4719 1249 4772; x_wconf 92' lang='lat' dir='ltr'><strong>in</strong></span> <span class='ocrx_word' id='word_1_376' title='bbox 1293 4717 1535 4788; x_wconf 85' lang='lat' dir='ltr'><strong>gaudium</strong></span> <span class='ocrx_word' id='word_1_377' title='bbox 1570 4713 2044 4770; x_wconf 81' lang='lat' dir='ltr'><strong>milti..Conscidisti</strong></span> 
     </span>
    </p>
   </div>
   <div class='ocr_carea' id='block_1_49' title="bbox 445 4807 2040 4881">
    <p class='ocr_par' dir='ltr' id='par_1_49' title="bbox 445 4807 2040 4881">
     <span class='ocr_line' id='line_1_49' title="bbox 445 4807 2040 4881; baseline -0.005 -12"><span class='ocrx_word' id='word_1_378' title='bbox 445 4831 648 4869; x_wconf 84' lang='lat' dir='ltr'><strong>saccum</strong></span> <span class='ocrx_word' id='word_1_379' title='bbox 689 4829 854 4867; x_wconf 85' lang='lat' dir='ltr'><strong>meum</strong></span> <span class='ocrx_word' id='word_1_380' title='bbox 874 4853 889 4880; x_wconf 93' lang='lat'><strong>,</strong></span> <span class='ocrx_word' id='word_1_381' title='bbox 937 4820 983 4865; x_wconf 90' lang='lat' dir='ltr'><strong>el</strong></span> <span class='ocrx_word' id='word_1_382' title='bbox 1010 4809 1321 4881; x_wconf 67' lang='lat' dir='ltr'><strong>pracinxisti</strong></span> <span class='ocrx_word' id='word_1_383' title='bbox 1360 4824 1438 4862; x_wconf 86' lang='lat' dir='ltr'><strong>me</strong></span> <span class='ocrx_word' id='word_1_384' title='bbox 1481 4807 1658 4861; x_wconf 72' lang='lat' dir='ltr'><strong>laztitia</strong></span> <span class='ocrx_word' id='word_1_385' title='bbox 1687 4822 1706 4861; x_wconf 90' lang='lat'><strong><em>:</em></strong></span> <span class='ocrx_word' id='word_1_386' title='bbox 1735 4807 2040 4861; x_wconf 89' lang='lat' dir='ltr'><strong>conscidisti</strong></span> 
     </span>
    </p>
   </div>
   <div class='ocr_carea' id='block_1_50' title="bbox 445 4899 2045 4973">
    <p class='ocr_par' dir='ltr' id='par_1_50' title="bbox 445 4899 2045 4973">
     <span class='ocr_line' id='line_1_50' title="bbox 445 4899 2045 4973; baseline -0.004 -15"><span class='ocrx_word' id='word_1_387' title='bbox 445 4905 800 4960; x_wconf 86' lang='lat' dir='ltr'><strong>velamentum</strong></span> <span class='ocrx_word' id='word_1_388' title='bbox 831 4912 1170 4973; x_wconf 83' lang='lat' dir='ltr'><strong>peccatorum</strong></span> <span class='ocrx_word' id='word_1_389' title='bbox 1196 4915 1437 4955; x_wconf 87' lang='lat' dir='ltr'><strong>meorum</strong></span> <span class='ocrx_word' id='word_1_390' title='bbox 1457 4941 1474 4966; x_wconf 91' lang='lat'><strong>,</strong></span> <span class='ocrx_word' id='word_1_391' title='bbox 1507 4899 1774 4953; x_wconf 88' lang='lat' dir='ltr'><strong>tristitiam</strong></span> <span class='ocrx_word' id='word_1_392' title='bbox 1807 4899 2045 4953; x_wconf 86' lang='lat' dir='ltr'><strong>mortali-</strong></span> 
     </span>
    </p>
   </div>
   <div class='ocr_carea' id='block_1_51' title="bbox 445 4985 2039 5060">
    <p class='ocr_par' dir='ltr' id='par_1_51' title="bbox 445 4985 2039 5060">
     <span class='ocr_line' id='line_1_51' title="bbox 445 4985 2039 5060; baseline -0.004 -11"><span class='ocrx_word' id='word_1_393' title='bbox 445 4999 568 5052; x_wconf 85' lang='lat' dir='ltr'><strong>tatis</strong></span> <span class='ocrx_word' id='word_1_394' title='bbox 616 5014 781 5058; x_wconf 71' lang='lat' dir='ltr'><strong>mem;</strong></span> <span class='ocrx_word' id='word_1_395' title='bbox 809 5007 863 5052; x_wconf 89' lang='lat' dir='ltr'><strong>et</strong></span> <span class='ocrx_word' id='word_1_396' title='bbox 908 4985 1119 5049; x_wconf 69' lang='lat' dir='ltr'><strong>cinxisti</strong></span> <span class='ocrx_word' id='word_1_397' title='bbox 1168 5007 1254 5047; x_wconf 90' lang='lat' dir='ltr'><strong>me</strong></span> <span class='ocrx_word' id='word_1_398' title='bbox 1303 4991 1443 5046; x_wconf 92' lang='lat' dir='ltr'><strong>stola</strong></span> <span class='ocrx_word' id='word_1_399' title='bbox 1498 4992 1696 5060; x_wconf 90' lang='lat' dir='ltr'><strong>prima,</strong></span> <span class='ocrx_word' id='word_1_400' title='bbox 1751 4990 2039 5044; x_wconf 88' lang='lat' dir='ltr'><strong>immortali</strong></span> 
     </span>
    </p>
   </div>
   <div class='ocr_carea' id='block_1_52' title="bbox 450 5089 654 5142">
    <p class='ocr_par' dir='ltr' id='par_1_52' title="bbox 450 5089 654 5142">
     <span class='ocr_line' id='line_1_52' title="bbox 450 5089 654 5142; baseline 0 -2"><span class='ocrx_word' id='word_1_401' title='bbox 450 5089 654 5142; x_wconf 76' lang='lat' dir='ltr'><strong>laetitia.</strong></span> 
     </span>
    </p>
   </div>
   <div class='ocr_carea' id='block_1_53' title="bbox 517 5168 2040 5249">
    <p class='ocr_par' dir='ltr' id='par_1_53' title="bbox 517 5168 2040 5249">
     <span class='ocr_line' id='line_1_53' title="bbox 517 5168 2040 5249; baseline -0.005 -16"><span class='ocrx_word' id='word_1_402' title='bbox 517 5180 606 5233; x_wconf 69' lang='grc'><strong>45.</strong></span> <span class='ocrx_word' id='word_1_403' title='bbox 649 5174 824 5249; x_wconf 50' lang='lat' dir='ltr'><strong>[uera</strong></span> <span class='ocrx_word' id='word_1_404' title='bbox 872 5174 1000 5249; x_wconf 78' lang='lat' dir='ltr'><strong>l3.]</strong></span> <span class='ocrx_word' id='word_1_405' title='bbox 1045 5175 1112 5230; x_wconf 85' lang='lat' dir='ltr'><strong>Ut</strong></span> <span class='ocrx_word' id='word_1_406' title='bbox 1152 5183 1315 5228; x_wconf 84' lang='lat' dir='ltr'><strong>cantet</strong></span> <span class='ocrx_word' id='word_1_407' title='bbox 1354 5173 1444 5228; x_wconf 82' lang='lat' dir='ltr'><strong>tibi</strong></span> <span class='ocrx_word' id='word_1_408' title='bbox 1480 5173 1642 5243; x_wconf 83' lang='lat' dir='ltr'><strong>gloria</strong></span> <span class='ocrx_word' id='word_1_409' title='bbox 1673 5189 1818 5234; x_wconf 87' lang='lat' dir='ltr'><strong>mea,</strong></span> <span class='ocrx_word' id='word_1_410' title='bbox 1861 5182 1909 5227; x_wconf 85' lang='lat' dir='ltr'><strong>cl</strong></span> <span class='ocrx_word' id='word_1_411' title='bbox 1940 5168 2040 5226; x_wconf 74' lang='lat' dir='ltr'><strong>u&#39;on</strong></span> 
     </span>
    </p>
   </div>
   <div class='ocr_carea' id='block_1_54' title="bbox 443 5255 2038 5339">
    <p class='ocr_par' dir='ltr' id='par_1_54' title="bbox 443 5255 2038 5339">
     <span class='ocr_line' id='line_1_54' title="bbox 443 5255 2038 5339; baseline -0.004 -17"><span class='ocrx_word' id='word_1_412' title='bbox 443 5285 758 5339; x_wconf 79' lang='lat' dir='ltr'><strong>rompuugar</strong></span> <span class='ocrx_word' id='word_1_413' title='bbox 790 5283 808 5321; x_wconf 88' lang='lat'><strong><em>:</em></strong></span> <span class='ocrx_word' id='word_1_414' title='bbox 835 5277 892 5320; x_wconf 91' lang='lat' dir='ltr'><strong>ut.</strong></span> <span class='ocrx_word' id='word_1_415' title='bbox 911 5267 1020 5336; x_wconf 83' lang='lat' dir='ltr'><strong>jam</strong></span> <span class='ocrx_word' id='word_1_416' title='bbox 1047 5282 1152 5321; x_wconf 85' lang='lat' dir='ltr'><strong>non</strong></span> <span class='ocrx_word' id='word_1_417' title='bbox 1181 5266 1414 5336; x_wconf 81' lang='lat' dir='ltr'><strong>plangat,</strong></span> <span class='ocrx_word' id='word_1_418' title='bbox 1443 5264 1535 5318; x_wconf 87' lang='lat' dir='ltr'><strong>sed</strong></span> <span class='ocrx_word' id='word_1_419' title='bbox 1564 5255 1739 5318; x_wconf 83' lang='lat' dir='ltr'><strong>cantet</strong></span> <span class='ocrx_word' id='word_1_420' title='bbox 1769 5264 1862 5317; x_wconf 81' lang='lat' dir='ltr'><strong>tibi</strong></span> <span class='ocrx_word' id='word_1_421' title='bbox 1889 5306 1902 5324; x_wconf 87' lang='lat'><strong>,</strong></span> <span class='ocrx_word' id='word_1_422' title='bbox 1933 5279 2038 5316; x_wconf 87' lang='lat' dir='ltr'><strong>non</strong></span> 
     </span>
    </p>
   </div>
   <div class='ocr_carea' id='block_1_55' title="bbox 447 5357 2041 5430">
    <p class='ocr_par' dir='ltr' id='par_1_55' title="bbox 447 5357 2041 5430">
     <span class='ocr_line' id='line_1_55' title="bbox 447 5357 2041 5430; baseline -0.001 -16"><span class='ocrx_word' id='word_1_423' title='bbox 447 5362 744 5426; x_wconf 83' lang='lat' dir='ltr'><strong>humilitas,</strong></span> <span class='ocrx_word' id='word_1_424' title='bbox 791 5360 883 5414; x_wconf 91' lang='lat' dir='ltr'><strong>sed</strong></span> <span class='ocrx_word' id='word_1_425' title='bbox 922 5359 1089 5430; x_wconf 81' lang='lat' dir='ltr'><strong>gloria</strong></span> <span class='ocrx_word' id='word_1_426' title='bbox 1138 5373 1292 5423; x_wconf 76' lang='lat' dir='ltr'><strong>mea,</strong></span> <span class='ocrx_word' id='word_1_427' title='bbox 1336 5359 1458 5427; x_wconf 89' lang='lat' dir='ltr'><strong>quia</strong></span> <span class='ocrx_word' id='word_1_428' title='bbox 1493 5357 1598 5426; x_wconf 87' lang='lat' dir='ltr'><strong>jam</strong></span> <span class='ocrx_word' id='word_1_429' title='bbox 1642 5373 1704 5411; x_wconf 84' lang='lat' dir='ltr'><strong>ex</strong></span> <span class='ocrx_word' id='word_1_430' title='bbox 1747 5357 2041 5412; x_wconf 80' lang='lat' dir='ltr'><strong>humilitate</strong></span> 
     </span>
    </p>
   </div>
   <div class='ocr_carea' id='block_1_56' title="bbox 443 5449 2036 5520">
    <p class='ocr_par' dir='ltr' id='par_1_56' title="bbox 443 5449 2036 5520">
     <span class='ocr_line' id='line_1_56' title="bbox 443 5449 2036 5520; baseline -0.003 -14"><span class='ocrx_word' id='word_1_431' title='bbox 443 5455 687 5508; x_wconf 66' lang='lat' dir='ltr'><strong>rxaltusli</strong></span> <span class='ocrx_word' id='word_1_432' title='bbox 717 5470 829 5517; x_wconf 86' lang='lat' dir='ltr'><strong>me;</strong></span> <span class='ocrx_word' id='word_1_433' title='bbox 860 5463 912 5507; x_wconf 91' lang='lat' dir='ltr'><strong>ct</strong></span> <span class='ocrx_word' id='word_1_434' title='bbox 955 5468 1059 5506; x_wconf 85' lang='lat' dir='ltr'><strong>non</strong></span> <span class='ocrx_word' id='word_1_435' title='bbox 1089 5466 1417 5520; x_wconf 87' lang='lat' dir='ltr'><strong>compungar</strong></span> <span class='ocrx_word' id='word_1_436' title='bbox 1440 5449 1764 5504; x_wconf 75' lang='lat' dir='ltr'><strong>conscientia</strong></span> <span class='ocrx_word' id='word_1_437' title='bbox 1799 5450 1996 5518; x_wconf 88' lang='lat' dir='ltr'><strong>peccati</strong></span> <span class='ocrx_word' id='word_1_438' title='bbox 2022 5491 2036 5514; x_wconf 96' lang='lat'><strong>,</strong></span> 
     </span>
    </p>
   </div>
   <div class='ocr_carea' id='block_1_57' title="bbox 446 5539 2038 5611">
    <p class='ocr_par' dir='ltr' id='par_1_57' title="bbox 446 5539 2038 5611">
     <span class='ocr_line' id='line_1_57' title="bbox 446 5539 2038 5611; baseline -0.003 -13"><span class='ocrx_word' id='word_1_439' title='bbox 446 5548 638 5599; x_wconf 78' lang='lat' dir='ltr'><strong>timore</strong></span> <span class='ocrx_word' id='word_1_440' title='bbox 669 5546 879 5607; x_wconf 80' lang='lat' dir='ltr'><strong>mortis,</strong></span> <span class='ocrx_word' id='word_1_441' title='bbox 912 5541 1325 5611; x_wconf 87' lang='lat' dir='ltr'><strong>timorejndicii.</strong></span> <span class='ocrx_word' id='word_1_442' title='bbox 1367 5540 1585 5594; x_wconf 89' lang='lat' dir='ltr'><strong>Domine</strong></span> <span class='ocrx_word' id='word_1_443' title='bbox 1620 5539 1755 5594; x_wconf 83' lang='lat' dir='ltr'><strong>Deus</strong></span> <span class='ocrx_word' id='word_1_444' title='bbox 1783 5557 1955 5606; x_wconf 88' lang='lat' dir='ltr'><strong>meus,</strong></span> <span class='ocrx_word' id='word_1_445' title='bbox 1985 5541 2038 5593; x_wconf 89' lang='lat' dir='ltr'><strong>in</strong></span> 
     </span>
    </p>
   </div>
   <div class='ocr_carea' id='block_1_58' title="bbox 448 5632 2040 5704">
    <p class='ocr_par' dir='ltr' id='par_1_58' title="bbox 448 5632 2040 5704">
     <span class='ocr_line' id='line_1_58' title="bbox 448 5632 2040 5704; baseline -0.003 -12"><span class='ocrx_word' id='word_1_446' title='bbox 448 5647 689 5692; x_wconf 80' lang='lat' dir='ltr'><strong>rt&#39;ternum</strong></span> <span class='ocrx_word' id='word_1_447' title='bbox 717 5635 991 5704; x_wconf 73' lang='lat' dir='ltr'><strong>conﬁtebor</strong></span> <span class='ocrx_word' id='word_1_448' title='bbox 1013 5635 1097 5687; x_wconf 85' lang='lat' dir='ltr'><strong>tibi</strong></span> <span class='ocrx_word' id='word_1_449' title='bbox 1119 5653 1131 5687; x_wconf 91' lang='lat'><strong>:</strong></span> <span class='ocrx_word' id='word_1_450' title='bbox 1150 5644 1204 5688; x_wconf 82' lang='lat' dir='ltr'><strong>et</strong></span> <span class='ocrx_word' id='word_1_451' title='bbox 1223 5635 1336 5688; x_wconf 74' lang='lat' dir='ltr'><strong>lure</strong></span> <span class='ocrx_word' id='word_1_452' title='bbox 1351 5645 1431 5688; x_wconf 87' lang='lat' dir='ltr'><strong>est</strong></span> <span class='ocrx_word' id='word_1_453' title='bbox 1459 5633 1627 5703; x_wconf 82' lang='lat' dir='ltr'><strong>gloria</strong></span> <span class='ocrx_word' id='word_1_454' title='bbox 1652 5647 1790 5698; x_wconf 87' lang='lat' dir='ltr'><strong>mea,</strong></span> <span class='ocrx_word' id='word_1_455' title='bbox 1818 5632 2040 5687; x_wconf 87' lang='lat' dir='ltr'><strong>Domine</strong></span> 
     </span>
    </p>
   </div>
   <div class='ocr_carea' id='block_1_59' title="bbox 507 5784 1804 5851">
    <p class='ocr_par' dir='ltr' id='par_1_59' title="bbox 507 5784 1804 5851">
     <span class='ocr_line' id='line_1_59' title="bbox 507 5784 1804 5851; baseline -0.002 -14"><span class='ocrx_word' id='word_1_456' title='bbox 507 5794 523 5822; x_wconf 76' lang='grc'>³</span> <span class='ocrx_word' id='word_1_457' title='bbox 550 5792 623 5838; x_wconf 79' lang='lat' dir='ltr'><strong>sic</strong></span> <span class='ocrx_word' id='word_1_458' title='bbox 645 5797 748 5838; x_wconf 71' lang='lat' dir='ltr'><strong>Mss.</strong></span> <span class='ocrx_word' id='word_1_459' title='bbox 774 5788 994 5851; x_wconf 79' lang='lat' dir='ltr'><strong>plerique</strong></span> <span class='ocrx_word' id='word_1_460' title='bbox 1014 5791 1152 5849; x_wconf 79' lang='lat' dir='ltr'><strong>juxta</strong></span> <span class='ocrx_word' id='word_1_461' title='bbox 1177 5794 1303 5851; x_wconf 69' lang='lat' dir='ltr'><strong>LXX.</strong></span> <span class='ocrx_word' id='word_1_462' title='bbox 1322 5784 1383 5848; x_wconf 75' lang='grc' dir='ltr'><strong>[Α</strong></span> <span class='ocrx_word' id='word_1_463' title='bbox 1395 5784 1572 5851; x_wconf 69' lang='lat' dir='ltr'><strong>vertisli</strong></span> <span class='ocrx_word' id='word_1_464' title='bbox 1594 5784 1804 5851; x_wconf 56' lang='lat' dir='ltr'><strong>[ariam].</strong></span> 
     </span>
    </p>
   </div>
   <div class='ocr_carea' id='block_1_60' title="bbox 506 5847 1949 5913">
    <p class='ocr_par' dir='ltr' id='par_1_60' title="bbox 506 5847 1949 5913">
     <span class='ocr_line' id='line_1_60' title="bbox 506 5847 1949 5913; baseline -0.005 -8"><span class='ocrx_word' id='word_1_465' title='bbox 506 5854 578 5910; x_wconf 69' lang='lat' dir='ltr'><strong>(is;</strong></span> <span class='ocrx_word' id='word_1_466' title='bbox 617 5861 683 5902; x_wconf 81' lang='lat' dir='ltr'><strong>De</strong></span> <span class='ocrx_word' id='word_1_467' title='bbox 809 5847 948 5913; x_wconf 65' lang='lat' dir='ltr'><strong>[arte</strong></span> <span class='ocrx_word' id='word_1_468' title='bbox 975 5847 1105 5901; x_wconf 78' lang='lat' dir='ltr'><strong>vers.</strong></span> <span class='ocrx_word' id='word_1_469' title='bbox 1129 5852 1160 5900; x_wconf 82' lang='lat' dir='ltr'><strong>ti</strong></span> <span class='ocrx_word' id='word_1_470' title='bbox 1183 5850 1292 5900; x_wconf 81' lang='lat' dir='ltr'><strong>vide</strong></span> <span class='ocrx_word' id='word_1_471' title='bbox 1315 5847 1448 5899; x_wconf 65' lang='lat' dir='ltr'><strong>mir.</strong></span> <span class='ocrx_word' id='word_1_472' title='bbox 1473 5847 1503 5897; x_wconf 68' lang='grc' dir='ltr'><strong>Ξ.</strong></span> <span class='ocrx_word' id='word_1_473' title='bbox 1519 5848 1640 5898; x_wconf 77' lang='lat' dir='ltr'><strong>Psal.</strong></span> <span class='ocrx_word' id='word_1_474' title='bbox 1662 5847 1790 5901; x_wconf 58' lang='lat' dir='ltr'><strong>avus;</strong></span> <span class='ocrx_word' id='word_1_475' title='bbox 1813 5861 1863 5897; x_wconf 82' lang='grc' dir='ltr'>ιι.</span> <span class='ocrx_word' id='word_1_476' title='bbox 1892 5847 1949 5898; x_wconf 89' lang='grc' dir='ltr'>ιο</span> 
     </span>
    </p>
   </div>
   <div class='ocr_carea' id='block_1_61' title="bbox 1689 387 2510 448">
    <p class='ocr_par' dir='ltr' id='par_1_61' title="bbox 1689 387 2510 448">
     <span class='ocr_line' id='line_1_61' title="bbox 1689 387 2510 448; baseline 0.001 -2"><span class='ocrx_word' id='word_1_477' title='bbox 1689 389 1749 446; x_wconf 86' lang='lat' dir='ltr'><strong>S.</strong></span> <span class='ocrx_word' id='word_1_478' title='bbox 1792 390 1928 448; x_wconf 84' lang='lat' dir='ltr'><strong>AUC</strong></span> <span class='ocrx_word' id='word_1_479' title='bbox 1939 390 2158 447; x_wconf 83' lang='lat' dir='ltr'><strong>USTINI</strong></span> <span class='ocrx_word' id='word_1_480' title='bbox 2203 387 2510 448; x_wconf 67' lang='grc' dir='ltr'><strong>ΒΗΒΟΟΡΙ</strong></span> 
     </span>
    </p>
   </div>
   <div class='ocr_carea' id='block_1_62' title="bbox 3639 382 3746 442">
    <p class='ocr_par' dir='ltr' id='par_1_62' title="bbox 3639 382 3746 442">
     <span class='ocr_line' id='line_1_62' title="bbox 3639 382 3746 442; baseline 0.028 -3"><span class='ocrx_word' id='word_1_481' title='bbox 3639 382 3746 442; x_wconf 71' lang='grc'><strong>216</strong></span> 
     </span>
    </p>
   </div>
   <div class='ocr_carea' id='block_1_63' title="bbox 2166 504 3748 580">
    <p class='ocr_par' dir='ltr' id='par_1_63' title="bbox 2166 504 3748 580">
     <span class='ocr_line' id='line_1_63' title="bbox 2166 504 3748 580; baseline 0 -21"><span class='ocrx_word' id='word_1_482' title='bbox 2166 504 2307 559; x_wconf 90' lang='lat' dir='ltr'><strong>Deus</strong></span> <span class='ocrx_word' id='word_1_483' title='bbox 2336 519 2509 571; x_wconf 90' lang='lat' dir='ltr'><strong>meus,</strong></span> <span class='ocrx_word' id='word_1_484' title='bbox 2543 512 2599 560; x_wconf 95' lang='lat' dir='ltr'><strong>ut</strong></span> <span class='ocrx_word' id='word_1_485' title='bbox 2621 505 2672 560; x_wconf 91' lang='lat' dir='ltr'><strong>in</strong></span> <span class='ocrx_word' id='word_1_486' title='bbox 2703 514 2960 561; x_wconf 76' lang='lat' dir='ltr'><strong>:cternum</strong></span> <span class='ocrx_word' id='word_1_487' title='bbox 2983 504 3241 563; x_wconf 80' lang='lat' dir='ltr'><strong>conﬁtear</strong></span> <span class='ocrx_word' id='word_1_488' title='bbox 3267 506 3361 563; x_wconf 87' lang='lat' dir='ltr'><strong>tibi</strong></span> <span class='ocrx_word' id='word_1_489' title='bbox 3381 550 3398 573; x_wconf 84' lang='lat'><strong>,</strong></span> <span class='ocrx_word' id='word_1_490' title='bbox 3439 508 3582 580; x_wconf 87' lang='lat' dir='ltr'><strong>quod</strong></span> <span class='ocrx_word' id='word_1_491' title='bbox 3615 509 3748 564; x_wconf 74' lang='lat' dir='ltr'><strong>nihil</strong></span> 
     </span>
    </p>
   </div>
   <div class='ocr_carea' id='block_1_64' title="bbox 2161 591 3752 671">
    <p class='ocr_par' dir='ltr' id='par_1_64' title="bbox 2161 591 3752 671">
     <span class='ocr_line' id='line_1_64' title="bbox 2161 591 3752 671; baseline 0.004 -23"><span class='ocrx_word' id='word_1_492' title='bbox 2161 594 2291 650; x_wconf 89' lang='lat' dir='ltr'><strong>mihi</strong></span> <span class='ocrx_word' id='word_1_493' title='bbox 2322 611 2390 651; x_wconf 88' lang='lat' dir='ltr'><strong>ex</strong></span> <span class='ocrx_word' id='word_1_494' title='bbox 2421 612 2527 660; x_wconf 89' lang='lat' dir='ltr'><strong>me,</strong></span> <span class='ocrx_word' id='word_1_495' title='bbox 2547 597 2639 651; x_wconf 89' lang='lat' dir='ltr'><strong>sed</strong></span> <span class='ocrx_word' id='word_1_496' title='bbox 2666 597 2841 653; x_wconf 82' lang='lat' dir='ltr'><strong>omnia</strong></span> <span class='ocrx_word' id='word_1_497' title='bbox 2861 598 2996 653; x_wconf 85' lang='lat' dir='ltr'><strong>bona</strong></span> <span class='ocrx_word' id='word_1_498' title='bbox 3024 613 3089 654; x_wconf 72' lang='lat' dir='ltr'><strong>ex</strong></span> <span class='ocrx_word' id='word_1_499' title='bbox 3117 607 3188 664; x_wconf 90' lang='lat' dir='ltr'><strong>te,</strong></span> <span class='ocrx_word' id='word_1_500' title='bbox 3210 591 3298 671; x_wconf 86' lang='lat' dir='ltr'><strong>qui</strong></span> <span class='ocrx_word' id='word_1_501' title='bbox 3319 614 3380 656; x_wconf 88' lang='lat' dir='ltr'><strong>es</strong></span> <span class='ocrx_word' id='word_1_502' title='bbox 3409 599 3550 658; x_wconf 88' lang='lat' dir='ltr'><strong>Deus</strong></span> <span class='ocrx_word' id='word_1_503' title='bbox 3569 603 3752 657; x_wconf 81' lang='lat' dir='ltr'><strong>omnia</strong></span> 
     </span>
    </p>
   </div>
   <div class='ocr_carea' id='block_1_65' title="bbox 2162 685 3285 762">
    <p class='ocr_par' dir='ltr' id='par_1_65' title="bbox 2162 685 3285 762">
     <span class='ocr_line' id='line_1_65' title="bbox 2162 685 3285 762; baseline 0.004 -21"><span class='ocrx_word' id='word_1_504' title='bbox 2162 685 2216 742; x_wconf 91' lang='lat' dir='ltr'><strong>in</strong></span> <span class='ocrx_word' id='word_1_505' title='bbox 2242 688 2491 744; x_wconf 89' lang='lat' dir='ltr'><strong>omnibus</strong></span> <span class='ocrx_word' id='word_1_506' title='bbox 2521 689 2580 762; x_wconf 88' lang='grc' dir='ltr'><strong>(Ι</strong></span> <span class='ocrx_word' id='word_1_507' title='bbox 2611 687 2732 745; x_wconf 81' lang='lat' dir='ltr'><strong>Cor.</strong></span> <span class='ocrx_word' id='word_1_508' title='bbox 2764 706 2853 755; x_wconf 80' lang='lat' dir='ltr'><strong>xv,</strong></span> <span class='ocrx_word' id='word_1_509' title='bbox 2881 689 3015 761; x_wconf 70' lang='lat'><strong>28.)</strong></span> <span class='ocrx_word' id='word_1_510' title='bbox 3284 732 3285 735; x_wconf 58' lang='grc' dir='ltr'><strong>η</strong></span> 
     </span>
    </p>
   </div>
   <div class='ocr_carea' id='block_1_66' title="bbox 2699 782 3205 838">
    <p class='ocr_par' dir='ltr' id='par_1_66' title="bbox 2699 782 3205 838">
     <span class='ocr_line' id='line_1_66' title="bbox 2699 782 3205 838; baseline -0.004 0"><span class='ocrx_word' id='word_1_511' title='bbox 2699 783 3100 838; x_wconf 72' lang='grc' dir='ltr'><strong>ΕΝΑΒΒΑΤΙΟ</strong></span> <span class='ocrx_word' id='word_1_512' title='bbox 3135 782 3205 838; x_wconf 79' lang='lat' dir='ltr'><strong>ll.</strong></span> 
     </span>
    </p>
   </div>
   <div class='ocr_carea' id='block_1_67' title="bbox 2517 889 3247 941">
    <p class='ocr_par' dir='ltr' id='par_1_67' title="bbox 2517 889 3247 941">
     <span class='ocr_line' id='line_1_67' title="bbox 2517 889 3247 941; baseline -0.003 -12"><span class='ocrx_word' id='word_1_513' title='bbox 2517 939 2519 941; x_wconf 20' lang='grc' dir='ltr'><strong><em>ι</em></strong></span> <span class='ocrx_word' id='word_1_514' title='bbox 2659 889 2835 930; x_wconf 69' lang='lat' dir='ltr'><strong>saeuo</strong></span> <span class='ocrx_word' id='word_1_515' title='bbox 2871 892 2942 930; x_wconf 67' lang='lat' dir='ltr'><strong>su</strong></span> <span class='ocrx_word' id='word_1_516' title='bbox 2980 891 3247 931; x_wconf 76' lang='lat' dir='ltr'><strong>roruwu.</strong></span> 
     </span>
    </p>
   </div>
   <div class='ocr_carea' id='block_1_68' title="bbox 2233 965 3753 1034">
    <p class='ocr_par' dir='ltr' id='par_1_68' title="bbox 2233 965 3753 1034">
     <span class='ocr_line' id='line_1_68' title="bbox 2233 965 3753 1034; baseline 0.001 -13"><span class='ocrx_word' id='word_1_517' title='bbox 2233 965 2285 1022; x_wconf 76' lang='lat' dir='ltr'><strong>i.</strong></span> <span class='ocrx_word' id='word_1_518' title='bbox 2333 965 2444 1021; x_wconf 83' lang='lat' dir='ltr'><strong>[loc</strong></span> <span class='ocrx_word' id='word_1_519' title='bbox 2484 975 2632 1023; x_wconf 90' lang='lat' dir='ltr'><strong>certe</strong></span> <span class='ocrx_word' id='word_1_520' title='bbox 2676 969 3005 1024; x_wconf 79' lang='lat' dir='ltr'><strong>cantavimus</strong></span> <span class='ocrx_word' id='word_1_521' title='bbox 3035 985 3049 1022; x_wconf 89' lang='lat'><strong>:</strong></span> <span class='ocrx_word' id='word_1_522' title='bbox 3078 968 3328 1024; x_wconf 81' lang='lat' dir='ltr'><strong>Exaltabo</strong></span> <span class='ocrx_word' id='word_1_523' title='bbox 3370 979 3451 1034; x_wconf 83' lang='lat' dir='ltr'><strong>te,</strong></span> <span class='ocrx_word' id='word_1_524' title='bbox 3505 968 3753 1032; x_wconf 79' lang='lat' dir='ltr'><strong>Domine,</strong></span> 
     </span>
    </p>
   </div>
   <div class='ocr_carea' id='block_1_69' title="bbox 2157 1058 3788 1131">
    <p class='ocr_par' dir='ltr' id='par_1_69' title="bbox 2157 1058 3788 1131">
     <span class='ocr_line' id='line_1_69' title="bbox 2157 1058 3788 1131; baseline 0.002 -20"><span class='ocrx_word' id='word_1_525' title='bbox 2157 1058 2396 1128; x_wconf 84' lang='lat' dir='ltr'><strong>quoniam</strong></span> <span class='ocrx_word' id='word_1_526' title='bbox 2437 1058 2703 1129; x_wconf 86' lang='lat' dir='ltr'><strong>suscepisti</strong></span> <span class='ocrx_word' id='word_1_527' title='bbox 2738 1075 2848 1127; x_wconf 84' lang='lat' dir='ltr'><strong>me,</strong></span> <span class='ocrx_word' id='word_1_528' title='bbox 2879 1076 2970 1114; x_wconf 84' lang='lat' dir='ltr'><strong>nec</strong></span> <span class='ocrx_word' id='word_1_529' title='bbox 3007 1059 3312 1131; x_wconf 72' lang='lat' dir='ltr'><strong>jucundusti</strong></span> <span class='ocrx_word' id='word_1_530' title='bbox 3337 1060 3568 1114; x_wconf 87' lang='lat' dir='ltr'><strong>inimicos</strong></span> <span class='ocrx_word' id='word_1_531' title='bbox 3615 1076 3788 1114; x_wconf 75' lang='lat' dir='ltr'><strong>meos.</strong></span> 
     </span>
    </p>
   </div>
   <div class='ocr_carea' id='block_1_70' title="bbox 2155 1134 3755 1222">
    <p class='ocr_par' dir='ltr' id='par_1_70' title="bbox 2155 1134 3755 1222">
     <span class='ocr_line' id='line_1_70' title="bbox 2155 1134 3755 1222; baseline 0.002 -19"><span class='ocrx_word' id='word_1_532' title='bbox 2155 1164 2310 1219; x_wconf 83' lang='lat' dir='ltr'><strong>super</strong></span> <span class='ocrx_word' id='word_1_533' title='bbox 2335 1134 2431 1203; x_wconf 84' lang='lat' dir='ltr'><strong>me.</strong></span> <span class='ocrx_word' id='word_1_534' title='bbox 2461 1149 2515 1204; x_wconf 93' lang='lat' dir='ltr'><strong>Si</strong></span> <span class='ocrx_word' id='word_1_535' title='bbox 2549 1151 2858 1206; x_wconf 71' lang='lat' dir='ltr'><strong>noverimus</strong></span> <span class='ocrx_word' id='word_1_536' title='bbox 2899 1149 2968 1206; x_wconf 91' lang='lat' dir='ltr'><strong>de</strong></span> <span class='ocrx_word' id='word_1_537' title='bbox 2991 1150 3283 1222; x_wconf 89' lang='lat' dir='ltr'><strong>Scripturis</strong></span> <span class='ocrx_word' id='word_1_538' title='bbox 3310 1154 3510 1206; x_wconf 85' lang='lat' dir='ltr'><strong>sanctis</strong></span> <span class='ocrx_word' id='word_1_539' title='bbox 3533 1151 3622 1221; x_wconf 91' lang='lat' dir='ltr'><strong>qui</strong></span> <span class='ocrx_word' id='word_1_540' title='bbox 3644 1152 3755 1206; x_wconf 83' lang='lat' dir='ltr'><strong>sint</strong></span> 
     </span>
    </p>
   </div>
   <div class='ocr_carea' id='block_1_71' title="bbox 2157 1237 3752 1312">
    <p class='ocr_par' dir='ltr' id='par_1_71' title="bbox 2157 1237 3752 1312">
     <span class='ocr_line' id='line_1_71' title="bbox 2157 1237 3752 1312; baseline 0.003 -19"><span class='ocrx_word' id='word_1_541' title='bbox 2157 1237 2358 1294; x_wconf 91' lang='lat' dir='ltr'><strong>inimici</strong></span> <span class='ocrx_word' id='word_1_542' title='bbox 2389 1241 2578 1305; x_wconf 89' lang='lat' dir='ltr'><strong>nostri,</strong></span> <span class='ocrx_word' id='word_1_543' title='bbox 2622 1242 2995 1312; x_wconf 87' lang='lat' dir='ltr'><strong>cognoscimus</strong></span> <span class='ocrx_word' id='word_1_544' title='bbox 3020 1241 3179 1312; x_wconf 85' lang='lat' dir='ltr'><strong>hujus</strong></span> <span class='ocrx_word' id='word_1_545' title='bbox 3206 1241 3396 1298; x_wconf 86' lang='lat' dir='ltr'><strong>cantici</strong></span> <span class='ocrx_word' id='word_1_546' title='bbox 3428 1242 3707 1298; x_wconf 75' lang='lat' dir='ltr'><strong>veritatem</strong></span> <span class='ocrx_word' id='word_1_547' title='bbox 3733 1259 3752 1298; x_wconf 71' lang='grc' dir='ltr'>ς</span> 
     </span>
    </p>
   </div>
   <div class='ocr_carea' id='block_1_72' title="bbox 2153 1329 3758 1406">
    <p class='ocr_par' dir='ltr' id='par_1_72' title="bbox 2153 1329 3758 1406">
     <span class='ocr_line' id='line_1_72' title="bbox 2153 1329 3758 1406; baseline 0.002 -20"><span class='ocrx_word' id='word_1_548' title='bbox 2153 1329 2202 1386; x_wconf 84' lang='lat' dir='ltr'><strong>si</strong></span> <span class='ocrx_word' id='word_1_549' title='bbox 2226 1341 2404 1387; x_wconf 90' lang='lat' dir='ltr'><strong>autem</strong></span> <span class='ocrx_word' id='word_1_550' title='bbox 2432 1333 2530 1388; x_wconf 74' lang='lat' dir='ltr'><strong>nos</strong></span> <span class='ocrx_word' id='word_1_551' title='bbox 2555 1332 2705 1389; x_wconf 82' lang='lat' dir='ltr'><strong>fallat</strong></span> <span class='ocrx_word' id='word_1_552' title='bbox 2729 1335 2904 1391; x_wconf 84' lang='lat' dir='ltr'><strong>carnis</strong></span> <span class='ocrx_word' id='word_1_553' title='bbox 2925 1335 3232 1406; x_wconf 84' lang='lat' dir='ltr'><strong>prudentia,</strong></span> <span class='ocrx_word' id='word_1_554' title='bbox 3253 1343 3311 1390; x_wconf 90' lang='lat' dir='ltr'><strong>ut</strong></span> <span class='ocrx_word' id='word_1_555' title='bbox 3335 1351 3439 1390; x_wconf 90' lang='lat' dir='ltr'><strong>non</strong></span> <span class='ocrx_word' id='word_1_556' title='bbox 3460 1349 3727 1401; x_wconf 72' lang='lat' dir='ltr'><strong>cognosca</strong></span> <span class='ocrx_word' id='word_1_557' title='bbox 3742 1369 3758 1384; x_wconf 72' lang='grc' dir='ltr'><strong><em>ο</em></strong></span> 
     </span>
    </p>
   </div>
   <div class='ocr_carea' id='block_1_73' title="bbox 2154 1425 3753 1499">
    <p class='ocr_par' dir='ltr' id='par_1_73' title="bbox 2154 1425 3753 1499">
     <span class='ocr_line' id='line_1_73' title="bbox 2154 1425 3753 1499; baseline 0.003 -20"><span class='ocrx_word' id='word_1_558' title='bbox 2154 1439 2274 1482; x_wconf 88' lang='lat' dir='ltr'><strong>mus</strong></span> <span class='ocrx_word' id='word_1_559' title='bbox 2301 1425 2556 1481; x_wconf 82' lang='lat' dir='ltr'><strong>adversus</strong></span> <span class='ocrx_word' id='word_1_560' title='bbox 2580 1441 2715 1496; x_wconf 88' lang='lat' dir='ltr'><strong>quos</strong></span> <span class='ocrx_word' id='word_1_561' title='bbox 2737 1427 2890 1482; x_wconf 91' lang='lat' dir='ltr'><strong>nobis</strong></span> <span class='ocrx_word' id='word_1_562' title='bbox 2910 1427 2978 1482; x_wconf 88' lang='lat' dir='ltr'><strong>sit</strong></span> <span class='ocrx_word' id='word_1_563' title='bbox 2995 1427 3320 1494; x_wconf 85' lang='lat' dir='ltr'><strong>colluctatio,</strong></span> <span class='ocrx_word' id='word_1_564' title='bbox 3339 1425 3393 1482; x_wconf 90' lang='lat' dir='ltr'><strong>in</strong></span> <span class='ocrx_word' id='word_1_565' title='bbox 3425 1427 3542 1499; x_wconf 87' lang='lat' dir='ltr'><strong>ipso</strong></span> <span class='ocrx_word' id='word_1_566' title='bbox 3560 1429 3753 1499; x_wconf 89' lang='lat' dir='ltr'><strong>psalmi</strong></span> 
     </span>
    </p>
   </div>
   <div class='ocr_carea' id='block_1_74' title="bbox 2120 1513 3767 1598">
    <p class='ocr_par' dir='ltr' id='par_1_74' title="bbox 2120 1513 3767 1598">
     <span class='ocr_line' id='line_1_74' title="bbox 2120 1513 3767 1598; baseline 0.002 -25"><span class='ocrx_word' id='word_1_567' title='bbox 2120 1513 2122 1517; x_wconf 62' lang='grc'><strong><em>⁷</em></strong></span> <span class='ocrx_word' id='word_1_568' title='bbox 2155 1516 2315 1588; x_wconf 79' lang='lat' dir='ltr'><strong>hujus</strong></span> <span class='ocrx_word' id='word_1_569' title='bbox 2339 1519 2562 1575; x_wconf 80' lang='lat' dir='ltr'><strong>exordio</strong></span> <span class='ocrx_word' id='word_1_570' title='bbox 2583 1519 2884 1575; x_wconf 84' lang='lat' dir='ltr'><strong>invenimus</strong></span> <span class='ocrx_word' id='word_1_571' title='bbox 2909 1521 3261 1591; x_wconf 69' lang='lat' dir='ltr'><strong>quaestionem</strong></span> <span class='ocrx_word' id='word_1_572' title='bbox 3287 1559 3306 1588; x_wconf 92' lang='lat'><strong>,</strong></span> <span class='ocrx_word' id='word_1_573' title='bbox 3327 1534 3488 1591; x_wconf 86' lang='lat' dir='ltr'><strong>quam</strong></span> <span class='ocrx_word' id='word_1_574' title='bbox 3535 1519 3767 1598; x_wconf 5' lang='lat' dir='ltr'><strong>solvero,</strong></span> 
     </span>
    </p>
   </div>
   <div class='ocr_carea' id='block_1_75' title="bbox 2155 1612 3755 1683">
    <p class='ocr_par' dir='ltr' id='par_1_75' title="bbox 2155 1612 3755 1683">
     <span class='ocr_line' id='line_1_75' title="bbox 2155 1612 3755 1683; baseline 0.001 -17"><span class='ocrx_word' id='word_1_575' title='bbox 2155 1626 2259 1667; x_wconf 90' lang='lat' dir='ltr'><strong>non</strong></span> <span class='ocrx_word' id='word_1_576' title='bbox 2281 1626 2587 1682; x_wconf 87' lang='lat' dir='ltr'><strong>possumus.</strong></span> <span class='ocrx_word' id='word_1_577' title='bbox 2615 1612 2783 1682; x_wconf 73' lang='lat' dir='ltr'><strong>Cujus</strong></span> <span class='ocrx_word' id='word_1_578' title='bbox 2807 1614 2949 1669; x_wconf 89' lang='lat' dir='ltr'><strong>enim</strong></span> <span class='ocrx_word' id='word_1_579' title='bbox 2979 1623 3225 1683; x_wconf 88' lang='lat' dir='ltr'><strong>putamus</strong></span> <span class='ocrx_word' id='word_1_580' title='bbox 3251 1628 3438 1669; x_wconf 86' lang='lat' dir='ltr'><strong>vocem</strong></span> <span class='ocrx_word' id='word_1_581' title='bbox 3468 1627 3589 1670; x_wconf 84' lang='lat' dir='ltr'><strong>esse</strong></span> <span class='ocrx_word' id='word_1_582' title='bbox 3631 1613 3755 1668; x_wconf 85' lang='lat' dir='ltr'><strong>lau-</strong></span> 
     </span>
    </p>
   </div>
   <div class='ocr_carea' id='block_1_76' title="bbox 2153 1703 3754 1775">
    <p class='ocr_par' dir='ltr' id='par_1_76' title="bbox 2153 1703 3754 1775">
     <span class='ocr_line' id='line_1_76' title="bbox 2153 1703 3754 1775; baseline 0.002 -19"><span class='ocrx_word' id='word_1_583' title='bbox 2153 1703 2333 1758; x_wconf 87' lang='lat' dir='ltr'><strong>dantis</strong></span> <span class='ocrx_word' id='word_1_584' title='bbox 2353 1704 2516 1759; x_wconf 90' lang='lat' dir='ltr'><strong>Deum</strong></span> <span class='ocrx_word' id='word_1_585' title='bbox 2534 1713 2588 1760; x_wconf 91' lang='lat' dir='ltr'><strong>et</strong></span> <span class='ocrx_word' id='word_1_586' title='bbox 2606 1719 2697 1775; x_wconf 88' lang='lat' dir='ltr'><strong>gra</strong></span> <span class='ocrx_word' id='word_1_587' title='bbox 2710 1706 2812 1761; x_wconf 83' lang='lat' dir='ltr'><strong>tias</strong></span> <span class='ocrx_word' id='word_1_588' title='bbox 2834 1705 3043 1775; x_wconf 79' lang='lat' dir='ltr'><strong>agentis</strong></span> <span class='ocrx_word' id='word_1_589' title='bbox 3059 1714 3112 1760; x_wconf 90' lang='lat' dir='ltr'><strong>et</strong></span> <span class='ocrx_word' id='word_1_590' title='bbox 3135 1705 3451 1761; x_wconf 79' lang='lat' dir='ltr'><strong>exsultantis</strong></span> <span class='ocrx_word' id='word_1_591' title='bbox 3477 1715 3637 1774; x_wconf 88' lang='lat' dir='ltr'><strong>atque</strong></span> <span class='ocrx_word' id='word_1_592' title='bbox 3665 1704 3754 1759; x_wconf 82' lang='lat' dir='ltr'><strong>di-</strong></span> 
     </span>
    </p>
   </div>
   <div class='ocr_carea' id='block_1_77' title="bbox 2151 1791 3752 1867">
    <p class='ocr_par' dir='ltr' id='par_1_77' title="bbox 2151 1791 3752 1867">
     <span class='ocr_line' id='line_1_77' title="bbox 2151 1791 3752 1867; baseline 0.001 -19"><span class='ocrx_word' id='word_1_593' title='bbox 2151 1791 2322 1849; x_wconf 88' lang='lat' dir='ltr'><strong>centis</strong></span> <span class='ocrx_word' id='word_1_594' title='bbox 2354 1811 2368 1849; x_wconf 93' lang='lat'><strong>:</strong></span> <span class='ocrx_word' id='word_1_595' title='bbox 2396 1792 2648 1850; x_wconf 75' lang='lat' dir='ltr'><strong>Exaltabo</strong></span> <span class='ocrx_word' id='word_1_596' title='bbox 2677 1803 2745 1863; x_wconf 90' lang='lat' dir='ltr'><strong>te,</strong></span> <span class='ocrx_word' id='word_1_597' title='bbox 2773 1792 2988 1850; x_wconf 89' lang='lat' dir='ltr'><strong>Domine</strong></span> <span class='ocrx_word' id='word_1_598' title='bbox 3007 1835 3026 1861; x_wconf 91' lang='lat'><strong>,</strong></span> <span class='ocrx_word' id='word_1_599' title='bbox 3053 1798 3293 1867; x_wconf 86' lang='lat' dir='ltr'><strong>quoniam</strong></span> <span class='ocrx_word' id='word_1_600' title='bbox 3334 1795 3596 1866; x_wconf 82' lang='lat' dir='ltr'><strong>suscepisti</strong></span> <span class='ocrx_word' id='word_1_601' title='bbox 3631 1811 3752 1862; x_wconf 80' lang='lat' dir='ltr'><strong>me,</strong></span> 
     </span>
    </p>
   </div>
   <div class='ocr_carea' id='block_1_78' title="bbox 2151 1885 3752 1958">
    <p class='ocr_par' dir='ltr' id='par_1_78' title="bbox 2151 1885 3752 1958">
     <span class='ocr_line' id='line_1_78' title="bbox 2151 1885 3752 1958; baseline 0.001 -19"><span class='ocrx_word' id='word_1_602' title='bbox 2151 1901 2244 1940; x_wconf 86' lang='lat' dir='ltr'><strong>uec</strong></span> <span class='ocrx_word' id='word_1_603' title='bbox 2263 1886 2566 1958; x_wconf 83' lang='lat' dir='ltr'><strong>jucundain</strong></span> <span class='ocrx_word' id='word_1_604' title='bbox 2592 1885 2824 1942; x_wconf 87' lang='lat' dir='ltr'><strong>inimicos</strong></span> <span class='ocrx_word' id='word_1_605' title='bbox 2854 1902 2990 1942; x_wconf 88' lang='lat' dir='ltr'><strong>meos</strong></span> <span class='ocrx_word' id='word_1_606' title='bbox 3026 1901 3178 1957; x_wconf 85' lang='lat' dir='ltr'><strong>super</strong></span> <span class='ocrx_word' id='word_1_607' title='bbox 3215 1903 3295 1942; x_wconf 88' lang='lat' dir='ltr'><strong>me</strong></span> <span class='ocrx_word' id='word_1_608' title='bbox 3313 1888 3340 1943; x_wconf 71' lang='grc' dir='ltr'><em>ἵ</em></span> <span class='ocrx_word' id='word_1_609' title='bbox 3366 1887 3548 1942; x_wconf 89' lang='lat' dir='ltr'><strong>Primo</strong></span> <span class='ocrx_word' id='word_1_610' title='bbox 3573 1887 3752 1956; x_wconf 84' lang='lat' dir='ltr'><strong>ipsum</strong></span> 
     </span>
    </p>
   </div>
   <div class='ocr_carea' id='block_1_79' title="bbox 2152 1975 3753 2055">
    <p class='ocr_par' dir='ltr' id='par_1_79' title="bbox 2152 1975 3753 2055">
     <span class='ocr_line' id='line_1_79' title="bbox 2152 1975 3753 2055; baseline 0.001 -23"><span class='ocrx_word' id='word_1_611' title='bbox 2152 1975 2436 2032; x_wconf 90' lang='lat' dir='ltr'><strong>Dominum</strong></span> <span class='ocrx_word' id='word_1_612' title='bbox 2466 1977 2890 2046; x_wconf 87' lang='lat' dir='ltr'><strong>consideremus,</strong></span> <span class='ocrx_word' id='word_1_613' title='bbox 2909 1979 3000 2052; x_wconf 88' lang='lat' dir='ltr'><strong>qui</strong></span> <span class='ocrx_word' id='word_1_614' title='bbox 3023 1979 3315 2035; x_wconf 87' lang='lat' dir='ltr'><strong>secundum</strong></span> <span class='ocrx_word' id='word_1_615' title='bbox 3339 1978 3391 2034; x_wconf 92' lang='lat' dir='ltr'><strong>id</strong></span> <span class='ocrx_word' id='word_1_616' title='bbox 3419 1979 3559 2050; x_wconf 86' lang='lat' dir='ltr'><strong>quod</strong></span> <span class='ocrx_word' id='word_1_617' title='bbox 3582 1978 3753 2055; x_wconf 78' lang='lat' dir='ltr'><strong>homo</strong></span> 
     </span>
    </p>
   </div>
   <div class='ocr_carea' id='block_1_80' title="bbox 2123 2066 3750 2149">
    <p class='ocr_par' dir='ltr' id='par_1_80' title="bbox 2123 2066 3750 2149">
     <span class='ocr_line' id='line_1_80' title="bbox 2123 2066 3750 2149; baseline 0.002 -27"><span class='ocrx_word' id='word_1_618' title='bbox 2123 2143 2129 2149; x_wconf 28' lang='grc' dir='ltr'><strong><em>Ι</em></strong></span> <span class='ocrx_word' id='word_1_619' title='bbox 2151 2081 2273 2123; x_wconf 85' lang='lat' dir='ltr'><strong>esse</strong></span> <span class='ocrx_word' id='word_1_620' title='bbox 2286 2066 2536 2140; x_wconf 88' lang='lat' dir='ltr'><strong>dignatus</strong></span> <span class='ocrx_word' id='word_1_621' title='bbox 2552 2081 2652 2136; x_wconf 86' lang='lat' dir='ltr'><strong>est,</strong></span> <span class='ocrx_word' id='word_1_622' title='bbox 2669 2069 2844 2140; x_wconf 88' lang='lat' dir='ltr'><strong>potuit</strong></span> <span class='ocrx_word' id='word_1_623' title='bbox 2857 2069 2958 2126; x_wconf 83' lang='lat' dir='ltr'><strong>sibi</strong></span> <span class='ocrx_word' id='word_1_624' title='bbox 2983 2085 3077 2141; x_wconf 90' lang='lat' dir='ltr'><strong>per</strong></span> <span class='ocrx_word' id='word_1_625' title='bbox 3097 2069 3488 2141; x_wconf 63' lang='lat' dir='ltr'><strong>praecedentem</strong></span> <span class='ocrx_word' id='word_1_626' title='bbox 3507 2071 3750 2143; x_wconf 86' lang='lat' dir='ltr'><strong>prophe-</strong></span> 
     </span>
    </p>
   </div>
   <div class='ocr_carea' id='block_1_81' title="bbox 2153 2159 3751 2232">
    <p class='ocr_par' dir='ltr' id='par_1_81' title="bbox 2153 2159 3751 2232">
     <span class='ocr_line' id='line_1_81' title="bbox 2153 2159 3751 2232; baseline 0.003 -21"><span class='ocrx_word' id='word_1_627' title='bbox 2153 2159 2279 2213; x_wconf 86' lang='lat' dir='ltr'><strong>tiam</strong></span> <span class='ocrx_word' id='word_1_628' title='bbox 2302 2173 2409 2214; x_wconf 90' lang='lat' dir='ltr'><strong>non</strong></span> <span class='ocrx_word' id='word_1_629' title='bbox 2435 2159 2726 2232; x_wconf 86' lang='lat' dir='ltr'><strong>incongrue</strong></span> <span class='ocrx_word' id='word_1_630' title='bbox 2747 2159 2909 2216; x_wconf 78' lang='lat' dir='ltr'><strong>verba</strong></span> <span class='ocrx_word' id='word_1_631' title='bbox 2933 2159 3033 2216; x_wconf 89' lang='lat' dir='ltr'><strong>ista</strong></span> <span class='ocrx_word' id='word_1_632' title='bbox 3059 2171 3312 2232; x_wconf 80' lang='lat' dir='ltr'><strong>cooptare</strong></span> <span class='ocrx_word' id='word_1_633' title='bbox 3340 2178 3355 2216; x_wconf 88' lang='lat'><strong>:</strong></span> <span class='ocrx_word' id='word_1_634' title='bbox 3385 2175 3451 2217; x_wconf 83' lang='lat' dir='ltr'><strong>ex</strong></span> <span class='ocrx_word' id='word_1_635' title='bbox 3477 2177 3584 2232; x_wconf 92' lang='lat' dir='ltr'><strong>quo</strong></span> <span class='ocrx_word' id='word_1_636' title='bbox 3602 2161 3751 2216; x_wconf 92' lang='lat' dir='ltr'><strong>enim</strong></span> 
     </span>
    </p>
   </div>
   <div class='ocr_carea' id='block_1_82' title="bbox 2153 2247 3752 2320">
    <p class='ocr_par' dir='ltr' id='par_1_82' title="bbox 2153 2247 3752 2320">
     <span class='ocr_line' id='line_1_82' title="bbox 2153 2247 3752 2320; baseline 0.004 -18"><span class='ocrx_word' id='word_1_637' title='bbox 2153 2247 2315 2302; x_wconf 89' lang='lat' dir='ltr'><strong>homo</strong></span> <span class='ocrx_word' id='word_1_638' title='bbox 2341 2288 2360 2315; x_wconf 86' lang='lat'><strong>,</strong></span> <span class='ocrx_word' id='word_1_639' title='bbox 2389 2263 2457 2304; x_wconf 89' lang='lat' dir='ltr'><strong>ex</strong></span> <span class='ocrx_word' id='word_1_640' title='bbox 2484 2248 2589 2304; x_wconf 89' lang='lat' dir='ltr'><strong>hoc</strong></span> <span class='ocrx_word' id='word_1_641' title='bbox 2615 2257 2673 2306; x_wconf 87' lang='lat' dir='ltr'><strong>ct</strong></span> <span class='ocrx_word' id='word_1_642' title='bbox 2698 2249 2975 2316; x_wconf 84' lang='lat' dir='ltr'><strong>inﬁrmus;</strong></span> <span class='ocrx_word' id='word_1_643' title='bbox 3005 2264 3072 2306; x_wconf 89' lang='lat' dir='ltr'><strong>ex</strong></span> <span class='ocrx_word' id='word_1_644' title='bbox 3101 2267 3207 2320; x_wconf 89' lang='lat' dir='ltr'><strong>quo</strong></span> <span class='ocrx_word' id='word_1_645' title='bbox 3234 2251 3479 2307; x_wconf 87' lang='lat' dir='ltr'><strong>inﬁrmus</strong></span> <span class='ocrx_word' id='word_1_646' title='bbox 3501 2294 3518 2318; x_wconf 91' lang='lat'><strong>,</strong></span> <span class='ocrx_word' id='word_1_647' title='bbox 3548 2265 3612 2307; x_wconf 85' lang='lat' dir='ltr'><strong>ex</strong></span> <span class='ocrx_word' id='word_1_648' title='bbox 3643 2251 3752 2309; x_wconf 89' lang='lat' dir='ltr'><strong>hoc</strong></span> 
     </span>
    </p>
   </div>
   <div class='ocr_carea' id='block_1_83' title="bbox 2150 2339 3752 2415">
    <p class='ocr_par' dir='ltr' id='par_1_83' title="bbox 2150 2339 3752 2415">
     <span class='ocr_line' id='line_1_83' title="bbox 2150 2339 3752 2415; baseline 0.004 -22"><span class='ocrx_word' id='word_1_649' title='bbox 2150 2347 2206 2393; x_wconf 87' lang='lat' dir='ltr'><strong>et</strong></span> <span class='ocrx_word' id='word_1_650' title='bbox 2231 2353 2413 2408; x_wconf 85' lang='lat' dir='ltr'><strong>orans.</strong></span> <span class='ocrx_word' id='word_1_651' title='bbox 2444 2339 2577 2395; x_wconf 85' lang='lat' dir='ltr'><strong>Nam</strong></span> <span class='ocrx_word' id='word_1_652' title='bbox 2604 2341 2747 2412; x_wconf 90' lang='lat' dir='ltr'><strong>quod</strong></span> <span class='ocrx_word' id='word_1_653' title='bbox 2779 2341 2939 2396; x_wconf 89' lang='lat' dir='ltr'><strong>modo</strong></span> <span class='ocrx_word' id='word_1_654' title='bbox 2968 2342 3268 2399; x_wconf 80' lang='lat' dir='ltr'><strong>audivimus</strong></span> <span class='ocrx_word' id='word_1_655' title='bbox 3292 2384 3308 2408; x_wconf 91' lang='lat'><strong>,</strong></span> <span class='ocrx_word' id='word_1_656' title='bbox 3342 2358 3464 2398; x_wconf 92' lang='lat' dir='ltr'><strong>cum</strong></span> <span class='ocrx_word' id='word_1_657' title='bbox 3499 2343 3752 2415; x_wconf 76' lang='lat' dir='ltr'><strong>Evange-</strong></span> 
     </span>
    </p>
   </div>
   <div class='ocr_carea' id='block_1_84' title="bbox 2151 2429 3749 2504">
    <p class='ocr_par' dir='ltr' id='par_1_84' title="bbox 2151 2429 3749 2504">
     <span class='ocr_line' id='line_1_84' title="bbox 2151 2429 3749 2504; baseline 0.004 -18"><span class='ocrx_word' id='word_1_658' title='bbox 2151 2429 2280 2486; x_wconf 90' lang='lat' dir='ltr'><strong>lium</strong></span> <span class='ocrx_word' id='word_1_659' title='bbox 2323 2432 2625 2502; x_wconf 76' lang='lat' dir='ltr'><strong>legeretur,</strong></span> <span class='ocrx_word' id='word_1_660' title='bbox 2673 2433 3123 2504; x_wconf 89' lang='lat' dir='ltr'><strong>quemadmodum</strong></span> <span class='ocrx_word' id='word_1_661' title='bbox 3172 2435 3332 2490; x_wconf 90' lang='lat' dir='ltr'><strong>etiam</strong></span> <span class='ocrx_word' id='word_1_662' title='bbox 3379 2437 3432 2490; x_wconf 89' lang='lat' dir='ltr'><strong>in</strong></span> <span class='ocrx_word' id='word_1_663' title='bbox 3473 2435 3749 2492; x_wconf 87' lang='lat' dir='ltr'><strong>desertum</strong></span> 
     </span>
    </p>
   </div>
   <div class='ocr_carea' id='block_1_85' title="bbox 2147 2523 3748 2596">
    <p class='ocr_par' dir='ltr' id='par_1_85' title="bbox 2147 2523 3748 2596">
     <span class='ocr_line' id='line_1_85' title="bbox 2147 2523 3748 2596; baseline 0.004 -18"><span class='ocrx_word' id='word_1_664' title='bbox 2147 2524 2434 2578; x_wconf 79' lang='lat' dir='ltr'><strong>secesserit</strong></span> <span class='ocrx_word' id='word_1_665' title='bbox 2459 2539 2489 2578; x_wconf 89' lang='lat' dir='ltr'><strong>a</strong></span> <span class='ocrx_word' id='word_1_666' title='bbox 2517 2523 2792 2594; x_wconf 90' lang='lat' dir='ltr'><strong>discipulis</strong></span> <span class='ocrx_word' id='word_1_667' title='bbox 2814 2525 2927 2580; x_wconf 88' lang='lat' dir='ltr'><strong>suis</strong></span> <span class='ocrx_word' id='word_1_668' title='bbox 2951 2566 2965 2591; x_wconf 93' lang='lat'><strong>,</strong></span> <span class='ocrx_word' id='word_1_669' title='bbox 2991 2539 3099 2596; x_wconf 90' lang='lat' dir='ltr'><strong>quo</strong></span> <span class='ocrx_word' id='word_1_670' title='bbox 3122 2540 3247 2581; x_wconf 90' lang='lat' dir='ltr'><strong>eum</strong></span> <span class='ocrx_word' id='word_1_671' title='bbox 3272 2535 3398 2580; x_wconf 87' lang='lat' dir='ltr'><strong>sunt</strong></span> <span class='ocrx_word' id='word_1_672' title='bbox 3429 2528 3702 2584; x_wconf 85' lang='lat' dir='ltr'><strong>consecuti</strong></span> <span class='ocrx_word' id='word_1_673' title='bbox 3730 2567 3748 2594; x_wconf 84' lang='lat'><strong>,</strong></span> 
     </span>
    </p>
   </div>
   <div class='ocr_carea' id='block_1_86' title="bbox 2147 2612 3751 2684">
    <p class='ocr_par' dir='ltr' id='par_1_86' title="bbox 2147 2612 3751 2684">
     <span class='ocr_line' id='line_1_86' title="bbox 2147 2612 3751 2684; baseline 0.004 -16"><span class='ocrx_word' id='word_1_674' title='bbox 2147 2621 2204 2668; x_wconf 89' lang='lat' dir='ltr'><strong>et</strong></span> <span class='ocrx_word' id='word_1_675' title='bbox 2250 2612 2568 2670; x_wconf 80' lang='lat' dir='ltr'><strong>invenerunt</strong></span> <span class='ocrx_word' id='word_1_676' title='bbox 2618 2629 2741 2671; x_wconf 86' lang='lat' dir='ltr'><strong>eum</strong></span> <span class='ocrx_word' id='word_1_677' title='bbox 2788 2633 2803 2669; x_wconf 89' lang='lat'><strong>:</strong></span> <span class='ocrx_word' id='word_1_678' title='bbox 2854 2615 3114 2671; x_wconf 85' lang='lat' dir='ltr'><strong>secedens</strong></span> <span class='ocrx_word' id='word_1_679' title='bbox 3153 2624 3331 2671; x_wconf 84' lang='lat' dir='ltr'><strong>autem</strong></span> <span class='ocrx_word' id='word_1_680' title='bbox 3358 2617 3428 2671; x_wconf 82' lang='lat' dir='ltr'><strong>ibi</strong></span> <span class='ocrx_word' id='word_1_681' title='bbox 3451 2618 3664 2684; x_wconf 84' lang='lat' dir='ltr'><strong>orabat,</strong></span> <span class='ocrx_word' id='word_1_682' title='bbox 3691 2629 3751 2674; x_wconf 86' lang='lat' dir='ltr'><strong>et</strong></span> 
     </span>
    </p>
   </div>
   <div class='ocr_carea' id='block_1_87' title="bbox 2146 2703 3752 2778">
    <p class='ocr_par' dir='ltr' id='par_1_87' title="bbox 2146 2703 3752 2778">
     <span class='ocr_line' id='line_1_87' title="bbox 2146 2703 3752 2778; baseline 0.004 -21"><span class='ocrx_word' id='word_1_683' title='bbox 2146 2703 2348 2758; x_wconf 89' lang='lat' dir='ltr'><strong>dictum</strong></span> <span class='ocrx_word' id='word_1_684' title='bbox 2374 2714 2459 2759; x_wconf 90' lang='lat' dir='ltr'><strong>est</strong></span> <span class='ocrx_word' id='word_1_685' title='bbox 2485 2719 2513 2758; x_wconf 90' lang='lat' dir='ltr'><strong>a</strong></span> <span class='ocrx_word' id='word_1_686' title='bbox 2536 2704 2816 2776; x_wconf 86' lang='lat' dir='ltr'><strong>discipulis</strong></span> <span class='ocrx_word' id='word_1_687' title='bbox 2839 2707 2928 2777; x_wconf 89' lang='lat' dir='ltr'><strong>qui</strong></span> <span class='ocrx_word' id='word_1_688' title='bbox 2959 2721 3083 2761; x_wconf 87' lang='lat' dir='ltr'><strong>eum</strong></span> <span class='ocrx_word' id='word_1_689' title='bbox 3111 2705 3468 2774; x_wconf 83' lang='lat' dir='ltr'><strong>invenerunt,</strong></span> <span class='ocrx_word' id='word_1_690' title='bbox 3499 2708 3752 2778; x_wconf 72' lang='lat' dir='ltr'><strong>Quarum</strong></span> 
     </span>
    </p>
   </div>
   <div class='ocr_carea' id='block_1_88' title="bbox 2147 2795 3751 2867">
    <p class='ocr_par' dir='ltr' id='par_1_88' title="bbox 2147 2795 3751 2867">
     <span class='ocr_line' id='line_1_88' title="bbox 2147 2795 3751 2867; baseline 0.004 -20"><span class='ocrx_word' id='word_1_691' title='bbox 2147 2803 2194 2850; x_wconf 90' lang='lat' dir='ltr'><strong>te</strong></span> <span class='ocrx_word' id='word_1_692' title='bbox 2219 2795 2482 2860; x_wconf 74' lang='lat' dir='ltr'><strong>homines;</strong></span> <span class='ocrx_word' id='word_1_693' title='bbox 2505 2805 2560 2850; x_wconf 88' lang='lat' dir='ltr'><strong>at</strong></span> <span class='ocrx_word' id='word_1_694' title='bbox 2588 2796 2676 2850; x_wconf 86' lang='lat' dir='ltr'><strong>ille</strong></span> <span class='ocrx_word' id='word_1_695' title='bbox 2701 2796 3020 2867; x_wconf 88' lang='lat' dir='ltr'><strong>respondit:</strong></span> <span class='ocrx_word' id='word_1_696' title='bbox 3047 2797 3241 2862; x_wconf 80' lang='lat' dir='ltr'><strong>Eamus</strong></span> <span class='ocrx_word' id='word_1_697' title='bbox 3261 2799 3380 2854; x_wconf 83' lang='lat' dir='ltr'><strong>etin</strong></span> <span class='ocrx_word' id='word_1_698' title='bbox 3409 2797 3514 2852; x_wconf 87' lang='lat' dir='ltr'><strong>alia</strong></span> <span class='ocrx_word' id='word_1_699' title='bbox 3531 2799 3644 2854; x_wconf 75' lang='lat' dir='ltr'><strong>loco</strong></span> <span class='ocrx_word' id='word_1_700' title='bbox 3666 2812 3751 2854; x_wconf 84' lang='lat' dir='ltr'><strong>at-</strong></span> 
     </span>
    </p>
   </div>
   <div class='ocr_carea' id='block_1_89' title="bbox 2146 2886 3747 2964">
    <p class='ocr_par' dir='ltr' id='par_1_89' title="bbox 2146 2886 3747 2964">
     <span class='ocr_line' id='line_1_89' title="bbox 2146 2886 3747 2964; baseline 0.006 -25"><span class='ocrx_word' id='word_1_701' title='bbox 2146 2902 2243 2955; x_wconf 83' lang='lat' dir='ltr'><strong>que</strong></span> <span class='ocrx_word' id='word_1_702' title='bbox 2265 2886 2472 2940; x_wconf 80' lang='lat' dir='ltr'><strong>castella</strong></span> <span class='ocrx_word' id='word_1_703' title='bbox 2500 2887 2818 2957; x_wconf 69' lang='lat' dir='ltr'><strong>pra’dicare;</strong></span> <span class='ocrx_word' id='word_1_704' title='bbox 2844 2888 2914 2942; x_wconf 90' lang='lat' dir='ltr'><strong>ad</strong></span> <span class='ocrx_word' id='word_1_705' title='bbox 2941 2889 3037 2944; x_wconf 81' lang='lat' dir='ltr'><strong>hoc</strong></span> <span class='ocrx_word' id='word_1_706' title='bbox 3059 2890 3192 2944; x_wconf 83' lang='lat' dir='ltr'><strong>enim</strong></span> <span class='ocrx_word' id='word_1_707' title='bbox 3221 2892 3334 2945; x_wconf 78' lang='lat' dir='ltr'><strong>veni</strong></span> <span class='ocrx_word' id='word_1_708' title='bbox 3360 2890 3380 2964; x_wconf 84' lang='lat'>(</span> <span class='ocrx_word' id='word_1_709' title='bbox 3403 2889 3568 2946; x_wconf 72' lang='lat' dir='ltr'><strong>Marci</strong></span> <span class='ocrx_word' id='word_1_710' title='bbox 3595 2908 3630 2958; x_wconf 85' lang='grc' dir='ltr'>ι,</span> <span class='ocrx_word' id='word_1_711' title='bbox 3651 2893 3747 2958; x_wconf 71' lang='lat'><strong>35,</strong></span> 
     </span>
    </p>
   </div>
   <div class='ocr_carea' id='block_1_90' title="bbox 2145 2975 3747 3053">
    <p class='ocr_par' dir='ltr' id='par_1_90' title="bbox 2145 2975 3747 3053">
     <span class='ocr_line' id='line_1_90' title="bbox 2145 2975 3747 3053; baseline 0.004 -21"><span class='ocrx_word' id='word_1_712' title='bbox 2145 2975 2238 3043; x_wconf 77' lang='lat'><strong>37,</strong></span> <span class='ocrx_word' id='word_1_713' title='bbox 2271 2975 2408 3049; x_wconf 78' lang='lat'><strong>38).</strong></span> <span class='ocrx_word' id='word_1_714' title='bbox 2457 2978 2515 3032; x_wconf 89' lang='lat' dir='ltr'><strong>Si</strong></span> <span class='ocrx_word' id='word_1_715' title='bbox 2557 2978 2890 3040; x_wconf 83' lang='lat' dir='ltr'><strong>divinitatem</strong></span> <span class='ocrx_word' id='word_1_716' title='bbox 2922 2981 3130 3036; x_wconf 91' lang='lat' dir='ltr'><strong>Domini</strong></span> <span class='ocrx_word' id='word_1_717' title='bbox 3181 2984 3350 3038; x_wconf 90' lang='lat' dir='ltr'><strong>nostri</strong></span> <span class='ocrx_word' id='word_1_718' title='bbox 3393 2980 3520 3038; x_wconf 81' lang='lat' dir='ltr'><strong>Jcsu</strong></span> <span class='ocrx_word' id='word_1_719' title='bbox 3547 2983 3747 3053; x_wconf 82' lang='lat' dir='ltr'><strong>Christi</strong></span> 
     </span>
    </p>
   </div>
   <div class='ocr_carea' id='block_1_91' title="bbox 2145 3067 3748 3145">
    <p class='ocr_par' dir='ltr' id='par_1_91' title="bbox 2145 3067 3748 3145">
     <span class='ocr_line' id='line_1_91' title="bbox 2145 3067 3748 3145; baseline 0.004 -22"><span class='ocrx_word' id='word_1_720' title='bbox 2145 3067 2458 3124; x_wconf 86' lang='lat' dir='ltr'><strong>consideres</strong></span> <span class='ocrx_word' id='word_1_721' title='bbox 2480 3110 2496 3136; x_wconf 91' lang='lat'><strong>,</strong></span> <span class='ocrx_word' id='word_1_722' title='bbox 2528 3071 2648 3141; x_wconf 90' lang='lat' dir='ltr'><strong>quis</strong></span> <span class='ocrx_word' id='word_1_723' title='bbox 2692 3072 2850 3126; x_wconf 77' lang='lat' dir='ltr'><strong>orati</strong></span> <span class='ocrx_word' id='word_1_724' title='bbox 2890 3072 2957 3127; x_wconf 89' lang='lat' dir='ltr'><strong>ad</strong></span> <span class='ocrx_word' id='word_1_725' title='bbox 3000 3087 3158 3143; x_wconf 91' lang='lat' dir='ltr'><strong>quem</strong></span> <span class='ocrx_word' id='word_1_726' title='bbox 3204 3075 3360 3130; x_wconf 86' lang='lat' dir='ltr'><strong>orat?</strong></span> <span class='ocrx_word' id='word_1_727' title='bbox 3386 3090 3552 3145; x_wconf 84' lang='lat' dir='ltr'><strong>quare</strong></span> <span class='ocrx_word' id='word_1_728' title='bbox 3579 3076 3748 3130; x_wconf 80' lang='lat' dir='ltr'><strong>orat?</strong></span> 
     </span>
    </p>
   </div>
   <div class='ocr_carea' id='block_1_92' title="bbox 2145 3160 3747 3234">
    <p class='ocr_par' dir='ltr' id='par_1_92' title="bbox 2145 3160 3747 3234">
     <span class='ocr_line' id='line_1_92' title="bbox 2145 3160 3747 3234; baseline 0.005 -19"><span class='ocrx_word' id='word_1_729' title='bbox 2145 3160 2277 3215; x_wconf 89' lang='lat' dir='ltr'><strong>Orat</strong></span> <span class='ocrx_word' id='word_1_730' title='bbox 2307 3161 2482 3215; x_wconf 87' lang='lat' dir='ltr'><strong>Deus?</strong></span> <span class='ocrx_word' id='word_1_731' title='bbox 2511 3172 2630 3216; x_wconf 88' lang='lat' dir='ltr'><strong>orat</strong></span> <span class='ocrx_word' id='word_1_732' title='bbox 2653 3162 2720 3216; x_wconf 87' lang='lat' dir='ltr'><strong>ad</strong></span> <span class='ocrx_word' id='word_1_733' title='bbox 2758 3165 3062 3234; x_wconf 67' lang='lat' dir='ltr'><strong>aequalem?</strong></span> <span class='ocrx_word' id='word_1_734' title='bbox 3089 3163 3317 3220; x_wconf 88' lang='lat' dir='ltr'><strong>Causam</strong></span> <span class='ocrx_word' id='word_1_735' title='bbox 3345 3174 3522 3221; x_wconf 85' lang='lat' dir='ltr'><strong>autem</strong></span> <span class='ocrx_word' id='word_1_736' title='bbox 3554 3167 3747 3223; x_wconf 89' lang='lat' dir='ltr'><strong>orandi</strong></span> 
     </span>
    </p>
   </div>
   <div class='ocr_carea' id='block_1_93' title="bbox 2145 3252 3742 3330">
    <p class='ocr_par' dir='ltr' id='par_1_93' title="bbox 2145 3252 3742 3330">
     <span class='ocr_line' id='line_1_93' title="bbox 2145 3252 3742 3330; baseline 0.004 -22"><span class='ocrx_word' id='word_1_737' title='bbox 2145 3269 2305 3324; x_wconf 90' lang='lat' dir='ltr'><strong>quam</strong></span> <span class='ocrx_word' id='word_1_738' title='bbox 2337 3252 2532 3321; x_wconf 88' lang='lat' dir='ltr'><strong>habet,</strong></span> <span class='ocrx_word' id='word_1_739' title='bbox 2585 3269 2800 3325; x_wconf 90' lang='lat' dir='ltr'><strong>semper</strong></span> <span class='ocrx_word' id='word_1_740' title='bbox 2849 3257 3066 3323; x_wconf 87' lang='lat' dir='ltr'><strong>beatus,</strong></span> <span class='ocrx_word' id='word_1_741' title='bbox 3114 3272 3330 3329; x_wconf 84' lang='lat' dir='ltr'><strong>semper</strong></span> <span class='ocrx_word' id='word_1_742' title='bbox 3355 3260 3696 3330; x_wconf 89' lang='lat' dir='ltr'><strong>omnipotens</strong></span> <span class='ocrx_word' id='word_1_743' title='bbox 3724 3302 3742 3325; x_wconf 92' lang='lat'><strong>,</strong></span> 
     </span>
    </p>
   </div>
   <div class='ocr_carea' id='block_1_94' title="bbox 2145 3347 3747 3415">
    <p class='ocr_par' dir='ltr' id='par_1_94' title="bbox 2145 3347 3747 3415">
     <span class='ocr_line' id='line_1_94' title="bbox 2145 3347 3747 3415; baseline 0.005 -16"><span class='ocrx_word' id='word_1_744' title='bbox 2145 3360 2360 3415; x_wconf 83' lang='lat' dir='ltr'><strong>semper</strong></span> <span class='ocrx_word' id='word_1_745' title='bbox 2383 3347 2849 3414; x_wconf 90' lang='lat' dir='ltr'><strong>incommutabilis,</strong></span> <span class='ocrx_word' id='word_1_746' title='bbox 2883 3358 3134 3414; x_wconf 81' lang='lat' dir='ltr'><strong>:eternus,</strong></span> <span class='ocrx_word' id='word_1_747' title='bbox 3156 3360 3209 3404; x_wconf 90' lang='lat' dir='ltr'><strong>et</strong></span> <span class='ocrx_word' id='word_1_748' title='bbox 3233 3351 3372 3405; x_wconf 79' lang='lat' dir='ltr'><strong>Patri</strong></span> <span class='ocrx_word' id='word_1_749' title='bbox 3403 3361 3703 3406; x_wconf 68' lang='lat' dir='ltr'><strong>coaeternus</strong></span> <span class='ocrx_word' id='word_1_750' title='bbox 3720 3353 3747 3407; x_wconf 71' lang='lat'><strong><em>2</em></strong></span> 
     </span>
    </p>
   </div>
   <div class='ocr_carea' id='block_1_95' title="bbox 2146 3435 3745 3511">
    <p class='ocr_par' dir='ltr' id='par_1_95' title="bbox 2146 3435 3745 3511">
     <span class='ocr_line' id='line_1_95' title="bbox 2146 3435 3745 3511; baseline 0.004 -21"><span class='ocrx_word' id='word_1_751' title='bbox 2146 3435 2420 3492; x_wconf 88' lang='lat' dir='ltr'><strong>lntucntes</strong></span> <span class='ocrx_word' id='word_1_752' title='bbox 2437 3451 2566 3502; x_wconf 78' lang='lat' dir='ltr'><strong>ergo</strong></span> <span class='ocrx_word' id='word_1_753' title='bbox 2587 3437 2728 3507; x_wconf 87' lang='lat' dir='ltr'><strong>quod</strong></span> <span class='ocrx_word' id='word_1_754' title='bbox 2753 3454 2848 3507; x_wconf 87' lang='lat' dir='ltr'><strong>per</strong></span> <span class='ocrx_word' id='word_1_755' title='bbox 2871 3438 3152 3504; x_wconf 76' lang='lat' dir='ltr'><strong>Joannem,</strong></span> <span class='ocrx_word' id='word_1_756' title='bbox 3167 3441 3320 3510; x_wconf 84' lang='lat' dir='ltr'><strong>quasi</strong></span> <span class='ocrx_word' id='word_1_757' title='bbox 3344 3456 3438 3511; x_wconf 87' lang='lat' dir='ltr'><strong>per</strong></span> <span class='ocrx_word' id='word_1_758' title='bbox 3457 3441 3745 3511; x_wconf 86' lang='lat' dir='ltr'><strong>quamdam</strong></span> 
     </span>
    </p>
   </div>
   <div class='ocr_carea' id='block_1_96' title="bbox 2146 3527 3747 3600">
    <p class='ocr_par' dir='ltr' id='par_1_96' title="bbox 2146 3527 3747 3600">
     <span class='ocr_line' id='line_1_96' title="bbox 2146 3527 3747 3600; baseline 0.005 -20"><span class='ocrx_word' id='word_1_759' title='bbox 2146 3527 2341 3582; x_wconf 90' lang='lat' dir='ltr'><strong>nubem</strong></span> <span class='ocrx_word' id='word_1_760' title='bbox 2373 3542 2546 3590; x_wconf 87' lang='lat' dir='ltr'><strong>suam,</strong></span> <span class='ocrx_word' id='word_1_761' title='bbox 2580 3529 2694 3598; x_wconf 92' lang='lat' dir='ltr'><strong>ipse</strong></span> <span class='ocrx_word' id='word_1_762' title='bbox 2725 3528 2974 3596; x_wconf 89' lang='lat' dir='ltr'><strong>intonuit,</strong></span> <span class='ocrx_word' id='word_1_763' title='bbox 3003 3530 3188 3585; x_wconf 90' lang='lat' dir='ltr'><strong>dicens</strong></span> <span class='ocrx_word' id='word_1_764' title='bbox 3221 3547 3236 3583; x_wconf 90' lang='lat'><strong><em>:</em></strong></span> <span class='ocrx_word' id='word_1_765' title='bbox 3264 3530 3332 3584; x_wconf 85' lang='lat' dir='ltr'><strong>In</strong></span> <span class='ocrx_word' id='word_1_766' title='bbox 3361 3532 3610 3600; x_wconf 80' lang='lat' dir='ltr'><strong>principio</strong></span> <span class='ocrx_word' id='word_1_767' title='bbox 3634 3543 3747 3589; x_wconf 85' lang='lat' dir='ltr'><strong>erat</strong></span> 
     </span>
    </p>
   </div>
   <div class='ocr_carea' id='block_1_97' title="bbox 2153 3615 3748 3692">
    <p class='ocr_par' dir='ltr' id='par_1_97' title="bbox 2153 3615 3748 3692">
     <span class='ocr_line' id='line_1_97' title="bbox 2153 3615 3748 3692; baseline 0.005 -23"><span class='ocrx_word' id='word_1_768' title='bbox 2153 3615 2391 3682; x_wconf 84' lang='lat' dir='ltr'><strong>Verbum,</strong></span> <span class='ocrx_word' id='word_1_769' title='bbox 2415 3627 2463 3671; x_wconf 91' lang='lat' dir='ltr'><strong>el</strong></span> <span class='ocrx_word' id='word_1_770' title='bbox 2500 3617 2714 3673; x_wconf 85' lang='lat' dir='ltr'><strong>Verbum</strong></span> <span class='ocrx_word' id='word_1_771' title='bbox 2743 3629 2850 3674; x_wconf 86' lang='lat' dir='ltr'><strong>erat</strong></span> <span class='ocrx_word' id='word_1_772' title='bbox 2873 3623 3012 3692; x_wconf 87' lang='lat' dir='ltr'><strong>apud</strong></span> <span class='ocrx_word' id='word_1_773' title='bbox 3039 3619 3222 3687; x_wconf 87' lang='lat' dir='ltr'><strong>Deum,</strong></span> <span class='ocrx_word' id='word_1_774' title='bbox 3250 3631 3296 3675; x_wconf 89' lang='lat' dir='ltr'><strong>et</strong></span> <span class='ocrx_word' id='word_1_775' title='bbox 3316 3620 3454 3676; x_wconf 89' lang='lat' dir='ltr'><strong>Deus</strong></span> <span class='ocrx_word' id='word_1_776' title='bbox 3477 3633 3583 3676; x_wconf 88' lang='lat' dir='ltr'><strong>erat</strong></span> <span class='ocrx_word' id='word_1_777' title='bbox 3623 3621 3748 3677; x_wconf 87' lang='lat' dir='ltr'><strong>Ver-</strong></span> 
     </span>
    </p>
   </div>
   <div class='ocr_carea' id='block_1_98' title="bbox 2144 3710 3749 3782">
    <p class='ocr_par' dir='ltr' id='par_1_98' title="bbox 2144 3710 3749 3782">
     <span class='ocr_line' id='line_1_98' title="bbox 2144 3710 3749 3782; baseline 0.003 -21"><span class='ocrx_word' id='word_1_778' title='bbox 2144 3710 2263 3762; x_wconf 89' lang='lat' dir='ltr'><strong>bum</strong></span> <span class='ocrx_word' id='word_1_779' title='bbox 2287 3751 2301 3772; x_wconf 88' lang='lat'><strong>,</strong></span> <span class='ocrx_word' id='word_1_780' title='bbox 2337 3711 2433 3763; x_wconf 82' lang='lat' dir='ltr'><strong>hoc</strong></span> <span class='ocrx_word' id='word_1_781' title='bbox 2476 3721 2581 3763; x_wconf 83' lang='lat' dir='ltr'><strong>erat</strong></span> <span class='ocrx_word' id='word_1_782' title='bbox 2615 3711 2668 3764; x_wconf 88' lang='lat' dir='ltr'><strong>in</strong></span> <span class='ocrx_word' id='word_1_783' title='bbox 2708 3712 2958 3780; x_wconf 84' lang='lat' dir='ltr'><strong>principio</strong></span> <span class='ocrx_word' id='word_1_784' title='bbox 3001 3711 3144 3782; x_wconf 90' lang='lat' dir='ltr'><strong>apud</strong></span> <span class='ocrx_word' id='word_1_785' title='bbox 3175 3710 3338 3766; x_wconf 86' lang='lat' dir='ltr'><strong>Deum</strong></span> <span class='ocrx_word' id='word_1_786' title='bbox 3382 3727 3402 3765; x_wconf 85' lang='lat'><em>:</em></span> <span class='ocrx_word' id='word_1_787' title='bbox 3441 3713 3610 3766; x_wconf 84' lang='lat' dir='ltr'><strong>omnia</strong></span> <span class='ocrx_word' id='word_1_788' title='bbox 3655 3730 3749 3782; x_wconf 86' lang='lat' dir='ltr'><strong>per</strong></span> 
     </span>
    </p>
   </div>
   <div class='ocr_carea' id='block_1_99' title="bbox 2144 3801 3746 3873">
    <p class='ocr_par' dir='ltr' id='par_1_99' title="bbox 2144 3801 3746 3873">
     <span class='ocr_line' id='line_1_99' title="bbox 2144 3801 3746 3873; baseline 0.001 -19"><span class='ocrx_word' id='word_1_789' title='bbox 2144 3801 2309 3870; x_wconf 87' lang='lat' dir='ltr'><strong>ipsum</strong></span> <span class='ocrx_word' id='word_1_790' title='bbox 2331 3802 2468 3870; x_wconf 72' lang='lat' dir='ltr'><strong>facta</strong></span> <span class='ocrx_word' id='word_1_791' title='bbox 2491 3811 2628 3866; x_wconf 85' lang='lat' dir='ltr'><strong>sunt,</strong></span> <span class='ocrx_word' id='word_1_792' title='bbox 2660 3812 2704 3854; x_wconf 91' lang='lat' dir='ltr'><strong>et</strong></span> <span class='ocrx_word' id='word_1_793' title='bbox 2733 3802 2967 3871; x_wconf 86' lang='lat' dir='ltr'><strong>siueipso</strong></span> <span class='ocrx_word' id='word_1_794' title='bbox 2997 3806 3190 3873; x_wconf 80' lang='lat' dir='ltr'><strong>factum</strong></span> <span class='ocrx_word' id='word_1_795' title='bbox 3215 3812 3287 3856; x_wconf 87' lang='lat' dir='ltr'><strong>est</strong></span> <span class='ocrx_word' id='word_1_796' title='bbox 3311 3803 3438 3856; x_wconf 79' lang='lat' dir='ltr'><strong>nihil</strong></span> <span class='ocrx_word' id='word_1_797' title='bbox 3463 3817 3485 3858; x_wconf 91' lang='lat'><strong><em>:</em></strong></span> <span class='ocrx_word' id='word_1_798' title='bbox 3510 3804 3647 3872; x_wconf 87' lang='lat' dir='ltr'><strong>quod</strong></span> <span class='ocrx_word' id='word_1_799' title='bbox 3661 3807 3746 3873; x_wconf 77' lang='lat' dir='ltr'><strong>fa-</strong></span> 
     </span>
    </p>
   </div>
   <div class='ocr_carea' id='block_1_100' title="bbox 2145 3892 3747 3959">
    <p class='ocr_par' dir='ltr' id='par_1_100' title="bbox 2145 3892 3747 3959">
     <span class='ocr_line' id='line_1_100' title="bbox 2145 3892 3747 3959; baseline 0.003 -15"><span class='ocrx_word' id='word_1_800' title='bbox 2145 3903 2278 3946; x_wconf 89' lang='lat' dir='ltr'><strong>ctum</strong></span> <span class='ocrx_word' id='word_1_801' title='bbox 2306 3903 2377 3947; x_wconf 90' lang='lat' dir='ltr'><strong>est</strong></span> <span class='ocrx_word' id='word_1_802' title='bbox 2407 3893 2460 3947; x_wconf 88' lang='lat' dir='ltr'><strong>in</strong></span> <span class='ocrx_word' id='word_1_803' title='bbox 2479 3892 2571 3947; x_wconf 86' lang='lat' dir='ltr'><strong>illo</strong></span> <span class='ocrx_word' id='word_1_804' title='bbox 2591 3894 2688 3946; x_wconf 88' lang='lat' dir='ltr'><strong>vita</strong></span> <span class='ocrx_word' id='word_1_805' title='bbox 2712 3904 2787 3948; x_wconf 85' lang='lat' dir='ltr'><strong>est</strong></span> <span class='ocrx_word' id='word_1_806' title='bbox 2811 3895 2851 3958; x_wconf 78' lang='grc' dir='ltr'><strong>ί,</strong></span> <span class='ocrx_word' id='word_1_807' title='bbox 2873 3905 2918 3947; x_wconf 88' lang='lat' dir='ltr'><strong>et</strong></span> <span class='ocrx_word' id='word_1_808' title='bbox 2947 3894 3046 3948; x_wconf 82' lang='lat' dir='ltr'><strong>uita</strong></span> <span class='ocrx_word' id='word_1_809' title='bbox 3060 3905 3167 3947; x_wconf 83' lang='lat' dir='ltr'><strong>erat</strong></span> <span class='ocrx_word' id='word_1_810' title='bbox 3184 3895 3275 3948; x_wconf 79' lang='lat' dir='ltr'><strong>tua:</strong></span> <span class='ocrx_word' id='word_1_811' title='bbox 3290 3893 3570 3959; x_wconf 80' lang='lat' dir='ltr'><strong>hominum,</strong></span> <span class='ocrx_word' id='word_1_812' title='bbox 3588 3903 3634 3948; x_wconf 84' lang='lat' dir='ltr'><strong>et</strong></span> <span class='ocrx_word' id='word_1_813' title='bbox 3654 3893 3747 3950; x_wconf 76' lang='lat' dir='ltr'><strong>lita:</strong></span> 
     </span>
    </p>
   </div>
   <div class='ocr_carea' id='block_1_101' title="bbox 2145 3983 3746 4054">
    <p class='ocr_par' dir='ltr' id='par_1_101' title="bbox 2145 3983 3746 4054">
     <span class='ocr_line' id='line_1_101' title="bbox 2145 3983 3746 4054; baseline 0.002 -19"><span class='ocrx_word' id='word_1_814' title='bbox 2145 3985 2196 4036; x_wconf 87' lang='lat' dir='ltr'><strong>in</strong></span> <span class='ocrx_word' id='word_1_815' title='bbox 2227 3985 2440 4037; x_wconf 79' lang='lat' dir='ltr'><strong>tenebris</strong></span> <span class='ocrx_word' id='word_1_816' title='bbox 2473 3983 2631 4050; x_wconf 85' lang='lat' dir='ltr'><strong>lucet,</strong></span> <span class='ocrx_word' id='word_1_817' title='bbox 2662 3995 2708 4038; x_wconf 92' lang='lat' dir='ltr'><strong>et</strong></span> <span class='ocrx_word' id='word_1_818' title='bbox 2746 3983 2961 4038; x_wconf 68' lang='lat' dir='ltr'><strong>tenebrat</strong></span> <span class='ocrx_word' id='word_1_819' title='bbox 2985 4001 3096 4038; x_wconf 89' lang='lat' dir='ltr'><strong>eam</strong></span> <span class='ocrx_word' id='word_1_820' title='bbox 3125 4001 3223 4038; x_wconf 91' lang='lat' dir='ltr'><strong>non</strong></span> <span class='ocrx_word' id='word_1_821' title='bbox 3257 3985 3746 4054; x_wconf 83' lang='lat' dir='ltr'><strong>comprehenderunt</strong></span> 
     </span>
    </p>
   </div>
   <div class='ocr_carea' id='block_1_102' title="bbox 2148 4073 3745 4145">
    <p class='ocr_par' dir='ltr' id='par_1_102' title="bbox 2148 4073 3745 4145">
     <span class='ocr_line' id='line_1_102' title="bbox 2148 4073 3745 4145; baseline 0.004 -19"><span class='ocrx_word' id='word_1_822' title='bbox 2148 4073 2339 4145; x_wconf 83' lang='lat' dir='ltr'><strong>(Joan.</strong></span> <span class='ocrx_word' id='word_1_823' title='bbox 2373 4088 2425 4137; x_wconf 86' lang='grc' dir='ltr'>ι,</span> <span class='ocrx_word' id='word_1_824' title='bbox 2456 4074 2588 4145; x_wconf 78' lang='grc'><strong>1-5)</strong></span> <span class='ocrx_word' id='word_1_825' title='bbox 2622 4093 2633 4127; x_wconf 92' lang='lat'><strong>:</strong></span> <span class='ocrx_word' id='word_1_826' title='bbox 2669 4075 2772 4128; x_wconf 91' lang='lat' dir='ltr'><strong>huc</strong></span> <span class='ocrx_word' id='word_1_827' title='bbox 2806 4089 2976 4145; x_wconf 81' lang='lat' dir='ltr'><strong>usque</strong></span> <span class='ocrx_word' id='word_1_828' title='bbox 3001 4074 3275 4140; x_wconf 83' lang='lat' dir='ltr'><strong>dicentes,</strong></span> <span class='ocrx_word' id='word_1_829' title='bbox 3303 4089 3406 4128; x_wconf 91' lang='lat' dir='ltr'><strong>non</strong></span> <span class='ocrx_word' id='word_1_830' title='bbox 3441 4073 3745 4132; x_wconf 84' lang='lat' dir='ltr'><strong>invenimus</strong></span> 
     </span>
    </p>
   </div>
   <div class='ocr_carea' id='block_1_103' title="bbox 2145 4166 3743 4236">
    <p class='ocr_par' dir='ltr' id='par_1_103' title="bbox 2145 4166 3743 4236">
     <span class='ocr_line' id='line_1_103' title="bbox 2145 4166 3743 4236; baseline 0.002 -17"><span class='ocrx_word' id='word_1_831' title='bbox 2145 4167 2442 4220; x_wconf 88' lang='lat' dir='ltr'><strong>orationem</strong></span> <span class='ocrx_word' id='word_1_832' title='bbox 2469 4207 2484 4231; x_wconf 93' lang='lat'><strong>,</strong></span> <span class='ocrx_word' id='word_1_833' title='bbox 2518 4181 2617 4221; x_wconf 90' lang='lat' dir='ltr'><strong>nec</strong></span> <span class='ocrx_word' id='word_1_834' title='bbox 2645 4181 2858 4220; x_wconf 80' lang='lat' dir='ltr'><strong>causam</strong></span> <span class='ocrx_word' id='word_1_835' title='bbox 2909 4167 3136 4231; x_wconf 89' lang='lat' dir='ltr'><strong>orandi,</strong></span> <span class='ocrx_word' id='word_1_836' title='bbox 3165 4182 3263 4221; x_wconf 90' lang='lat' dir='ltr'><strong>nec</strong></span> <span class='ocrx_word' id='word_1_837' title='bbox 3291 4166 3466 4222; x_wconf 91' lang='lat' dir='ltr'><strong>locum</strong></span> <span class='ocrx_word' id='word_1_838' title='bbox 3509 4166 3743 4236; x_wconf 89' lang='lat' dir='ltr'><strong>orandi,</strong></span> 
     </span>
    </p>
   </div>
   <div class='ocr_carea' id='block_1_104' title="bbox 2147 4255 3742 4327">
    <p class='ocr_par' dir='ltr' id='par_1_104' title="bbox 2147 4255 3742 4327">
     <span class='ocr_line' id='line_1_104' title="bbox 2147 4255 3742 4327; baseline 0.003 -19"><span class='ocrx_word' id='word_1_839' title='bbox 2147 4272 2245 4310; x_wconf 81' lang='lat' dir='ltr'><strong>nuc</strong></span> <span class='ocrx_word' id='word_1_840' title='bbox 2285 4256 2534 4312; x_wconf 78' lang='lat' dir='ltr'><strong>allectum</strong></span> <span class='ocrx_word' id='word_1_841' title='bbox 2576 4257 2784 4312; x_wconf 83' lang='lat' dir='ltr'><strong>orandi.</strong></span> <span class='ocrx_word' id='word_1_842' title='bbox 2837 4255 2940 4313; x_wconf 85' lang='lat' dir='ltr'><strong>Sed</strong></span> <span class='ocrx_word' id='word_1_843' title='bbox 2973 4258 3220 4327; x_wconf 84' lang='lat' dir='ltr'><strong>quoniam</strong></span> <span class='ocrx_word' id='word_1_844' title='bbox 3249 4257 3407 4326; x_wconf 91' lang='lat' dir='ltr'><strong>paulo</strong></span> <span class='ocrx_word' id='word_1_845' title='bbox 3436 4268 3552 4326; x_wconf 89' lang='lat' dir='ltr'><strong>post</strong></span> <span class='ocrx_word' id='word_1_846' title='bbox 3575 4257 3742 4325; x_wconf 91' lang='lat' dir='ltr'><strong>dicit,</strong></span> 
     </span>
    </p>
   </div>
   <div class='ocr_carea' id='block_1_105' title="bbox 2150 4347 3740 4419">
    <p class='ocr_par' dir='ltr' id='par_1_105' title="bbox 2150 4347 3740 4419">
     <span class='ocr_line' id='line_1_105' title="bbox 2150 4347 3740 4419; baseline 0 -17"><span class='ocrx_word' id='word_1_847' title='bbox 2150 4349 2214 4403; x_wconf 82' lang='lat' dir='ltr'><strong>Et</strong></span> <span class='ocrx_word' id='word_1_848' title='bbox 2246 4347 2461 4402; x_wconf 83' lang='lat' dir='ltr'><strong>Verbum</strong></span> <span class='ocrx_word' id='word_1_849' title='bbox 2485 4365 2604 4403; x_wconf 85' lang='lat' dir='ltr'><strong>caro</strong></span> <span class='ocrx_word' id='word_1_850' title='bbox 2630 4349 2818 4418; x_wconf 77' lang='lat' dir='ltr'><strong>factum</strong></span> <span class='ocrx_word' id='word_1_851' title='bbox 2842 4359 2936 4414; x_wconf 86' lang='lat' dir='ltr'><strong>est,</strong></span> <span class='ocrx_word' id='word_1_852' title='bbox 2968 4357 3013 4402; x_wconf 89' lang='lat' dir='ltr'><strong>et</strong></span> <span class='ocrx_word' id='word_1_853' title='bbox 3039 4349 3280 4402; x_wconf 80' lang='lat' dir='ltr'><strong>habitavit</strong></span> <span class='ocrx_word' id='word_1_854' title='bbox 3305 4350 3358 4401; x_wconf 88' lang='lat' dir='ltr'><strong>in</strong></span> <span class='ocrx_word' id='word_1_855' title='bbox 3379 4348 3520 4403; x_wconf 88' lang='lat' dir='ltr'><strong>nobis</strong></span> <span class='ocrx_word' id='word_1_856' title='bbox 3545 4347 3740 4419; x_wconf 83' lang='lat' dir='ltr'><strong>(Ibid.,</strong></span> 
     </span>
    </p>
   </div>
   <div class='ocr_carea' id='block_1_106' title="bbox 2147 4439 3739 4511">
    <p class='ocr_par' dir='ltr' id='par_1_106' title="bbox 2147 4439 3739 4511">
     <span class='ocr_line' id='line_1_106' title="bbox 2147 4439 3739 4511; baseline 0 -16"><span class='ocrx_word' id='word_1_857' title='bbox 2147 4442 2216 4508; x_wconf 74' lang='grc'><strong>14</strong></span> <span class='ocrx_word' id='word_1_858' title='bbox 2241 4440 2299 4510; x_wconf 86' lang='grc'>);</span> <span class='ocrx_word' id='word_1_859' title='bbox 2329 4440 2492 4495; x_wconf 87' lang='lat' dir='ltr'><strong>habes</strong></span> <span class='ocrx_word' id='word_1_860' title='bbox 2514 4440 2847 4509; x_wconf 86' lang='lat' dir='ltr'><strong>majestatem</strong></span> <span class='ocrx_word' id='word_1_861' title='bbox 2877 4440 2942 4493; x_wconf 90' lang='lat' dir='ltr'><strong>ad</strong></span> <span class='ocrx_word' id='word_1_862' title='bbox 2973 4455 3129 4511; x_wconf 89' lang='lat' dir='ltr'><strong>quam</strong></span> <span class='ocrx_word' id='word_1_863' title='bbox 3160 4454 3282 4495; x_wconf 91' lang='lat' dir='ltr'><strong>ores</strong></span> <span class='ocrx_word' id='word_1_864' title='bbox 3306 4482 3320 4503; x_wconf 89' lang='lat'><strong>,</strong></span> <span class='ocrx_word' id='word_1_865' title='bbox 3352 4439 3516 4495; x_wconf 90' lang='lat' dir='ltr'><strong>habes</strong></span> <span class='ocrx_word' id='word_1_866' title='bbox 3547 4441 3739 4495; x_wconf 81' lang='lat' dir='ltr'><strong>buma-</strong></span> 
     </span>
    </p>
   </div>
   <div class='ocr_carea' id='block_1_107' title="bbox 2146 4533 3745 4602">
    <p class='ocr_par' dir='ltr' id='par_1_107' title="bbox 2146 4533 3745 4602">
     <span class='ocr_line' id='line_1_107' title="bbox 2146 4533 3745 4602; baseline 0.002 -14"><span class='ocrx_word' id='word_1_867' title='bbox 2146 4533 2364 4588; x_wconf 86' lang='lat' dir='ltr'><strong>nitatem</strong></span> <span class='ocrx_word' id='word_1_868' title='bbox 2421 4548 2539 4602; x_wconf 71' lang='lat' dir='ltr'><strong>qua:</strong></span> <span class='ocrx_word' id='word_1_869' title='bbox 2582 4549 2678 4602; x_wconf 91' lang='lat' dir='ltr'><strong>pro</strong></span> <span class='ocrx_word' id='word_1_870' title='bbox 2729 4543 2780 4587; x_wconf 89' lang='lat' dir='ltr'><strong>te</strong></span> <span class='ocrx_word' id='word_1_871' title='bbox 2829 4540 2968 4588; x_wconf 90' lang='lat' dir='ltr'><strong>oret.</strong></span> <span class='ocrx_word' id='word_1_872' title='bbox 3015 4533 3144 4588; x_wconf 82' lang='lat' dir='ltr'><strong>Nam</strong></span> <span class='ocrx_word' id='word_1_873' title='bbox 3189 4533 3290 4588; x_wconf 89' lang='lat' dir='ltr'><strong>hoc</strong></span> <span class='ocrx_word' id='word_1_874' title='bbox 3333 4533 3532 4588; x_wconf 90' lang='lat' dir='ltr'><strong>dictum</strong></span> <span class='ocrx_word' id='word_1_875' title='bbox 3562 4544 3644 4590; x_wconf 88' lang='lat' dir='ltr'><strong>est</strong></span> <span class='ocrx_word' id='word_1_876' title='bbox 3675 4535 3745 4591; x_wconf 90' lang='lat' dir='ltr'><strong>ab</strong></span> 
     </span>
    </p>
   </div>
   <div class='ocr_carea' id='block_1_108' title="bbox 2147 4623 3744 4692">
    <p class='ocr_par' dir='ltr' id='par_1_108' title="bbox 2147 4623 3744 4692">
     <span class='ocr_line' id='line_1_108' title="bbox 2147 4623 3744 4692; baseline 0.003 -16"><span class='ocrx_word' id='word_1_877' title='bbox 2147 4625 2426 4692; x_wconf 86' lang='lat' dir='ltr'><strong>Apostolo,</strong></span> <span class='ocrx_word' id='word_1_878' title='bbox 2458 4623 2618 4677; x_wconf 88' lang='lat' dir='ltr'><strong>etiam</strong></span> <span class='ocrx_word' id='word_1_879' title='bbox 2659 4632 2779 4692; x_wconf 70' lang='lat' dir='ltr'><strong>post</strong></span> <span class='ocrx_word' id='word_1_880' title='bbox 2826 4623 3272 4678; x_wconf 84' lang='lat' dir='ltr'><strong>resurrectionem</strong></span> <span class='ocrx_word' id='word_1_881' title='bbox 3319 4624 3526 4678; x_wconf 91' lang='lat' dir='ltr'><strong>Domini</strong></span> <span class='ocrx_word' id='word_1_882' title='bbox 3571 4627 3744 4680; x_wconf 86' lang='lat' dir='ltr'><strong>nostri</strong></span> 
     </span>
    </p>
   </div>
   <div class='ocr_carea' id='block_1_109' title="bbox 2146 4713 3749 4787">
    <p class='ocr_par' dir='ltr' id='par_1_109' title="bbox 2146 4713 3749 4787">
     <span class='ocr_line' id='line_1_109' title="bbox 2146 4713 3749 4787; baseline 0.001 -18"><span class='ocrx_word' id='word_1_883' title='bbox 2146 4716 2272 4770; x_wconf 80' lang='lat' dir='ltr'><strong>Jesu</strong></span> <span class='ocrx_word' id='word_1_884' title='bbox 2303 4715 2497 4769; x_wconf 85' lang='lat' dir='ltr'><strong>Christi</strong></span> <span class='ocrx_word' id='word_1_885' title='bbox 2527 4731 2540 4767; x_wconf 88' lang='lat'><strong>:</strong></span> <span class='ocrx_word' id='word_1_886' title='bbox 2572 4713 2672 4779; x_wconf 80' lang='lat' dir='ltr'><strong>Qui</strong></span> <span class='ocrx_word' id='word_1_887' title='bbox 2699 4716 2867 4780; x_wconf 88' lang='lat' dir='ltr'><strong>sedet,</strong></span> <span class='ocrx_word' id='word_1_888' title='bbox 2893 4715 3060 4784; x_wconf 83' lang='lat' dir='ltr'><strong>inquit</strong></span> <span class='ocrx_word' id='word_1_889' title='bbox 3081 4756 3096 4781; x_wconf 94' lang='lat'><strong>,</strong></span> <span class='ocrx_word' id='word_1_890' title='bbox 3139 4715 3208 4768; x_wconf 90' lang='lat' dir='ltr'><strong>ad</strong></span> <span class='ocrx_word' id='word_1_891' title='bbox 3227 4715 3485 4769; x_wconf 72' lang='lat' dir='ltr'><strong>dexteram</strong></span> <span class='ocrx_word' id='word_1_892' title='bbox 3512 4714 3628 4782; x_wconf 89' lang='lat' dir='ltr'><strong>Dei,</strong></span> <span class='ocrx_word' id='word_1_893' title='bbox 3658 4720 3749 4787; x_wconf 78' lang='lat' dir='ltr'><strong>q&#39;ui</strong></span> 
     </span>
    </p>
   </div>
   <div class='ocr_carea' id='block_1_110' title="bbox 2145 4805 3747 4877">
    <p class='ocr_par' dir='ltr' id='par_1_110' title="bbox 2145 4805 3747 4877">
     <span class='ocr_line' id='line_1_110' title="bbox 2145 4805 3747 4877; baseline 0.002 -17"><span class='ocrx_word' id='word_1_894' title='bbox 2145 4808 2297 4860; x_wconf 90' lang='lat' dir='ltr'><strong>etiam</strong></span> <span class='ocrx_word' id='word_1_895' title='bbox 2315 4805 2605 4876; x_wconf 81' lang='lat' dir='ltr'><strong>interpellat</strong></span> <span class='ocrx_word' id='word_1_896' title='bbox 2632 4824 2723 4877; x_wconf 87' lang='lat' dir='ltr'><strong>pro</strong></span> <span class='ocrx_word' id='word_1_897' title='bbox 2751 4807 2892 4860; x_wconf 88' lang='lat' dir='ltr'><strong>nobis</strong></span> <span class='ocrx_word' id='word_1_898' title='bbox 2923 4811 2940 4877; x_wconf 90' lang='lat'><strong>(</strong></span> <span class='ocrx_word' id='word_1_899' title='bbox 2973 4806 3120 4861; x_wconf 87' lang='lat' dir='ltr'><strong>Rom.</strong></span> <span class='ocrx_word' id='word_1_900' title='bbox 3151 4823 3261 4873; x_wconf 84' lang='lat' dir='ltr'><strong>vin,</strong></span> <span class='ocrx_word' id='word_1_901' title='bbox 3296 4808 3363 4863; x_wconf 74' lang='grc'><strong>54</strong></span> <span class='ocrx_word' id='word_1_902' title='bbox 3386 4809 3425 4877; x_wconf 92' lang='grc'><strong>).</strong></span> <span class='ocrx_word' id='word_1_903' title='bbox 3452 4807 3628 4876; x_wconf 87' lang='lat' dir='ltr'><strong>Quare</strong></span> <span class='ocrx_word' id='word_1_904' title='bbox 3658 4809 3712 4863; x_wconf 85' lang='lat' dir='ltr'><strong>in</strong></span> <span class='ocrx_word' id='word_1_905' title='bbox 3732 4841 3747 4851; x_wconf 86' lang='lat'><strong>-</strong></span> 
     </span>
    </p>
   </div>
   <div class='ocr_carea' id='block_1_111' title="bbox 2148 4897 3743 4970">
    <p class='ocr_par' dir='ltr' id='par_1_111' title="bbox 2148 4897 3743 4970">
     <span class='ocr_line' id='line_1_111' title="bbox 2148 4897 3743 4970; baseline 0.001 -18"><span class='ocrx_word' id='word_1_906' title='bbox 2148 4899 2393 4968; x_wconf 86' lang='lat' dir='ltr'><strong>terpellat</strong></span> <span class='ocrx_word' id='word_1_907' title='bbox 2419 4913 2515 4968; x_wconf 86' lang='lat' dir='ltr'><strong>pro</strong></span> <span class='ocrx_word' id='word_1_908' title='bbox 2558 4897 2748 4952; x_wconf 84' lang='lat' dir='ltr'><strong>nobis?</strong></span> <span class='ocrx_word' id='word_1_909' title='bbox 2775 4899 2906 4966; x_wconf 83' lang='lat' dir='ltr'><strong>Quia</strong></span> <span class='ocrx_word' id='word_1_910' title='bbox 2936 4899 3197 4953; x_wconf 89' lang='lat' dir='ltr'><strong>mediator</strong></span> <span class='ocrx_word' id='word_1_911' title='bbox 3217 4914 3338 4954; x_wconf 85' lang='lat' dir='ltr'><strong>esse</strong></span> <span class='ocrx_word' id='word_1_912' title='bbox 3362 4899 3608 4970; x_wconf 79' lang='lat' dir='ltr'><strong>dignatus</strong></span> <span class='ocrx_word' id='word_1_913' title='bbox 3638 4913 3743 4956; x_wconf 89' lang='lat' dir='ltr'><strong>est.</strong></span> 
     </span>
    </p>
   </div>
   <div class='ocr_carea' id='block_1_112' title="bbox 2147 4989 3747 5067">
    <p class='ocr_par' dir='ltr' id='par_1_112' title="bbox 2147 4989 3747 5067">
     <span class='ocr_line' id='line_1_112' title="bbox 2147 4989 3747 5067; baseline 0.007 -26"><span class='ocrx_word' id='word_1_914' title='bbox 2147 4989 2284 5056; x_wconf 90' lang='lat' dir='ltr'><strong>Quid</strong></span> <span class='ocrx_word' id='word_1_915' title='bbox 2334 4999 2417 5044; x_wconf 89' lang='lat' dir='ltr'><strong>est</strong></span> <span class='ocrx_word' id='word_1_916' title='bbox 2465 4989 2810 5044; x_wconf 89' lang='lat' dir='ltr'><strong>mediatorem</strong></span> <span class='ocrx_word' id='word_1_917' title='bbox 2861 5005 2981 5045; x_wconf 78' lang='lat' dir='ltr'><strong>esse</strong></span> <span class='ocrx_word' id='word_1_918' title='bbox 3013 4992 3150 5046; x_wconf 86' lang='lat' dir='ltr'><strong>inter</strong></span> <span class='ocrx_word' id='word_1_919' title='bbox 3183 4991 3349 5047; x_wconf 91' lang='lat' dir='ltr'><strong>Deum</strong></span> <span class='ocrx_word' id='word_1_920' title='bbox 3397 5003 3452 5048; x_wconf 87' lang='lat' dir='ltr'><strong>et</strong></span> <span class='ocrx_word' id='word_1_921' title='bbox 3498 4993 3747 5067; x_wconf 77' lang='lat' dir='ltr'><strong>homines</strong></span> 
     </span>
    </p>
   </div>
   <div class='ocr_carea' id='block_1_113' title="bbox 2148 5080 3744 5151">
    <p class='ocr_par' dir='ltr' id='par_1_113' title="bbox 2148 5080 3744 5151">
     <span class='ocr_line' id='line_1_113' title="bbox 2148 5080 3744 5151; baseline 0.004 -17"><span class='ocrx_word' id='word_1_922' title='bbox 2148 5084 2166 5150; x_wconf 94' lang='lat'><strong>(</strong></span> <span class='ocrx_word' id='word_1_923' title='bbox 2201 5081 2375 5136; x_wconf 89' lang='lat' dir='ltr'><strong>lTim.</strong></span> <span class='ocrx_word' id='word_1_924' title='bbox 2406 5097 2440 5136; x_wconf 90' lang='grc' dir='ltr'><strong>ιι</strong></span> <span class='ocrx_word' id='word_1_925' title='bbox 2461 5121 2479 5146; x_wconf 84' lang='grc'><em>,</em></span> <span class='ocrx_word' id='word_1_926' title='bbox 2521 5082 2555 5136; x_wconf 86' lang='grc'><strong>5</strong></span> <span class='ocrx_word' id='word_1_927' title='bbox 2586 5080 2641 5151; x_wconf 86' lang='lat'><strong>)?</strong></span> <span class='ocrx_word' id='word_1_928' title='bbox 2675 5081 2790 5136; x_wconf 85' lang='lat' dir='ltr'><strong>Non</strong></span> <span class='ocrx_word' id='word_1_929' title='bbox 2819 5083 2956 5135; x_wconf 89' lang='lat' dir='ltr'><strong>inter</strong></span> <span class='ocrx_word' id='word_1_930' title='bbox 2983 5083 3193 5137; x_wconf 83' lang='lat' dir='ltr'><strong>Patrem</strong></span> <span class='ocrx_word' id='word_1_931' title='bbox 3237 5095 3289 5137; x_wconf 81' lang='lat' dir='ltr'><strong>et</strong></span> <span class='ocrx_word' id='word_1_932' title='bbox 3322 5083 3563 5140; x_wconf 80' lang='lat' dir='ltr'><strong>homines</strong></span> <span class='ocrx_word' id='word_1_933' title='bbox 3585 5127 3601 5142; x_wconf 92' lang='lat'><strong>.</strong></span> <span class='ocrx_word' id='word_1_934' title='bbox 3647 5087 3744 5140; x_wconf 84' lang='lat' dir='ltr'><strong>sed</strong></span> 
     </span>
    </p>
   </div>
   <div class='ocr_carea' id='block_1_114' title="bbox 2148 5175 3746 5240">
    <p class='ocr_par' dir='ltr' id='par_1_114' title="bbox 2148 5175 3746 5240">
     <span class='ocr_line' id='line_1_114' title="bbox 2148 5175 3746 5240; baseline 0.001 -11"><span class='ocrx_word' id='word_1_935' title='bbox 2148 5175 2290 5230; x_wconf 89' lang='lat' dir='ltr'><strong>inter</strong></span> <span class='ocrx_word' id='word_1_936' title='bbox 2307 5175 2472 5230; x_wconf 92' lang='lat' dir='ltr'><strong>Deum</strong></span> <span class='ocrx_word' id='word_1_937' title='bbox 2498 5185 2550 5230; x_wconf 89' lang='lat' dir='ltr'><strong>et</strong></span> <span class='ocrx_word' id='word_1_938' title='bbox 2572 5175 2836 5229; x_wconf 89' lang='lat' dir='ltr'><strong>homines.</strong></span> <span class='ocrx_word' id='word_1_939' title='bbox 2855 5175 2990 5240; x_wconf 88' lang='lat' dir='ltr'><strong>Quid</strong></span> <span class='ocrx_word' id='word_1_940' title='bbox 3009 5187 3090 5229; x_wconf 90' lang='lat' dir='ltr'><strong>est</strong></span> <span class='ocrx_word' id='word_1_941' title='bbox 3119 5176 3256 5230; x_wconf 88' lang='lat' dir='ltr'><strong>Deus</strong></span> <span class='ocrx_word' id='word_1_942' title='bbox 3273 5176 3297 5229; x_wconf 78' lang='lat' dir='ltr'><strong>&#39;t</strong></span> <span class='ocrx_word' id='word_1_943' title='bbox 3314 5177 3469 5230; x_wconf 82' lang='lat' dir='ltr'><strong>Pater</strong></span> <span class='ocrx_word' id='word_1_944' title='bbox 3499 5189 3556 5238; x_wconf 86' lang='lat' dir='ltr'><strong>et</strong></span> <span class='ocrx_word' id='word_1_945' title='bbox 3578 5179 3746 5237; x_wconf 87' lang='lat' dir='ltr'><strong>Filius</strong></span> 
     </span>
    </p>
   </div>
   <div class='ocr_carea' id='block_1_115' title="bbox 2147 5264 3741 5337">
    <p class='ocr_par' dir='ltr' id='par_1_115' title="bbox 2147 5264 3741 5337">
     <span class='ocr_line' id='line_1_115' title="bbox 2147 5264 3741 5337; baseline -0.001 -16"><span class='ocrx_word' id='word_1_946' title='bbox 2147 5277 2201 5321; x_wconf 90' lang='lat' dir='ltr'><strong>et</strong></span> <span class='ocrx_word' id='word_1_947' title='bbox 2224 5266 2452 5337; x_wconf 88' lang='lat' dir='ltr'><strong>Spiritus</strong></span> <span class='ocrx_word' id='word_1_948' title='bbox 2475 5275 2712 5320; x_wconf 87' lang='lat' dir='ltr'><strong>sanctus.</strong></span> <span class='ocrx_word' id='word_1_949' title='bbox 2736 5266 2870 5335; x_wconf 88' lang='lat' dir='ltr'><strong>Quid</strong></span> <span class='ocrx_word' id='word_1_950' title='bbox 2903 5277 3023 5320; x_wconf 89' lang='lat' dir='ltr'><strong>sunt</strong></span> <span class='ocrx_word' id='word_1_951' title='bbox 3065 5264 3348 5321; x_wconf 76' lang='lat' dir='ltr'><strong>homines?</strong></span> <span class='ocrx_word' id='word_1_952' title='bbox 3395 5268 3540 5321; x_wconf 71' lang='lat' dir='ltr'><strong>l’ccc.</strong></span> <span class='ocrx_word' id='word_1_953' title='bbox 3566 5276 3741 5335; x_wconf 73' lang='lat' dir='ltr'><strong>tores,</strong></span> 
     </span>
    </p>
   </div>
   <div class='ocr_carea' id='block_1_116' title="bbox 2149 5357 3746 5429">
    <p class='ocr_par' dir='ltr' id='par_1_116' title="bbox 2149 5357 3746 5429">
     <span class='ocr_line' id='line_1_116' title="bbox 2149 5357 3746 5429; baseline 0.001 -15"><span class='ocrx_word' id='word_1_954' title='bbox 2149 5359 2334 5429; x_wconf 90' lang='lat' dir='ltr'><strong>impii,</strong></span> <span class='ocrx_word' id='word_1_955' title='bbox 2369 5358 2644 5413; x_wconf 86' lang='lat' dir='ltr'><strong>mortales.</strong></span> <span class='ocrx_word' id='word_1_956' title='bbox 2675 5357 2818 5413; x_wconf 88' lang='lat' dir='ltr'><strong>Inter</strong></span> <span class='ocrx_word' id='word_1_957' title='bbox 2845 5359 2985 5412; x_wconf 89' lang='lat' dir='ltr'><strong>illam</strong></span> <span class='ocrx_word' id='word_1_958' title='bbox 3015 5358 3328 5414; x_wconf 85' lang='lat' dir='ltr'><strong>Trinitatem</strong></span> <span class='ocrx_word' id='word_1_959' title='bbox 3367 5368 3420 5414; x_wconf 89' lang='lat' dir='ltr'><strong>et</strong></span> <span class='ocrx_word' id='word_1_960' title='bbox 3467 5358 3746 5416; x_wconf 84' lang='lat' dir='ltr'><strong>hominum</strong></span> 
     </span>
    </p>
   </div>
   <div class='ocr_carea' id='block_1_117' title="bbox 2149 5450 3743 5521">
    <p class='ocr_par' dir='ltr' id='par_1_117' title="bbox 2149 5450 3743 5521">
     <span class='ocr_line' id='line_1_117' title="bbox 2149 5450 3743 5521; baseline 0 -15"><span class='ocrx_word' id='word_1_961' title='bbox 2149 5451 2510 5508; x_wconf 89' lang='lat' dir='ltr'><strong>inﬁrmitatem</strong></span> <span class='ocrx_word' id='word_1_962' title='bbox 2528 5459 2582 5506; x_wconf 84' lang='lat' dir='ltr'><strong>et</strong></span> <span class='ocrx_word' id='word_1_963' title='bbox 2609 5451 2962 5521; x_wconf 73' lang='lat' dir='ltr'><strong>iniquitatem,</strong></span> <span class='ocrx_word' id='word_1_964' title='bbox 2983 5451 3247 5506; x_wconf 85' lang='lat' dir='ltr'><strong>mediator</strong></span> <span class='ocrx_word' id='word_1_965' title='bbox 3265 5450 3436 5506; x_wconf 78' lang='lat' dir='ltr'><strong>lactus</strong></span> <span class='ocrx_word' id='word_1_966' title='bbox 3451 5459 3535 5506; x_wconf 85' lang='lat' dir='ltr'><strong>est</strong></span> <span class='ocrx_word' id='word_1_967' title='bbox 3555 5451 3743 5520; x_wconf 85' lang='lat' dir='ltr'><strong>homo,</strong></span> 
     </span>
    </p>
   </div>
   <div class='ocr_carea' id='block_1_118' title="bbox 2148 5541 3743 5614">
    <p class='ocr_par' dir='ltr' id='par_1_118' title="bbox 2148 5541 3743 5614">
     <span class='ocr_line' id='line_1_118' title="bbox 2148 5541 3743 5614; baseline 0.003 -16"><span class='ocrx_word' id='word_1_968' title='bbox 2148 5559 2253 5598; x_wconf 88' lang='lat' dir='ltr'><strong>non</strong></span> <span class='ocrx_word' id='word_1_969' title='bbox 2285 5543 2515 5612; x_wconf 83' lang='lat' dir='ltr'><strong>iniquus,</strong></span> <span class='ocrx_word' id='word_1_970' title='bbox 2546 5543 2639 5597; x_wconf 88' lang='lat' dir='ltr'><strong>sed</strong></span> <span class='ocrx_word' id='word_1_971' title='bbox 2668 5552 2844 5597; x_wconf 89' lang='lat' dir='ltr'><strong>tamen</strong></span> <span class='ocrx_word' id='word_1_972' title='bbox 2871 5541 3147 5609; x_wconf 88' lang='lat' dir='ltr'><strong>inﬁrmus;</strong></span> <span class='ocrx_word' id='word_1_973' title='bbox 3187 5551 3247 5598; x_wconf 92' lang='lat' dir='ltr'><strong>ut</strong></span> <span class='ocrx_word' id='word_1_974' title='bbox 3279 5558 3346 5598; x_wconf 89' lang='lat' dir='ltr'><strong>ex</strong></span> <span class='ocrx_word' id='word_1_975' title='bbox 3369 5557 3436 5600; x_wconf 91' lang='lat' dir='ltr'><strong>eo</strong></span> <span class='ocrx_word' id='word_1_976' title='bbox 3463 5543 3607 5614; x_wconf 85' lang='lat' dir='ltr'><strong>quod</strong></span> <span class='ocrx_word' id='word_1_977' title='bbox 3636 5559 3743 5602; x_wconf 87' lang='lat' dir='ltr'><strong>non</strong></span> 
     </span>
    </p>
   </div>
   <div class='ocr_carea' id='block_1_119' title="bbox 2147 5633 3747 5707">
    <p class='ocr_par' dir='ltr' id='par_1_119' title="bbox 2147 5633 3747 5707">
     <span class='ocr_line' id='line_1_119' title="bbox 2147 5633 3747 5707; baseline 0 -16"><span class='ocrx_word' id='word_1_978' title='bbox 2147 5635 2360 5706; x_wconf 91' lang='lat' dir='ltr'><strong>iniquus</strong></span> <span class='ocrx_word' id='word_1_979' title='bbox 2384 5675 2399 5700; x_wconf 87' lang='lat'><strong>,</strong></span> <span class='ocrx_word' id='word_1_980' title='bbox 2427 5634 2678 5704; x_wconf 76' lang='lat' dir='ltr'><strong>iungeret</strong></span> <span class='ocrx_word' id='word_1_981' title='bbox 2708 5642 2760 5689; x_wconf 88' lang='lat' dir='ltr'><strong>te</strong></span> <span class='ocrx_word' id='word_1_982' title='bbox 2802 5635 2944 5700; x_wconf 89' lang='lat' dir='ltr'><strong>Deo;</strong></span> <span class='ocrx_word' id='word_1_983' title='bbox 2968 5649 3032 5689; x_wconf 76' lang='lat' dir='ltr'><strong>ex</strong></span> <span class='ocrx_word' id='word_1_984' title='bbox 3060 5649 3126 5690; x_wconf 90' lang='lat' dir='ltr'><strong>eo</strong></span> <span class='ocrx_word' id='word_1_985' title='bbox 3152 5634 3294 5703; x_wconf 81' lang='lat' dir='ltr'><strong>quod</strong></span> <span class='ocrx_word' id='word_1_986' title='bbox 3319 5633 3584 5702; x_wconf 81' lang='lat' dir='ltr'><strong>inﬁrmus,</strong></span> <span class='ocrx_word' id='word_1_987' title='bbox 3615 5649 3747 5707; x_wconf 69' lang='lat' dir='ltr'><strong>proo</strong></span> 
     </span>
    </p>
   </div>
   <div class='ocr_carea' id='block_1_120' title="bbox 2148 5725 3750 5801">
    <p class='ocr_par' dir='ltr' id='par_1_120' title="bbox 2148 5725 3750 5801">
     <span class='ocr_line' id='line_1_120' title="bbox 2148 5725 3750 5801; baseline 0.001 -18"><span class='ocrx_word' id='word_1_988' title='bbox 2148 5731 2430 5801; x_wconf 84' lang='lat' dir='ltr'><strong>pinquarct</strong></span> <span class='ocrx_word' id='word_1_989' title='bbox 2486 5727 2581 5782; x_wconf 89' lang='lat' dir='ltr'><strong>tibi</strong></span> <span class='ocrx_word' id='word_1_990' title='bbox 2631 5743 2645 5782; x_wconf 88' lang='lat'><strong>:</strong></span> <span class='ocrx_word' id='word_1_991' title='bbox 2691 5735 2853 5796; x_wconf 88' lang='lat' dir='ltr'><strong>atque</strong></span> <span class='ocrx_word' id='word_1_992' title='bbox 2903 5729 2974 5781; x_wconf 89' lang='lat' dir='ltr'><strong>ita</strong></span> <span class='ocrx_word' id='word_1_993' title='bbox 3003 5765 3022 5792; x_wconf 94' lang='lat'><strong>,</strong></span> <span class='ocrx_word' id='word_1_994' title='bbox 3082 5735 3140 5782; x_wconf 93' lang='lat' dir='ltr'><strong>ut</strong></span> <span class='ocrx_word' id='word_1_995' title='bbox 3182 5727 3322 5783; x_wconf 88' lang='lat' dir='ltr'><strong>inter</strong></span> <span class='ocrx_word' id='word_1_996' title='bbox 3367 5725 3641 5785; x_wconf 80' lang='lat' dir='ltr'><strong>hominem</strong></span> <span class='ocrx_word' id='word_1_997' title='bbox 3691 5735 3750 5786; x_wconf 82' lang='lat' dir='ltr'><strong>et</strong></span> 
     </span>
    </p>
   </div>
   <div class='ocr_carea' id='block_1_121' title="bbox 2215 5837 3530 5906">
    <p class='ocr_par' dir='ltr' id='par_1_121' title="bbox 2215 5837 3530 5906">
     <span class='ocr_line' id='line_1_121' title="bbox 2215 5837 3530 5906; baseline -0.002 -10"><span class='ocrx_word' id='word_1_998' title='bbox 2215 5845 2232 5879; x_wconf 75' lang='grc' dir='ltr'>ί</span> <span class='ocrx_word' id='word_1_999' title='bbox 2258 5841 2389 5906; x_wconf 69' lang='grc' dir='ltr'>ωτι,</span> <span class='ocrx_word' id='word_1_1000' title='bbox 2412 5841 2464 5894; x_wconf 84' lang='lat' dir='ltr'><strong>in</strong></span> <span class='ocrx_word' id='word_1_1001' title='bbox 2485 5837 2570 5894; x_wconf 84' lang='lat' dir='ltr'><strong>illo</strong></span> <span class='ocrx_word' id='word_1_1002' title='bbox 2591 5840 2686 5893; x_wconf 75' lang='lat' dir='ltr'><strong>vita</strong></span> <span class='ocrx_word' id='word_1_1003' title='bbox 2705 5844 2830 5892; x_wconf 86' lang='lat' dir='ltr'><strong>erat.</strong></span> <span class='ocrx_word' id='word_1_1004' title='bbox 2849 5841 3158 5906; x_wconf 80' lang='lat' dir='ltr'><strong>Autiqulores</strong></span> <span class='ocrx_word' id='word_1_1005' title='bbox 3178 5840 3308 5905; x_wconf 67' lang='grc' dir='ltr'><strong>ωε..</strong></span> <span class='ocrx_word' id='word_1_1006' title='bbox 3327 5837 3422 5893; x_wconf 71' lang='lat' dir='ltr'><strong>vita</strong></span> <span class='ocrx_word' id='word_1_1007' title='bbox 3441 5846 3530 5893; x_wconf 80' lang='lat' dir='ltr'><strong>est.</strong></span> 
     </span>
    </p>
   </div>
  </div>
