4008 6322
189 399 280 455 ΞΠ

183 535 342 592 Deme
381 528 644 586 mediator
673 527 970 595 existeret,
1007 526 1222 582 Verbum
1256 544 1377 581 caro
1417 527 1609 597 factum
1658 534 1758 581 est.

185 625 229 678 id
253 632 351 682 est.
373 621 608 677 Verbum
637 623 799 676 homo
821 618 1015 674 factum
1038 629 1139 674 est.
1168 617 1393 673 Nomine
1419 617 1559 671 enim
1588 618 1765 669 carnis

183 714 421 785 appellati
446 721 568 769 sunt
589 711 857 768 homines.
880 709 1007 766 inde
1025 723 1140 765 est:
1159 709 1226 764 Et
1255 709 1436 763 uidebit
1457 709 1620 763 omnis
1644 723 1765 762 caro

181 806 391 859 salutare
439 801 536 859 Dei
561 802 734 876 (Luc.
760 819 855 869 ιιι,
885 802 976 874 6).
1030 799 1218 857 Omnis
1259 814 1388 854 caro
1414 799 1612 854 dictum
1639 807 1760 864 εει,

182 911 358 953 omnes
381 895 647 952 homines.
675 895 743 950 Et
763 895 1050 963 Apostolus
1082 911 1096 948 :
1121 890 1246 947 Non
1267 900 1337 946 est
1357 892 1500 945 nobis
1520 889 1766 944 collucta-

181 989 246 1041 tio
266 985 507 1043 adversus
528 1001 734 1041 carnem
761 995 808 1042 et
836 985 1135 1056 sanguinem
1165 983 1241 1053 (id
1267 991 1350 1037 est
1377 981 1634 1036 adversus
1662 980 1762 1035 ho-

181 1078 395 1150 mines),
440 1079 532 1132 sed
556 1075 800 1131 adversus
822 1075 1076 1147 principes
1110 1085 1156 1129 et
1183 1083 1449 1144 potestates
1477 1082 1524 1126 et
1546 1081 1762 1127 rectores

180 1170 343 1224 ntundi
371 1168 691 1225 tenebrarum
715 1165 940 1240 Ιιαι-ιιηι(
967 1167 1160 1239 Ephes.
1190 1182 1240 1221 Vl
1263 1208 1278 1234 ,
1311 1165 1378 1220 η
1406 1166 1460 1237 ):
1484 1164 1552 1221 de
1568 1166 1762 1235 quibus

178 1262 226 1315 in
251 1259 723 1332 consequentibus,
769 1259 814 1314 si
847 1259 1104 1314 Dominus
1125 1257 1423 1327 adjuverit,
1457 1257 1756 1326 loquemur.

177 1353 405 1410 Pertinet
428 1343 573 1408 enim
602 1353 700 1406 ista
723 1351 996 1407 distinctio
1022 1350 1088 1404 ad
1115 1349 1503 1418 expositionem
1538 1346 1757 1414 Psalmi,

174 1459 322 1510 quem
343 1441 399 1498 in
427 1443 647 1500 nomine
683 1442 892 1498 Domini
915 1441 1250 1512 suscepimus
1281 1439 1514 1496 enodare
1543 1439 1758 1495 Sancti-

174 1533 258 1588 tati
289 1530 512 1591 Vestrae.
543 1533 744 1589 Tamen
776 1533 843 1588 ad
877 1531 980 1588 hoc
1006 1532 1115 1588 dixi
1150 1534 1265 1587 haec
1287 1531 1551 1599 exempla,
1578 1540 1636 1585 ut
1661 1546 1758 1584 no-

174 1625 344 1680 veritis
383 1639 602 1680 carnem
656 1623 951 1693 appellatos
997 1638 1118 1680 esse
1162 1623 1448 1687 homines;
1504 1631 1563 1676 ut
1613 1621 1754 1692 quod

170 1718 360 1772 dictum
393 1725 508 1781 est,
543 1715 608 1770 Et
665 1714 879 1770 Verbum
915 1731 1036 1770 caro
1075 1715 1266 1783 factum
1316 1727 1417 1780 est,
1447 1710 1757 1782 intelligetis
1799 1732 1809 1741 ·

168 1813 382 1876 dictum,
411 1820 467 1866 et
491 1809 728 1866 Verbum
755 1808 918 1865 homo
942 1808 1138 1863 factum
1160 1817 1262 1861 est.
1454 1860 1460 1864 ,

230 1903 283 1959 2.
322 1903 509 1974 Neque
553 1902 670 1958 sine
715 1915 875 1958 causa
919 1900 1023 1956 hoc
1066 1899 1196 1954 dixi.
1228 1897 1447 1953 Noverit
1489 1894 1757 1953 Sanctitas

170 1996 350 2053 Vestra
377 1997 546 2054 fuisse
568 1996 854 2068 quamdam
887 1993 1136 2050 haeresim
1162 2036 1176 2058 ,
1202 1994 1285 2047 vel
1310 1992 1486 2046 adhuc
1512 1992 1753 2048 fortassis

167 2088 342 2147 haberi
379 2089 634 2160 reliquias
659 2086 1011 2159 quorumdam
1055 2085 1146 2157 qui
1176 2085 1302 2140 dicti
1330 2093 1455 2140 sunt
1477 2084 1752 2154 Apollina-

167 2182 319 2236 ristze.
349 2181 528 2248 Aliqui
559 2181 703 2236 enim
731 2180 966 2251 ipsorum
994 2177 1250 2232 dixerunt
1271 2176 1568 2241 hominem,
1591 2191 1750 2246 quem

165 2272 388 2342 suscepit
434 2271 707 2342 Sapientia
762 2270 860 2325 Dei
904 2271 924 2340 (
956 2279 1010 2324 et
1056 2268 1110 2323 in
1139 2283 1244 2338 quo
1271 2267 1534 2338 expressit
1563 2280 1751 2337 perso-

166 2379 278 2418 nam
305 2379 480 2427 suam,
506 2377 611 2417 non
634 2362 773 2418 sicut
801 2362 852 2416 in
875 2361 1086 2417 caeteris
1105 2362 1122 2393 ί
1143 2360 1470 2426 hominibus,
1490 2358 1586 2415 sed
1613 2359 1752 2415 sicut

164 2454 350 2510 dictum
376 2464 460 2510 est
490 2455 542 2508 in
577 2454 781 2524 psalmo
803 2495 819 2518 ,
853 2451 1009 2509 Unxit
1055 2462 1103 2506 te
1143 2450 1304 2517 Deus,
1330 2449 1470 2505 Deus
1499 2460 1616 2506 tuus
1639 2452 1750 2506 oleo

163 2548 502 2604 exsultationis
530 2563 639 2620 pra.-
673 2545 1006 2618 participibus
1046 2544 1146 2599 tuis
1196 2539 1218 2617 [
1252 2543 1397 2600 Psal.
1444 2559 1590 2609 thv,
1625 2542 1700 2616 8]
1731 2585 1746 2610 ,

165 2640 212 2695 id
253 2648 334 2696 est
379 2640 613 2711 amplius
677 2653 836 2710 quam
878 2637 1164 2709 participes
1205 2645 1323 2690 tuos
1371 2652 1385 2688 :
1427 2650 1496 2690 ne
1535 2645 1752 2704 putetur

163 2731 235 2786 sic
285 2738 482 2786 unctus
523 2721 790 2785 Christus
861 2726 1132 2800 quomodo
1194 2723 1373 2781 επιειί
1443 2724 1689 2780 homines
1731 2764 1748 2788 ,

163 2825 423 2894 quomodo
465 2822 647 2881 ceteri
683 2822 816 2893 justi
848 2865 864 2889 ,
895 2815 1167 2894 quomodo
1219 2817 1542 2874 Patriarchre
1572 2859 1588 2881 ,
1622 2816 1754 2873 Pro-

165 2918 363 2987 phetas,
409 2915 693 2986 Apostoli,
741 2923 797 2970 et
852 2912 1112 2988 Martyres
1145 2950 1163 2976 ,
1226 2919 1281 2964 et
1333 2907 1589 2980 quidquid
1634 2924 1752 2964 ma-

162 3024 312 3079 gnum
363 3017 446 3064 est
501 3008 554 3062 in
583 3021 780 3077 genere
812 3003 1073 3060 humano.
1118 3001 1342 3070 Quando
1377 3001 1591 3072 quidem
1622 2999 1750 3054 nihil

164 3099 322 3169 maius
363 3098 572 3154 exstitit
600 3098 652 3152 in
695 3110 892 3166 genere
920 3095 1154 3149 humano
1179 3105 1339 3163 quam
1378 3089 1612 3145 Joannes
1645 3089 1752 3144 Ba-

163 3191 345 3260 ptista;
397 3203 502 3244 nec
549 3188 600 3243 in
643 3186 785 3242 natis
823 3185 1105 3240 mulierum
1152 3181 1456 3240 exsurrexit
1509 3180 1748 3254 [Matt/1.

163 3299 227 3344 ιι.
247 3283 267 3336 l
287 3284 304 3337 ι
328 3279 372 3354 ].
400 3281 459 3337 Si
487 3279 686 3350 qnmris
713 3277 1081 3333 excellentiam
1109 3273 1360 3341 hominis,
1382 3272 1617 3328 Joannes
1647 3273 1750 3326 Ba-

163 3375 307 3443 ptista
340 3381 445 3428 est.
491 3372 590 3426 Cui
621 3381 800 3426 autem
831 3369 1068 3425 Joannes
1105 3383 1163 3423 se
1210 3367 1339 3422 dicit
1366 3381 1472 3421 non
1515 3381 1635 3421 esse
1664 3365 1752 3419 di-

159 3481 310 3536 gnum
336 3463 624 3532 corrigiam
669 3461 1019 3516 ealceamenti
1071 3458 1280 3513 solvere
1321 3455 1529 3530 [Marci
1559 3474 1596 3520 ι,
1627 3458 1658 3511 7
1685 3455 1708 3530 ]
1732 3497 1748 3518 ,

159 3555 275 3624 quid
304 3565 424 3611 erat
471 3555 564 3610 ille
595 3552 696 3607 nisi
745 3552 977 3624 amplius
1026 3567 1183 3620 quam
1237 3551 1417 3604 caueri
1466 3547 1750 3604 homines?

161 3649 323 3704 Etiam
353 3649 406 3702 in
434 3649 554 3716 ipso
589 3644 804 3699 homine
829 3643 1061 3714 amplius
1086 3657 1245 3712 quam
1277 3641 1456 3696 caeteri
1482 3641 1746 3695 homines.

159 3739 282 3794 Nam
311 3737 611 3793 secundum
649 3736 838 3802 Deum,
869 3745 922 3789 et
972 3734 1268 3787 secundum
1295 3731 1626 3786 divinitatem
1650 3772 1664 3795 ,
1696 3740 1752 3786 et

159 3825 449 3882 secundum
506 3828 555 3883 id
579 3828 720 3898 quod
751 3827 802 3881 in
835 3826 1094 3897 principio
1115 3833 1232 3878 erat
1255 3823 1514 3884 Verbum.
1537 3833 1592 3880 et
1615 3822 1746 3878 Ver-

159 3923 276 3976 bum
313 3928 433 3977 erat
462 3919 606 3990 apud
638 3920 802 3973 Deum
828 3959 843 3984 ,
881 3925 937 3972 et
968 3917 1105 3972 Deus
1130 3926 1243 3971 erat
1271 3915 1504 3970 Verbum
1537 3957 1552 3977 ,
1589 3929 1750 3984 super

156 4027 362 4068 omnem
400 4017 710 4067 creaturam
738 4007 960 4078 aequalis
981 4015 1064 4063 est
1093 4005 1236 4062 Patri
1271 4021 1285 4060 :
1319 4005 1411 4060 sed
1437 4006 1644 4075 agimus
1683 4005 1751 4060 de

159 4106 385 4160 homine.
418 4103 585 4160 Forte
612 4110 760 4173 putet
778 4102 1042 4173 quiSpiam
1078 4108 1338 4165 vestrum,
1372 4099 1561 4153 fratres
1588 4140 1600 4158 .
1626 4099 1748 4166 quia

158 4194 310 4251 homo
353 4195 445 4251 ille
497 4202 783 4263 susceptus
825 4206 854 4245 a
907 4188 1178 4259 Sapientia
1234 4189 1356 4255 Dei,
1387 4188 1606 4259 mqnalis
1636 4197 1751 4241 erat

156 4291 360 4343 caeteris
389 4286 724 4342 hominibus.
753 4284 807 4340 Si
836 4285 887 4338 in
920 4284 1021 4337 tuis
1048 4281 1305 4338 membris
1336 4283 1558 4335 multum
1590 4280 1752 4334 distat

115 4397 118 4402 '
159 4379 287 4436 inter
307 4388 470 4449 caput
502 4387 557 4433 et
583 4387 775 4432 cmtera
807 4374 1047 4430 membra
1077 4391 1092 4427 ι
1123 4380 1271 4429 certe
1296 4373 1475 4426 omnia
1505 4372 1747 4426 membra

158 4471 346 4524 Iacinnt
375 4484 580 4538 corpus
610 4483 774 4522 unum
800 4507 816 4533 ,
847 4467 1070 4520 multum
1113 4476 1291 4518 tamen
1341 4464 1564 4518 interest
1611 4463 1751 4516 inter

157 4574 302 4633 caput
325 4572 380 4619 et
409 4570 608 4617 caetera
639 4559 900 4614 membra.
929 4557 1139 4612 Etenim
1172 4556 1224 4611 in
1252 4555 1462 4610 caeteris
1492 4554 1750 4610 membris

159 4671 254 4711 non
309 4656 483 4712 sentis
533 4654 634 4709 nisi
676 4661 815 4707 tactu
849 4652 867 4717 ;’
917 4649 1180 4721 tangendo
1223 4648 1390 4703 sentis
1434 4649 1486 4702 in
1539 4649 1750 4703 etetcris

158 4749 402 4805 membris
448 4766 465 4804 :
511 4748 566 4801 in
607 4744 780 4814 capite
827 4753 1002 4798 autem
1056 4753 1110 4797 et
1157 4740 1345 4806 vides,
1377 4749 1430 4795 et
1468 4740 1656 4804 audis,
1696 4747 1752 4793 et

157 4843 360 4908 oliacis,
393 4851 450 4897 et
500 4850 707 4912 gustas,
754 4849 810 4894 et
837 4837 1027 4904 tangis.
1059 4836 1116 4890 Si
1149 4843 1292 4888 tanta
1315 4833 1637 4888 excellentia
1669 4843 1752 4886 est

158 4937 336 5006 capitis
378 4935 446 4990 ad
495 4933 737 4990 membra
789 4940 1020 4992 czetcra,
1053 4937 1251 4999 quanla
1301 4927 1616 4982 excellentia
1667 4936 1751 4981 est

157 5030 336 5099 capitis
363 5029 635 5083 universa:
664 5024 939 5087 Ecclesiae,
968 5023 1017 5077 id
1040 5031 1122 5075 est
1153 5021 1294 5074 illius
1316 5019 1568 5084 hominis,
1587 5033 1748 5088 quem

157 5122 315 5178 voluit
345 5121 491 5177 Deus
523 5117 873 5173 mediatorem
902 5129 1022 5169 esse
1070 5112 1211 5168 inter
1265 5111 1429 5164 Deum
1477 5119 1533 5165 et
1581 5109 1752 5162 immi-

157 5215 281 5269 ιιεεῖ
302 5214 344 5286 ),
378 5227 515 5282 ergo
544 5209 617 5264 illi
649 5207 886 5263 hazretici
935 5206 1225 5269 dixerunt,
1255 5201 1526 5256 hominem
1560 5199 1707 5253 illum
1733 5239 1750 5264 ,

154 5322 303 5376 quem
338 5300 587 5371 suscepit
617 5300 851 5356 Verbum
876 5340 892 5364 ,
944 5311 1066 5353 eum
1111 5293 1345 5350 Verbum
1382 5306 1509 5347 caro
1555 5291 1749 5346 factum

155 5408 269 5464 est,
301 5414 410 5453 non
464 5393 721 5449 habuisse
769 5399 1002 5446 mentem
1055 5387 1380 5450 humanam,
1411 5382 1505 5438 sed
1548 5391 1752 5437 tantum

155 5492 378 5546 animam
408 5487 534 5542 sine
561 5483 908 5555 intelligentia
927 5481 1156 5536 humana
1185 5477 1369 5533 fuisse.
1399 5476 1570 5531 Homo
1596 5475 1740 5529 enim

157 5581 340 5637 videtis
359 5579 510 5635 unde
535 5583 749 5632 constat
779 5591 796 5630 :
837 5589 904 5627 ex
932 5571 1111 5627 anima
1156 5578 1211 5625 et
1233 5581 1482 5639 corpore.
1505 5564 1608 5621 Sed
1639 5565 1751 5634 ipsa

153 5672 324 5728 anima
353 5673 596 5727 humana
623 5667 783 5732 habet
807 5660 1011 5737 aliquid
1041 5660 1183 5734 quod
1206 5675 1311 5716 non
1337 5659 1537 5714 habent
1557 5658 1752 5714 animat

212 5823 231 5856 ⁸
249 5823 525 5874 ItaGatian.
557 5817 732 5869 codex.
769 5815 852 5865 Alit
876 5827 995 5865 vero
1017 5821 1145 5874 Mss,
1169 5824 1261 5862 non
1291 5809 1418 5865 sicut
1453 5807 1642 5864 ccteris
1672 5809 1755 5862 Ito-

151 5873 367 5940 miaibus.
393 5881 534 5946 ωα..
559 5891 652 5931 non
668 5877 789 5931 sicut
803 5883 999 5930 cetera;
1020 5873 1248 5927 bonum.

1240 406 1640 466 ΕΝᾹῐίΙὶΑΤΙΟ
1681 403 1744 459 ΙΝ
1787 403 2111 464 PSALMUM
2156 410 2346 466 XXIX.

3361 425 3467 483 218

1875 541 2151 595 pecorum.
2179 528 2312 584 Nam
2355 540 2409 586 et
2445 547 2636 602 pecora
2663 537 2895 594 animam
2923 535 3155 606 habent,
3184 551 3234 596 et
3265 543 3466 596 anima-

1873 617 1942 671 lia
1967 631 2224 677 vocantur
2254 637 2270 677 :
2311 638 2415 677 non
2460 626 2603 679 enim
2633 639 2954 684 vocarentur
2983 632 3228 686 animalia
3267 634 3366 686 nisi
3398 636 3466 688 ah

1869 710 2084 775 anima;
2113 721 2169 767 et
2197 713 2441 768 videmus
2470 719 2592 786 quia
2625 727 2677 772 et
2700 719 2813 786 ipsa
2841 721 3045 775 vivunt.
3073 723 3178 777 Sed
3207 724 3334 792 quid
3367 725 3463 776 ha-

1868 800 1958 856 bet
1984 804 2214 872 amplius
2243 809 2425 871 homo,
2455 807 2595 862 unde
2622 808 2792 864 Laetus
2819 819 2902 865 est
2925 810 2991 864 ad
3023 811 3305 880 imaginem
3336 813 3468 866 Dei?

1869 893 2000 960 Quia
2027 894 2274 965 intelligit
2297 907 2352 951 et
2379 899 2538 967 sapit,
2562 899 2684 969 quia
2712 900 2968 954 discernit
3003 902 3199 956 bonum
3221 918 3250 954 a
3279 904 3420 956 malo
3449 920 3466 960 :

1868 981 1923 1039 in
1955 983 2056 1039 hoc
2083 985 2251 1040 factus
2291 996 2374 1042 est
2415 988 2482 1040 ad
2516 989 2799 1059 imaginem
2832 999 2886 1043 et
2915 991 3315 1046 similitudinem
3350 991 3466 1046 Dei.

1867 1075 2040 1132 liabet
2065 1093 2194 1149 ergo
2224 1079 2423 1150 aliquid
2450 1082 2591 1151 quod
2639 1098 2743 1137 non
2772 1082 2975 1138 habent
3011 1099 3228 1154 pecora.
3252 1085 3319 1139 Et
3341 1084 3468 1154 quia

1864 1169 2160 1223 contemnit
2189 1169 2240 1223 in
2268 1184 2326 1224 se
2350 1187 2456 1240 quo
2488 1171 2678 1227 melior
2702 1182 2784 1228 est
2828 1165 3139 1242 pecoribus;
3171 1175 3385 1244 perimit
3411 1173 3465 1228 in

1864 1273 1926 1314 se
1951 1260 2031 1314 vel
2055 1259 2252 1314 deterit
2269 1265 2311 1327 ⁸,
2333 1272 2386 1314 et
2416 1263 2814 1328 quodammodo
2840 1264 3147 1318 obsolefacit
3176 1264 3461 1332 imaginem

1864 1349 1981 1416 Dei,
2003 1359 2062 1406 ιιι
2085 1351 2293 1407 dicatur
2335 1351 2528 1410 talibus
2560 1372 2574 1409 :
2609 1354 2784 1410 Nolite
2818 1373 2925 1409 esse
2951 1357 3078 1410 sicut
3097 1373 3254 1424 equus
3272 1366 3316 1410 et
3343 1373 3461 1408 mn-

1862 1443 1943 1498 lus
1968 1481 1984 1508 ,
2012 1444 2193 1516 quibus
2234 1461 2336 1498 non
2361 1453 2438 1499 est
2463 1445 2745 1500 intellectus
2798 1447 2817 1516 (
2849 1445 2992 1500 Psal.
3028 1463 3156 1500 xxxt
3179 1489 3192 1507 .
3223 1447 3256 1502 9
3284 1447 3324 1516 ).
3375 1445 3458 1502 illi

1862 1535 2024 1606 igitur
2070 1536 2305 1592 haeretici
2351 1538 2600 1594 dixerunt
2655 1539 2938 1593 Dominum
2985 1550 3226 1594 nostrum
3271 1538 3457 1594 Jesnm

1860 1626 2129 1684 Christum
2175 1644 2280 1683 non
2313 1628 2565 1685 habuisse
2614 1640 2850 1684 mentem
2879 1630 3168 1684 humanam
3195 1671 3210 1694 ,
3242 1638 3296 1684 et
3323 1629 3455 1685 illud

1860 1718 2004 1788 quod
2037 1726 2216 1786 levae:
2255 1719 2425 1775 Graeci
2475 1721 2697 1787 dicunt,
2729 1737 2829 1776 nos
2871 1721 3096 1775 dicimus
3145 1721 3444 1790 rationale,

1859 1809 2000 1865 unde
2050 1809 2212 1864 homo
2255 1811 2624 1875 ratiocinatur,
2679 1812 2822 1883 quod
2863 1830 2967 1868 non
3018 1813 3216 1868 habent
3255 1824 3450 1869 caetera

1856 1903 2128 1959 animalia.
2159 1903 2265 1958 Sed
2308 1904 2434 1974 quid
2479 1904 2704 1960 dicunt?
2734 1906 2908 1976 ipsum
2935 1903 3171 1961 Verbum
3197 1903 3329 1972 Dei,
3353 1904 3458 1960 hoc

1857 2005 1974 2050 erat
2000 1993 2052 2050 in
2078 1995 2414 2052 illo_homine
2442 2011 2540 2066 pro
2570 2005 2770 2051 mente.
2824 1996 3037 2052 Exclusi
3066 2005 3193 2051 sunt.
3221 1998 3339 2060 isti,
3366 2011 3456 2050 re-

1857 2086 2002 2156 spuit
2033 2085 2155 2141 illos
2180 2084 2445 2142 catholica
2469 2086 2623 2154 iides,
2652 2095 2708 2142 et
2747 2087 2996 2146 lueresim
3030 2087 3291 2142 fecerunt.
3315 2086 3460 2141 Con.

1857 2174 2122 2232 ﬁrmatum
2150 2187 2232 2233 est
2258 2179 2311 2232 in
2349 2177 2607 2235 catholica
2635 2178 2742 2234 ﬁde
2766 2219 2781 2244 ,
2809 2178 3085 2234 hominem
3115 2179 3264 2233 illum
3294 2193 3454 2250 quem

1856 2270 2093 2338 suscepit
2132 2269 2406 2339 Sapientia
2440 2270 2571 2336 Dei,
2617 2270 2751 2326 nihil
2789 2272 2966 2326 minus
3006 2271 3256 2326 habuisse
3295 2286 3452 2342 quam

1855 2361 2037 2414 caeteri
2086 2361 2336 2416 homines
2363 2400 2381 2427 ,
2421 2371 2678 2433 quantum
2717 2362 2950 2430 pertinet
2986 2361 3053 2417 ad
3089 2359 3452 2433 integritatem

1857 2461 2391 2523 naturaazquantum
2439 2463 2618 2508 autem
2667 2453 2736 2508 ad
2783 2454 3448 2523 excellentiatn‘personaz,

1853 2545 1998 2599 aliud
2056 2561 2216 2616 quam
2276 2546 2456 2602 caeteri
2513 2544 2781 2600 homines.
2814 2545 2949 2602 Nam
2977 2546 3156 2600 cmleri
3209 2545 3456 2600 homines

1857 2645 2080 2706 possunt
2124 2637 2226 2692 dici
2277 2637 2562 2708 participes
2581 2635 2744 2692 Verbi
2789 2637 2907 2703 Dei,
2926 2637 3186 2693 habentes
3213 2635 3450 2692 Verbum

1858 2729 1970 2794 Dei,
1998 2729 2177 2784 nullus
2194 2740 2372 2784 autem
2393 2743 2579 2784 eorum
2601 2737 2778 2800 potest
2797 2729 2903 2784 dici
2924 2729 3154 2784 Verbum
3179 2728 3292 2793 Dei,
3312 2727 3454 2799 quod

1841 2821 2030 2898 .dictus
2045 2831 2124 2875 est
2140 2820 2250 2885 ille,
2274 2836 2394 2875 cum
2416 2818 2617 2876 dictum
2631 2831 2736 2888 est,
2768 2820 2982 2876 Verbum
3006 2838 3124 2875 caro
3141 2823 3333 2892 factum
3357 2831 3452 2876 est.

1929 2913 1982 2968 5.
2023 2911 2136 2966 Non
2163 2911 2449 2967 defuerunt
2476 2913 2637 2967 etiam
2663 2913 2755 2968 alii
2782 2912 2996 2982 quidam
3024 2929 3088 2967 ex
3121 2913 3236 2983 ipso
3263 2927 3451 2967 errore

1855 3006 2152 3069 venientes,
2194 3005 2296 3074 qui,
2317 3020 2420 3060 non
2452 3006 2626 3060 solum
2657 3015 2890 3060 mentem
2937 3007 3180 3061 dicerent
3221 3022 3325 3060 non
3359 3005 3454 3060 ha-

1856 3096 2038 3152 buisse
2066 3096 2215 3151 illum
2268 3097 2569 3161 hominem,
2618 3099 2970 3152 mediatorem
3000 3099 3270 3153 Christum
3318 3099 3457 3154 inter

1859 3187 2023 3240 Deum
2051 3197 2104 3241 et
2132 3187 2378 3243 homines
2402 3229 2417 3253 ,
2445 3188 2538 3242 sed
2573 3204 2672 3242 nec
2700 3189 2930 3241 animam
2966 3205 2979 3240 :
3010 3188 3102 3242 sed
3136 3198 3339 3243 tantum
3370 3187 3456 3243 di-

1856 3289 2069 3342 xerunt,
2103 3280 2331 3334 Verbum
2377 3290 2432 3335 et
2469 3296 2596 3334 caro
2623 3291 2760 3345 erat,
2794 3290 2844 3335 et
2875 3281 3053 3334 anima
3087 3281 3156 3334 ibi
3204 3296 3312 3334 non
3341 3289 3458 3336 erat

1857 3369 2086 3424 humana
2109 3413 2124 3437 ,
2159 3385 2310 3425 mens
2341 3371 2411 3426 ibi
2442 3385 2547 3426 non
2583 3381 2700 3425 erat
2737 3371 2987 3425 humana.
3031 3371 3144 3426 lloc
3185 3372 3454 3426 dixerunt.

1855 3461 1957 3515 Sed
1985 3461 2111 3531 quid
2139 3463 2291 3516 erat?
2341 3461 2572 3516 Verbum
2598 3471 2652 3516 et
2675 3477 2824 3520 caro.
2870 3462 2938 3517 Et
2967 3461 3094 3516 istos
3123 3462 3324 3530 respuit
3349 3463 3454 3518 Ee-

1855 3554 2015 3609 elcsia
2042 3554 2304 3609 catholica
2330 3596 2346 3615 ,
2374 3566 2430 3609 et
2454 3555 2674 3624 expellit
2697 3571 2791 3610 eos
2815 3556 2884 3611 ab
2911 3554 3100 3610 ovibus
3120 3596 3136 3620 ,
3168 3565 3222 3609 et
3260 3571 3289 3607 a
3320 3555 3457 3608 sim-

1854 3646 1974 3716 plici
2005 3655 2060 3700 et
2083 3661 2206 3700 vera
2235 3646 2338 3700 ﬁde
2362 3663 2376 3702 :
2409 3656 2463 3701 et
2483 3647 2855 3701 confirmatum
2878 3657 2980 3713 est,
3005 3645 3455 3715 quemadmodum

1855 3738 1991 3804 dixi,
2025 3739 2294 3794 hominem
2324 3739 2472 3794 illum
2500 3740 2846 3795 mediatorem
2879 3737 3130 3794 imbuisse
3154 3741 3332 3794 omnia
3358 3738 3456 3793 ho-

1855 3831 2034 3895 minis,
2087 3840 2282 3900 prreter
2330 3842 2627 3900 peccatum.
2674 3831 2729 3887 Si
2769 3833 2912 3887 enim
2965 3831 3128 3886 multa
3174 3831 3336 3900 gessit
3366 3846 3460 3885 se-

1855 3923 2088 3978 cundum
2148 3939 2365 3994 corpus,
2395 3940 2460 3979 ex
2517 3940 2626 3994 quo
2680 3925 3039 3995 intelligamus
3099 3925 3222 3993 quia
3272 3923 3456 3978 habuit

1854 4031 2052 4086 corpus
2112 4033 2216 4071 non
2260 4018 2327 4071 in
2391 4016 2717 4081 mendacio,
2782 4016 2878 4071 sed
2936 4016 2989 4070 in
3045 4016 3270 4071 veritate
3318 4030 3339 4075 ς
3399 4023 3457 4088 ut

1855 4117 2003 4177 puta,
2032 4107 2301 4178 quomodo
2323 4107 2670 4177 intelligimus
2696 4107 2815 4176 quia
2845 4105 3032 4160 habuit
3057 4104 3296 4174 corpus?
3325 4105 3456 4158 Am-

1855 4199 2056 4254 bulavit
2077 4243 2089 4263 ,
2120 4201 2293 4266 sedit,
2325 4200 2597 4264 dormivit,
2624 4198 3046 4274 comprehensus
3073 4205 3176 4263 est,
3210 4196 3455 4268 ﬂagella-

1857 4303 1941 4348 tus
1967 4304 2067 4357 est,
2099 4292 2462 4362 colaphizatus
2487 4303 2591 4356 εει,
2639 4290 2924 4345 crueiiixus
2949 4296 3052 4354 est,
3081 4297 3325 4344 mortuus
3349 4297 3453 4344 est.

1856 4384 2003 4439 Tolle
2032 4399 2244 4453 corpus,
2273 4383 2403 4437 nihil
2437 4383 2626 4436 horum
2655 4381 2769 4436 fieri
2801 4380 2990 4451 potuit.
3021 4379 3304 4448 Quomodo
3327 4395 3458 4450 ergo

1854 4492 1922 4533 ex
1950 4477 2032 4530 his
2059 4475 2268 4530 indiciis
2294 4473 2668 4543 cognoscimus
2707 4473 2758 4526 in
2791 4471 3078 4542 Evangeiio
3104 4470 3224 4541 quia
3265 4485 3454 4525 verum

1854 4585 2050 4638 corpus
2078 4568 2280 4632 habuit,
2324 4567 2462 4621 sicut
2509 4575 2562 4620 et
2602 4565 2715 4634 ipse
2742 4565 2901 4619 etiam
2937 4573 3063 4634 post
3101 4563 3454 4618 resurrectio-

1855 4678 1977 4717 nem
2008 4662 2141 4715 dixit
2171 4678 2184 4713 :
2215 4659 2467 4728 Palpate,
2497 4667 2543 4710 et
2581 4657 2772 4720 videte,
2804 4656 2922 4728 quia
2946 4655 3154 4724 spiritus
3171 4670 3376 4708 cernens
3405 4663 3455 4708 et

1855 4770 1970 4808 ossa
1996 4769 2094 4807 non
2122 4749 2290 4817 habet,
2313 4751 2441 4802 sicut
2463 4765 2538 4802 me
2559 4749 2734 4802 videtis
2757 4747 2939 4800 habere
2965 4745 3116 4815 (Luc.
3143 4761 3284 4811 xxiv,
3308 4743 3400 4810 59)
3435 4760 3450 4798 ι

1854 4843 2125 4913 quomodo
2150 4857 2215 4895 ex
2261 4840 2343 4894 his
2368 4840 2544 4902 rebus,
2581 4854 2647 4892 ex
2685 4837 2767 4891 his
2806 4837 3056 4906 operibus
3084 4835 3355 4891 credimus
3391 4844 3447 4890 et

1857 4936 2204 5004 intelligimus
2235 4941 2288 4987 et
2318 4935 2563 4985 novimus
2591 4931 2714 5000 quia
2741 4945 2937 5000 corpus
2980 4929 3162 4985 habuit
3195 4928 3456 4984 Dominus

1855 5029 2032 5088 Jesns.
2077 5028 2156 5081 sic
2184 5035 2236 5082 et
2281 5041 2345 5079 ex
2374 5023 2692 5094 quibusdam
2739 5022 2858 5077 aliis
2886 5021 3078 5076 ciliciis
3123 5018 3457 5077 naturalibus

1857 5124 1978 5193 quia
2007 5121 2191 5175 habuit
2215 5118 2467 5174 animam.
2499 5116 2737 5183 Esurire,
2760 5114 2929 5179 sitire,
2955 5116 3147 5168 animas
3166 5123 3290 5168 sunt
3309 5112 3410 5168 ista
3441 5130 3455 5166 :

1857 5217 1984 5270 tolle
2008 5216 2236 5268 animam
2263 5254 2278 5279 ,
2306 5227 2504 5282 corpus
2535 5211 2650 5266 base
2674 5209 2925 5266 exanime
2957 5224 3063 5264 non
3093 5206 3310 5280 poterit.
3349 5205 3454 5262 Sed

1856 5307 1900 5361 si
1934 5306 2063 5360 falsa
2092 5305 2275 5359 dicunt
2315 5304 2411 5357 ista
2457 5301 2641 5368 fuisse,
2682 5301 2810 5356 falsa
2843 5308 3001 5355 erunt
3038 5308 3093 5355 et
3120 5298 3207 5353 illa
3235 5313 3356 5368 qua:
3384 5297 3449 5353 de

1856 5413 2084 5466 corpore
2127 5397 2461 5451 creduntur:
2507 5394 2552 5448 si
2597 5403 2774 5447 autem
2802 5408 2867 5446 ex
2899 5407 2966 5447 eo
3007 5405 3190 5448 verum
3235 5406 3454 5462 corpus,

1855 5489 1977 5560 quia
2023 5503 2147 5542 vera
2193 5487 2366 5540 cilicia
2401 5486 2675 5555 corporis;
2715 5499 2782 5540 ex
2819 5499 2888 5540 eo
2927 5498 3050 5540 vera
3088 5481 3288 5549 anima,
3333 5483 3462 5554 quia

1855 5597 1980 5637 vera
2009 5579 2180 5637 ofﬁcia
2211 5579 2426 5634 animae.

1897 5665 1984 5729 ’4.
2023 5669 2159 5738 Quid
2202 5670 2369 5742 ergo?
2407 5666 2668 5737 Quoniam
2715 5664 2972 5722 Dominus
3001 5666 3172 5726 (acuta
3195 5673 3282 5723 est
3305 5663 3462 5739 intlr-

1857 5804 2247 5924 αὲῐϊιὲὶιιι
2281 5803 2416 5866 add,
2440 5800 2570 5868 quod
2591 5799 2762 5854 mlius
2788 5807 2861 5853 est
2890 5797 3141 5866 pecoribus
3159 5832 3177 5862 ,
3198 5792 3465 5864 ρσὺιιὶιὶοι
