4008 6322
523 411 627 472 ω

520 541 641 580 inus
665 532 880 594 propter
912 529 984 586 te,
1013 537 1047 575 ο
1068 518 1230 575 homo
1254 517 1344 588 qui
1365 514 1554 582 audis;
1585 531 1690 570 non
1720 514 1814 570 tibi
1837 528 2119 584 compares

520 618 709 672 Deum.
739 615 948 671 Etenim
977 623 1222 668 creatura
1246 627 1305 666 es
1324 653 1338 676 ,
1372 610 1461 665 ille
1486 618 1697 665 creator
1727 617 1870 664 tuus.
1912 606 2022 665 Nec
2051 606 2117 661 il-

517 709 627 765 lum
644 709 914 764 hominem
940 707 1031 761 tibi
1054 704 1319 767 conferas,
1343 701 1463 772 quia
1484 707 1702 770 propter
1720 709 1771 754 te
1795 700 1959 753 homo
1979 698 2122 754 Deus

518 813 660 864 tuus,
689 807 744 856 et
768 799 1004 854 Verbum
1032 798 1196 851 Filius
1231 795 1323 850 Dei
1355 813 1368 848 :
1397 793 1492 849 sed
1530 793 1680 848 illum
1711 792 1982 846 hominem
2024 789 2122 844 tibi

516 893 792 963 pravteras,
825 901 1076 961 tanquam
1127 888 1499 953 mediatorem,
1542 888 1713 942 Deum
1752 895 1929 940 autem
1959 899 2118 954 supra

518 999 731 1036 omnem
757 992 1055 1037 creaturam
1081 997 1095 1034 :
1119 989 1171 1034 et
1197 979 1273 1033 sic
1296 978 1577 1049 intelligas.
1599 977 1717 1047 quia
1746 975 1837 1046 qui
1862 974 2025 1030 homo
2047 974 2121 1029 fa-

516 1083 629 1129 ctns
655 1084 736 1126 est
764 1081 980 1141 preptcr
1000 1080 1075 1135 te,
1102 1085 1211 1125 non
1229 1070 1518 1140 incongrue
1548 1076 1664 1122 orat
1689 1082 1786 1138 pro
1811 1077 1883 1122 te.
1912 1066 1972 1122 Si
1993 1081 2121 1135 ergo

515 1182 622 1221 non
651 1166 940 1236 incongrue
961 1173 1076 1217 erat
1094 1177 1189 1232 pro
1212 1172 1283 1228 te,
1303 1177 1408 1214 non
1433 1161 1723 1231 incongrue
1749 1159 1922 1227 potuit
1941 1166 1996 1215 et
2021 1157 2121 1216 ista

517 1259 680 1314 verha
707 1258 890 1312 dicere
916 1269 1133 1327 promer
1163 1265 1216 1309 te
1252 1273 1266 1306 :
1316 1253 1571 1309 Emltabo
1609 1263 1677 1319 te,
1707 1250 1947 1317 Domine,
1986 1266 2120 1321 quae

516 1353 657 1406 uiam
686 1351 952 1418 suscepisti
979 1366 1079 1415 me,
1105 1364 1194 1402 nec
1223 1346 1527 1419 jucundasti
1551 1345 1782 1400 inimicos
1810 1361 1948 1398 meos
1967 1358 2124 1409 super

517 1448 615 1495 me.
671 1441 777 1498 Sed
825 1440 922 1495 ista
966 1441 1153 1503 verba,
1194 1439 1241 1494 si
1285 1454 1393 1494 non
1440 1438 1800 1508 intelligamus
1849 1435 2119 1502 inimicos,

518 1533 648 1588 falsa
677 1542 855 1597 erunt,
887 1532 1058 1602 ipsum
1106 1531 1385 1585 Dominum
1434 1528 1616 1592 Jesum
1664 1529 1933 1584 Christum
1969 1527 2120 1598 cogi-

517 1631 713 1678 tantes.
741 1623 1022 1692 Quomodo
1050 1621 1196 1677 enim
1239 1637 1422 1676 verum
1453 1628 1554 1688 est,
1584 1620 1628 1675 si
1672 1618 1919 1675 Christus
1941 1617 2123 1674 Domi-

519 1731 619 1770 nus
646 1715 900 1784 loquitur,
944 1713 1197 1768 Exaltabo
1225 1723 1293 1779 te,
1317 1711 1553 1778 Domine,
1597 1712 1834 1780 quoniam
1860 1711 2124 1782 suscepisti

518 1807 638 1860 me?
667 1806 744 1860 Ex
776 1822 1003 1875 persona
1032 1805 1285 1870 hominis,
1315 1821 1379 1860 ex
1412 1819 1640 1874 persona
1671 1804 2018 1868 inﬁrmitatis,
2048 1819 2118 1859 ex

521 1911 752 1967 persona
775 1897 954 1953 carnis
973 1935 990 1963 ,
1019 1896 1291 1966 quomodo
1320 1911 1507 1960 verum
1534 1904 1618 1950 est
1650 1913 1664 1950 :
1691 1893 2123 1966 quandoquidem

515 1989 790 2060 jncundati
825 1999 951 2046 sunt
996 1988 1199 2044 inimici
1225 1989 1342 2060 ejus
1370 2002 1535 2057 super
1557 2001 1701 2051 eum,
1732 1986 1947 2055 quando
1973 1986 2120 2042 illum

518 2081 918 2150 crucilixerunt,
943 2086 1230 2135 tenuerunt
1250 2093 1395 2143 eum,
1421 2086 1476 2132 et
1500 2077 1921 2146 ﬂagellaverunt,
1950 2084 2005 2133 et
2025 2091 2122 2131 co-

522 2173 965 2240 laphizaverunt.
1009 2173 1248 2227 dicentes
1275 2211 1290 2236 ,
1338 2169 1651 2241 Prophetisa
1701 2170 1878 2236 nobis,
1925 2168 2126 2224 Christe

519 2262 730 2336 (Matth.
756 2279 901 2326 nn.
929 2263 1018 2330 66,
1045 2261 1219 2334 etc)?
1260 2261 1362 2321 Ista
1405 2260 1712 2332 jucundilas
1749 2275 1936 2315 eorum
1968 2259 2124 2330 quasi

520 2357 662 2426 cogit
688 2369 788 2410 nos
830 2363 1016 2425 putare
1046 2353 1236 2409 falsum
1281 2367 1404 2408 esse
1442 2350 1585 2421 quod
1627 2351 1827 2406 dictum
1866 2359 1971 2417 est,
2011 2348 2126 2403 Nec

516 2448 811 2522 iucundasti
859 2447 1087 2502 inimicos
1133 2461 1269 2500 meos
1318 2461 1471 2515 super
1521 2459 1621 2497 nte.
1665 2441 1868 2499 Deinde
1902 2456 2026 2497 cum
2068 2439 2124 2497 in

519 2554 678 2595 cruce
703 2539 982 2610 penderet,
1004 2549 1060 2593 et
1089 2537 1388 2592 transibant
1414 2535 1504 2590 vel
1535 2533 1768 2600 stabant,
1794 2540 1851 2590 et
1878 2532 2124 2590 attende-

520 2633 668 2698 bant,
697 2644 751 2686 et
777 2640 936 2700 caput
960 2631 1265 2698 merebant,
1290 2640 1343 2684 et
1368 2627 1639 2692 dicebant,
1662 2624 1798 2681 Ecce
1828 2624 1994 2682 Filius
2009 2625 2123 2692 Dei,

521 2724 653 2777 alios
677 2724 845 2776 salsos
874 2722 1010 2793 fecit,
1038 2722 1260 2792 scipsum
1275 2736 1374 2774 non
1394 2727 1569 2788 potest,
1593 2714 1865 2772 descendat
1883 2715 1948 2770 de
1957 2731 2129 2782 cruce,

525 2824 574 2871 et
623 2815 876 2871 credimus
917 2813 972 2866 in
1015 2828 1126 2866 eum
1170 2810 1283 2883 (Id.
1332 2825 1502 2874 urit,
1554 2808 1682 2878 ως
1731 2806 1971 2862 dicentes
2027 2807 2128 2860 ista

526 2913 706 2960 uenne
739 2902 1171 2974 jucundabantur
1210 2915 1372 2972 super
1415 2896 1576 2954 eum?
1605 2897 1706 2954 Ubi
1735 2905 1820 2951 est
1858 2909 1990 2966 ergo
2027 2896 2127 2951 ista

525 3011 653 3062 vox,
679 2996 932 3052 Exaltabo
976 3003 1046 3063 te,
1068 2993 1302 3056 Domine.
1332 2991 1573 3065 quoniam
1609 2989 1873 3062 suscepisti
1909 3004 2012 3060 me,
2039 3003 2134 3044 nec

520 3088 821 3161 iucundasti
841 3088 1072 3143 inimicos
1100 3103 1237 3142 meos
1260 3103 1416 3157 super
1441 3084 1563 3140 me?

593 3179 647 3237 5.
689 3178 941 3235 Fortasse
983 3187 1202 3234 nonest
1245 3177 1348 3234 ista
1393 3190 1498 3234 rex
1545 3173 1752 3230 Domini
1787 3173 1957 3230 nostri
1996 3170 2130 3236 Jesu

523 3268 745 3335 Christi,
772 3267 868 3326 sed
899 3270 916 3303 ⁸
964 3269 1129 3340 ipsius
1160 3265 1426 3334 hominis,
1457 3265 1551 3322 sed
1583 3265 1846 3322 universa:
1875 3263 2132 3322 Eeclcsim

524 3360 705 3431 populi
732 3358 1010 3416 christiani
1043 3373 1059 3410 :
1087 3358 1217 3430 quia
1259 3357 1437 3414 omnis
1463 3357 1624 3412 homo
1658 3355 1711 3411 in
1747 3354 1967 3411 Christo
1994 3366 2132 3410 unus

525 3455 689 3511 homo
715 3463 820 3521 est,
846 3463 902 3510 et
929 3452 1107 3510 unitas
1138 3451 1568 3508 Christianorum
1595 3464 1735 3504 unus
1767 3446 1953 3504 homo.
1995 3447 2130 3503 For-

523 3555 668 3604 tasse
688 3547 806 3617 ipse
828 3546 1012 3609 homo,
1041 3542 1094 3601 id
1114 3551 1218 3608 est,
1250 3541 1430 3598 unitas
1448 3539 1876 3597 Christianorum
1903 3538 2015 3608 ipsa
2036 3537 2124 3591 di-

523 3637 600 3693 cit
625 3653 642 3691 :
677 3635 927 3694 Exultabo
965 3643 1034 3702 te,
1059 3633 1320 3702 Domine,
1341 3634 1579 3704 quoniam
1607 3631 1874 3701 suscepisti
1909 3647 2009 3695 me,
2039 3646 2134 3684 nec

524 3730 817 3797 iucundasti
851 3728 1080 3784 inimicos
1112 3743 1250 3782 meos
1291 3742 1446 3796 super
1477 3741 1572 3780 me.
1618 3722 1903 3791 Quomodo
1945 3733 1994 3776 et
2028 3721 2133 3787 hoc

523 3831 710 3876 verum
753 3828 836 3876 est
862 3819 932 3875 de
962 3819 1104 3873 illis?
1143 3816 1258 3873 Non
1288 3827 1415 3873 sunt
1449 3814 1824 3886 comprehensi
1867 3813 2131 3883 Apostoli,

528 3925 642 3966 non
670 3918 797 3966 sunt
832 3911 991 3974 ca‘si,
1039 3923 1145 3964 non
1176 3917 1301 3962 sunt
1328 3905 1578 3978 ﬂagellati
1600 3949 1615 3971 ,
1645 3921 1748 3959 non
1780 3912 1907 3960 sunt
1944 3903 2130 3968 occisi,

526 4018 636 4059 non
662 4011 787 4060 sunt
813 4002 1051 4059 cruciﬁxi
1072 4041 1089 4066 ,
1123 4016 1230 4056 non
1260 4008 1385 4055 sunt
1410 3998 1614 4054 incensi
1649 3997 1776 4060 vivi,
1807 4011 1912 4054 non
1941 3995 2005 4052 ad
2035 3996 2133 4052 be,

527 4094 660 4152 stias
705 4102 1096 4166 pugnaverunt,
1144 4107 1372 4163 quorum
1416 4089 1707 4147 memorias
1754 4087 2135 4149 celebramus?

527 4186 755 4260 Quando
782 4195 962 4244 autem
983 4187 1091 4241 ista
1130 4185 1236 4247 illis
1259 4182 1528 4240 faciebant
1549 4180 1818 4248 homines,
1847 4193 2025 4234 nonne
2048 4179 2134 4249 ja-

530 4280 904 4338 cundahantur
926 4294 1086 4351 super
1110 4277 1244 4333 eos?
1288 4274 1570 4343 Quomodo
1597 4289 1726 4344 ergo
1751 4282 1926 4348 potest
1952 4282 2007 4328 et
2033 4287 2133 4342 po-

529 4374 685 4446 pulus
706 4371 1030 4429 christianus
1053 4355 1264 4425 dicere:
1285 4364 1537 4422 Ezraltabo
1550 4375 1617 4430 te,
1637 4362 1874 4426 Domine,
1890 4363 2131 4431 quoniam

524 4462 789 4533 suscepisti
817 4478 917 4527 me,
949 4476 1038 4516 nec
1056 4456 1354 4530 jucundasti
1382 4456 1612 4512 inimicos
1639 4469 1777 4509 meos
1802 4469 1955 4523 super
1980 4468 2059 4507 me
2075 4453 2102 4508 I

599 4554 654 4610 6.
695 4551 846 4628 [verm
882 4549 958 4624 1.]
1009 4551 1368 4620 intelligemus
1409 4548 1544 4610 hoc,
1576 4545 1619 4599 si
1661 4545 1935 4598 videamus
1967 4545 2137 4611 primo

528 4647 741 4702 titulqu
773 4643 991 4702 Psalmi.
1022 4641 1194 4697 llabet
1215 4640 1360 4699 enim
1393 4657 1405 4691 :
1448 4637 1512 4692 In
1545 4636 1696 4707 ﬁnem
1729 4636 1968 4691 l‘salmus
1998 4632 2136 4688 Can-

531 4739 619 4793 tici
669 4735 1000 4793 dedicationis
1040 4735 1222 4789 domus
1251 4732 1349 4805 ipsi
1390 4730 1576 4786 David.
1618 4729 1675 4784 in
1716 4730 1819 4784 hoc
1857 4729 2010 4783 titulo
2054 4740 2141 4786 est-

535 4829 711 4884 omnis
783 4842 907 4897 spes
935 4865 951 4893 ,
993 4836 1050 4881 et
1118 4827 1427 4881 universum
1491 4829 1882 4878 Sacramcntum
1945 4819 2139 4875 dissol-

531 4919 721 4977 rcndtc
743 4917 900 4989 hujus
922 4915 1254 4987 qnarstionis.
1272 4913 1608 4970 Dcdicabitur
1621 4911 1815 4968 domus
1825 4910 2135 4981 aliquando,

530 5027 651 5083 qua:
678 5011 839 5064 modo
876 5008 1187 5064 fabricatur.
1216 5004 1376 5062 Modo
1405 5005 1549 5059 enim
1591 5001 1878 5064 fabricatur
1917 5001 2136 5067 domus,

533 5104 589 5159 id
632 5113 714 5164 est
757 5097 1016 5165 Ecclesia,
1063 5107 1246 5168 postea
1291 5093 1648 5152 dcdicabitur.
1702 5094 1760 5148 In
1802 5092 2140 5149 dedicatione

532 5195 812 5264 apparebit
853 5192 1022 5265 gloria
1073 5189 1250 5260 populi
1295 5187 1595 5250 christiani.
1637 5201 1758 5257 qua:
1791 5185 1950 5240 modo
1988 5185 2136 5239 latet.

537 5286 772 5343 Szeriant
802 5283 961 5338 modo
980 5281 1187 5336 inimici
1210 5322 1226 5347 ,
1256 5278 1538 5333 humilient
1559 5315 1575 5342 ,
1613 5276 1805 5332 faciant
1831 5290 1938 5329 non
1979 5274 2140 5345 quid-

534 5377 665 5448 quid
692 5379 895 5438 volunt,
925 5374 1021 5429 scd
1047 5371 1304 5442 quidquid
1343 5369 1576 5438 desuper
1600 5369 1993 5438 permittuntur.
2022 5364 2139 5421 Non

541 5472 690 5525 enim
718 5464 972 5538 quidquid
1021 5463 1164 5534 passi
1206 5463 1273 5516 ab
1319 5461 1549 5516 inimicis
1597 5459 1874 5525 fuerimus,
1908 5457 2142 5513 inimicis

544 5559 906 5632 deputandum
937 5566 1040 5623 est,
1075 5566 1127 5608 et
1154 5572 1260 5607 non
1291 5552 1517 5606 Domino
1543 5551 1652 5606 Dee
1677 5559 1884 5606 nostro.
1915 5547 2142 5615 Quando

544 5651 764 5725 quidem
805 5650 859 5706 in
886 5648 1003 5718 ipso
1030 5661 1126 5701 suo
1165 5644 1410 5715 exemplo
1436 5643 1699 5698 mediator
1724 5641 2138 5706 demonstravit,

603 5846 629 5882 Α
648 5844 721 5899 ω
738 5847 846 5894 ιω.
871 5850 923 5893 At
943 5841 1075 5901 cdd.,
1094 5839 1144 5891 id
1172 5846 1239 5892 est
1260 5838 1410 5902 ipsius
1433 5836 1651 5888 humilis.

1761 398 1822 458 8.
1863 393 2231 457 AUGUSTINI
2274 398 2572 456 EPISCUPI

3717 406 3821 461 920

2226 510 2441 584 quando
2485 515 2638 571 nobis
2682 514 2910 586 desuper
2955 518 3211 588 permittit
3260 517 3277 552 ’
3313 515 3560 582 hmines
3604 532 3820 583 not-uie,

2224 620 2331 660 non
2355 606 2680 663 voluntatem
2704 609 2928 664 nocendi
2951 609 3180 678 desuper
3198 608 3334 674 dari,
3355 610 3450 666 sed
3475 618 3824 681 potestatem.

2226 694 2600 769 Unusquisque
2628 699 2772 759 enim
2817 703 2987 756 matus
3014 701 3152 768 apud
3196 717 3263 755 se
3284 702 3445 759 habet
3489 702 3824 758 voluntatem

2227 787 2451 843 nocendi
2487 806 2501 843 :
2533 800 2588 844 ut
2615 801 2790 850 autem
2836 791 3003 860 possit
3034 806 3250 853 nocere,
3294 807 3402 848 non
3429 791 3588 846 habet
3627 792 3680 847 in
3730 808 3820 862 po-

2225 887 2441 937 teState.
2469 881 2539 938 Ut
2567 883 2712 947 velit.
2731 883 2838 953 jam
2871 899 2996 942 reus
3026 893 3110 938 est
3142 901 3156 938 :
3187 893 3244 938 ut
3271 886 3680 956 possit,occulta
3708 885 3826 942 dis-

2224 973 2540 1043 pensatione
2582 973 2928 1044 providentiae
2974 975 3063 1030 Dei
3107 975 3160 1029 iu
3191 975 3354 1031 alium
3393 975 3720 1046 permittitur
3757 975 3826 1032 ad

2224 1078 2462 1134 pinnam.
2523 1063 2577 1118 iu
2621 1063 2783 1119 alium
2839 1068 3164 1136 permittitur
3204 1065 3271 1120 ad
3320 1066 3726 1137 probationem,
3771 1070 3827 1122 iu

2223 1155 2387 1215 alium
2414 1157 2741 1227 permittitur
2766 1157 2832 1214 ad
2863 1173 3137 1213 coronam.
3167 1158 3248 1214 Ad
3279 1175 3490 1229 pernam
3510 1201 3525 1224 ,
3555 1160 3831 1232 quomodo

2225 1249 2472 1317 permissi
2495 1258 2620 1304 sunt
2642 1253 2919 1324 ἀλλόφυλοι,
2949 1250 3001 1304 id
3032 1261 3111 1304 est
3136 1248 3473 1319 alienigena.
3506 1266 3702 1321 capere
3726 1266 3830 1323 po-

2224 1340 2407 1412 pulum
2437 1340 2616 1404 lsrael,
2649 1341 2772 1410 quia
2801 1349 3157 1409 peccaverunt
3183 1341 3236 1395 in
3271 1341 3434 1396 Deum
3464 1341 3660 1415 (Judic.
3683 1359 3742 1413 ι,
3764 1342 3826 1411 3,

2223 1441 2272 1487 et
2291 1443 2406 1495 xm,
2441 1431 2489 1498 i,
2515 1431 2660 1503 αα).
2688 1431 2769 1488 Ad
2800 1433 3172 1503 probationem
3197 1445 3376 1488 autem
3418 1435 3716 1498 permissus
3739 1445 3831 1493 est

2223 1523 2469 1580 diabolus
2507 1525 2562 1580 in
2589 1523 2692 1581 Job
2716 1526 2738 1597 (
2767 1523 2868 1578 Job
2913 1543 2951 1593 ι,
2985 1525 3074 1597 l2)
3105 1515 3120 1580 Ξ
3148 1527 3404 1596 probatus
3428 1540 3513 1585 est
3535 1528 3660 1596 Job,
3691 1545 3830 1588 cou-

2223 1612 2376 1671 t‘usus
2404 1622 2488 1670 est
2519 1613 2785 1675 diabolus.
2822 1615 2905 1671 Ad
2949 1631 3202 1675 coronam
3234 1633 3362 1675 vero
3405 1619 3652 1690 permissi
3697 1630 3833 1680 sunt

2225 1718 2597 1779 persecutores
2646 1710 2700 1765 in
2757 1720 3018 1780 martyres
3073 1727 3088 1766 :
3134 1709 3298 1766 occisi
3343 1723 3468 1769 sunt
3516 1723 3784 1787 martyres
3811 1755 3830 1781 .

2224 1802 2374 1872 quasi
2398 1801 2590 1858 vicisse
2613 1817 2672 1857 se
2691 1802 2931 1857 arbitrati
2949 1814 3073 1858 sunt
3094 1811 3500 1873 persecutores;
3529 1804 3607 1862 illi
3635 1807 3689 1866 in
3711 1821 3833 1864 ma-

2225 1895 2420 1951 nifesto
2436 1894 2569 1952 falso
2591 1895 3002 1964 triumpharunt,
3021 1896 3095 1952 illi
3118 1897 3173 1951 in
3196 1898 3406 1954 occulto
3433 1914 3558 1971 vere
3583 1905 3832 1960 coronati

2224 1999 2371 2044 sunt.
2403 1989 2546 2062 Ergo
2576 1990 2629 2045 in
2655 2006 2810 2062 quem
2841 1993 3188 2063 permittitur,
3213 1993 3441 2054 occulta:
3464 1993 3830 2064 dispensatio-

2227 2081 2311 2135 nis
2339 2090 2420 2136 est
2445 2082 2793 2151 providentiae
2819 2085 2914 2139 Dei
2939 2103 2953 2139 :
2983 2095 3041 2139 ut
3064 2095 3244 2143 autem
3269 2086 3400 2143 velit
3424 2101 3641 2152 nocere,
3660 2087 3836 2158 ipsum

2227 2171 2458 2227 hominis
2485 2182 2601 2240 est;
2630 2189 2734 2229 non
2763 2176 2909 2230 enim
2941 2177 3198 2232 continuo
3219 2192 3380 2249 quem
3401 2177 3513 2232 vult
3532 2177 3755 2239 occidit.

2300 2264 2356 2321 7.
2395 2263 2578 2335 itaque
2617 2264 2732 2335 ipse
2765 2266 3018 2321 Dominus
3041 2267 3206 2337 iudex
3237 2269 3480 2324 vivorum
3507 2279 3561 2325 et
3586 2278 3838 2324 mortuo-v

2229 2371 2370 2419 rum,
2414 2368 2563 2418 stans
2606 2365 2729 2413 ante
2770 2357 3044 2419 hominem
3086 2359 3341 2430 iudicem,
3388 2356 3636 2431 prxbens
3675 2361 3834 2415 nobis

2231 2448 2542 2506 humilitatis
2568 2457 2623 2505 et
2645 2452 2912 2521 patientire
2941 2452 3344 2518 documentum,
3373 2470 3479 2510 non
3507 2454 3698 2520 victus,
3731 2451 3831 2511 sed

2232 2541 2386 2602 militi
2418 2542 2688 2613 pugnandi
2727 2545 3033 2613 exemplum
3067 2545 3464 2613 demonstrans,
3493 2545 3717 2606 minanti
3744 2547 3832 2615 juo

2229 2631 2334 2690 dici
2358 2673 2376 2699 ,
2413 2631 2637 2697 tumenti
2665 2635 2915 2704 superbia
2939 2676 2956 2701 ,
2986 2643 3041 2695 et
3069 2634 3306 2702 dicenti,
3335 2635 3516 2692 Nescis
3541 2639 3663 2709 quia
3691 2647 3836 2706 pote-

2230 2731 2412 2779 statem
2433 2723 2594 2779 habeo
2613 2724 2897 2781 dimittendi
2916 2735 2965 2782 et
2983 2727 3244 2783 occidendi
3265 2737 3314 2783 te
3329 2727 3356 2782 7
3373 2728 3591 2784 abstulit
3608 2728 3835 2801 typhum

2232 2813 2492 2878 inﬂantis.
2517 2825 2572 2871 et
2614 2822 2865 2888 tanquam
2891 2819 3122 2875 reddens
3147 2819 3572 2883 exsufﬂationem
3603 2837 3704 2892 qua
3734 2823 3833 2878 de-

2234 2915 2577 2974 tumesceret,
2628 2907 2752 2963 Non
2798 2909 3024 2976 haberes,
3065 2911 3254 2981 inquit,
3297 2911 3352 2966 in
3398 2929 3481 2974 me
3515 2920 3834 2982 potestatem,

2233 2997 2332 3055 nisi
2357 2996 2481 3054 data
2501 2999 2592 3055 tibi
2623 3011 2747 3082 esset
2772 3001 2991 3070 desuper
3019 3000 3197 3073 (Joan.
3218 3019 3331 3071 xix,
3355 3003 3443 3069 10,
3472 3004 3586 3075 il).
3613 3004 3680 3059 Et
3730 3004 3841 3062 Job

2233 3091 2460 3160 (nempe
2496 3088 2742 3147 diabolus
2783 3092 2978 3148 occidit
3028 3092 3166 3149 ﬁlios
3210 3093 3397 3164 ipsius,
3426 3093 3668 3152 diabolus
3711 3097 3838 3153 tulit

2234 3196 2450 3243 omnem
2477 3182 2832 3241 substantiam
2857 3182 3066 3257 ipsius),
3088 3194 3142 3241 et
3171 3186 3259 3242 ille
3284 3187 3410 3257 quid
3425 3187 3451 3241 τ
3476 3186 3731 3248 Dominus
3747 3190 3841 3248 dc-

2234 3273 2351 3341 dit,
2376 3271 2630 3332 Dominus
2656 3276 2901 3342 abstulit;
2929 3276 3058 3333 sicut
3088 3275 3307 3334 Domino
3330 3280 3522 3350 placuit
3546 3282 3619 3335 ita
3645 3286 3839 3351 factum

2234 3374 2329 3429 est.
2367 3364 2433 3425 sit
2473 3383 2656 3423 nomen
2707 3368 2914 3422 Domini
2957 3367 3272 3429 benedictum
3300 3370 3322 3446 (
3348 3370 3450 3428 Job
3487 3388 3522 3436 ι,
3571 3373 3686 3446 2t).
3717 3374 3840 3431 Non

2236 3455 2526 3528 triumphet
2555 3458 2821 3525 inimicus,
2850 3460 2973 3530 quia
3003 3460 3116 3530 ipse
3142 3459 3268 3517 fecit
3295 3478 3310 3516 :
3340 3460 3473 3522 Novi
3493 3478 3616 3533 ego,
3642 3465 3842 3535 inquit,

2237 3562 2266 3602 a
2307 3562 2415 3618 quo
2457 3549 2527 3604 sit
2557 3548 2883 3619 permissus;
2924 3549 3139 3605 diabolo
3179 3551 3442 3607 tribuatur
3474 3555 3698 3609 nocendi
3741 3571 3842 3612 vo-

2238 3641 2452 3707 luntas,
2488 3639 2711 3694 Domino
2744 3655 2866 3696 meo
2905 3641 3163 3710 probandi
3191 3651 3448 3712 petesttts.
3494 3643 3552 3700 ln
3582 3645 3700 3714 ipso
3723 3647 3844 3702 vul-

2237 3747 2367 3787 nere
2391 3730 2634 3799 corporis
2662 3731 2868 3788 accedit
2897 3749 3032 3788 uxor
3069 3734 3253 3790 relicta
3277 3776 3293 3801 ,
3322 3735 3468 3790 sicut
3491 3737 3597 3792 Eva
3621 3778 3638 3802 ,
3683 3739 3841 3808 adju-

2240 3824 2343 3880 trix
2367 3823 2588 3892 diaboli,
2607 3839 2714 3900 non
2733 3825 3062 3881 consolatrix
3086 3827 3291 3891 mariti;
3322 3835 3511 3894 tentat,
3532 3836 3587 3884 et
3600 3828 3730 3884 dicit
3754 3829 3842 3884 iu-

2181 3934 2190 3947 ο
2240 3923 2322 3972 tcr
2345 3917 2538 3972 multas
2556 3917 2982 3987 increpationes:
3007 3916 3103 3972 Dic
3120 3918 3331 3990 aliquod
3355 3920 3557 3976 verbum
3573 3921 3628 3980 in
3653 3920 3840 3990 Deum,

2238 4017 2284 4064 et
2306 4023 2501 4063 morere
2529 4006 2645 4080 (Id.
2671 4023 2730 4074 u,
2758 4008 2838 4080 9).
2870 4008 2940 4065 Et
2962 4007 3234 4069 ille'Adam
3261 4013 3314 4066 in
3343 4023 3580 4069 stercore
3604 4016 3840 4084 cautior,

2238 4114 2397 4172 quam
2413 4099 2584 4156 Adam
2602 4097 2655 4154 in
2675 4100 2950 4170 paradiso;
2968 4115 3092 4156 nam
3109 4100 3274 4157 Adam
3289 4105 3341 4156 in
3356 4102 3602 4173 paradiSo
3616 4101 3846 4166 consen-

2239 4191 2309 4248 sit
2337 4190 2570 4256 mulieri.
2594 4200 2652 4246 ut
2677 4191 2746 4247 de
2771 4192 3015 4261 paradiso
3033 4193 3401 4263 emitteretur;
3433 4195 3602 4253 Adam
3619 4197 3672 4253 in
3701 4207 3843 4256 ater»

2239 4282 2598 4351 core‘rcspuit
2627 4282 2926 4351 mulierem,
2949 4294 3005 4340 ut
3020 4284 3084 4340 ad
3118 4285 3418 4356 paradisum
3445 4288 3842 4346 admitteretur.

2241 4370 2379 4440 Quid
2403 4386 2534 4443 ergo
2549 4371 2639 4429 ille
2655 4373 2823 4430 Adam
2852 4375 2904 4429 in
2932 4383 3185 4439 stercore.
3208 4377 3510 4446 parturiens
3525 4379 3845 4439 iinmortli~

2242 4471 2404 4518 tatem
2419 4463 2760 4524 intrinsecus.
2780 4465 3050 4520 vermibus
3063 4467 3327 4526 nuescens
3345 4471 3697 4535 extrinsecus,
3713 4473 3843 4545 quid

2242 4554 2317 4607 ait
2341 4552 2585 4608 mulieri?
2608 4553 2869 4625 Tanquam
2891 4572 2994 4610 una
3006 4571 3068 4612 ea:
3087 4556 3436 4626 insipientibus
3456 4551 3746 4618 mulieribus
3767 4566 3843 4618 lo-

2242 4656 2357 4700 cuta
2387 4663 2455 4701 es.
2486 4647 2548 4702 Si
2576 4647 2705 4702 bona
2729 4650 3040 4718 percepimus
3064 4651 3128 4703 de
3148 4667 3301 4704 manu
3328 4651 3551 4717 Domini,
3585 4657 3721 4714 mala
3738 4674 3844 4713 non

2242 4739 2596 4794 sustinebimus
2645 4740 2665 4810 (
2697 4738 2859 4804 lbid.,
2895 4741 3024 4811 (οη
3054 4742 3331 4798 Ιιθτυηῐρι
3355 4743 3444 4800 ille
3474 4761 3690 4802 manum
3736 4749 3844 4806 Do-

2244 4832 2374 4887 mini
2417 4831 2551 4886 disit
2597 4832 2649 4885 in
2692 4847 2772 4894 se.
2818 4832 2960 4901 quod
3011 4848 3133 4891 eum
3179 4833 3425 4889 diabolus
3452 4850 3842 4907 percusserat:

2244 4923 2364 4993 quia
2414 4939 2519 4977 non
2565 4923 2877 4979 attendebat
2936 4925 3056 4994 quis
3085 4935 3405 4996 percuteret.
3444 4930 3539 4986 sed
3564 4933 3685 4996 quis
3720 4949 3843 5004 per.

2243 5016 2498 5070 mitteret.
2545 5013 2786 5083 Namque
2853 5023 2906 5070 et
2950 5015 3067 5086 ipse
3117 5015 3361 5073 diabolus
3411 5021 3655 5076 eamdem
3695 5034 3847 5094 pote.

2245 5115 2456 5168 statem,
2485 5121 2641 5173 quam
2665 5105 2762 5160 sibi
2787 5105 2997 5161 volebat
3019 5105 3386 5173 dari,mauum
3416 5108 3627 5166 Domini
3655 5114 3846 5184 appel-

2247 5197 2377 5252 lavit
2405 5211 2420 5250 :
2451 5211 2573 5255 nam
2600 5194 2863 5265 objiciens
2891 5196 3093 5252 Crimen
3131 5197 3276 5268 justo
3307 5199 3440 5262 viro,
3466 5200 3550 5256 cui
3587 5202 3848 5262 Dominus

2247 5287 2564 5356 perhibebat
2588 5287 2976 5352 testimonium,
3003 5290 3079 5343 ait
3104 5289 3217 5345 Deo
3241 5307 3256 5346 :
3279 5288 3547 5361 Numquid
3563 5295 3725 5364 gratis
3749 5295 3848 5350 Job

2247 5379 2368 5433 colit
2399 5376 2672 5437 Dominum
2692 5379 2719 5432 ?
2755 5394 2922 5432 nonne
2950 5391 3002 5435 tu
3031 5381 3234 5437 uallasti
3260 5397 3372 5435 eum
3399 5397 3460 5435 ac
3485 5381 3692 5441 domum
3714 5387 3845 5456 ejus,

2250 5469 2632 5541 universumque
2651 5469 2980 5526 substantiam
3005 5473 3116 5540 eius
3140 5487 3230 5540 per
3259 5472 3524 5534 circuitum
3543 5474 3571 5530 .’
3596 5473 3849 5544 Operibas

2248 5577 2489 5616 manualia
2530 5561 2641 5630 ejus
2687 5560 3003 5629 benedicisli,
3054 5571 3101 5615 et
3146 5564 3392 5634 possessio
3443 5565 3552 5635 ejus
3593 5568 3746 5621 creuit
3795 5569 3849 5624 in

2252 5663 2385 5708 terra
2427 5669 2451 5705 :
2486 5662 2631 5708 tanta
2657 5650 2787 5710 bona
2833 5655 2910 5708 illi
2939 5653 3140 5718 dedisti,
3187 5667 3454 5720 propterea
3488 5667 3538 5712 te
3570 5661 3730 5727 colit;
3762 5663 3850 5720 sed

2319 5830 2336 5865 ¹
2362 5830 2551 5896 Aliquot
2570 5834 2698 5890 πει,
2723 5829 3060 5884 dentmstravit
3079 5823 3235 5891 nobis.
3257 5830 3465 5896 desuper
3480 5834 3718 5892 pertrita.
