4008 6330
277 414 373 471 παι

280 532 417 586 nilus
441 546 652 589 munt
678 542 839 600 suam,
868 542 915 588 et
940 543 1095 607 tange
1120 532 1291 589 omnia
1318 549 1432 603 qua
1459 548 1577 590 sunt
1601 536 1747 606 ejus,
1778 537 1876 591 nisi

282 627 335 681 in
357 627 540 692 lactent
561 637 705 681 tuam
723 626 1028 683 bmdixerit
1050 627 1141 682 tibi
1168 627 1313 697 (Job.
1338 626 1579 699 t,9-tl).
1608 629 1746 695 Quid
1776 638 1876 694 est,

283 719 430 771 Iliae
458 732 665 770 manant
692 728 852 783 tuam,
872 734 993 773 cum
1023 718 1137 789 ipse
1168 718 1331 774 vellet
1356 719 1606 774 mittere?
1628 718 1732 773 Sed
1760 720 1876 790 quia

280 804 397 876 ipse
422 821 529 860 non
560 815 740 877 posset
769 807 981 862 mittere
1002 824 1218 862 manum
1245 823 1419 871 suam,
1446 817 1614 877 ipsam
1643 818 1879 878 potesta-

282 904 399 953 tem
418 911 579 967 quam
606 898 813 967 accepit
841 912 869 951 a
897 898 1030 961 Deo,
1056 912 1271 952 manum
1303 898 1396 953 Dei
1428 898 1734 969 appellavit.

352 988 407 1045 8.
439 988 574 1057 Quid
605 1004 764 1060 ergo,
796 987 1021 1059 fratres,
1058 990 1179 1059 quia
1216 999 1362 1044 tanta
1402 989 1598 1045 inimici
1636 991 1687 1044 in
1718 990 1879 1043 Chri-

280 1080 489 1135 stianos
519 1078 795 1147 fecerunt;
828 1090 882 1136 et
909 1082 1312 1138 exsultavernnt
1331 1124 1346 1148 ,
1376 1092 1429 1137 et
1452 1082 1727 1152 jucundati
1756 1092 1881 1137 sunt

278 1185 446 1243 super
473 1174 605 1229 eos?
636 1172 743 1230 Sed
780 1174 995 1244 quando
1024 1174 1300 1244 apparebit
1329 1175 1449 1245 quia
1490 1190 1596 1229 non
1634 1184 1757 1228 sunt
1790 1176 1878 1242 ju-

277 1264 494 1319 cundati
512 1266 537 1317 7
559 1264 787 1331 Quando
816 1266 889 1321 illi
914 1266 1326 1331 confunduntur,
1355 1267 1435 1322 illi
1459 1266 1800 1321 exsultabunt
1827 1268 1878 1320 in

276 1355 511 1411 adventu
552 1357 763 1412 Domini
807 1357 906 1414 Dei
953 1358 1158 1420 nostri,
1198 1372 1319 1412 cum
1360 1357 1567 1413 venerit
1611 1356 1787 1412 ferens
1825 1358 1879 1413 in

275 1460 441 1501 manu
470 1446 871 1514 retributiones,
899 1447 1295 1503 damnationem
1326 1448 1521 1516 impiis,
1552 1462 1777 1517 regnum
1796 1448 1883 1517 ju-

275 1538 416 1603 stis;
446 1540 759 1595 societatem
788 1553 909 1595 eum
934 1539 1149 1596 diabolo
1176 1540 1391 1610 iniquis,
1419 1541 1728 1595 societatem
1758 1556 1880 1594 cum

273 1630 495 1687 Christo
516 1632 781 1689 fidelibus.
803 1631 1030 1701 Quando
1048 1647 1177 1703 ergo
1201 1632 1305 1688 hoc
1327 1632 1645 1695 ostenderit,
1668 1632 1883 1703 quando

274 1722 497 1781 stabunt
517 1723 645 1793 justi
667 1723 721 1779 in'
747 1740 935 1795 magna
962 1723 1262 1779 constantia
1295 1721 1388 1796 (de
1414 1722 1706 1794 Seripturis
1734 1723 1881 1786 dico,

276 1814 638 1869 recordamini
665 1815 947 1870 lectionem
979 1815 1045 1869 de
1076 1815 1211 1868 libro
1238 1812 1527 1884 Sapientiae
1558 1830 1571 1866 :
1604 1809 1749 1867 Tunc
1777 1823 1882 1866 sta-

278 1908 404 1962 bunt
440 1908 563 1975 iusti
596 1910 649 1961 in
677 1923 875 1979 magna
891 1907 1174 1962 constantia
1206 1906 1447 1959 adversus
1474 1922 1559 1960 eos
1583 1904 1670 1976 qui
1696 1920 1753 1959 se
1783 1920 1884 1957 an-

276 2008 603 2070 nutaverant
627 2014 648 2052 :
670 1998 749 2053 illi
767 2007 934 2052 autem
958 1998 1122 2051 dicent
1144 1998 1273 2051 inter
1296 2012 1350 2050 se
1373 1996 1684 2066 ptenilmtes,
1705 2002 1753 2049 et
1779 2008 1886 2062 pra

281 2092 517 2163 angustia
540 2092 754 2158 spiritus
775 2099 1023 2161 gementes
1050 2105 1067 2142 :
1093 2089 1229 2156 Quid
1250 2088 1393 2143 nobis
1411 2086 1604 2158 profuit
1625 2086 1881 2158 superbia,

274 2190 327 2236 et
354 2181 644 2234 divitiarum
674 2180 930 2251 jactantia
964 2180 1087 2251 quid
1124 2179 1338 2233 contulit
1370 2179 1553 2232 nobis?
1580 2180 1885 2231 transierunt

276 2273 413 2327 aint
437 2273 609 2326 omnia
634 2272 727 2326 illa
756 2281 996 2342 tanquam
1026 2270 1240 2337 umbra;
1261 2278 1315 2325 et
1342 2268 1467 2341 quid
1495 2268 1675 2324 dicent
1701 2268 1769 2323 de
1792 2267 1882 2339 ju-

274 2364 418 2420 stis?
444 2363 710 2428 Quomodo
738 2362 1017 2433 cmpulati
1047 2372 1166 2417 sunt
1197 2364 1327 2417 inter
1349 2362 1486 2432 ﬁlios
1516 2360 1645 2427 Dei,
1671 2372 1720 2415 et
1752 2362 1885 2415 inter

275 2464 481 2511 unctos
501 2472 611 2510 sors
637 2454 842 2510 illorum
867 2464 940 2509 est
966 2453 1181 2528 [Soram
1203 2456 1255 2520 l,
1281 2452 1399 2527 αα]
1417 2455 1494 2523 τ),
1514 2462 1638 2509 tunc
1664 2455 1766 2508 erit
1790 2451 1887 2507 de-

277 2548 477 2605 dicatio
504 2547 735 2617 domus,
766 2564 885 2617 qua:
914 2547 1077 2604 modo
1103 2549 1159 2603 in
1189 2547 1620 2602 tribulationibus
1649 2543 1884 2601 fabrica-

278 2651 400 2707 tur;
431 2649 557 2696 tunc
593 2648 742 2695 recte
769 2638 911 2694 dicet
949 2640 1177 2707 populus
1208 2638 1297 2693 ille
1325 2655 1339 2691 :
1374 2634 1627 2692 Esaitabo
1655 2644 1736 2701 te,
1771 2634 1884 2689 Do—

278 2733 444 2798 mine,
474 2731 714 2803 φιοιιὶιιιι
748 2731 1010 2802 suscepisti
1048 2747 1159 2794 me,
1194 2746 1285 2786 nec
1313 2728 1615 2801 jneundasti
1650 2728 1885 2785 inimicos

278 2839 417 2880 meos
444 2838 599 2891 super
620 2838 721 2878 me.
754 2820 888 2877 Vera
913 2836 1039 2893 ergo
1066 2822 1168 2877 erit
1190 2836 1295 2876 vox
1330 2821 1428 2874 ista
1454 2820 1506 2874 in
1538 2819 1733 2889 [iopqu
1764 2817 1879 2885 Dei,

278 2915 369 2987 qui
402 2914 630 2987 populus
656 2912 819 2969 modo
841 2922 1173 2984 angustatur,
1205 2910 1366 2965 modo
1390 2909 1694 2971 tribulatur,
1720 2909 1885 2964 tantis

280 3005 685 3082 saltationibus,
716 3004 878 3060 tantis
914 3001 1202 3066 scandatis,
1235 3010 1397 3055 tantus
1437 2998 1880 3065 insecutionibus,

280 3106 429 3153 tanta
455 3110 725 3169 pressura.
748 3093 876 3151 llaec
898 3102 1161 3148 tormenta
1190 3090 1361 3149 animi
1384 3106 1489 3146 non
1513 3092 1679 3147 sentit
1702 3090 1755 3144 in
1781 3090 1883 3145 Ec-

280 3188 443 3244 clesia
472 3186 561 3257 qui
593 3201 703 3242 non
732 3184 971 3256 prolicit,
1001 3191 1152 3254 putat
1174 3183 1317 3239 enim
1343 3183 1463 3253 quia
1497 3195 1595 3251 pax
1627 3191 1711 3235 est
1742 3198 1756 3234 :
1785 3180 1883 3235 scd

280 3277 502 3350 incipiat
528 3277 813 3351 proficere,
841 3286 897 3331 et
922 3283 1049 3331 tunc
1072 3274 1274 3328 videbit
1302 3274 1353 3328 in
1376 3288 1475 3343 qua
1510 3288 1755 3341 pressura
1780 3273 1877 3339 sit;

278 3370 403 3441 quia
440 3384 564 3425 cum
592 3369 851 3424 crevisset
888 3366 1050 3423 herba
1072 3408 1087 3434 ,
1119 3374 1174 3421 et
1209 3365 1436 3421 fructum
1477 3365 1725 3431 fecisset,
1758 3375 1883 3419 tunc

278 3470 645 3533 apparuerunt
669 3471 727 3517 et
750 3460 951 3516 zizania
982 3458 1194 3531 (Matth.
1225 3474 1336 3522 xnt,
1364 3456 1491 3530 26);
1517 3466 1572 3513 et
1594 3458 1684 3527 qui
1714 3472 1882 3527 appo-

277 3554 357 3613 nit
385 3554 665 3609 scientiam
687 3593 704 3618 ,
732 3552 954 3624 apponit
983 3551 1223 3607 dolorem
1258 3549 1452 3620 (Et-rte.
1486 3565 1522 3616 t,
1558 3548 1673 3621 18).
1712 3550 1881 3605 Profl-

277 3648 407 3708 clat,
437 3652 493 3701 et
518 3643 721 3699 videbit
744 3644 833 3697 ubi
860 3643 932 3699 sit
960 3660 974 3697 :
999 3642 1199 3698 cxistat
1226 3642 1447 3705 fructus,
1475 3650 1529 3697 et
1551 3642 1886 3711 apparebunt

276 3736 507 3799 suauia.
538 3736 650 3792 Vox
690 3737 925 3791 veridica
955 3746 1039 3790 est
1078 3750 1175 3805 per
1203 3735 1517 3805 Apostolum
1536 3775 1551 3797 ,
1581 3735 1747 3789 deleri
1776 3750 1883 3789 non

277 3839 460 3902 potest
485 3829 555 3883 ab
584 3829 737 3883 initio
766 3844 936 3899 usque
961 3828 1028 3883 ad
1056 3828 1215 3881 finem
1248 3844 1263 3880 :
1291 3826 1397 3883 Sed
1422 3837 1468 3881 et
1493 3843 1666 3881 omnes
1688 3828 1774 3899 qui
1800 3844 1886 3883 oo-

278 3923 414 3986 tustt,
438 3920 631 3991 inquit,
657 3920 739 3990 pie
762 3920 923 3974 uiuere
945 3920 997 3973 in
1020 3918 1237 3984 Christo,
1268 3920 1659 3989 persecutionem
1684 3919 1885 3988 patiun-

277 4024 384 4069 tttr.
418 4012 640 4083 Haligni
666 4022 835 4066 autem
867 4010 1092 4066 homines
1125 4020 1173 4066 et
1208 4010 1496 4065 seductores
1533 4010 1804 4081 proﬁciunt
1833 4016 1884 4064 in

278 4106 453 4179 pejus,
475 4104 577 4175 ipsi
600 4114 825 4159 errantes
844 4113 894 4157 et
912 4104 1040 4157 alios
1066 4104 1118 4157 in
1143 4118 1360 4155 errarent
1386 4102 1632 4156 mittentes
1651 4102 1720 4169 (ll
1752 4101 1883 4155 Tim.

280 4212 373 4264 nt,
404 4196 509 4259 12.
539 4197 662 4267 l3).
690 4193 762 4252 Et
788 4193 930 4250 unde
959 4204 1084 4248 sunt
1112 4192 1271 4247 verba
1303 4194 1392 4247 illa
1421 4192 1645 4262 psalmi,
1679 4192 1889 4247 Sustine

278 4288 582 4353 Domisttun,
596 4286 810 4342 uiriliter
830 4301 955 4357 ags,
982 4296 1027 4338 et
1052 4288 1365 4355 'confortetur
1390 4300 1479 4338 cor
1504 4294 1666 4347 tuum,
1696 4281 1743 4336 et
1770 4299 1886 4338 sus-

280 4382 390 4439 tine
441 4379 713 4435 Dominum
741 4376 917 4448 (Psal.
951 4392 1114 4441 xth,
1147 4373 1281 4447 ll)?
1311 4375 1506 4430 Parum
1538 4384 1655 4429 erat
1684 4374 1846 4429 semel
1868 4413 1885 4438 ,

279 4476 497 4532 Sustine
523 4471 831 4538 Dominum,
864 4469 964 4525 nisi
992 4476 1263 4537 repeteret
1294 4485 1310 4523 :
1340 4481 1407 4523 ne
1436 4465 1572 4521 forte
1601 4464 1891 4520 sustineret

285 4567 475 4633 biduo,
510 4565 707 4631 triduo,
733 4562 1038 4634 quatriduo.
1070 4568 1127 4615 et
1162 4568 1402 4614 maneret
1429 4571 1676 4629 pressura
1706 4564 1761 4613 et
1791 4555 1888 4611 tri-

283 4658 525 4720 bulatio;
558 4654 678 4711 ideo
706 4654 930 4719 addidit,
960 4653 1171 4707 viriliter
1195 4667 1323 4722 age;
1352 4649 1576 4715 addidit,
1607 4658 1653 4703 et
1681 4650 1889 4719 confor-

282 4762 420 4809 μελισ
456 4765 547 4804 σοι*
578 4757 742 4802 tuum.
770 4747 836 4801 Et
868 4745 992 4815 quia
1027 4744 1096 4799 ab
1132 4743 1283 4797 initio
1324 4756 1492 4812 usque
1532 4742 1583 4795 in
1623 4742 1781 4795 linem
1813 4742 1891 4795 sic

284 4842 413 4908 erit,
436 4838 579 4911 quod
601 4839 761 4893 habet
780 4835 1042 4892 sententia
1068 4834 1120 4889 in
1146 4834 1342 4903 capite,
1371 4832 1474 4887 hoc
1497 4831 1655 4887 habet
1683 4832 1735 4885 in
1761 4833 1886 4897 line,

285 4945 337 4992 et
360 4933 555 4989 sustine
581 4930 877 4987 Dominum.
904 4928 1211 5001 Transeunt
1249 4926 1348 4981 ista
1382 4942 1500 4994 qua:
1532 4935 1582 4980 te
1614 4926 1889 4996 premunt,

287 5034 345 5082 et
365 5023 549 5080 veniet
572 5037 730 5094 quem
757 5020 1022 5086 sustines,
1050 5028 1101 5074 et
1131 5026 1369 5087 cxtorget
1398 5016 1647 5072 sudorem
1678 5033 1693 5071 :
1717 5017 1890 5071 sicca-

292 5116 371 5172 ltit
394 5115 710 5186 lacrymatn,
736 5112 872 5168 ultra
901 5126 1005 5165 non
1029 5109 1201 5165 flebis.
1230 5108 1387 5163 Modo
1412 5117 1589 5161 autem
1615 5121 1894 5177 gcmamtts

294 5211 349 5265 in
377 5206 840 5267 tribulationibus,
870 5204 1009 5259 sicut
1039 5201 1173 5256 dicit
1204 5200 1307 5255 .lob
1327 5242 1341 5265 ,
1379 5200 1561 5255 Nonne
1589 5199 1793 5253 tentatio
1821 5208 1894 5253 est

294 5308 397 5362 vita
422 5307 649 5360 humans
675 5318 830 5371 super
857 5309 1041 5355 terram
1069 5296 1191 5370 (Job
1221 5312 1311 5359 vn,
1346 5294 1437 5359 ιιι

367 5397 425 5453 9.
453 5396 679 5459 Tamen,
708 5391 920 5459 fratres,
946 5399 1229 5458 antequam
1262 5388 1438 5441 veniat
1464 5385 1578 5439 dies
1603 5383 1898 5439 dedicatio-

299 5492 381 5551 nis
418 5490 643 5553 domus,
682 5486 955 5539 videamus
994 5483 1115 5552 quia
1151 5479 1259 5548 jam
1295 5477 1594 5532 dedicatum
1630 5486 1712 5530 est
1738 5484 1901 5545 caput

300 5591 543 5639 nostrum
572 5596 589 5635 :
614 5578 724 5646 jam
763 5578 897 5629 facta
933 5582 1018 5629 est
1054 5570 1321 5628 dedicatio
1359 5568 1551 5623 domus
1594 5564 1645 5619 in
1686 5571 1898 5636 capite,

301 5684 552 5744 tanquam
600 5665 868 5723 dedicatio
914 5662 1261 5719 fundamenti.
1308 5660 1480 5731 Caput
1520 5673 1731 5713 sursum
1778 5667 1895 5723 est,

300 5764 708 5823 fundamentum
727 5756 979 5811 deorsum
1005 5771 1017 5807 :
1044 5768 1112 5811 ne
1131 5751 1268 5808 forte
1294 5760 1572 5820 propterea
1594 5747 1733 5802 male
1752 5747 1903 5802 dixe-

296 5860 462 5923 rimus
489 5852 903 5916 fundamentum
930 5863 1051 5906 esse
1086 5844 1393 5915 Christum;
1430 5842 1641 5901 culmen
1680 5849 1761 5900 est
1798 5855 1898 5913 po-

1393 416 1794 475 ENABRATIO
1834 419 1901 473 IN
1936 416 2263 475 PSALMUM
2307 420 2500 476 XXIX.

3477 432 3585 488 291

1992 534 2135 599 tius,
2169 537 2408 589 ascendit
2448 538 2500 591 in
2540 539 2769 605 emtum,
2802 540 2950 597 sedet
2983 543 3050 597 ad
3086 544 3359 601 dexteram
3394 546 3589 605 Patris.

1986 624 2095 680 Sed
2120 634 2245 695 puto
2268 642 2362 680 nos
2389 644 2495 681 non
2520 645 2752 683 errasse.
2782 633 3067 699 Apostolus
3086 636 3227 688 enim
3249 638 3381 691 tliin
3406 657 3419 692 :
3449 639 3593 693 Fun-

1986 716 2278 769 dasnentuut
2299 719 2431 771 enim
2452 720 2595 773 aliud
2616 738 2760 775 nemo
2782 734 2939 790 potest
2963 743 3165 793 ponere,
3188 741 3365 795 pra’tcr
3382 732 3436 783 id
3456 736 3593 801 quod

1988 810 2207 879 positum
2234 820 2329 874 est,
2358 812 2495 879 quod
2518 821 2594 865 est
2620 812 2771 866 Jesus
2800 813 3028 868 Christus
3058 832 3076 868 .'
3102 819 3144 870 si
3173 823 3283 887 quis
3313 829 3479 873 autem
3508 842 3595 875 su-

1989 889 2407 967 periediﬁcauerit
2432 918 2589 971 supra
2617 904 3003 974 fundamentum
3029 908 3143 970 hoc,
3172 926 3373 971 aurum,
3406 928 3595 981 argen-

1984 991 2361 1059 tutu,‘tapides
2403 995 2665 1060 pretiosos.
2707 994 2804 1063 Qui
2854 998 2992 1052 bene
3029 1000 3247 1067 vivunt,
3288 1004 3377 1071 qui
3428 1004 3593 1062 Dcttttl

1988 1073 2253 1134 honorant
2283 1094 2335 1135 et
2367 1083 2606 1149 laudant,
2634 1088 2725 1155 qui
2766 1087 3028 1155 patientes
3058 1102 3183 1145 sunt
3213 1092 3263 1145 in
3297 1094 3596 1150 tribulatio-

1986 1169 2165 1235 nibus,
2198 1173 2288 1241 qui
2317 1172 2627 1228 desiderant
2666 1177 2912 1244 patriam,
2944 1178 3042 1247 ipsi
3072 1181 3335 1235 amnicum
3375 1200 3589 1254 aurum,

1985 1272 2287 1329 argentum,
2325 1263 2524 1332 lapides
2552 1266 2813 1332 pretiosos
2845 1286 2857 1320 :
2887 1270 2975 1337 qui
2999 1280 3179 1325 autem
3207 1284 3387 1328 amant
3414 1274 3589 1331 adhuc

1985 1350 2283 1417 smcularia,
2313 1365 2362 1409 et
2393 1356 2624 1424 negotiis
2652 1359 2877 1412 terrenis
2900 1359 3152 1429 implicati
3179 1371 3323 1427 sunt,
3348 1374 3401 1418 et
3419 1364 3588 1421 dediti

1985 1450 2111 1496 eunt
2136 1442 2359 1498 vinculis
2384 1445 2699 1514 quibusdam
2728 1454 2781 1501 et
2811 1446 3087 1503 affectibus
3116 1453 3314 1515 carnis.
3340 1453 3591 1511 domian

1985 1529 2120 1598 suis,
2151 1533 2486 1604 coniugibus,
2528 1538 2973 1605 possessionibus,
3007 1549 3061 1595 et
3100 1550 3278 1597 tamen
3312 1543 3592 1602 christiani

1986 1636 2133 1693 sunt,
2160 1629 2231 1682 ita
2256 1637 2314 1683 ut
2340 1644 2435 1684 cor
2455 1646 2643 1687 eorum
2670 1646 2775 1687 non
2810 1635 3025 1690 recedat
3050 1652 3079 1688 ιι
3107 1636 3340 1703 Christo,
3370 1647 3422 1695 et
3446 1638 3589 1696 nihil

1985 1729 2303 1788 pravponant
2320 1720 2560 1788 Christo,
2585 1724 2851 1791 quomodo
2879 1726 2929 1778 in
2958 1726 3273 1783 aediﬁcando
3298 1730 3429 1787 nihil
3456 1747 3592 1798 prus-

1986 1810 2202 1879 ponitur
2228 1810 2603 1877 fundamento;
2637 1814 2894 1869 mdilicant
2922 1818 3137 1886 quidem
3167 1819 3265 1888 ipsi
3300 1822 3455 1889 ligna,
3515 1825 3591 1878 fe-

1986 1915 2148 1967 num,
2184 1902 2437 1972 stipulam
2462 1920 2476 1959 :
2506 1904 2599 1959 sed
2627 1906 2751 1975 quid
2790 1918 3006 1963 secutus
3034 1912 3153 1964 est?
3180 1910 3593 1987 Uniusmqu

1985 2003 2116 2058 opus
2137 1992 2375 2061 qualesit
2402 1993 2533 2065 ignis
2562 1996 2834 2065 probabit:
2856 1997 2990 2067 ignis
3019 2000 3376 2059 tribulationis
3397 2013 3451 2059 et
3473 2015 3591 2061 tert-

1988 2080 2224 2137 tationis.
2250 2081 2353 2138 iste
2374 2083 2511 2154 ignis
2531 2087 2731 2141 multos
2750 2098 3015 2160 martyres
3038 2091 3123 2145 hic
3145 2093 3405 2161 probavit,
3429 2109 3593 2151 omne

1985 2181 2164 2227 autem
2202 2190 2372 2245 genus
2414 2177 2707 2232 humanum
2746 2179 2933 2247 probat
2974 2180 3027 2234 in
3065 2182 3190 2238 line.
3229 2184 3434 2241 Inventi
3467 2197 3595 2242 sunt

1986 2275 2253 2337 martyres
2294 2268 2388 2338 qui
2434 2268 2695 2327 haberem
2742 2271 2841 2327 ista
2888 2272 3186 2328 sacnlaria.
3224 2277 3392 2342 Onam
3436 2280 3589 2335 multi

1982 2356 2185 2419 divites
2219 2371 2277 2417 et
2311 2373 2590 2419 senatores
2630 2363 2774 2433 passi
2812 2365 2969 2421 sunt!
3014 2364 3375 2423 Editimbant
3408 2376 3591 2428 tamen

1984 2454 2202 2524 quidam
2241 2470 2430 2513 eorum
2460 2458 2631 2527 ligna,
2662 2456 2874 2523 fenum.
2927 2461 3176 2530 stipulam
3216 2463 3269 2519 in
3303 2462 3592 2521 effectibus

1985 2546 2282 2603 carnalium
2320 2557 2378 2602 et
2416 2549 2749 2605 smcularittm
2790 2565 3040 2605 curarum
3074 2567 3089 2606 :
3121 2553 3219 2608 sed
3260 2563 3436 2608 tamen
3466 2554 3590 2625 quia

1985 2634 2260 2693 Christum
2288 2637 2691 2694 fundamentum
2718 2639 2987 2697 habebant
3010 2657 3173 2711 super
3196 2645 3337 2713 quod
3362 2645 3593 2703 :cdilicao

1984 2726 2136 2793 bant,
2161 2728 2293 2782 arsit
2314 2730 2515 2797 fenum,
2558 2743 2607 2785 et
2634 2731 2734 2802 ipsi
2757 2742 3131 2789 remanserunt
3152 2734 3203 2789 in
3224 2734 3589 2794 fundamento.

1983 2814 2075 2873 Sic
2099 2819 2228 2875 dicit
2256 2820 2547 2889 Apostolus
2576 2839 2589 2874 :
2617 2821 2676 2877 Si
2703 2824 2851 2893 cujus
2874 2840 3006 2894 opus
3030 2825 3290 2891 manserit,
3315 2828 3593 2882 mercedem

1985 2908 2201 2979 accipiet
2229 2924 2250 2965 :
2278 2919 2333 2965 et
2365 2909 2497 2965 nihil
2534 2914 2755 2981 perdet;
2784 2904 2907 2982 quia
2936 2914 3078 2982 quod
3117 2916 3343 2979 amavit,
3374 2915 3477 2972 hoc
3506 2918 3590 2971 in-

1986 2997 2183 3053 veniet.
2224 2998 2363 3069 Quid
2400 3014 2529 3071 ergo
2561 3002 2661 3055 illis
2694 3001 2818 3057 fecit
2855 3003 2991 3073 ignis
3029 2999 3423 3061 tribulationis?
3458 3006 3595 3061 Prov

1987 3090 2136 3147 bovlt
2159 3106 2276 3147 eos.
2308 3091 2371 3149 Si
2406 3094 2554 3164 cujus
2584 3110 2712 3161 Opus
2754 3097 3082 3164 permanserit
3102 3137 3116 3158 ,
3148 3097 3425 3152 mercedem
3451 3101 3590 3155 acci-

1987 3183 2090 3255 plet
2110 3200 2131 3240 :
2150 3185 2195 3239 si
2212 3185 2358 3257 cujus
2378 3202 2505 3256 opus
2530 3187 2729 3252 urserit,
2754 3186 2997 3240 damnum
3022 3190 3276 3257 patietur;
3300 3190 3407 3259 ipse
3423 3203 3593 3249 autem

1986 3278 2157 3331 solm
2170 3276 2283 3339 erit,
2301 3275 2375 3330 sic
2396 3278 2717 3345 tamenquasi
2748 3294 2838 3346 per
2865 3278 3029 3348 ignem
3056 3277 3101 3350 (l
3123 3278 3241 3333 Cor.
3272 3296 3347 3347 tu,
3380 3281 3586 3353 ll-l5).

1986 3366 2097 3423 Sed
2123 3368 2271 3424 aliud
2299 3368 2528 3438 estigne
2560 3386 2664 3425 non
2694 3370 2845 3434 lmdi,
2879 3371 3019 3424 aliud
3052 3386 3146 3437 per
3171 3372 3344 3440 ignem
3375 3373 3590 3429 salvari.

1988 3459 2057 3517 Et
2084 3460 2266 3517 unde?
2290 3461 2516 3532 Propter
2542 3449 2980 3519 fttndnmetttttttt.
2999 3463 3113 3519 Non
3139 3464 3356 3521 recedat
3378 3480 3507 3535 ergo
3524 3464 3594 3521 de

1987 3552 2153 3608 corde
2183 3551 2606 3608 fundamentum.
2638 3553 2758 3611 Noli
2796 3570 2958 3625 super
3017 3555 3194 3611 fenum
3232 3571 3431 3627 ponere
3468 3558 3590 3611 fun-

1988 3644 2298 3700 damentum
2322 3681 2339 3709 ,
2369 3642 2471 3697 ltoc
2498 3651 2616 3709 est,
2650 3645 2757 3700 noli
2796 3655 3124 3714 anteponere
3165 3645 3341 3700 fenum
3400 3646 3591 3700 funda-

1989 3747 2192 3801 mento,
2221 3744 2279 3792 ut
2300 3734 2480 3791 fenum
2530 3736 2722 3791 habent
2749 3740 2979 3805 primum
3006 3739 3181 3794 locum
3211 3740 3262 3791 in
3288 3740 3451 3794 corde
3476 3748 3589 3804 tuo,

1988 3837 2045 3882 et
2068 3826 2365 3883 secundum
2382 3825 2630 3883 Christus
2652 3844 2665 3880 :
2691 3828 2785 3883 sed
2814 3828 2859 3882 si
2882 3830 2993 3895 jam
3020 3844 3126 3883 non
3151 3836 3325 3899 potest
3348 3831 3450 3885 nisi
3472 3843 3594 3885 esse

1988 3919 2063 3975 ibi
2093 3920 2273 3973 fenum
2294 3961 2310 3984 ,
2338 3917 2424 3973 vel
2456 3918 2686 3991 primum
2717 3918 2894 3976 locum
2924 3920 2994 3985 ibi
3028 3920 3219 3976 habent
3243 3921 3511 3987 Christus,
3540 3932 3593 3978 et

1990 4008 2167 4069 fimum
2211 4010 2526 4066 secundum.

2064 4104 2151 4159 l0.
2178 4102 2317 4173 Ergo
2345 4101 2748 4157 fundamentum
2771 4111 2855 4159 est
2873 4101 3137 4160 Christus.
3160 4102 3443 4174 Quomodo
3459 4101 3589 4171 dixi,

1990 4196 2295 4252 dedicatum
2326 4205 2412 4252 est
2438 4205 2598 4265 caput
2625 4204 2885 4258 nostrum,
2911 4196 3083 4265 ipsum
3109 4207 3268 4265 caput
3293 4205 3377 4251 est
3406 4195 3595 4251 funda-

1992 4294 2251 4342 mentum.
2276 4284 2809 4345 Sedjuudamcntum
2836 4284 3085 4341 deorsum
3110 4288 3246 4342 solet
3268 4301 3411 4352 esse,
3433 4296 3595 4357 caput

1991 4388 2170 4433 autem
2192 4392 2431 4433 sursum.
2462 4376 2721 4447 lntelligat
2746 4376 3012 4434 Sanctitas
3048 4384 3221 4432 vestra
3246 4378 3371 4447 quid
3392 4378 3589 4446 dicam,

1992 4467 2236 4525 fortassis
2264 4468 2541 4537 explicabo
2572 4466 2624 4523 in
2657 4468 2875 4523 nomine
2900 4468 3119 4524 Christi.
3151 4468 3391 4525 Pondera
3419 4472 3593 4540 gemi-

1995 4576 2061 4616 tta
2098 4567 2241 4614 sunt.
2285 4558 2501 4615 Pondns
2527 4558 2669 4613 enim
2702 4569 2781 4613 est
2818 4560 3047 4629 impetus
3085 4558 3297 4628 quidam
3337 4561 3598 4629 cujusque

1995 4652 2071 4706 rei
2093 4694 2109 4719 ,
2146 4651 2291 4707 velut
2319 4652 2564 4705 conantis
2592 4650 2660 4705 ad
2689 4651 2865 4706 locum
2893 4666 3049 4705 suum
3079 4670 3092 4705 :
3124 4652 3225 4706 hoc
3252 4660 3335 4707 est
3365 4653 3595 4721 pondus.

1995 4743 2131 4799 Fers
2157 4743 2392 4813 lapidem
2424 4757 2584 4796 manu
2606 4783 2619 4808 ,
2652 4742 2851 4812 pateris
2880 4743 3125 4812 pondus;
3159 4746 3350 4812 premit
3378 4761 3594 4799 manum

1996 4842 2174 4899 tuam,
2206 4832 2329 4902 quia
2371 4834 2545 4889 locum
2585 4849 2742 4887 suum
2779 4834 2991 4903 quaerit.
3033 4835 3099 4887 Et
3134 4836 3215 4889 vis
3252 4834 3435 4891 videre
3468 4836 3599 4907 quid

1996 4926 2238 4998 quarratl
2264 4925 2534 4980 Subtrahe
2564 4940 2780 4980 manum
2800 4967 2817 4992 ,
2847 4926 2991 4980 venit
3013 4926 3079 4980 ad
3112 4936 3306 4981 terram
3328 4967 3344 4992 ,
3371 4929 3599 4998 quiescit

2000 5019 2051 5073 in
2079 5027 2259 5073 terra:
2290 5018 2527 5087 pervenit
2554 5032 2661 5087 quo
2688 5015 2960 5084 tendebat,
2990 5018 3192 5075 invenit
3217 5020 3392 5074 locum
3415 5034 3594 5075 suum.

1998 5109 2215 5166 Pondus
2244 5125 2372 5179 ergo
2403 5109 2529 5163 illud
2562 5121 2735 5165 motus
2766 5119 2881 5165 erat
2908 5112 3057 5181 quasi
3089 5122 3413 5181 spontaneos
3434 5154 3449 5176 ,
3482 5112 3600 5169 sine

1998 5202 2207 5267 anima,
2238 5202 2353 5256 sine
2383 5215 2562 5255 sensu.
2592 5199 2729 5255 Sunt
2765 5200 2865 5255 alia
2895 5216 3015 5269 qum
3042 5214 3255 5256 sursum
3285 5218 3471 5259 versus
3497 5219 3599 5276 pe-

2001 5300 2119 5348 tunt
2147 5292 2343 5347 locum.
2385 5291 2624 5361 Namque
2661 5292 2705 5346 si
2742 5307 2933 5362 aquam
2976 5294 3157 5348 mittas
3194 5310 3355 5363 super
3382 5295 3558 5351 oleum
3581 5334 3600 5364 ,

2002 5384 2239 5453 pondere
2266 5398 2364 5437 suo
2394 5384 2444 5437 in
2481 5383 2583 5437 ima
2616 5384 2803 5438 tendit.
2836 5384 3038 5439 Locum
3078 5387 3218 5439 enim
3260 5400 3413 5440 suum
3447 5403 3600 5456 qum.

2002 5478 2105 5541 rit,
2136 5475 2370 5529 ordinari
2400 5474 2589 5545 qnmrit
2622 5492 2633 5527 :
2663 5478 2787 5544 quia
2831 5486 3027 5544 praeter
3064 5476 3305 5533 ordinem
3343 5485 3426 5532 est
3462 5493 3598 5550 aqua

2002 5581 2164 5636 super
2188 5566 2387 5621 oleum.
2421 5566 2599 5621 Donec
2636 5582 2764 5637 ergo
2801 5568 2980 5621 veniat
3019 5568 3084 5623 ad
3127 5569 3368 5623 ordinem
3408 5584 3599 5637 suum,

2004 5655 2269 5728 inquietus
2304 5669 2478 5712 motus
2503 5668 2605 5723 est,
2633 5658 2806 5715 donec
2835 5668 3013 5715 teneat
3043 5659 3214 5716 locum
3244 5676 3421 5717 suum.
3451 5662 3602 5720 Con.

2006 5755 2110 5814 tra,
2141 5745 2316 5803 oleum
2346 5748 2506 5803 funde
2536 5749 2637 5803 sub
2664 5762 2821 5817 aqua,
2854 5749 3001 5805 verbi
3030 5751 3217 5819 gratia,
3250 5753 3600 5821 quemadmo-

2006 5839 2134 5897 dum
2158 5841 2204 5899 si
2228 5853 2321 5896 vas
2347 5839 2450 5897 olei
2472 5840 2627 5897 cadat
2652 5840 2707 5895 in
2732 5855 2941 5911 aquam,
2971 5841 3022 5897 in
3050 5842 3321 5914 abyssum,
3350 5842 3403 5900 in
3431 5857 3599 5913 mare,
