4008 6326
374 419 486 474 225
525 409 527 411 1

377 547 432 587 et
472 533 766 600 irangalur,
797 541 903 580 non
937 538 996 578 se
1037 521 1232 592 patitur
1261 517 1438 572 oleum
1471 513 1673 568 subter.
1702 505 1982 576 Quomodo

376 639 509 692 aqua
540 635 701 690 super
730 617 910 672 oleum
939 615 1122 677 missa,
1148 609 1385 680 pondere
1411 605 1476 660 ad
1502 605 1606 658 itna
1633 604 1806 656 locum
1829 612 1983 654 suum

377 690 571 783 quzerit
604 729 617 764 :
648 711 724 763 sic
750 708 930 762 oleum
960 705 1145 759 subter
1174 716 1365 771 aquam
1399 698 1574 752 fusum
1602 737 1615 760 ,
1651 693 1886 764 pondere
1916 690 1983 743 ad

380 821 591 860 summa
631 805 806 856 locum
837 815 989 853 suum
1021 796 1232 866 quatrit.
1262 793 1317 847 Si
1348 805 1477 860 ergo
1509 791 1578 842 ita
1610 799 1724 850 est,
1756 785 1983 846 fratres,

387 913 491 966 quo
518 895 684 948 tendit
715 893 852 962 ignis
880 900 934 944 et
963 888 1132 958 aqua?
1162 886 1302 957 ignis
1341 898 1552 938 sursum
1581 880 1777 945 fertur,
1809 866 1984 931 locinu

384 1001 540 1041 suum
581 983 806 1054 quzerit;
849 990 903 1036 et
935 994 1069 1049 aqua
1110 977 1281 1031 locum
1323 989 1477 1030 suum
1519 971 1710 1042 qurerit
1751 967 1987 1037 pondere

389 1092 508 1132 suo.
536 1076 696 1146 Lapis
724 1076 825 1128 ima
854 1072 1003 1142 petit,
1029 1081 1082 1124 et
1108 1071 1328 1137 lignum,
1353 1074 1407 1120 et
1430 1063 1713 1125 columnm,
1740 1069 1790 1114 ct
1822 1067 1984 1118 terra,

389 1169 527 1222 unde
554 1146 886 1222 aedificantur
907 1165 1020 1217 ista:
1041 1162 1231 1216 domus
1256 1177 1268 1210 :
1295 1159 1363 1213 de
1389 1156 1482 1211 illo
1502 1171 1629 1224 ergo
1650 1160 1774 1206 sunt
1794 1164 1988 1220 genere

388 1273 565 1312 rerum
588 1299 602 1322 ,
631 1272 752 1327 quae
793 1252 1027 1324 pondere
1061 1266 1159 1306 suo
1185 1249 1436 1304 deorsum
1471 1247 1728 1300 feruntur.
1763 1240 1986 1296 Manife-

387 1359 528 1402 stum
556 1357 639 1402 est
671 1361 799 1416 ergo
834 1345 952 1398 ideo
981 1343 1232 1398 deorsum
1266 1339 1510 1408 accipere
1548 1335 1950 1390 fundamentum
1970 1372 1985 1396 ,

388 1438 510 1507 quia
540 1436 778 1506 pondere
801 1448 901 1488 suo
923 1433 1174 1487 deorsum
1203 1444 1388 1484 versus
1416 1429 1684 1489 feruntur;
1709 1432 1764 1478 et
1791 1423 1890 1477 nisi
1919 1421 1990 1475 sit

389 1528 531 1598 quod
571 1527 863 1600 sustineat,
908 1534 1074 1578 totum
1115 1521 1291 1587 cadit,
1323 1521 1443 1591 quia
1485 1528 1653 1574 totum
1691 1516 1756 1570 ad
1792 1525 1987 1570 terram

393 1618 580 1686 vergit.
612 1618 790 1672 Rebus
815 1631 944 1686 ergo
968 1615 1034 1670 ad
1061 1616 1163 1668 ima
1193 1611 1534 1667 tendentibus
1561 1612 1613 1664 itt
1642 1609 1750 1662 imo
1777 1608 1990 1677 ponitur

394 1709 799 1763 fundamentum
831 1726 846 1762 ε
878 1706 1113 1761 Ecclesia
1147 1719 1272 1759 vero
1306 1704 1397 1758 Dei
1434 1703 1486 1755 in
1523 1703 1630 1755 imo
1671 1701 1841 1770 posita
1871 1709 1990 1752 ten-

393 1800 472 1855 dit
503 1802 554 1854 in
583 1801 800 1855 caelum.
836 1798 1263 1853 Fundamentum
1296 1811 1421 1863 ergo
1458 1803 1714 1866 nostrum
1741 1789 1811 1845 ibi
1849 1788 1997 1858 posi-

400 1901 509 1944 tum
542 1899 657 1956 est,
702 1889 958 1942 Dominus
997 1896 1180 1941 noster
1218 1885 1374 1940 Jesus
1410 1883 1654 1938 Christus
1696 1881 1891 1936 sedens
1928 1879 1994 1933 ad

398 1981 674 2036 dexteram
709 1979 901 2034 Patris.
934 1978 988 2032 Si
1016 1993 1144 2046 ergo
1180 1975 1440 2030 intellexit
1470 1973 1737 2028 Sanctitas
1781 1978 1993 2034 vestra,

396 2074 516 2141 quia
552 2073 661 2142 jam
692 2070 996 2126 dcdicanun
1031 2080 1114 2122 est
1148 2067 1548 2121 fundamentum
1585 2073 1862 2127 nostrum,
1893 2076 1994 2114 au-

395 2163 603 2218 diamus
632 2163 863 2217 breviter
889 2161 1179 2222 Psalmmn,
1207 2171 1261 2214 et
1287 2158 1657 2212 decurramus.

468 2258 554 2312 il.
586 2254 738 2328 [vers.
768 2253 849 2327 2.]
892 2253 1145 2308 Exaltabo
1174 2261 1220 2307 te
1239 2294 1255 2320 ,
1287 2251 1534 2317 Domine,
1563 2249 1800 2320 quoniam
1825 2263 1997 2308 susce-

397 2348 513 2419 pisti
541 2363 648 2412 nte,
681 2361 772 2401 nec
789 2344 1094 2415 jucundasti
1121 2343 1350 2397 inimicos
1377 2358 1511 2396 meos
1537 2356 1689 2409 super
1717 2355 1816 2393 me.
1848 2339 1996 2406 Quos

399 2436 679 2491 inimicos?
713 2435 967 2490 Judros?
1004 2435 1059 2489 in
1097 2434 1432 2489 dedicatione
1464 2431 1791 2504 fundamenti
1823 2430 1992 2499 ipsam

398 2527 789 2583 dedicationem
821 2525 1182 2594 intelligamus
1208 2511 1401 2579 domus
1429 2522 1642 2576 futurtn.
1669 2520 1822 2587 Quod
1852 2519 1995 2574 enim

399 2619 596 2674 dicitur
622 2618 782 2673 modo
809 2633 874 2671 ex
906 2632 1132 2686 persona
1165 2615 1513 2680 fundamenti,
1545 2623 1667 2668 tunc
1695 2604 1997 2666 diceturex

403 2725 632 2780 persona
669 2709 933 2764 universa:
977 2709 1186 2762 domus.
1226 2707 1372 2775 Quos
1409 2721 1541 2776 ergo
1580 2704 1863 2760 inimicos?
1898 2703 1995 2757 Ju-

399 2802 566 2867 dccos,
596 2817 663 2855 an
693 2803 872 2873 potius
897 2801 1167 2855 diabolum
1195 2811 1250 2855 et
1273 2801 1491 2871 angelos
1515 2799 1651 2868 ejus,
1674 2797 1764 2868 qui
1789 2795 1998 2852 confusi
2031 2853 2048 2873 .

400 2893 800 2958 discesserunt,
832 2901 1113 2962 postquam
1143 2891 1396 2945 Dominus
1426 2889 1755 2945 resurrexit?
1784 2887 2002 2957 Prmpo-

399 2985 534 3038 situs
563 2984 749 3038 mortis
779 2984 950 3038 doluit
977 2985 1168 3038 victam
1200 2991 1448 3038 mortem.
1483 2981 1548 3036 Et
1577 2998 1678 3035 non
1698 2977 2001 3052 jucundasti

402 3080 633 3133 inimicos
658 3094 795 3132 meos
823 3094 976 3148 super
1001 3078 1080 3130 me
1104 3092 1125 3131 :
1152 3077 1274 3147 quia
1304 3076 1472 3131 teneri
1498 3075 1638 3145 apud
1668 3074 1864 3129 inferos
1890 3089 1997 3128 non

401 3170 568 3239 potui.

473 3261 560 3316 12.
590 3260 740 3334 [vers.
773 3258 852 3333 5.]
882 3259 1100 3315 Domine
1129 3257 1268 3316 Deus
1295 3276 1466 3323 meus,
1494 3257 1709 3313 clamavi
1741 3256 1812 3309 ad
1843 3266 1890 3311 te
1909 3298 1924 3323 ,
1952 3265 2000 3312 et

397 3353 593 3408 sanasti
620 3369 698 3407 me
721 3368 740 3406 :
761 3355 939 3408 oravit
962 3354 1013 3407 in
1042 3361 1221 3408 monte
1250 3351 1510 3407 Dominus
1537 3359 1660 3405 ante
1691 3349 1995 3420 passionem

403 3445 614 3516 (Matth.
643 3461 797 3508 sxw,
827 3444 956 3517 39);
998 3443 1205 3500 sanavit
1241 3459 1390 3499 eum.
1430 3443 1600 3512 Quem
1636 3442 1878 3504 sanavit,
1909 3439 2000 3511 qui

404 3553 670 3608 nunquam
701 3537 1007 3608 argrotavit,
1040 3536 1270 3591 Verbum
1303 3537 1468 3590 Deum
1489 3577 1506 3601 ,
1539 3534 1772 3589 Verbum
1801 3533 1997 3590 divini-

405 3626 606 3682 tatem?
650 3626 802 3691 Non,
846 3626 942 3681 sed
989 3636 1218 3680 mortem
1257 3626 1436 3681 carnis
1481 3624 1759 3694 portabat,
1805 3625 2001 3679 vulnus

406 3729 552 3773 tuum
597 3718 876 3788 portabat,
915 3727 1201 3773 sanaturus
1232 3727 1285 3773 te
1312 3717 1380 3773 de
1413 3718 1632 3772 vulnere
1665 3724 1777 3770 tuo.
1808 3715 2004 3771 Sanata

405 3820 488 3865 est
511 3818 692 3864 autem
728 3825 874 3864 caro.
906 3808 1166 3878 Quando?
1191 3808 1325 3864 Cum
1356 3809 1667 3864 resurrexit.
1697 3807 1833 3862 Audi
1864 3808 2009 3876 Apo-

405 3902 625 3970 stolum,
647 3901 772 3958 vide
793 3917 974 3956 veram
1003 3901 1284 3957 sanitatem
1310 3917 1325 3955 :
1350 3902 1601 3972 Absorpta
1627 3909 1720 3967 est,
1746 3901 1843 3964 ait,
1872 3914 2008 3955 mors

405 3994 459 4047 in
481 3993 762 4047 victoriam.
789 3991 888 4047 Ubi
908 4001 1002 4058 est,
1024 4008 1184 4060 mors,
1207 3993 1415 4046 aculeus
1439 3991 1599 4045 tuus?
1623 3991 1706 4045 ubi
1729 3999 1820 4055 est,
1849 3984 2004 4054 more,

405 4086 656 4140 contentio
683 4093 771 4138 tua
795 4083 856 4156 (1
882 4083 1001 4139 Cor.
1037 4099 1130 4148 xv,
1159 4082 1301 4154 54)?
1329 4084 1470 4153 Ergo
1495 4068 1749 4138 exaltatio
1778 4082 1867 4136 illa
1900 4095 2004 4136 no-

409 4187 535 4232 strze
563 4184 688 4230 tunc
713 4177 818 4231 erit
841 4175 1012 4242 vocis,
1043 4173 1242 4231 Christi
1272 4174 1432 4228 modo
1459 4182 1542 4228 est
1567 4173 1840 4229 exaltatio.

479 4265 568 4325 15.
596 4266 748 4340 [vers.
789 4265 868 4341 4.]
909 4265 1162 4334 Domine,
1204 4267 1450 4321 reduxisti
1485 4265 1549 4319 ab
1582 4266 1758 4335 inferis
1787 4264 2010 4337 animam

407 4377 588 4414 meam.
621 4359 734 4415 Non
767 4375 902 4430 Opus
930 4369 1012 4414 est
1045 4368 1102 4414 ut
1131 4368 1448 4430 exponatur.
1490 4357 1703 4414 Salvum
1741 4357 1902 4428 fecisti
1931 4371 2013 4410 me

404 4468 436 4503 a
463 4451 878 4506 descendentibus
904 4452 958 4504 in
985 4451 1176 4505 lacum.
1206 4450 1305 4517 Qui
1332 4458 1458 4504 sunt
1484 4450 1572 4518 qui
1600 4447 1932 4503 descendunt
1957 4447 2010 4502 in

409 4543 620 4597 laemn?
646 4542 844 4597 Omnes
872 4551 1180 4612 peccatores
1211 4550 1513 4612 mergentes
1545 4540 1596 4594 in
1628 4538 1950 4609 profundum
1991 4553 2008 4594 :

409 4636 554 4687 lacus
581 4642 663 4689 est
691 4634 832 4687 enim
863 4633 1195 4703 profunditas
1224 4633 1428 4687 saeculi.
1457 4633 1588 4700 Qua:
1618 4639 1703 4685 est
1739 4631 1840 4684 ista
1867 4647 2008 4700 .pro-

411 4724 641 4778 funditas
667 4723 888 4778 saeculi?
913 4724 1249 4778 Abundantia
1277 4723 1501 4778 luxuriae
1523 4732 1576 4777 et
1603 4721 1853 4792 nequitiae
1879 4739 1892 4775 :
1918 4721 2011 4791 qui

407 4831 535 4884 ergo
555 4815 862 4871 libidinibus
887 4829 1006 4870 sese
1033 4815 1355 4885 immergunt
1376 4823 1432 4869 et
1456 4813 1681 4869 terrenis
1704 4812 2004 4880 desideriis,

408 4905 741 4961 descendunt
768 4906 821 4960 in
852 4906 1047 4959 laeum.
1077 4905 1233 4960 Tales
1261 4904 1532 4960 Christum
1566 4905 1830 4973 persecuti
1861 4912 2009 4960 sunt.

409 4997 515 5052 Sed
541 4997 666 5068 quid
695 4997 859 5053 dicit?
901 4997 1112 5052 Salvum
1147 4995 1311 5068 fecisti
1341 5013 1420 5052 me
1451 5012 1483 5050 a
1513 4995 1926 5051 descendentibus
1954 4998 2009 5050 in

412 5091 599 5144 lacum.

484 5183 570 5238 M.
592 5181 743 5255 [vers.
785 5181 866 5256 5.]
896 5180 1111 5238 Psaliite
1137 5181 1378 5248 Domino,
1405 5182 1569 5238 sancti
1593 5183 1702 5254 ejus
1737 5197 1756 5237 .'
1779 5180 1900 5253 quia
1928 5196 2014 5237 reo

409 5274 641 5329 surrexit
677 5283 835 5343 caput
868 5283 1120 5338 vestrum,
1154 5272 1256 5330 hoc
1281 5282 1493 5345 sperate
1521 5272 1763 5328 membra
1790 5281 2008 5335 ecetera,

408 5364 549 5435 quod
586 5365 780 5420 videtis
820 5366 874 5421 in
913 5365 1122 5436 capite;
1160 5365 1262 5420 hoc
1304 5373 1515 5435 sperate
1553 5364 1832 5432 membra,
1869 5365 2011 5435 quod

409 5455 708 5511 credidistis
736 5457 787 5512 in
817 5450 1014 5525 capite.
1046 5458 1397 5513 Proverbium
1428 5465 1510 5513 est
1535 5459 1813 5529 antiquum
1840 5467 1893 5512 et
1921 5456 2028 5512 ve—“o

411 5563 527 5601 rum
560 5563 572 5600 :
601 5546 700 5604 Ubi
728 5558 920 5618 caput,
949 5558 1002 5603 et
1030 5555 1221 5603 cratera
1251 5549 1511 5603 membra.
1541 5548 1787 5603 Christus
1819 5549 1870 5601 in
1897 5562 2012 5604 cm-

411 5642 519 5694 lum
549 5639 810 5707 ascendit,
835 5655 943 5712 quo
971 5655 1069 5696 nos
1097 5641 1327 5696 secuturi
1358 5655 1544 5696 sumus
1572 5657 1587 5696 :
1615 5654 1720 5696 non
1752 5641 2012 5696 remansit

413 5732 553 5801 apud
585 5731 817 5799 inferos,
844 5733 1180 5795 resurrexit,
1203 5732 1315 5802 jam
1346 5747 1453 5788 non
1479 5732 1738 5793 moritur;
1765 5747 1888 5787 cum
1920 5747 2013 5788 re-

408 5825 800 5881 surrexerimus
838 5831 892 5880 et
931 5838 1064 5894 nos,
1102 5821 1212 5895 jam
1253 5837 1359 5880 non
1399 5824 1708 5881 moriemur.
1743 5821 1852 5878 Has
1883 5836 2012 5894 ergo

1622 397 1682 450 S.
1725 386 2092 450 AUGUSTINI
2124 383 2422 440 EPISCOPI

3568 379 3673 434 9.25

2095 479 2474 568 promissionrs
2511 496 2770 551 habentes
2790 537 2804 560 ,
2835 495 3045 550 Psallite
3085 495 3314 559 Domino,
3342 497 3501 549 sancti
3527 498 3635 558 eius

2091 603 2138 645 et
2167 590 2474 658 conﬁtemini
2502 589 2757 643 memoria:
2780 589 3058 644 sanctitatis
3083 589 3210 657 ejus.
3240 589 3375 655 Quid
3399 599 3502 653 est,
3527 595 3685 652 con/i-

2093 684 2267 736 temini
2295 683 2586 736 memoriae?
2614 681 2772 736 Obliti
2799 682 2940 736 enim
2967 681 3132 735 eratis
3156 696 3300 744 eum,
3329 680 3420 735 sed
3453 681 3568 751 ipse
3595 697 3689 735 vos

2093 791 2200 829 non
2226 785 2306 830 est
2333 774 2546 828 oblitus.

2165 868 2252 922 15.
2294 864 2444 938 [vers
2470 865 2550 938 6.]
2600 867 2851 932 Quoniam
2885 867 2964 919 ira
3006 866 3058 918 in
3087 865 3437 936 indignatione
3468 866 3598 934 ejus,
3644 873 3696 915 et

2093 960 2194 1013 vita
2223 961 2277 1012 in
2305 961 2567 1012 voluntate
2593 960 2720 1030 ejus.
2751 957 2830 1011 ira
2873 959 2923 1012 in
2969 957 3334 1026 indignatione
3382 957 3651 1027 peeattmi
3680 975 3692 1010 :

2097 1053 2208 1118 Qua
2236 1051 2319 1105 die
2347 1051 2574 1113 ederitis,
2600 1060 2760 1103 morte
2780 1051 3064 1103 morientini
3082 1049 3232 1120 (Gen.
3256 1065 3314 1114 tt,
3342 1051 3450 1118 i7).
3483 1049 3698 1118 Tctige-

2096 1153 2242 1207 runt,
2274 1143 2468 1196 mortui
2495 1151 2641 1202 sunt,
2665 1141 2868 1194 dimissi
2896 1141 2965 1196 de
2997 1141 3264 1210 paradiso,
3298 1140 3418 1210 quia
3437 1141 3516 1194 ira
3541 1140 3593 1193 in
3617 1140 3674 1192 in

2095 1236 2388 1308 dignatione
2418 1236 2527 1304 ejus
2551 1250 2569 1289 :
2596 1233 2689 1288 sed
2721 1249 2826 1287 non
2859 1234 2975 1286 sine
3002 1248 3118 1302 spe,
3146 1236 3268 1302 quia
3296 1233 3396 1286 vita
3425 1232 3478 1286 in
3508 1233 3694 1284 uolun-

2099 1339 2199 1382 tate
2227 1329 2352 1397 ejus.
2384 1327 2521 1394 Quid
2568 1336 2670 1387 est,
2711 1327 2764 1380 in
2802 1327 3058 1380 voluntate
3081 1325 3232 1396 ejus?
3260 1324 3374 1380 Non
3407 1325 3459 1380 in
3496 1326 3700 1378 viribus

2098 1423 2320 1486 nostris,
2351 1435 2456 1473 non
2497 1420 2549 1472 in
2580 1419 2784 1474 meritis
2810 1418 3008 1473 nostris
3034 1435 3048 1473 :
3080 1419 3173 1472 sed
3219 1420 3344 1488 quia
3376 1419 3559 1482 voluit,
3587 1420 3686 1473 sal-

2101 1529 2200 1566 vos
2245 1527 2341 1566 nos
2372 1512 2522 1576 fecit;
2557 1528 2660 1566 non
2691 1513 2813 1582 quia
2848 1513 2991 1577 digiti
3015 1527 3244 1566 eramus.
3278 1513 3394 1579 Quo
3439 1523 3518 1567 est
3553 1514 3703 1567 enim

2098 1613 2348 1674 peccator
2372 1603 2585 1673 dignus,
2623 1603 2724 1658 nisi
2763 1604 3061 1674 supplicio?
3106 1604 3280 1659 Vitam
3335 1605 3498 1660 dedit.
3543 1609 3604 1661 lit
3650 1604 3699 1660 si

2100 1694 2278 1762 impiis
2308 1695 2468 1748 vitam
2497 1694 2735 1761 donavit,
2763 1695 2888 1766 quid
2919 1703 3098 1749 servat
3126 1695 3370 1750 lidelihus
3389 1696 3414 1746 ?

2176 1784 2267 1840 16.
2329 1783 2545 1855 Vespere
2606 1785 2951 1839 demorabitur
3008 1787 3179 1856 ﬂetus.
3247 1785 3420 1840 Nolite
3476 1785 3700 1848 timere,

2103 1878 2226 1948 quia
2266 1876 2476 1933 dixerat
2523 1878 2699 1943 nobis,
2732 1877 2985 1943 Psallite;
3015 1889 3067 1933 et
3096 1877 3184 1933 hic
3226 1879 3456 1948 gemitus
3489 1889 3571 1933 est
3599 1896 3613 1932 :
3645 1881 3702 1934 in

2105 1969 2386 2040 psallendo
2432 1971 2742 2035 exsultatio,
2786 1970 2839 2024 in
2880 1969 3084 2025 orando
3132 1971 3376 2040 gemitus.
3427 1971 3595 2027 Geme
3633 1973 3705 2026 de

2107 2061 2482 2132 praesentibus,
2518 2062 2682 2128 psalle
2725 2061 2792 2114 de
2831 2060 3062 2115 futuris:
3092 2077 3185 2115 ora
3228 2062 3394 2128 dere,
3424 2063 3591 2132 psalle
3633 2063 3706 2119 de

2102 2159 2232 2220 spe.’
2260 2148 2478 2219 Vespere
2498 2149 2842 2204 demorabitur
2864 2152 3032 2221 ﬂetus.
3066 2151 3203 2217 Quid
3240 2163 3343 2216 est,
3384 2151 3596 2222 Vespere
3615 2155 3708 2207 de-

2103 2242 2386 2308 morabitur
2407 2243 2556 2312 [ictus
2577 2243 2603 2296 Ρ
2630 2227 2863 2312 Vespera
2892 2244 2948 2296 iit
2973 2243 3188 2313 quando
3209 2245 3290 2298 soi
3311 2245 3524 2299 occidit.
3551 2244 3704 2299 Occi-

2103 2335 2184 2387 dit
2221 2332 2302 2388 soi
2335 2333 2403 2387 ab
2434 2332 2674 2399 homine,
2707 2333 2760 2388 id
2802 2342 2886 2388 est
2917 2334 3005 2388 lux
3037 2335 3121 2388 illa
3145 2318 3395 2404 justitiaz,
3424 2340 3707 2405 praesentia

2105 2426 2216 2482 Dei.
2267 2426 2392 2481 ideo
2435 2427 2650 2497 quando
2689 2427 2947 2496 expulsus
2993 2438 3077 2482 est
3105 2428 3298 2494 Adam,
3345 2429 3471 2498 quid
3502 2430 3706 2485 dictum

2104 2528 2188 2585 est
2221 2518 2273 2572 in
2301 2517 2538 2574 Genesi?
2585 2516 2719 2572 Cum
2760 2516 3132 2573 deambularet
3160 2519 3301 2573 Deus
3338 2521 3388 2573 in
3418 2519 3704 2590 paradiso;

2105 2607 2172 2663 ad
2213 2624 2492 2678 vesperam
2534 2609 2910 2665 deambulabat
2955 2610 3094 2666 Deus
3137 2628 3150 2664 :
3179 2611 3289 2680 jam
3328 2612 3418 2667 ille
3458 2623 3711 2682 peccator

2105 2708 2308 2754 texerat
2331 2716 2389 2754 se
2415 2701 2551 2755 intra
2574 2700 2796 2772 lignum,
2816 2701 3032 2756 nolebat
3051 2702 3231 2758 videre
3250 2700 3439 2759 (aciem
3473 2705 3560 2758 Dei
3590 2703 3707 2772 (Id.

2105 2805 2182 2854 tu,
2196 2789 2276 2861 8),
2298 2789 2362 2843 ad
2381 2805 2538 2859 quam
2555 2791 2788 2860 gaudere
2813 2803 3167 2847 consueverat
3191 2811 3207 2848 :
3228 2794 3496 2849 occiderat
3513 2791 3587 2848 illi
3611 2794 3711 2853 Sol

2100 2882 2341 2952 justitice,
2374 2898 2482 2937 non
2523 2883 2788 2953 gaudebat
2816 2885 2882 2940 ad
2911 2885 3256 2956 praesentiam
3291 2887 3408 2942 Dei.
3460 2887 3587 2943 inde
3617 2890 3707 2944 in-

2104 2973 2298 3028 choata
2323 2982 2408 3030 est
2432 2976 2608 3029 omnis
2637 2974 2742 3029 vita
2785 2976 2884 3030 ista
2913 2977 3173 3031 mortalis.
3221 2977 3446 3050 Vespere
3468 2979 3710 3037 demora-

2105 3065 2238 3120 bitur
2277 3067 2449 3136 ﬂetus.
2500 3067 2596 3121 Diu
2636 3068 2744 3122 eris
2790 3069 2844 3122 in
2875 3068 3023 3134 fletu,
3079 3085 3112 3125 ο
3152 3085 3324 3140 genus
3374 3071 3664 3127 humanum
3689 3091 3708 3130 :

2105 3158 2342 3212 nasceris
2370 3157 2513 3212 enim
2544 3158 2612 3213 de
2637 3158 2830 3224 Adam,
2854 3168 2913 3214 et
2940 3160 3018 3214 sic
3047 3168 3131 3215 est
3157 3160 3355 3216 factum
3387 3178 3402 3228 ;
3435 3172 3489 3216 et
3514 3180 3613 3219 nos
3639 3180 3708 3220 ex

2105 3248 2275 3304 Adam
2306 3264 2512 3310 sumus,
2541 3259 2597 3304 et
2626 3259 2895 3320 quotquot
2938 3263 3191 3306 crearunt
3217 3253 3376 3318 lilios,
3403 3263 3455 3308 ct
3475 3256 3708 3309 creaturi

2105 3350 2252 3406 sunt,
2293 3355 2360 3394 ex
2408 3339 2577 3394 Adam
2633 3350 2774 3405 sunt,
2829 3356 2894 3396 ex
2949 3357 3056 3413 quo
3106 3353 3162 3398 et
3213 3344 3314 3415 ipsi
3353 3346 3519 3408 creati
3558 3359 3708 3402 sunt.

2117 3429 2334 3502 Vespere
2356 3430 2702 3486 demorabitur
2720 3434 2872 3502 ﬂetus
2889 3448 2910 3487 :
2929 3443 2975 3487 et
3001 3434 3051 3488 in
3073 3436 3377 3489 matutinum
3397 3439 3668 3494 exsultatio
3691 3453 3713 3494 :

2108 3520 2325 3590 quando
2365 3522 2598 3592 etoperit
2640 3523 2769 3576 oriri
2818 3522 3063 3578 ﬁdelibus
3118 3524 3228 3591 lux,
3270 3541 3390 3594 qua:
3438 3526 3715 3582 occiderat

2109 3613 2502 3684 peccatoribus.
2531 3613 2665 3668 Nam
2695 3614 2816 3668 ideo
2837 3624 2892 3670 et
2917 3615 3176 3670 Dominus
3203 3616 3357 3672 Jesus
3382 3617 3632 3674 Christus
3657 3620 3716 3674 in

2109 3704 2371 3757 matutino
2420 3705 2713 3758 resurrexit
2741 3703 2806 3758 de
2850 3705 3097 3774 sepulcro
3129 3705 3343 3779 (Matth.
3392 3722 3587 3775 xxviii,
3629 3711 3712 3777 l),

2111 3802 2170 3848 ut
2209 3793 2350 3864 quod
2397 3792 2667 3850 dedicavit
2718 3795 2770 3850 in
2813 3796 3182 3864 Fundamenta,
3234 3799 3335 3854 hoc
3379 3793 3716 3866 promitteret

2110 3887 2312 3941 domui.
2343 3884 2398 3940 In
2429 3887 2659 3942 Domino
2708 3899 2894 3944 nostro
2937 3905 3160 3960 vespera
3192 3891 3308 3959 fuit,
3335 3907 3440 3964 qua
3470 3896 3717 3965 sepultus

2111 3986 2228 4041 est;
2255 3986 2316 4032 et
2342 3978 2682 4044 matutinum,
2711 3994 2820 4048 quo
2840 3985 3156 4048 resurrexit,
3196 3982 3354 4037 tertio
3376 3983 3463 4039 die
3493 4001 3506 4037 :
3536 3986 3718 4054 sepul-

2103 4078 2199 4123 tus
2227 4084 2287 4124 es
2322 4078 2377 4122 et
2405 4079 2460 4123 tu
2489 4084 2714 4138 vespere
2743 4071 2794 4124 in
2828 4071 3096 4140 paradiso,
3139 4081 3195 4127 et
3237 4072 3716 4131 resurrexisti'ter-

2113 4161 2188 4213 tio
2214 4159 2320 4214 die.
2368 4159 2650 4228 Quomodo
2712 4162 2870 4216 tertio
2913 4161 3046 4216 die?
3074 4163 3130 4219 Si
3179 4165 3434 4220 saeculum
3480 4167 3712 4236 cogites,

2114 4264 2250 4303 unus
2276 4249 2394 4304 dies
2423 4259 2506 4305 est
2553 4261 2677 4304 ante
2724 4250 2944 4321 Legem,
3001 4253 3269 4308 secundus
3293 4256 3393 4311 sub
3419 4256 3580 4327 Lege,
3606 4266 3719 4312 ter-

2116 4343 2219 4396 tius
2245 4341 2345 4397 sub
2372 4343 2573 4398 Gratia.
2597 4344 2749 4409 Quod
2772 4345 2947 4400 triduo
2968 4346 3060 4401 illo
3082 4349 3319 4404 ostendit
3343 4359 3501 4420 caput
3528 4360 3707 4422 tuum,

2115 4435 2217 4490 hoc
2242 4435 2415 4489 triduo
2439 4436 2621 4491 smcnii
2649 4436 2947 4491 ostenditur
2975 4438 3026 4492 in
3061 4447 3132 4492 te.
3161 4439 3424 4507 Quando?
3453 4442 3508 4497 in
3532 4452 3716 4498 matu-

2117 4527 2228 4580 tino
2253 4527 2576 4596 sperandum
2611 4539 2712 4595 est,
2743 4529 3029 4585 laetandum
3055 4539 3170 4598 est;
3213 4534 3306 4589 sed
3341 4534 3720 4603 perferendum

2115 4627 2198 4672 est
2224 4617 2404 4683 modo,
2435 4626 2489 4672 et
2510 4620 2857 4686 gemendum.

2189 4708 2276 4762 17.
2321 4705 2472 4780 [vers.
2522 4709 2600 4782 7.]
2643 4708 2755 4780 Ego
2781 4722 2949 4766 autem
2986 4713 3096 4768 dixi
3124 4714 3176 4768 in
3216 4730 3327 4768 mea
3353 4714 3669 4774 abundantia
3700 4735 3724 4776 :

2119 4799 2242 4855 Non
2263 4803 2492 4855 movebar
2515 4804 2568 4856 in
2591 4813 2854 4858 attentum.
2880 4805 2936 4860 in
2968 4821 3071 4876 qua
3111 4807 3433 4864 abundantia
3465 4809 3600 4866 dixit
3622 4815 3722 4869 bo-

2116 4909 2206 4948 mo
2239 4911 2253 4948 :
2288 4893 2410 4949 Non
2437 4894 2666 4950 movebar
2690 4897 2743 4952 in
2768 4899 3053 4954 teter-num?
3082 4900 3454 4972 intelligimus,
3500 4902 3718 4974 fratres,

2079 4999 2082 5003 ‘
2121 5003 2402 5057 personam
2423 4987 2653 5044 humilis
2683 4989 2939 5047 hominis.
2983 4992 3115 5061 Quis
3139 4993 3228 5050 hic
3255 4994 3414 5051 habet
3439 4995 3722 5053 abundan-

2121 5079 2289 5134 tiam?!
2303 5078 2494 5150 Nemo.
2527 5080 2865 5137 Abundantia
2890 5085 3123 5139 hominis
3143 5100 3264 5155 qua!
3283 5085 3406 5142 est?
3427 5086 3718 5155 Erumna,

2117 5170 2414 5226 calamitas.
2461 5171 2569 5227 Sed
2617 5172 2810 5229 divites
2859 5172 3057 5230 habent
3108 5176 3540 5234 abundantiam?
3585 5180 3722 5236 Plus
3768 5246 3770 5248 τ

2117 5277 2279 5340 egent
2304 5279 2505 5340 quanto
2531 5270 2651 5340 plus
2674 5269 2870 5326 habent
2891 5289 2910 5328 :
2939 5265 3221 5328 desideriis
3249 5282 3545 5342 vastantur,
3568 5277 3724 5344 cupi-

2119 5361 2378 5416 ditatibus
2405 5362 2754 5431 dissipantur,
2802 5363 3084 5420 timoribus
3130 5366 3456 5434 cruciantur,
3504 5368 3720 5425 tristitia

2119 5453 2506 5510 contabescunt
2530 5471 2543 5508 :
2566 5471 2686 5524 quas
2704 5455 2810 5511 illis
2829 5455 3192 5513 abundantia?
3220 5458 3556 5514 Abundantia
3577 5471 3724 5524 erat,-

2119 5546 2332 5617 quando
2353 5548 2673 5604 constitutus
2702 5559 2784 5604 est
2812 5549 3039 5605 homoin
3059 5551 3330 5621 paradiso.
3350 5552 3562 5622 quando
3587 5552 3720 5612 nihil

2118 5638 2303 5694 deerat
2318 5638 2414 5702 illi,
2432 5637 2645 5710 quando
2671 5640 2778 5696 Deo
2796 5639 3106 5697 fruebatur:
3133 5642 3225 5698 sed
3243 5643 3394 5707 dixit,
3417 5641 3538 5698 Non
3560 5658 3730 5696 mou-

2120 5730 2211 5784 bar
2227 5729 2278 5782 in
2300 5739 2565 5783 internum.
2595 5729 2878 5798 Quomodo
2895 5732 3047 5797 dixit,
3083 5731 3202 5788 Non
3232 5735 3463 5789 movebar
3488 5734 3539 5789 in
3564 5747 3716 5791 ceter-

2121 5821 2278 5876 num?
2293 5819 2516 5888 Quando
2533 5820 2761 5880 libenter
2773 5823 2994 5892 audivit,
3011 5823 3240 5894 (instate,
3253 5837 3302 5882 et
3326 5825 3464 5882 eritis
3478 5834 3722 5897 tartquam
