4008 6322
283 440 355 490 dii
383 455 396 491 :
425 453 544 493 cum
593 439 734 497 Deus
757 440 980 509 diceret,
1012 443 1125 510 Qua
1163 444 1246 499 die
1265 446 1487 510 ederitis,
1514 460 1673 502 morte
1695 451 1881 504 morie-

283 530 409 582 mini
430 544 449 593 ,'
469 539 522 584 et
549 530 813 598 diabolus,
848 533 965 588 Non
995 544 1151 589 morte
1179 537 1463 591 moriemini
1486 537 1638 608 (Gen.
1673 557 1750 604 ιιι,
1774 543 1808 596 4
1837 552 1880 595 et

283 618 364 685 5).
397 619 634 675 Credens
659 637 787 693 ergo
814 625 888 678 illi
920 626 1039 678 talia
1071 627 1315 681 suadenti
1347 628 1481 683 dixit
1507 647 1520 683 :
1547 629 1670 685 Non
1710 649 1880 686 move-

283 711 375 763 bar
399 713 449 764 in
471 722 735 766 aeternum.

355 802 444 857 18.
473 801 622 876 [vers.
656 804 709 867 8.
740 803 820 878 9.]
849 805 953 860 Sea
995 810 1116 876 quia
1146 825 1330 865 verum
1368 812 1572 868 dixerat
1603 815 1878 882 Dominus,

279 892 423 960 quod
477 893 750 948 ablaturus
781 906 926 952 esset
967 900 1199 968 superbo
1247 902 1390 972 quod
1445 904 1667 960 dederat
1695 906 1880 962 humili

275 982 492 1052 quando
534 1002 655 1041 eum
689 989 917 1054 creavit;
957 993 1216 1060 sequitur,
1258 1001 1312 1047 et
1351 993 1518 1049 dicit:
1550 995 1787 1064 Domine,
1828 1000 1880 1053 in

278 1075 530 1128 ooluntate
571 1084 658 1129 tua
706 1080 981 1147 prastilisti
1025 1081 1195 1135 decori
1235 1100 1342 1138 meo
1393 1086 1622 1139 virtutem
1645 1105 1666 1142 :
1693 1090 1742 1144 id
1772 1100 1876 1157 est,

276 1167 399 1234 quia
429 1184 532 1221 non
563 1184 627 1222 ex
661 1186 745 1224 me
776 1172 948 1227 bonus
969 1188 1115 1228 eram
1147 1184 1201 1229 ct
1223 1175 1393 1242 fortis,
1419 1182 1511 1233 sed
1544 1196 1606 1234 ex
1653 1170 1876 1239 teet-am

260 1269 333 1320 et
366 1261 586 1328 pulcher
609 1271 662 1317 et
692 1262 843 1317 fortis
863 1307 882 1329 ,
902 1265 1080 1321 decori
1107 1283 1226 1321 meo
1249 1270 1500 1324 virtutem
1529 1277 1873 1341 prmstitems,

274 1365 339 1403 ex
372 1352 645 1407 voluntate
696 1365 804 1420 tua,
857 1371 956 1426 qua
991 1372 1076 1411 me
1116 1358 1342 1415 feceras.
1386 1361 1453 1415 Et
1482 1373 1538 1416 ut
1565 1366 1877 1421 ostenderes

274 1440 430 1498 mihi.
464 1443 586 1511 quia
639 1458 702 1497 ex
751 1445 1022 1501 voluntate
1071 1457 1157 1502 tua
1192 1449 1295 1504 hoc
1337 1467 1506 1517 erant,
1539 1453 1876 1525 Avertistifa-

270 1531 401 1583 ciem
428 1542 563 1585 tuam
610 1550 641 1586 a
687 1552 785 1599 me,
824 1545 869 1590 et
900 1539 1065 1607 factus
1118 1556 1230 1594 sum
1272 1542 1618 1600 conturbatus.
1670 1546 1876 1602 Avertit

271 1641 402 1695 ergo
447 1625 633 1681 faciem
688 1627 758 1682 ab
805 1629 896 1691 illo
921 1646 1081 1701 quem
1121 1633 1300 1688 emisit
1341 1634 1483 1690 foras
1530 1637 1598 1692 de
1627 1640 1874 1708 paradiso

214 1741 223 1756 κ
271 1714 461 1786 (Ibid,
484 1719 600 1789 25).
631 1719 749 1774 Jatn
796 1721 893 1777 bic-
913 1724 1138 1792 positus,
1171 1727 1388 1791 clamet,
1424 1733 1477 1783 et
1507 1730 1649 1785 dicat
1683 1749 1695 1785 :
1722 1733 1802 1786 Ad
1825 1744 1874 1788 te

264 1805 505 1872 Domine,
528 1811 776 1874 clamabo,
809 1823 854 1865 et
875 1813 943 1866 ad
971 1813 1132 1868 Deum
1154 1834 1317 1871 meum
1338 1819 1661 1889 deprecabor.
1689 1822 1743 1877 In
1775 1840 1869 1892 pa-

264 1897 448 1952 radiso
473 1915 577 1954 non
625 1903 914 1971 clamabas,
960 1906 1055 1960 sed
1096 1907 1379 1972 laudabas;
1433 1927 1538 1965 non
1583 1914 1865 1982 gemebas,

262 1991 359 2044 sed
391 1991 656 2049 fruebaris
695 2013 706 2048 :
737 1995 866 2051 foris
890 2001 1092 2068 positus
1119 2017 1293 2069 geme,
1340 2013 1394 2058 et
1423 2006 1615 2060 clama.
1643 2007 1871 2079 Pr0pin-

259 2093 393 2152 quat
425 2085 719 2153 tribulauti,
751 2090 840 2159 qui
879 2089 1548 2163 deseruitsuperbientem.
1576 2099 1714 2154 Deus
1735 2103 1867 2158 enim

258 2173 492 2243 superbis
546 2177 750 2240 resistit,
793 2181 1068 2235 humilibus
1088 2184 1370 2264 autem‘dat
1414 2189 1632 2256 gratiam
1657 2189 1864 2261 (Jacobi

258 2277 331 2324 tv,
355 2262 434 2332 6).
460 2263 539 2316 Ad
567 2278 634 2334 te,
661 2265 897 2334 Domine,
927 2269 1173 2337 clamabo,
1203 2282 1251 2325 et
1272 2262 1345 2326 ad
1373 2275 1535 2330 Deum
1576 2296 1741 2333 meum
1769 2282 1862 2336 de-

256 2356 523 2425 precabor.

333 2447 416 2502 19.
445 2445 598 2520 [vers.
649 2449 762 2522 10.]
795 2451 910 2506 Jam
941 2468 1006 2508 ex
1037 2470 1263 2524 persona
1295 2458 1506 2514 Domini
1554 2461 1653 2518 hoc
1683 2467 1861 2536 sequi-

255 2545 358 2601 tur,
397 2537 562 2606 ipsius
586 2537 910 2596 fuudamenti
940 2548 1108 2600 nostri
1141 2567 1154 2602 :
1190 2549 1321 2612 Qua:
1349 2553 1543 2607 utilitas
1572 2555 1624 2609 in
1652 2559 1862 2627 sangui-

250 2646 316 2682 ne
338 2647 470 2695 meo,
521 2633 640 2685 dum
691 2634 940 2688 descendo
990 2639 1042 2691 in
1085 2645 1498 2712 corruptionem?
1543 2647 1677 2716 Quid
1728 2667 1858 2722 ergo

1237 2700 1249 2712 ,
1476 2700 1479 2701 ν
1552 2700 1676 2716 ,νη
1735 2700 1854 2722 --ον

197 2700 203 2701 ί
250 2719 413 2771 erat?
459 2719 529 2774 Ut
565 2733 828 2792 resurgat.
875 2724 930 2779 Si
985 2728 1128 2782 enim
1172 2729 1521 2800 descendere,
1566 2738 1758 2808 inquit,
1803 2742 1854 2796 in

251 2810 674 2880 corruptionem,
722 2813 768 2868 si
823 2817 901 2870 sic
929 2818 1086 2873 fuerit
1115 2835 1365 2894 corrupta
1395 2841 1521 2882 caro
1551 2845 1691 2896 mea,
1719 2849 1854 2902 quo-

250 2900 414 2954 modo
475 2910 795 2958 cancrorum
854 2905 1133 2965 hominum
1198 2923 1255 2966 ut
1306 2915 1362 2969 in
1431 2917 1538 2972 line
1586 2932 1849 2992 resurgat,

249 2990 436 3057 utquid
468 2989 575 3046 fudi
604 2994 954 3063 sanguinem?
977 2999 1031 3054 Si
1058 3002 1201 3056 enim
1221 3020 1325 3058 non
1358 3007 1517 3060 modo
1546 2989 1847 3082 resurgam,

248 3084 449 3138 nemini
491 3087 842 3155 annuntiabo,
901 3093 1168 3148 neminem
1216 3097 1466 3153 lucrabor
1507 3118 1523 3156 :
1567 3111 1622 3156 ut
1668 3115 1846 3160 autem

245 3177 404 3230 alicui
457 3180 771 3241 annuntiem
828 3183 1088 3240 mirabilia
1137 3195 1244 3251 tua,
1289 3189 1474 3245 laudes
1519 3201 1653 3260 tuas,
1683 3195 1845 3253 vitam

247 3279 527 3336 :eternam,
555 3284 805 3343 exsurgat
840 3290 967 3330 caro
993 3294 1134 3345 mea,
1183 3297 1288 3336 non
1316 3295 1404 3338 eat
1440 3287 1492 3339 in
1541 3294 1845 3360 corruptio-

249 3375 398 3414 nem.
443 3362 573 3416 Nam
623 3363 666 3417 si
699 3366 822 3419 ierit
857 3369 1125 3441 quomodo
1175 3382 1489 3429 cancrorum
1545 3376 1840 3449 hominum,

243 3468 364 3521 qua:
409 3455 609 3510 utilitas
651 3456 704 3512 in
735 3460 993 3529 sanguine
1023 3463 1188 3517 meo?
1233 3463 1502 3535 Numquid
1526 3472 1845 3539 conﬁtebitur

220 3564 221 3567 η
245 3543 335 3597 tibi
359 3545 542 3613 pulvis,
573 3555 662 3600 aut
699 3551 1018 3604 annuntiabit
1043 3555 1300 3609 veritatem
1352 3566 1491 3612 tuam
1509 3560 1536 3613 ?
1561 3560 1842 3621 Confessio

242 3635 454 3703 gemina
481 3646 585 3702 est,
618 3647 710 3691 aut
758 3641 980 3707 peccati,
1023 3651 1116 3696 aut
1175 3643 1365 3700 laudis.
1415 3648 1639 3717 Quando
1686 3656 1841 3712 nobis

244 3725 386 3781 male
411 3735 514 3789 est,
550 3727 601 3780 in
645 3729 1078 3788 tribulationibus
1106 3737 1457 3794 confiteamur
1481 3756 1699 3810 peccata
1745 3765 1842 3803 uo-

239 3827 348 3870 stra
371 3835 386 3882 ;
413 3820 626 3888 quando
659 3823 810 3878 nobis
837 3824 971 3880 bene
999 3837 1104 3894 est,
1139 3829 1190 3884 in
1229 3833 1582 3892 exsultatione
1616 3839 1840 3908 justitias

239 3910 591 3966 confiteamur
619 3913 826 3970 laudem
860 3917 970 3973 Deo
994 3937 1006 3972 :
1034 3921 1150 3976 sine
1171 3923 1509 3983 confessione
1537 3940 1711 3986 tamen
1732 3951 1839 3989 non

240 4001 432 4056 simus.

310 4095 401 4149 20.
435 4094 586 4168 [vers.
619 4097 729 4171 11].
758 4100 962 4156 Audiuit
987 4101 1250 4171 Dominus,
1273 4118 1320 4161 et
1348 4110 1581 4166 misertus
1615 4126 1687 4168 est
1719 4118 1835 4174 mei.

238 4185 557 4253 Quomodo?
599 4192 874 4247 Attendite
895 4195 912 4224 ¹
943 4191 1010 4248 ad
1042 4195 1434 4255 dedicationem
1484 4202 1696 4260 domus.
1727 4208 1840 4262 Au-

234 4277 398 4341 divit,
443 4288 500 4334 et
543 4281 796 4336 misertus
834 4295 947 4340 est.
993 4285 1242 4344 Dominus
1297 4296 1463 4361 [actus
1512 4306 1586 4349 est
1630 4299 1839 4368 adjutor

233 4387 397 4426 meus.

308 4463 397 4518 21.
445 4463 594 4538 [vers.
643 4466 755 4541 12].
800 4469 936 4526 Audi
981 4472 1090 4542 jam
1121 4475 1288 4545 ipsum
1336 4483 1832 4541 resurrectionem:

236 4551 536 4610 Convertisti
558 4558 816 4626 planctum
843 4579 1005 4615 meum
1029 4565 1082 4618 in
1109 4566 1353 4636 gaudium
1371 4570 1517 4637 milii,
1542 4577 1833 4632 conscidisti

233 4663 439 4701 saccum
469 4665 654 4717 meum,
683 4661 728 4704 et
753 4654 1017 4708 accinxisti
1037 4673 1115 4710 me
1144 4659 1336 4712 latitia.
1357 4660 1485 4728 Quis
1502 4671 1584 4717 est
1606 4669 1834 4722 saccus?

234 4740 549 4796 Mortalitas.
581 4741 780 4798 Saccus
821 4745 890 4799 de
918 4747 1095 4814 capris
1138 4748 1420 4806 conficitur
1451 4754 1598 4809 etde
1634 4755 1829 4824 laedis,

233 4841 287 4883 ct
317 4846 494 4899 capra:
524 4842 579 4886 et
608 4831 750 4888 bcedi
800 4834 940 4889 inter
989 4847 1296 4905 peccatores
1320 4853 1588 4910 ponuntur
1614 4846 1828 4914 (Matth.

233 4940 360 4990 xxv,
385 4925 502 4994 52).
538 4925 794 4981 Dominus
832 4927 899 4982 de
939 4943 1161 4983 numero
1191 4941 1376 4988 nostro
1415 4950 1626 4990 saccum
1656 4939 1829 4996 solum

232 5021 459 5089 accepit,
491 5018 595 5074 non
626 5023 914 5092 assumpsit
937 5026 1184 5080 meritum
1215 5029 1378 5084 sacci.
1403 5029 1644 5087 Meritum
1666 5035 1828 5101 sacci,

235 5121 512 5178 peccatum
534 5120 620 5167 est
648 5128 662 5164 :
693 5127 880 5167 saccus
905 5114 1044 5182 ille’,
1070 5118 1365 5174 mortalitas
1392 5131 1495 5176 est.
1530 5124 1832 5194 Assumpsit

233 5212 453 5271 propter
477 5213 528 5258 te
554 5203 950 5268 mortalitatem,
982 5208 1070 5276 qui
1093 5208 1344 5264 meritum
1381 5213 1568 5266 mortis
1595 5230 1700 5268 non
1737 5215 1831 5270 ha-

236 5293 414 5347 bebat.
449 5292 696 5348 Meritum
744 5295 883 5348 enim
927 5298 1111 5351 mortis
1157 5300 1244 5353 ille
1291 5300 1449 5356 habet
1478 5300 1567 5372 qui
1601 5315 1828 5374 peccat:

235 5385 320 5438 ille
368 5395 545 5439 autem
591 5387 676 5455 qui
728 5403 832 5440 non
882 5392 1143 5457 peccavit,
1188 5407 1295 5446 non
1353 5393 1538 5449 habuit
1581 5400 1828 5453 meritum

305 5679 320 5712 ²
347 5676 466 5728 Edd.
497 5672 789 5735 Quomodo?
810 5674 1011 5726 attendit
1035 5677 1100 5727 at!
1122 5680 1487 5748 dedicationem,
1511 5698 1607 5740 etc.
1634 5695 1697 5742 At
1721 5694 1832 5748 Mss.

239 5739 480 5807 attendite.
580 5800 618 5807 __

300 5804 320 5836 ³
338 5806 548 5866 Aliquot
575 5800 692 5859 Μςη
721 5799 794 5849 illi

1420 333 1815 393 ENARRATIO
1852 336 1918 394 ΙΝ
1956 339 2282 405 PSALMUM
2323 351 2491 410 XXX.

2847 440 2856 448 .
3491 384 3595 442 226

1994 471 2111 510 cum
2165 463 2289 515 mihi
2334 468 2528 530 molesti
2568 486 2750 542 essent,
2795 480 3062 540 induebant
3103 507 3182 545 me
3222 494 3387 549 cilicio
3419 498 3591 566 (Psal.

1991 561 2176 614 xxxrv,
2214 554 2324 622 13).
2354 557 2490 625 Quid
2522 574 2603 616 est
2648 566 2769 633 hoc,
2801 569 3070 630 induebam
3117 598 3195 634 me
3233 587 3400 640 cilicio
3422 589 3449 644 .’
3480 592 3591 648 lloc

1989 642 2327 706 opponebam
2373 659 2835 726 persequentibus,
2887 668 3027 734 quod
3077 669 3248 728 habeo
3284 677 3352 733 de
3393 680 3587 738 cilicio.

1957 725 2059 781 'Ut
2081 729 2351 791 hominem
2394 742 2540 796 ilhun
2581 758 2861 816 putarent,
2903 757 3182 817 abscondit
3210 782 3268 821 se
3308 771 3376 823 ab
3417 774 3589 829 oculis

1989 833 2461 898 persequentium;
2491 839 2612 906 quia
2669 842 2865 914 indigni
2906 864 3057 906 erant
3084 871 3453 923 persecutores
3498 866 3589 935 qui

1989 915 2034 935 --ε
2058 915 2134 935 ἈΗ
2214 929 2226 935 -
2259 922 2271 934 ο
2333 924 2346 935 ι
2541 931 2550 935 -
2590 933 2596 935 -
3119 928 3125 935 ”

3085 915 3095 923 .
3119 928 3125 935 .
3404 915 3418 917 “
3434 915 3445 917 ‘
3505 915 3588 935 Ί“”“

1986 915 2231 974 viderent
2258 922 2499 981 indutum
2531 931 2606 1003 (η)
2636 935 2830 991 cilicio.
2866 941 3028 1014 Ergo,
3057 951 3359 1007 conscidisti
3382 971 3588 1012 saccum

1986 1021 2172 1076 meum,
2201 1021 2248 1064 et
2268 1015 2471 1071 cinxiin
2496 1038 2575 1074 ine
2591 1023 2784 1082 ltetitia.
3541 1097 3545 1101 .

2055 1098 2145 1153 22.
2203 1101 2352 1176 [vers.
2390 1111 2503 1186 15.]
2561 1114 2629 1169 Ut
2679 1131 2845 1175 cantet
2875 1125 2963 1178 tibi
2997 1129 3162 1198 gloria
3199 1148 3442 1201 ntea,-et
3473 1098 3575 1196 non

1981 1206 2314 1267 compungar.
2345 1200 2496 1268 Quod
2529 1205 2579 1259 in
2612 1212 2784 1277 capite
2804 1225 2918 1283 est,
2949 1218 3050 1274 hoc
3090 1222 3140 1276 iu
3169 1241 3416 1296 corpore.
3444 1232 3580 1299 Quid

1980 1293 2081 1344 est,
2129 1301 2232 1339 non
2271 1306 2587 1365 compungar
2611 1300 2637 1354 .9
2665 1301 2780 1356 Jam
2809 1322 2911 1360 non
2963 1313 3178 1370 moriar.
3217 1319 3581 1390 Compunctus

1979 1383 2062 1427 est
2091 1377 2231 1430 enim
2263 1395 2385 1436 cum
2431 1385 2483 1439 in
2529 1404 2689 1446 cruce
2723 1397 3008 1462 penderet,
3066 1403 3245 1460 lancea
3293 1425 3580 1478 percussus

1977 1472 2054 1518 est
2083 1465 2259 1537 (Joan.
2304 1487 2392 1525 xux
2418 1516 2432 1538 ,
2477 1477 2588 1546 3.1).
2617 1480 2790 1553 Caput
2813 1501 2942 1557 ergo
2971 1502 3210 1549 nostrum
3257 1465 3404 1566 dicit,
3450 1503 3577 1560 Non

1978 1569 2316 1629 compungar,
2344 1562 2452 1632 jam
2474 1584 2576 1622 nou
2607 1575 2824 1630 moriar.
2855 1578 2963 1634 Nos
2983 1594 3162 1640 autem
3191 1591 3315 1658 quid
3348 1591 3578 1652 dicimus

1977 1656 2196 1716 propter
2233 1651 2623 1714 dedicationem
2673 1663 2908 1722 domus?
2935 1670 3050 1726 Non
3103 1651 3221 1732 nos-
3252 1694 3578 1756 compungat

1974 1740 2302 1798 conscientia
2341 1747 2572 1805 stimulis
2614 1768 2976 1821 peccatorum.
3032 1765 3383 1827 Dimittentur
3427 1777 3574 1832 enim

1972 1831 2172 1898 omnia,
2200 1845 2254 1888 et
2281 1843 2405 1892 tunc
2448 1840 2599 1898 liberi
2645 1848 2866 1905 erimus.
2904 1852 2973 1908 Ut
2999 1866 3178 1912 ‘cantet
3217 1862 3332 1931 tibi,
3357 1864 3568 1937 inquit,

1975 1920 2145 1991 gloria
2170 1941 2300 1994 mea,
2333 1945 2438 1986 non
2467 1932 2758 1994 humilitas.
2782 1941 2842 1998 Si
2875 1955 3080 2016 nostra,
3105 1961 3159 2005 et
3181 1953 3375 2012 Christi
3405 1920 3570 2030 :‘quia

1975 2028 2171 2086 corpus
2210 2018 2410 2077 Christi
2441 2041 2560 2080 nos.
2610 2029 2832 2097 Quare?
2859 2035 2994 2104 Quia
3037 2045 3284 2112 quamvis
3324 2048 3570 2110 Christus

1970 2107 2241 2165 sedeatiln
2270 2115 2428 2182 caalo,
2459 2117 2702 2177 dicturus
2728 2137 2810 2182 est
2852 2107 3169 2199 quibusdam
3207 2154 3223 2191 :
3263 2136 3489 2210 Esurivi,
3522 2154 3570 2199 et

1968 2201 2174 2286 dedistis
2207 2207 2334 2261 milii
2362 2213 2673 2270 manducare
2705 2216 2919 2289 (Matth.
2945 2240 3070 2291 xxv,
3098 2227 3211 2298 55).
3245 2231 3313 2286 Ει
3349 2233 3418 2288 ibi
3458 2201 3564 2304 est,

2712 2280 2721 2289 κ
3057 2280 3069 2291 .
3107 2280 3184 2298 κνι
3245 2280 3310 2286 -ν
3349 2280 3417 2288 --ν-
3460 2280 3564 2304 νυνι

1967 2301 2022 2346 et
2051 2280 2188 2350 hic:
2220 2297 2291 2353 ibi
2325 2301 2376 2354 in
2409 2317 2468 2358 se
2492 2346 2507 2370 ,
2547 2306 2630 2360 hic
2659 2309 2711 2362 in
2761 2311 2938 2367 nobis.
2981 2315 3118 2383 Quid
3163 2336 3292 2391 ergo
3329 2324 3443 2378 ait?
3495 2327 3566 2382 L’t

1966 2395 2132 2439 cantet
2154 2388 2244 2442 tibi
2292 2392 2458 2460 gloria
2481 2412 2619 2461 mea,
2658 2408 2704 2452 et
2750 2418 2851 2455 non
2881 2421 3212 2479 compungar.
3253 2402 3428 2468 Gemit
3467 2418 3562 2473 tibi

1966 2473 2236 2533 humilitas
2273 2497 2412 2549 mea,
2441 2487 2676 2542 cantabit
2704 2491 2800 2546 tibi
2825 2473 3001 2564 gloria
3021 2473 3158 2553 mea.
3183 2491 3301 2556 Jam
3327 2504 3380 2558 in
3409 2505 3513 2562 line
3543 2527 3556 2563 :

1966 2565 2181 2623 Domine
2225 2571 2366 2627 Deus
2389 2592 2549 2643 meus,
2582 2580 2634 2632 in
2668 2581 2911 2637 nitentum
2945 2590 3224 2658 conﬁtebor
3259 2595 3363 2648 tibi.
3418 2597 3557 2666 Quid

1960 2667 2061 2720 est,
2095 2660 2146 2712 in
2169 2671 2412 2718 tri-ternum
2433 2669 2706 2737 conﬁtebor
2724 2674 2812 2727 tibi
2831 2677 2857 2730 ?
2874 2676 2928 2731 ln
2956 2688 3215 2736 :eternum
3236 2660 3463 2742 laudabo
3482 2697 3555 2756 te,

1957 2751 2080 2818 quia
2113 2752 2346 2811 diximus
2371 2774 2492 2814 esse
2517 2761 2913 2823 confessionem
2956 2781 3010 2826 et
3042 2774 3092 2828 in
3129 2775 3376 2833 laudibus
3399 2822 3416 2847 ,
3448 2797 3554 2837 non

1957 2849 2161 2899 tantum
2209 2847 2258 2900 in
2286 2853 2540 2918 peccatis.
2570 2855 2841 2914 Confitere
2865 2878 2993 2933 ergo
3018 2865 3180 2921 modo
3213 2870 3354 2938 quod
3384 2880 3438 2925 tu
3467 2873 3553 2928 fe-

1953 2934 2074 2990 cisti
2101 2937 2152 2991 in
2183 2938 2349 2995 Deum
2375 2984 2388 3006 ,
2425 2953 2479 2998 et
2513 2948 2854 3006 confiteberis
2881 2954 3005 3024 quid
3038 2957 3130 3011 tibi
3172 2934 3357 3015 fecerit
3385 2962 3549 3020 Deus.

1952 3025 2090 3094 Quid
2123 3029 2338 3086 fecisti?
2370 3034 2616 3092 Peccata.
2649 3039 2785 3106 Quid
2825 3045 3000 3100 Deus?
3027 3047 3317 3107 Conﬁteuti
3359 3053 3554 3126 iniqui-

1953 3126 2114 3172 tatem
2163 3129 2305 3177 tuam
2348 3125 2568 3182 dimittit
2617 3131 2707 3185 tibi
2746 3145 2960 3202 peccata
3005 3148 3131 3206 tua,
3174 3151 3231 3195 ut
3273 3143 3322 3199 ei
3365 3125 3549 3214 postea

1949 3206 2133 3264 laudes
2160 3211 2328 3280 ipsius
2353 3218 2618 3274 confitens
2665 3221 2717 3276 in
2752 3233 3009 3282 :eternum
3032 3271 3050 3297 ,
3079 3246 3186 3286 non
3217 3245 3547 3308 compunga-

1947 3297 2023 3353 ris
2053 3311 2294 3370 peccato.

2386 3513 2468 3574 IN
2508 3516 2892 3585 PSALMUM
2934 3525 3129 3591 XXX

2505 3635 2636 3691 ENA
2647 3638 2904 3698 “RATIO
2941 3645 2981 3699 Ι.

2193 3737 2260 3795 In
2282 3742 2453 3810 ﬁnem,
2481 3745 2725 3804 Psalmus
2749 3753 2848 3822 ipsi
2877 3718 3041 3812 David
3062 3766 3286 3820 ecstasis.

2016 3851 2069 3906 1.
2096 3850 2247 3924 [υεη.
2282 3855 2360 3929 1.]
2391 3858 2447 3912 lu
2479 3861 2635 3915 linem
2664 3864 2906 3922 Psalmus
2935 3871 3034 3939 ipsi
3080 3875 3244 3932 David
3272 3920 3288 3946 ,
3319 3885 3529 3942 media-

1943 3943 2044 3996 tori
2072 3959 2230 4000 manu
2261 3948 2381 4002 forti
2415 3950 2468 4004 in
2513 3960 2995 4022 persecutionibus.
3037 3965 3169 4022 Nam
3196 3982 3247 4026 et
3277 3979 3536 4046 ecstasis,

1941 4049 2060 4103 quae
2091 4036 2265 4090 addita
2306 4051 2390 4094 est
2444 4043 2632 4112 titulo,
2679 4063 2964 4108 excessum
3014 4064 3208 4115 mentis
3235 4065 3534 4138 significat,

1940 4141 2058 4195 qum
2088 4127 2144 4180 fit
2167 4129 2251 4183 vel
2282 4147 2499 4199 pavore,
2531 4137 2612 4190 vel
2642 4139 2817 4210 aliqua
2849 4138 3197 4207 revelatione.
3232 4155 3336 4212 Sed
3368 4161 3537 4220 inhoc

1941 4218 2148 4286 psalmo
2186 4237 2350 4289 pavor
2377 4228 2608 4284 maxime
2638 4247 2861 4300 apparet
2891 4244 3182 4307 perturbati
3218 4254 3397 4320 populi
3441 4256 3535 4313 Dei

1940 4312 2320 4376 persecutione
2370 4319 2608 4373 omnium
2646 4325 2915 4391 gentium,
2946 4342 2995 4385 et
3047 4332 3259 4392 defectu
3285 4341 3416 4409 ‘per
3442 4363 3536 4402 or-

1909 4400 2061 4470 .bem
2101 4404 2245 4459 fidei.
2289 4406 2396 4462 Sed
2419 4410 2565 4479 prior
2613 4413 2846 4484 loquitur
2869 4420 2983 4490 ipse
3009 4426 3271 4484 mediator
3297 4400 3533 4496 {deinde

1937 4494 2246 4566 redemptus
2287 4502 2545 4571 sanguine
2578 4505 2745 4574 ipsius
2784 4513 3010 4580 populus
3039 4520 3236 4586 gratias
3277 4527 3386 4595 agit
3418 4547 3431 4582 :
3464 4494 3533 4586 ad

1936 4595 2232 4641 extremum
2264 4593 2609 4658 perturbatus
2655 4596 2744 4651 diu
2792 4601 3045 4670 loquitur,
3076 4613 3216 4677 quod
3264 4593 3332 4669 ad
3361 4629 3533 4675 ecsta-

1936 4679 2036 4732 sim
2067 4681 2337 4748 pertinet:
2370 4683 2652 4755 Prophetas
2703 4706 2830 4748 vero
2866 4696 3032 4764 ipsnus
3060 4715 3290 4770 persona
3333 4708 3416 4766 bis
3443 4712 3529 4768 in-

1935 4775 2253 4843 terponitur,
2292 4793 2452 4846 prOpe
2483 4778 2662 4849 flnem,
2691 4795 2745 4840 et
2775 4787 2824 4840 in
2850 4789 2974 4845 line.
3007 4821 3014 4828 -

2003 4867 2057 4920 2.
2079 4866 2228 4940 [vers.
2257 4867 2337 4942 2.]
2365 4869 2430 4924 In
2459 4882 2523 4944 te,
2551 4875 2784 4942 Domine,
2802 4883 3019 4952 speravi,
3040 4903 3140 4942 non
3166 4897 3454 4964 confundor
3475 4900 3528 4956 in

1932 4967 2175 5012 teternum
2199 4960 2287 5014 :in
2311 4971 2363 5016 te
2391 4961 2614 5019 Domine
2647 4971 2879 5036 speravi,
2907 4990 3176 5047 nunquam
3210 4986 3526 5057 confundor,

1932 5049 2058 5104 dum
2095 5061 2342 5121 tanquam
2384 5054 2585 5110 homini
2617 5060 2778 5115 simili
2819 5069 3032 5123 etcteris
3068 5071 3426 5136 insultahitur.
3461 5083 3528 5140 In

1922 5145 2126 5214 justitia
2174 5156 2260 5198 tua
2305 5163 2425 5200 erue
2451 5165 2562 5214 me,
2594 5162 2643 5205 et
2684 5155 2847 5209 exime
2873 5175 2955 5213 me
2980 5176 2999 5215 :
3026 5173 3079 5218 et
3124 5165 3174 5220 in
3217 5179 3300 5224 tua
3321 5172 3526 5242 justitia

1933 5251 2062 5290 erue
2107 5251 2198 5299 me
2225 5237 2293 5292 de
2325 5237 2474 5293 fovea
2505 5245 2692 5298 mortis
2715 5287 2730 5312 ,
2765 5256 2818 5302 et
2845 5249 3019 5307 exime
3067 5271 3154 5311 me
3183 5259 3249 5315 de
3301 5278 3527 5323 numero

1931 5343 2138 5382 COI'UITI.

2008 5421 2061 5475 '5.
2095 5419 2245 5493 [vers.
2276 5420 2355 5496 5.]
2385 5422 2591 5479 Inclina
2637 5429 2706 5481 ad
2744 5447 2821 5484 me
2845 5449 3017 5489 aurem
3062 5449 3197 5495 tuam
3225 5460 3243 5498 :
3267 5445 3522 5508 humilem

1935 5528 2022 5567 me
2045 5513 2257 5581 exaudi,
2286 5517 2557 5584 proximus
2580 5521 2728 5575 mihi.
2761 5525 2996 5581 Accelera
3017 5542 3071 5584 ut
3093 5537 3281 5592 eximus
3307 5557 3386 5594 me
3406 5559 3428 5597 :
3458 5562 3526 5601 ne

1936 5603 2152 5659 differas
2179 5604 2232 5660 in
2260 5605 2419 5660 ﬁnem
2456 5610 2672 5676 sccculi,
2725 5615 2861 5669 sicut
2911 5623 3150 5680 oumium
3193 5630 3522 5692 credentium

2001 5755 2021 5822 ξ
2043 5757 2115 5806 Slc
2131 5761 2237 5806 uss.
2259 5763 2317 5806 At
2333 5755 2538 5822 Δεξᾴᾀηίυτ
2559 5759 2787 5822 defectus.

2005 5815 2079 5878 (tt)
2105 5824 2259 5877 Forte,
2292 5818 2386 5869 nisi
2407 5815 2638 5872 indutam.
