4008 6356
427 371 532 432 22⁸1

428 479 584 547 mihi,
604 474 1026 548 srgregationrm
1070 465 1241 527 meam
1268 486 1296 525 τι
1326 468 1714 541 peccatoribus.
1747 467 1872 522 Esto
1903 465 2026 520 milii

425 575 478 626 in
514 569 678 624 Deum
710 575 1041 637 protectorem
1082 579 1101 618 :
1134 573 1403 631 protector
1448 561 1588 614 Deus
1626 559 1757 613 mihi
1787 566 1923 614 esto.
1959 553 2028 610 Et

425 666 479 718 in
504 661 713 715 domum
741 657 928 728 refugii
948 699 958 714 .
995 667 1046 708 ut
1075 655 1272 707 salvum
1324 671 1402 706 me
1447 652 1607 721 furias
1638 658 1732 706 :et
1773 658 2025 720 tanquam

434 753 638 816 tomus,
669 765 776 819 quo
803 746 1071 816 refugiens
1091 747 1270 799 salvus
1298 745 1442 796 lium.

502 845 557 900 ὁ.
589 839 766 916 [νινε.
789 837 869 912 1.]
915 837 1047 904 Quia
1084 836 1327 904 fortitudo
1359 851 1467 889 mea
1486 843 1530 887 et
1576 833 1830 906 refugium
1863 847 2026 887 meum

436 952 483 994 ss
521 944 575 990 tu
605 947 630 990 :
655 934 778 1004 quia
807 930 1059 987 fortitudo
1090 944 1206 985 mea
1227 928 1292 982 ad
1320 927 1626 982 tolerandos
1655 936 2028 995 persecutores

433 1040 602 1095 meos,
624 1034 678 1082 et
706 1023 966 1094 refugium
995 1037 1168 1077 meum
1195 1020 1260 1077 ad
1293 1018 1670 1091 relinquendos
1708 1031 1763 1073 tu
1793 1018 1924 1073 mihi
1946 1033 2024 1073 es.

436 1118 498 1171 Et
529 1127 732 1190 promer
773 1130 953 1169 nomen
981 1123 1121 1166 tuum
1162 1114 1270 1166 dux
1292 1112 1415 1164 mihi
1442 1112 1559 1176 eris,
1588 1122 1634 1164 et
1665 1111 1883 1164 euutries
1910 1124 2028 1164 me:

432 1217 566 1264 etut
591 1222 685 1277 per
711 1221 795 1260 me
821 1207 1126 1259 innotescas
1152 1203 1401 1257 omnibus
1424 1203 1696 1274 gentibus,
1724 1217 1819 1271 per
1849 1202 2026 1253 munia

432 1300 627 1370 sequar
651 1298 979 1351 voluntatem
1009 1304 1175 1360 tuam,
1209 1304 1263 1348 et
1285 1294 1536 1364 paulatim
1567 1291 1695 1346 mihi
1732 1292 2030 1361 aggregatis

435 1390 634 1444 sanctis
657 1387 974 1458 adimplebis
1003 1399 1202 1456 corpus
1229 1400 1426 1450 meum,
1458 1393 1511 1437 et
1541 1383 1832 1452 perfectam
1859 1391 2029 1435 statu~

432 1499 548 1540 ram
570 1498 766 1536 meam.

504 1575 558 1630 5.
593 1573 613 1646 [
641 1590 768 1627 vers.
799 1573 850 1627 5.
883 1569 905 1643 ]
933 1567 1129 1623 Educes
1159 1583 1238 1622 me
1265 1565 1329 1622 de
1380 1564 1672 1636 muscipula
1718 1565 1840 1629 ista,
1870 1580 2025 1633 quam

431 1666 802 1722 occultaverunt
822 1662 946 1715 mihi
977 1676 995 1714 :
1035 1660 1228 1714 educes
1270 1673 1358 1712 me
1394 1655 1463 1712 de
1491 1655 1700 1712 insidiis
1726 1655 1862 1722 istis,
1897 1670 2034 1726 quas

432 1755 833 1811 occultaverunt
857 1752 1010 1806 mihi.
1042 1750 1298 1815 Quoniam
1341 1758 1394 1801 tu
1421 1766 1471 1803 es
1503 1757 1754 1818 prorectur
1799 1762 1959 1801 meus.

507 1844 774 1918 6.1vers.
825 1843 881 1899 6.
907 1841 930 1916 ]
956 1842 1021 1896 In
1071 1858 1253 1897 mnus
1300 1851 1412 1895 tuas
1459 1838 1756 1894 commendo
1799 1839 2036 1909 spiritum

434 1953 600 1992 meum
626 1954 647 1991 :
675 1935 920 2005 potestati
951 1942 1054 1988 tute
1074 1931 1394 1988 commendo
1414 1931 1660 2001 spiritum
1697 1946 1899 1997 meum,
1927 1932 2036 1985 cito

435 2036 765 2098 recepturus.
804 2024 1073 2078 nedmnisti
1100 2040 1198 2087 me,
1240 2022 1454 2075 Domine
1505 2020 1644 2074 Deus
1669 2021 1914 2075 veritatis.
1941 2020 2033 2074 Di-

425 2131 523 2177 cat
549 2131 604 2178 et
627 2120 849 2189 populus
876 2117 1188 2185 redemptus
1209 2115 1461 2185 passione
1492 2102 1824 2176 Dominisui.
1855 2121 1910 2166 et
1939 2113 2033 2166 lte-

439 2224 524 2267 tus
552 2209 932 2268 clariticatione
977 2207 1168 2277 capitis
1193 2207 1276 2260 sui
1311 2223 1323 2259 :
1360 2199 1635 2260 Redemisu'
1685 2221 1786 2269 me,
1820 2203 2036 2258 Domine

435 2303 576 2361 Deus
602 2301 848 2358 veritatis.
1727 2354 1732 2360 _

507 2398 560 2452 7.
586 2394 610 2469 [
636 2412 765 2449 vers.
795 2393 850 2448 ⁸7.
879 2390 902 2465 ]
936 2391 1099 2446 Odisti
1128 2391 1442 2446 observantes
1487 2389 1758 2442 vanitatem
1795 2403 2033 2461 supervo-

433 2504 526 2543 cue
557 2503 577 2541 :
599 2486 757 2542 odisti
785 2484 1134 2538 observantes
1167 2482 1181 2512 ¹
1212 2479 1397 2535 falsam
1419 2478 1798 2535 beatitudinem
1824 2478 2032 2534 saeculi.

434 2580 548 2653 Ego
573 2589 737 2632 autem
758 2580 811 2629 in
837 2576 1058 2629 Domino
1075 2571 1293 2645 speravi.

507 2670 560 2728 8.
589 2668 756 2741 [vers
789 2666 864 2743 8].
898 2663 1206 2730 I'Ixsultabo,
1234 2672 1282 2718 st
1299 2661 1624 2734 jucundabor
1648 2662 1702 2716 in
1732 2672 1818 2716 tua
1843 2660 2041 2715 miseri-

435 2761 611 2818 cordia
641 2775 800 2830 :qua:
826 2773 913 2812 me
943 2771 1046 2810 non
1083 2752 1234 2812 fallit.
1291 2753 1426 2822 Quia
1480 2751 1748 2820 respexisti
1773 2750 2035 2806 humilita-

438 2862 536 2908 tem
565 2867 725 2906 meam
749 2865 769 2906 :
787 2864 891 2921 qua
920 2863 1005 2902 me
1031 2845 1248 2900 vanitati
1275 2844 1327 2898 in
1354 2858 1451 2912 spe
1494 2842 1789 2913 subjecisti.
1827 2843 2039 2899 Salvam

440 2943 600 3017 fecisti
629 2941 693 2998 de
715 2939 1087 2996 necessitatibus
1113 2939 1335 2990 animant
1363 2951 1528 2989 meam
1562 2951 1580 2990 :
1609 2935 1809 2989 salvam
1866 2935 2038 2991 fecisti

438 3033 508 3089 de
537 3027 944 3088 necessitatibus
970 3027 1176 3083 timoris
1202 3028 1434 3082 animam
1475 3040 1671 3091 meam,
1705 3036 1762 3080 ut
1792 3026 1884 3081 tibi
1899 3024 2038 3083 «σιω.

439 3125 596 3181 ritate
624 3125 788 3178 libera
809 3121 1024 3176 serviat.

511 3215 566 3272 9.
594 3214 768 3289 (vers.
798 3213 852 3269 9.
886 3210 907 3286 λ
942 3210 1054 3266 Nec
1101 3209 1392 3266 conclusisti
1412 3227 1492 3264 me
1519 3210 1570 3265 in
1603 3226 1784 3266 manus
1810 3210 2004 3266 inimici
2028 3225 2042 3240 ο

439 3325 540 3368 nec
564 3307 878 3365 conclusisti
908 3321 1014 3374 me,
1041 3314 1093 3360 ut
1123 3321 1228 3360 non
1258 3305 1510 3359 haberem
1537 3304 1738 3360 aditum
1758 3304 2040 3377 respiran-

436 3404 493 3459 di
516 3403 569 3458 in
599 3402 922 3464 libertatem,
956 3409 1011 3454 et
1041 3398 1202 3453 darer
1226 3398 1279 3452 in
1311 3398 1693 3469 sempiternam
1718 3409 2037 3469 potestatem

437 3493 661 3558 diaboli,
690 3491 981 3561 cupiditate
1027 3489 1187 3557 huius
1212 3489 1337 3543 vitae
1388 3489 1744 3558 illaqueantis,
1775 3497 1830 3543 et
1867 3499 2042 3545 morte

442 3583 715 3639 terrentis.
739 3581 977 3637 Statuisti
1003 3581 1057 3633 in
1095 3580 1206 3634 loco
1230 3579 1453 3648 spatioso
1481 3579 1632 3648 pedes
1663 3594 1836 3634 meos:
1861 3595 2043 3637 resur-

443 3676 680 3732 rectione
703 3673 914 3744 cognita
964 3671 1175 3726 Domini
1210 3673 1314 3727 mei
1361 3682 1416 3727 et
1440 3688 1556 3728 mea
1600 3675 1860 3742 promissa
1886 3673 2038 3745 mihi,

442 3766 704 3837 spatiatur
729 3778 1052 3835 permanens
1093 3763 1145 3816 in
1183 3762 1516 3818 latitudinem
1569 3763 1832 3819 libertatis
1851 3764 1920 3819 ab
1944 3780 2038 3820 an-

441 3856 631 3928 gustiis
648 3846 862 3909 timoris
879 3853 1068 3909 educta
1094 3853 1330 3908 charitas
1347 3870 1484 3910 mea.

515 3951 602 4006 10.
631 3947 804 4023 [vers.
835 3945 952 4021 {0.}
986 3946 1228 4001 Miserere
1253 3949 1370 4016 mei,
1401 3948 1642 4014 Domine,
1682 3949 1922 4020 quoniam
1952 3951 2045 4005 tri-

442 4042 610 4095 butor.
639 4038 747 4096 Sed
777 4054 896 4108 qua:
921 4047 1004 4092 est
1027 4037 1129 4093 ista
1155 4039 1422 4108 insperata
1453 4041 1888 4109 persequentium
1918 4056 2044 4096 cru-

441 4132 654 4196 delitas,
687 4144 939 4201 magnum
987 4129 1116 4184 mihi
1163 4143 1417 4200 pavorem
1454 4130 1760 4186 incutiens?
1801 4129 2046 4187 Miserere

446 4223 563 4288 mei,
607 4219 842 4275 Domine.
871 4219 987 4275 Non
1017 4220 1157 4275 enim
1181 4220 1246 4274 de
1275 4221 1577 4291 mortcjam
1599 4232 1823 4288 terreor,
1855 4221 1949 4277 sed
1977 4223 2045 4277 dc

443 4315 767 4371 cruciatibus
811 4323 973 4384 atque
1013 4313 1313 4368 tormentis.
1354 4311 1692 4368 Conturbatus
1744 4323 1816 4367 est
1866 4313 1921 4367 in
1963 4313 2045 4367 ira

445 4408 622 4461 oculus
649 4423 788 4460 meus
819 4421 839 4461 :
877 4405 1137 4460 habebam
1191 4404 1406 4459 oculum
1461 4407 1511 4459 in
1561 4414 1634 4472 te,
1664 4421 1771 4476 quo
1803 4422 1910 4460 non
1956 4423 2044 4464 me

445 4499 762 4563 deserercs;
814 4498 983 4553 iratus
1021 4506 1171 4562 es,et
1195 4499 1524 4554 conturbasti
1557 4497 1907 4554 eum.Anima
1934 4517 2047 4555 mea

448 4600 495 4646 et
525 4601 692 4645 venter
718 4605 901 4644 meus:
931 4589 986 4644 in
1033 4588 1222 4644 eadem
1281 4589 1358 4643 ira
1387 4585 1715 4646 conturbata
1755 4600 1838 4646 est
1866 4591 2044 4646 anima

447 4693 589 4747 mea,
612 4692 666 4739 et
694 4683 953 4738 memoria
1009 4695 1116 4753 qua
1166 4681 1414 4736 tenebam
1444 4683 1568 4751 quid
1598 4697 1694 4754 pro
1744 4699 1832 4740 me
1861 4693 2044 4754 pertu-

451 4774 592 4838 lerit,
620 4783 672 4828 et
704 4771 828 4843 quid
861 4771 990 4826 mihi
1015 4772 1321 4844 promiserit
1348 4756 1488 4829 Deus
1511 4789 1680 4831 meus.

520 4866 608 4920 11.
633 4859 655 4937 [
680 4879 813 4919 vers.
849 4863 932 4918 11.
958 4861 980 4936 ]
1013 4861 1266 4928 Quoniam
1292 4863 1472 4936 defecit
1494 4865 1546 4918 in
1575 4864 1750 4919 dolore
1776 4866 1874 4921 vita
1895 4882 2046 4924 mea:

447 4954 704 5026 quoniam
731 4951 835 5008 vita
885 4968 1004 5010 mea
1044 4962 1129 5008 est
1156 4953 1398 5008 conﬁteri
1433 4963 1504 5022 te,
1545 4955 1636 5011 sed
1653 4955 1926 5014 defecitin
1947 4957 2048 5013 do-

449 5048 584 5110 lore,
609 5044 980 5101 cum-dixisset
1035 5044 1281 5100 inimicus
1307 5062 1319 5099 :
1352 5045 1727 5118 Torqueantur
1754 5047 1926 5105 donec
1951 5066 2051 5105 ne.

447 5134 676 5208 genuit
701 5135 825 5191 anni
851 5136 948 5190 mei
994 5136 1048 5189 in
1089 5137 1354 5207 gemitibus
1385 5153 1405 5191 :
1427 5148 1670 5210 tempora
1699 5156 1820 5211 qua:
1850 5157 1952 5213 ago
1991 5141 2046 5197 in

450 5232 553 5284 hoc
579 5228 800 5294 stcculo,
825 5242 930 5282 non
963 5228 1092 5281 mihi
1129 5237 1302 5282 morte
1331 5228 1665 5296 auferuntur,
1684 5231 1778 5286 sed
1805 5241 2045 5300 manent,

444 5329 606 5389 atque
631 5319 684 5373 in
713 5318 1001 5389 gemitibus
1015 5329 1158 5372 sunt.
1182 5317 1484 5388 lnfirmatus
1513 5334 1583 5376 est
1605 5324 1657 5377 in
1677 5333 1892 5391 egestate
1909 5324 2046 5394 vigor

449 5427 589 5464 meus
621 5426 640 5463 :
680 5425 811 5479 egeo
826 5409 1053 5464 sanitate
1079 5409 1236 5480 huius
1255 5421 1516 5483 corporis,
1540 5429 1640 5468 nec
1672 5421 1904 5485 parcitur
1925 5431 2046 5471 cru-

448 5502 710 5566 ciatibus;
749 5516 882 5571 egeo
909 5501 1234 5558 resolutione
1261 5504 1521 5572 corporis,
1556 5513 1609 5560 et
1639 5507 1874 5575 parcitur
1902 5524 2046 5562 mor-

450 5598 488 5649 ti
523 5612 536 5649 :
585 5603 640 5650 et
667 5595 723 5649 in
750 5594 850 5649 hac
875 5603 1112 5665 egestate
1141 5596 1405 5652 inﬁrmata
1451 5609 1534 5655 est
1582 5599 1770 5655 tiducis
1815 5617 1955 5658 mea.
1984 5601 2047 5658 Et

512 5815 531 5849 ί
555 5819 605 5863 tu
631 5810 845 5877 [inritans
866 5820 992 5875 Mss,
1019 5820 1283 5878 sperantes.

1681 358 1736 414 S.
1782 352 2150 413 AUGUSTINI
2195 354 2497 412 ΕἰδΒοοΗ

3628 363 3736 421 228

2133 480 2247 519 ossa
2276 483 2385 521 mea
2412 468 2708 524 conturbata
2735 478 2854 524 sunt
2880 511 2903 540 ._
2923 478 2980 527 et
3012 469 3242 528 ﬁrmitas
3282 488 3400 530 mea
3446 479 3739 534 conturba-

2136 567 2185 610 ta
2209 567 2310 612 est.

2206 650 2293 706 ιε.
2326 649 2494 725 [vcrs.
2529 653 2617 710 12.
2653 655 2670 729 ]
2698 654 2867 726 Super
2912 672 3084 711 omnes
3133 656 3362 712 inimicos
3408 676 3546 715 meos
3569 663 3738 732 factus

2135 761 2246 800 sunt
2272 747 2621 816 opprobrium.
2663 749 2866 803 inimici
2914 749 3020 804 mei
3061 758 3186 804 sunt
3227 765 3417 806 omnes
3442 751 3610 822 iniqui
3635 770 3651 819 ;
3679 762 3737 810 et

2135 845 2312 892 tamen
2342 853 2437 908 pro
2465 837 2759 895 sceleribus
2788 840 2900 896 suis
2926 854 3091 911 usque
3107 841 3173 895 ad
3193 841 3588 900 confessionem
3616 853 3735 901 tor-

2133 941 2409 1003 quentur:
2459 931 2704 1002 superari
2752 948 2880 1004 ergo
2918 933 3267 1004 opprobrium
3301 950 3528 1002 eorum,
3579 935 3738 1009 cujus

2135 1023 2528 1079 mnfessionem
2559 1039 2662 1076 non
2687 1040 2833 1077 mors
2869 1023 3128 1094 sequitur,
3163 1024 3258 1079 sed
3286 1026 3553 1082 cruciatus
3585 1027 3735 1083 inso-

2136 1115 2335 1184 quitur.
2369 1115 2434 1167 Et
2463 1114 2636 1168 vicinis
2677 1115 2797 1168 meis
2847 1115 3105 1168 nimium:
3153 1115 3372 1170 nimium
3415 1116 3519 1172 hoc
3563 1118 3736 1174 visum

2134 1216 2216 1260 est
2247 1206 2323 1260 eis
2347 1205 2436 1276 qui
2461 1205 2570 1275 jam
2604 1206 3027 1275 prapinqnabant
3055 1219 3381 1276 cognoscere
3397 1218 3448 1263 te
3473 1218 3526 1263 et
3551 1217 3737 1266 tenere

2138 1295 2296 1350 ﬁdem
2320 1311 2477 1367 quam
2512 1306 2689 1350 teneo.
2723 1295 2787 1349 Et
2820 1296 2971 1349 timor
3005 1297 3135 1350 notis
3162 1297 3322 1351 meis:
3343 1306 3396 1352 et
3440 1298 3570 1369 ipsis
3596 1303 3740 1356 notis

2138 1389 2274 1443 meis
2300 1387 2549 1458 exemplo
2579 1387 2859 1442 horribilis
2900 1386 3260 1442 tribulationis
3305 1403 3440 1443 mea:
3486 1389 3738 1451 timorem

2139 1479 2360 1534 incussi.
2392 1479 2490 1545 Qui
2524 1479 2756 1533 videbant
2794 1494 2891 1543 me,
2925 1478 3066 1548 foras
3090 1478 3351 1550 fugiebant
3373 1495 3407 1533 α
3433 1495 3513 1532 me
3540 1493 3560 1534 :
3601 1493 3741 1549 quo-

2137 1573 2280 1649 niam
2347 1586 2454 1627 non
2519 1570 2884 1642 intelligebaut
2952 1569 3262 1626 interiorem
3314 1579 3370 1626 et
3413 1569 3737 1627 invisibilcm

2138 1677 2289 1731 spem
2343 1676 2538 1725 meam,
2599 1661 2650 1716 in
2711 1661 2980 1715 exteriora
3022 1669 3078 1717 et
3121 1660 3350 1718 visibilis
3413 1661 3663 1732 fugerunt
3700 1677 3736 1718 a

2141 1770 2246 1806 HIC.

2213 1843 2298 1897 15.
2331 1841 2502 1914 [vers.
2555 1842 2640 1896 i5.
2669 1839 2690 1914 ]
2723 1840 2925 1896 Oblitus
2972 1858 3085 1895 sunt
3109 1883 3123 1907 ,
3150 1851 3387 1913 tanquam
3429 1852 3659 1898 mortuus
3703 1859 3739 1897 α

2140 1932 2292 1985 corde
2324 1942 2421 1986 :et
2441 1932 2591 1988 obliti
2622 1942 2744 1987 sunt
2792 1949 2898 1996 tne,
2959 1940 3210 2002 tanquam
3265 1942 3508 1989 mortuus
3546 1935 3650 1989 sim
3702 1950 3735 1989 ι

2139 2025 2300 2081 corde
2330 2025 2587 2095 ipsorum.
2622 2023 2809 2079 Factus
2851 2040 2964 2078 sum
3010 2034 3251 2096 tanquam
3303 2041 3391 2081 vas
3421 2025 3677 2096 perditura
3709 2041 3732 2080 :

2139 2117 2285 2171 visus
2305 2131 2420 2170 sum
2450 2115 2577 2169 mihi
2606 2115 2828 2185 periisse
2859 2113 3042 2168 usibus
3067 2113 3299 2182 Domini,
3329 2115 3514 2170 vivens
3539 2115 3590 2170 in
3624 2115 3732 2171 hoc

2139 2206 2358 2271 saeculo,
2393 2215 2448 2260 et
2471 2206 2737 2260 neminem
2752 2204 3109 2272 lucrifaciens,
3133 2220 3256 2260 cum
3276 2219 3468 2263 omnes
3487 2207 3740 2262 timerent

2140 2296 2416 2368 aggregari
2446 2295 2597 2351 mihi.

2213 2389 2305 2445 M.
2337 2385 2509 2462 [υεη.
2543 2385 2950 2463 14.]Quoniam
2982 2381 3584 2461 audivivituperationem
3604 2391 3743 2445 mul-

2143 2490 2309 2535 torum
2337 2479 2671 2534 accolentium
2717 2479 2770 2534 in
2795 2479 3007 2534 circuitu
3035 2494 3054 2534 :
3082 2481 3333 2550 quoniam
3360 2482 3539 2537 audivi
3588 2482 3741 2537 vitu-

2143 2581 2394 2644 perantes
2415 2586 2501 2626 me
2545 2571 2745 2626 multos
2799 2572 2852 2626 in
2911 2571 3340 2642 peregrinatione
3394 2572 3549 2643 hujus
3575 2581 3738 2629 terra

2138 2664 2289 2734 juxta
2311 2679 2419 2729 me,
2451 2671 2736 2734 sequentes
2786 2661 3068 2718 circuitum
3102 2673 3422 2735 temporum,
3450 2672 3743 2720 etmecum

2144 2756 2197 2812 in
2225 2757 2452 2828 patriam
2479 2765 2735 2810 aeternam
2764 2753 2939 2809 redire
2987 2761 3315 2810 recusantes.
3355 2752 3491 2809 Dum
3527 2770 3743 2826 congre-

2143 2856 2386 2921 garentur
2413 2846 2515 2918 ipsi
2545 2847 2698 2900 simul
2718 2844 2988 2900 adversum
3016 2861 3116 2914 me,
3136 2855 3189 2900 ut
3213 2845 3495 2917 acciperent
3516 2846 3747 2901 animans

2143 2955 2306 2995 meam
2335 2935 2589 2994 consiliati
2613 2946 2730 2992 sunt
2758 2953 2778 2991 :
2803 2946 2860 2992 ut
2883 2935 3210 2991 consentiret
3237 2936 3316 2992 eis
3352 2937 3530 2992 anima
3583 2951 3732 3004 mea,

2143 3047 2268 3103 qua:
2294 3039 2469 3086 morte
2495 3037 2683 3102 posset
2724 3029 2793 3084 de
2845 3038 3112 3098 potestate
3144 3027 3356 3085 illorum
3385 3028 3542 3086 facile
3568 3030 3744 3091 exire.

2143 3123 2582 3194 excogitaverunt
2625 3120 2950 3187 consilium,
3006 3134 3111 3189 quo
3154 3133 3254 3176 nec
3280 3118 3416 3174 mori
3464 3133 3552 3176 me
3599 3118 3749 3176 sinc-

2144 3222 2288 3272 rent.

2218 3303 2349 3378 15.’[
2371 3319 2503 3359 vers.
2542 3302 2628 3358 15.
2656 3299 2679 3376 ]
2713 3300 2822 3374 Ego
2847 3310 3013 3356 autem
3065 3301 3118 3355 in
3158 3309 3206 3355 te
3232 3300 3452 3371 speravi,
3476 3298 3695 3357 Domine
3725 3316 3748 3364 ς

2146 3394 2257 3450 dixi
2285 3412 2305 3451 :
2348 3392 2499 3449 Tues
2528 3391 2668 3447 Deus
2716 3406 3025 3447 mcus:non
3080 3392 3225 3446 enim
3281 3400 3518 3447 mutatus
3571 3406 3654 3459 es,
3686 3400 3749 3447 ut

2146 3503 2254 3544 non
2284 3485 2491 3543 salvum
2519 3484 2681 3539 facias
2705 3485 2795 3554 qui
2824 3483 3101 3539 emendas.

2220 3583 2308 3639 16.
2334 3580 2356 3656 [
2379 3597 2511 3636 vers.
2540 3581 2630 3638 16.
2658 3579 2681 3654 ]
2711 3577 2777 3633 In
2793 3579 3025 3635 manibus
3053 3580 3153 3634 tuis
3173 3587 3333 3635 sortes
3350 3594 3476 3636 mea:
3502 3593 3524 3635 :
3549 3579 3601 3636 in
3632 3593 3744 3650 po-

2146 3683 2340 3731 testate
2367 3683 2456 3729 tua
2485 3681 2609 3729 sunt
2632 3683 2806 3728 sortes
2838 3685 2992 3730 mete.
3041 3669 3157 3728 Non
3197 3671 3341 3728 enim
3366 3671 3536 3728 ullum
3576 3671 3739 3731 video

2147 3769 2422 3830 meritum,
2453 3779 2562 3837 quo
2583 3764 2652 3820 de
2682 3764 2935 3819 universa
2986 3762 3260 3833 impietate
3283 3764 3497 3836 generis
3522 3762 3748 3820 humani

2148 3876 2235 3915 me
2261 3858 2593 3928 potissimum
2615 3856 2822 3926 elegisti
2851 3841 2915 3910 ait
2942 3855 3171 3911 salutem
3202 3873 3216 3912 :
3249 3865 3301 3911 et
3328 3856 3372 3912 si
3413 3862 3498 3912 est
3521 3854 3663 3926 apud
3694 3865 3749 3913 te

2142 3951 2320 4023 justus
2349 3958 2406 4006 et
2441 3949 2686 4005 occultus
2732 3947 2867 4003 ordo
2913 3947 3196 4004 electionis
3244 3962 3400 4018 meat,
3432 3961 3532 4020 ego
3563 3957 3747 4004 tamen

2147 4060 2306 4117 quem
2338 4045 2440 4100 hoc
2465 4042 2617 4110 latet,
2644 4041 2711 4098 ad
2743 4042 2977 4097 tunicam
3007 4041 3216 4097 Domini
3243 4040 3349 4098 mei
3388 4049 3751 4111 sorte,perve-

2148 4136 2202 4192 ni
2225 4136 2246 4208 (
2271 4134 2430 4190 Joan.
2454 4151 2567 4200 xix,
2595 4134 2668 4201 24
2688 4133 2731 4204 ).
2758 4131 2901 4188 Erue
2924 4149 3002 4187 me
3040 4131 3102 4189 dc
3149 4133 3383 4188 manibus
3425 4131 3751 4188 ininticOrnm

2150 4243 2398 4292 meorum,
2430 4235 2476 4280 et
2505 4242 2537 4279 a
2565 4222 2974 4296 persequentibus
2994 4239 3093 4283 me.

2220 4315 2351 4390 17.[
2379 4333 2505 4372 vers.
2541 4317 2627 4372 17.
2655 4315 2677 4391 ]
2705 4315 2917 4371 lttustra
2946 4316 3127 4390 faciem
3178 4327 3317 4370 tuam
3363 4330 3516 4386 super
3543 4330 3748 4370 servm

2150 4419 2334 4465 tuum:
2364 4418 2545 4465 notum
2572 4407 2656 4464 {ac
2705 4407 3011 4462 hominibus
3060 4406 3150 4478 qui
3196 4419 3303 4462 n0n
3351 4413 3541 4477 putant
3568 4420 3655 4462 me
3679 4405 3749 4463 ad

2151 4512 2204 4558 te
2229 4501 2518 4572 pertinere,
2548 4514 2711 4571 super
2729 4513 2813 4555 me
2833 4513 2956 4556 esse
2982 4496 3349 4556 iatendentem
3372 4496 3562 4554 faciem
3577 4506 3747 4566 tuam,

2151 4585 2345 4668 meque
2392 4591 2488 4648 tibi
2540 4591 2765 4653 servire.
2819 4588 3036 4646 Salvum
3091 4598 3172 4644 me
3215 4593 3300 4664 [ac
3357 4589 3412 4644 in
3457 4597 3547 4644 tua
3590 4587 3746 4645 mise-

2149 4685 2393 4742 n’cordia.

2223 4778 2309 4836 18.
2344 4775 2366 4850 [
2395 4793 2525 4832 vers.
2558 4774 2645 4833 18.
2672 4771 2694 4848 ]
2725 4772 2962 4836 Domine,
3010 4789 3114 4827 non
3154 4772 3462 4845 confundor,
3509 4774 3753 4847 quoniam

2151 4870 2377 4937 invocavi
2405 4877 2454 4925 te
2482 4864 2783 4932 :‘Domine,
2835 4881 2943 4920 non
2998 4863 3317 4923 erubescam
3364 4865 3752 4942 insultantibus

2149 4959 2304 5027 mihi,
2332 4975 2396 5014 ex
2427 4973 2495 5015 eo
2517 4956 2661 5030 quod
2690 4966 2742 5012 te
2763 4957 3021 5012 invocavi.
3051 4953 3365 5012 Erubescant
3406 4955 3567 5026 impii,
3590 4967 3638 5012 et
3663 4957 3756 5013 dc-

2152 5052 2410 5107 ducantur
2428 5051 2481 5104 in
2509 5050 2764 5119 infernum
2796 5048 3153 5104 :erubescant
3194 5049 3374 5120 potius
3398 5049 3489 5122 qui
3545 5048 3755 5119 lapides

2150 5146 2422 5210 invocant,
2444 5153 2500 5198 et
2529 5141 2732 5197 umbris
2753 5141 3049 5199 sociemur.

2223 5257 2312 5314 19.
2338 5253 2509 5330 [verm
2536 5253 2625 5311 19.
2647 5253 2671 5329 ]
2693 5253 2750 5308 Μ
2755 5264 2843 5308 uta
2894 5255 3172 5326 eﬁciantur
3214 5254 3349 5309 labia
3377 5254 3557 5311 dolosa
3579 5272 3600 5312 :
3627 5267 3753 5314 nota

2152 5349 2352 5407 faciens
2375 5349 2585 5421 populis
2611 5356 2942 5404 sacramenta
2972 5349 3024 5402 in
3052 5363 3136 5404 me
3164 5357 3271 5414 tua,
3302 5349 3383 5408 iac
3399 5349 3756 5421 obstupesce-

2152 5459 2212 5498 re
2241 5442 2376 5496 labia
2406 5438 2805 5517 ﬁngentiumdc
2827 5455 2913 5495 me
2945 5439 3094 5498 falsa.
3131 5440 3258 5508 Qua:
3275 5440 3552 5511 loquuntur
3571 5442 3755 5496 adver-

2150 5553 2239 5593 sus
2259 5536 2457 5606 justum
2475 5533 2809 5605 iniquitatem,
2838 5532 2892 5585 in
2929 5532 3162 5602 superbia
3187 5542 3235 5585 et
3278 5541 3566 5601 contemptu
3592 5549 3611 5586 :
3632 5549 3756 5603 qtu:

2155 5630 2447 5698 loquuntur
2473 5625 2730 5683 adversus
2744 5608 3017 5679 Christum
3046 5623 3404 5693 iniquitatem,
3426 5623 3750 5695 superbien-

2155 5732 2277 5784 tes,
2317 5729 2374 5777 et
2438 5726 2845 5774 contemnentes
2921 5725 3170 5787 tanquam
3223 5713 3497 5774 hominem
3533 5721 3756 5779 crucia-

2151 5830 2309 5875 sum.
