4008 6376
272 498 357 553 ‘30.
389 496 404 570 [
429 509 553 552 vers.
577 493 671 564 ἑο,
701 497 794 553 21.
822 495 843 566 ἶ
877 497 1043 565 Quam
1089 511 1276 565 magna
1319 495 1586 549 multitudo
1614 492 1790 547 dulce—

207 591 334 641 dinis
357 600 473 650 luat,
506 583 768 643 Domine:
795 588 1056 642 exclamat
1109 585 1194 640 hic
1229 583 1491 654 Propheta
1522 586 1622 639 ista
1671 598 1794 637 cer-

207 691 353 743 nens,
379 687 431 733 et
458 677 660 733 mirans
684 686 842 749 quam
869 678 1046 733 multis
1068 677 1239 730 modis
1255 677 1470 744 copiosa
1498 684 1582 730 est
1606 674 1795 729 dulce-

208 772 272 824 do
294 781 405 839 tua,
442 771 682 826 Domine.
696 769 872 838 'Quam
889 770 1194 824 abscondisti
1215 767 1504 822 timentibus
1526 778 1573 821 te
1593 767 1788 822 :etiam

208 877 292 918 cos
321 873 456 933 quos
485 862 760 928 emendas,
790 861 1016 915 multum
1071 868 1255 925 amas;
1297 858 1390 913 sed
1444 873 1510 912 ne
1536 856 1796 913 dissoluta

208 955 488 1010 securitate
513 952 868 1024 negligentius
911 961 1090 1023 agant,
1134 949 1420 1006 abscondis
1452 949 1519 1004 ab
1568 948 1648 1004 eis
1677 946 1796 1004 dul-

208 1045 445 1100 cedinem
469 1045 670 1100 amoris
715 1043 811 1109 tui,
840 1044 1032 1113 quibus
1072 1035 1198 1097 utile
1235 1052 1318 1096 cst
1346 1042 1535 1097 timere
1565 1050 1637 1097 te.
1673 1039 1798 1094 Pcr-

206 1138 362 1209 {eu‘sti
393 1135 707 1209 sperantibus
728 1140 779 1192 in
810 1145 858 1193 te
889 1153 907 1192 :
937 1135 1204 1208 perfeeiSti
1248 1134 1594 1190 autem-banc
1617 1134 1798 1190 dulce-

204 1228 734 1298 dinem‘sperautibus
752 1228 802 1280 in
827 1236 877 1282 te
901 1244 916 1293 ;
943 1242 1047 1282 non
1069 1225 1211 1282 enim
1235 1224 1506 1280 subtrahis
1523 1225 1601 1279 eis
1620 1223 1762 1296 quod
1776 1225 1792 1258 ¹

212 1316 371 1392 usque
399 1321 451 1376 in
485 1321 643 1376 tinem
681 1329 1090 1392 perseveranter
1138 1328 1468 1390 exspectant.
1503 1316 1568 1372 In
1590 1333 1799 1387 conspe-

208 1421 284 1465 ctu
307 1409 536 1480 ﬁliorum
557 1411 857 1465 hominum:
887 1425 990 1464 non
1015 1410 1157 1465 enim
1178 1410 1304 1465 latet
1323 1409 1460 1463 filios
1490 1407 1789 1472 hominum,

204 1501 306 1573 iam
333 1508 439 1556 nun
470 1500 762 1557 secundum
791 1501 983 1568 Adam,
1035 1500 1130 1557 Sed
1156 1499 1447 1556 secundum
1497 1499 1664 1554 filium
1699 1499 1795 1552 bo-

209 1592 362 1648 minis
390 1592 650 1656 viventes,
677 1590 962 1648 Abscondes
989 1609 1076 1648 eos
1101 1593 1155 1647 in
1181 1593 1473 1648 abscondito
1497 1592 1668 1646 vultus
1698 1592 1794 1658 tui,

205 1695 362 1754 quam
391 1682 574 1739 sedem
603 1694 911 1754 perpetuam
938 1697 1121 1738 serves
1149 1683 1200 1736 in
1232 1681 1550 1738 abscondito
1593 1683 1797 1738 notitia:

210 1785 321 1830 tute
341 1774 683 1846 sperantibus
710 1776 764 1831 in
815 1785 888 1832 te.
915 1775 962 1829 Ἀ
993 1775 1372 1830 co‘nturbatione
1411 1777 1673 1830 hominum
1696 1791 1715 1829 :
1740 1785 1796 1830 ut

209 1868 308 1940 iam
340 1868 539 1925 nullam
571 1870 854 1924 humanam
885 1869 1346 1925 conturbationem
1379 1869 1668 1940 patiantur.

275 1960 362 2016 21.
400 1959 644 2034 Prateges
673 1979 758 2020 eos
782 1962 834 2018 in
850 1962 1174 2018 tabernaculo
1201 1973 1308 2031 tuo,
1337 1979 1368 2016 a
1395 1963 1797 2018 contradictione

209 2052 500 2126 linguarum
525 2070 545 2109 :
571 2053 667 2110 sed
695 2055 782 2110 hic
806 2053 1017 2112 interim
1046 2053 1170 2109 dum
1200 2054 1278 2110 eis
1305 2055 1580 2110 maledica)
1602 2055 1798 2125 linguae

207 2145 522 2216 obstrepunt
549 2144 807 2211 dicentes,
866 2145 997 2212 Quis
1038 2144 1141 2200 hoc
1189 2145 1356 2211 novit,
1406 2155 1498 2201 aut
1518 2145 1640 2215 quis
1669 2143 1796 2200 inde

207 2235 352 2290 venit
373 2237 400 2291 ’ἔ
426 2247 672 2308 proteges
693 2252 787 2303 eos
811 2238 863 2292 in
880 2237 1224 2293 tabernaculo
1243 2237 1363 2292 ﬁdei
1383 2253 1566 2292 earum
1592 2253 1794 2303 rerum,

208 2341 340 2398 quas
367 2327 628 2384 Dominus
670 2344 768 2400 pro
811 2329 966 2386 nobis
1006 2328 1372 2399 temporaliter
1398 2331 1563 2399 gessit
1587 2337 1642 2385 et
1671 2343 1798 2399 per-

209 2418 348 2474 tulit.

436 2525 565 2567 vers.
593 2508 687 2567 22.
714 2508 736 2586 ]
776 2510 1079 2567 Benedictus
1128 2511 1397 2578 Dominus,
1429 2511 1668 2581 quoniam
1694 2510 1794 2566 mi-

208 2601 424 2674 riﬁcauit
453 2601 850 2658 misericordiam
874 2619 1017 2658 suam
1047 2606 1098 2657 in
1128 2603 1328 2659 civitate
1359 2603 1752 2659 circumstantiis
1781 2617 1802 2657 :

207 2690 522 2750 hctiedictus
570 2692 847 2762 Dominus,
887 2693 1139 2764 quoniam
1195 2701 1314 2763 post
1365 2692 1797 2748 emendationem

206 2783 588 2841 acerrimorum
615 2785 1068 2854 persecutiOnum,
1097 2785 1346 2839 omnibus
1387 2785 1685 2842 mirabilem
1714 2778 1770 2841 f'e

207 2877 278 2930 cit
306 2875 728 2932 misericordiam
776 2889 926 2930 suam
957 2891 1051 2947 per
1073 2874 1260 2932 orbem
1300 2885 1585 2941 terrarum.
1616 2876 1667 2931 in
1689 2877 1800 2934 cir-

208 2969 356 3022 cultu
381 2965 656 3023 societatis
683 2965 950 3022 humanus.

275 3056 412 3136 ειη
435 3073 560 3114 vers.
584 3055 676 3115 9.5.
705 3056 727 3134 ]
757 3058 866 3130 Ego
892 3058 1001 3115 dixi
1045 3059 1099 3114 in
1134 3060 1316 3117 ecstasi
1353 3077 1463 3115 mea
1494 3076 1513 3115 :
1545 3059 1685 3125 unde
1714 3063 1803 3118 ille

209 3149 437 3222 pupuius
466 3149 659 3205 iterum
688 3151 932 3222 loquens,
954 3150 1061 3206 ait:
1086 3150 1197 3222 Ego
1222 3151 1332 3207 dixi
1356 3152 1406 3207 in
1437 3168 1631 3222 pavore
1652 3169 1796 3221 meo,

207 3257 332 3298 cum
377 3241 706 3300 horribiliter
748 3249 934 3314 gentes
983 3244 1035 3299 in
1080 3258 1165 3299 me
1224 3244 1494 3299 saevirent.
1530 3243 1796 3315 Projectus

207 3349 322 3388 sum
341 3351 374 3390 α
401 3335 534 3407 facie
552 3333 815 3390 oculorum
835 3343 1033 3389 tuorum
1060 3349 1081 3390 :
1105 3339 1212 3389 non
1241 3335 1383 3389 enim
1433 3335 1476 3390 si
1525 3350 1610 3391 me
1634 3337 1808 3404 respi-

207 3439 383 3494 mres,
413 3426 521 3498 pati
558 3441 646 3484 me
675 3427 775 3482 iata
822 3427 1046 3483 sineres.
1096 3426 1218 3480 ideo
1261 3429 1535 3501 exaudisti,
1569 3427 1802 3496 Domine,

207 3533 378 3574 vocem
407 3518 651 3574 orationis
680 3534 823 3586 ntere,
869 3523 984 3572 cum
1014 3519 1282 3573 clamarem
1309 3518 1378 3572 ad
1399 3530 1445 3572 te
1473 3534 1491 3574 :
1536 3520 1657 3574 ideo
1684 3534 1805 3572 mo-

209 3611 340 3667 dum
370 3625 576 3681 poneus
599 3609 980 3677 emendationi,
1012 3618 1067 3666 et
1105 3612 1398 3667 ostendens
1425 3628 1511 3666 me
1537 3613 1806 3682 pertinere

208 3701 275 3756 ad
303 3714 486 3755 curam
511 3708 676 3766 tuam,
709 3701 993 3763 exaudiui.
1034 3700 1277 3767 Domine,
1313 3717 1499 3756 vocem
1549 3703 1808 3757 orationis

209 3803 368 3856 mese,
392 3803 660 3846 cum'eam
710 3805 773 3846 ex
819 3790 1156 3848 tribulatiOne
1188 3790 1730 3847 uimis'intenderem.

279 3884 375 3941 24.
410 3881 429 3955 ι’
451 3897 588 3938 πη.
619 3882 712 3940 ει.
786 3883 989 3952 Diligite
1011 3883 1284 3938 Dominum
1300 3903 1469 3939 omnes
1484 3887 1644 3940 sancti
1665 3888 1771 3955 ejus
1790 3900 1810 3939 :

208 3973 459 4031 hortatur
480 3970 669 4032 iterum
702 3972 960 4040 Propheta
987 3973 1087 4030 ista
1113 3991 1339 4031 cernens
1361 4016 1376 4038 .
1405 3986 1458 4031 et
1495 3975 1622 4031 dicit
1649 3993 1663 4030 :
1710 3976 1807 4032 Di-

211 4068 354 4141 lipite
383 4067 684 4136 Dominum,
720 4084 889 4122 omnes
911 4069 1073 4123 sancti
1091 4070 1200 4140 cjus
1224 4086 1242 4123 :
1268 4086 1506 4138 quoniam
1553 4077 1809 4125 ueritatem

207 4161 440 4234 requiret
483 4159 747 4216 Dominus.
782 4159 1008 4229 Quando
1053 4162 1101 4215 si
1139 4163 1320 4230 justus
1348 4163 1434 4216 vix
1482 4161 1663 4217 salvus
1686 4162 1807 4225 erit,

210 4255 472 4325 peccatur
496 4257 554 4307 et
600 4248 798 4320 impius
849 4250 936 4305 ubi
990 4255 1254 4321 parebunt
1285 4250 1328 4320 (Ι
1361 4246 1508 4304 Ῥειν.
1538 4266 1610 4313 ιν,
1646 4251 1712 4305 i8
1741 4251 1761 4324 )
1786 4250 1812 4304 ι

212 4339 284 4399 Et
314 4339 552 4398 retribuet
577 4340 656 4395 his
676 4341 762 4411 qui
800 4339 1117 4395 abundanter
1162 4341 1356 4412 faciunt
1399 4342 1680 4411 superbiam
1709 4356 1729 4399 :
1758 4351 1813 4398 et

213 4434 478 4492 retribuet
503 4433 587 4489 his
614 4431 704 4508 qui
726 4445 824 4489 nec
842 4431 963 4488 victi
990 4443 1396 4501 convertuntur,
1434 4434 1556 4505 quia
1584 4436 1810 4490 multum

213 4526 563 4600 superbiant.

286 4614 694 4693 25.[uers.25.
722 4614 744 4690 ]
775 4615 999 4671 Viriliter
1049 4616 1218 4690 agite,
1267 4626 1315 4672 et
1370 4618 1684 4687 conformat
1727 4632 1815 4672 cor

215 4718 439 4767 nstrum
459 4727 480 4765 :
507 4710 708 4766 bonum
739 4709 855 4764 sine
901 4707 1204 4764 defeeti'one
1255 4719 1563 4778 operantcs,
1592 4712 1651 4761 ut
1677 4716 1816 4762 tem-

219 4817 353 4873 pore
374 4803 587 4873 proprio
622 4800 856 4856 metatis.
907 4797 1094 4853 Omnes
1120 4798 1208 4871 qui
1231 4801 1446 4866 speratis
1472 4799 1523 4853 in
1559 4797 1818 4852 Domino:

219 4892 274 4951 id
301 4901 404 4956 est.
438 4893 522 4966 qui
549 4908 674 4949 eum
727 4897 873 4946 recte
929 4890 1126 4944 timetis
1159 4890 1242 4944 vel
1282 4889 1477 4950 colitis.
1523 4897 1734 4962 sperate
1760 4890 1818 4944 in

223 4987 466 5044 Domino.

759 5052 1155 5108 ENARRATIO
1185 5052 1249 5106 ll.

225 5183 397 5228 ιιιιο
427 5186 464 5238 I,
491 5181 743 5225 ἰιΑιιιτυε-
763 5181 934 5220 ιιιυω
984 5178 1387 5220 POST'NATALEI
1443 5178 1819 5218 Λροετοιοιιυὶι

812 5271 959 5318 νιειι,
980 5271 1047 5324 ex
1074 5271 1135 5309 τι.
1167 5256 1221 5310 3.

727 5346 800 5400 De
826 5347 1075 5418 principio
1110 5345 1318 5400 Psaiuu'.

302 5443 354 5496 l.
386 5440 553 5513 [υεη.
577 5441 629 5494 l.
652 5437 671 5509 ]
694 5437 890 5496 Psalmi
919 5438 1076 5507 hujus
1099 5450 1257 5506 quem
1287 5433 1446 5489 modo
1465 5436 1814 5500 cantavimus,

224 5545 481 5604 quantum
513 5544 802 5602 possumus
825 5540 1032 5592 secreta
1069 5530 1344 5590 rimentur.
1373 5540 1425 5583 et
1455 5528 1579 5583 inde
1609 5544 1819 5583 sermo-

229 5643 353 5683 nem
377 5626 712 5695 exsculptum
731 5624 1013 5678 reddamus
1031 5623 1243 5677 auribus
1261 5630 1314 5677 et
1327 5623 1590 5676 mentibus
1608 5623 1816 5677 vestris.

227 5718 438 5777 Titulus
464 5720 580 5790 ejus
607 5727 691 5772 est
720 5734 734 5770 :
766 5715 833 5769 In
865 5715 1036 5785 ﬁnem,
1094 5716 1328 5770 Psatmus
1357 5717 1448 5784 ipsi
1479 5715 1646 5768 David
1668 5725 1822 5768 ecsta-

292 5831 310 5863 ⁸
337 5827 526 5893 Aliquot
549 5835 676 5888 his,
699 5823 773 5876 eis
794 5823 892 5889 qui.

1311 377 1711 438 ENARRATIO
1748 376 1815 432 ΙΝ
1859 374 2180 436 PSALMUM
2220 372 2392 440 XXX.

3400 385 3506 446 230

1907 492 1997 546 sis.
2027 491 2094 551 In
2123 493 2276 563 linem
2295 495 2420 566 quid
2435 496 2522 563 sit,
2552 499 2817 567 novimus,
2843 502 2885 556 si
2919 501 3190 560 Christum
3209 505 3496 576 novimus;

1905 586 2036 642 dicit
2060 588 2202 642 enim
2235 590 2522 659 Apostolus
2547 609 2560 646 :
2587 592 2730 647 Finis
2767 595 2900 647 enim
2935 595 3055 666 togis
3084 595 3313 653 Christus
3334 601 3402 653 ad
3411 602 3497 672 ju-

1904 677 2095 733 stitiam
2128 681 2266 733 omni
2295 681 2517 736 credenti
2544 684 2561 753 (
2596 683 2744 738 Rom.
2776 701 2832 751 κ,
2861 688 2890 742 6
2927 688 2965 756 ).
2992 689 3140 746 Finis
3172 707 3275 746 non
3304 707 3497 750 consu-

1907 783 2082 836 mens,
2133 770 2230 826 sed
2278 772 2562 842 pet-ﬁciens
2596 774 2840 832 :duobus
2883 777 3026 832 cnim
3079 781 3254 838 modis
3275 782 3503 842 dicimus

1892 857 2066 920 finem
2093 879 2107 924 ;
2136 855 2218 919 vei
2246 878 2351 932 quo
2376 863 2433 916 ﬁt
2456 873 2509 917 ιιι
2537 881 2640 919 non
2668 867 2737 921 sit
2765 868 2906 937 quod
2938 879 3076 935 erat,
3124 873 3205 928 vel
3224 888 3329 947 quo
3358 872 3414 928 iit
3440 883 3499 928 ut

1907 951 2200 1020 perfectum
2233 955 2468 1025 sitquod
2511 955 2818 1015 inchoatum
2865 968 2999 1014 erat.
3030 961 3168 1032 Ergo
3215 961 3272 1018 in
3306 961 3508 1033 ﬁnem.

1907 1042 1958 1100 in
1984 1043 2277 1099 Christum.

1975 1131 2030 1186 2.
2067 1130 2308 1190 Psalmns
2340 1135 2504 1188 David
2529 1140 2754 1193 ecstast's.
2786 1139 3020 1195 Verbum
3039 1145 3221 1197 ectasis
3244 1159 3503 1214 graecum,

1905 1222 2088 1290 latine,
2122 1235 2377 1295 quantum
2408 1227 2564 1281 datur
2587 1230 2827 1300 intelligi,
2858 1231 3021 1286 verbo
3059 1249 3166 1287 uno
3184 1236 3375 1305 exponi
3409 1251 3505 1306 pn-

1907 1326 2028 1384 test,
2076 1319 2120 1372 si
2165 1319 2369 1373 dicatur
2423 1337 2677 1376 excessus
2717 1340 3019 1380 :excessus
3067 1338 3248 1382 autem
3303 1329 3502 1384 mentis

1907 1409 2121 1477 proprie
2151 1412 2286 1466 solet
2331 1415 2552 1468 ecstasis
2599 1415 2724 1469 dici.
2763 1416 2820 1470 in
2872 1435 3094 1472 excessu
3145 1437 3271 1474 vero
3301 1423 3496 1478 mentis

1905 1499 2010 1553 duo
2041 1501 2405 1570 intelliguntur
2430 1521 2444 1567 ;
2470 1514 2564 1558 aut
2595 1522 2778 1574 pavor,
2802 1509 3132 1563 autiutentio
3159 1511 3222 1563 ad
3244 1525 3496 1580 superna.

1907 1592 1973 1646 ita
1999 1603 2054 1646 ut
2081 1596 2313 1663 quodam
2341 1597 2502 1651 modo
2529 1597 2596 1652 de
2643 1601 2898 1654 memoria
2945 1601 3190 1655 labantur
3244 1603 3448 1658 inferna
3485 1623 3498 1659 :

1906 1683 1956 1738 in
1985 1684 2085 1739 hac
2109 1688 2302 1741 ecstasi
2352 1687 2574 1742 fuerunt
2616 1705 2805 1746 omnes
2838 1683 3028 1758 Saneti,
3057 1693 3250 1762 quibus
3299 1710 3497 1750 arcana

1907 1768 1996 1827 Dei
2021 1776 2274 1829 mundum
2301 1777 2456 1832 istum
2487 1781 2800 1833 excedentia
2846 1783 3075 1836 revelata
3127 1794 3270 1837 sunt.
3296 1783 3372 1840 De
3405 1786 3506 1842 hoc

1905 1865 2100 1919 mentis
2126 1881 2373 1934 excessu,
2399 1867 2449 1922 id
2466 1880 2545 1923 est
2571 1870 2782 1936 ecstasi,
2809 1871 3004 1925 Paulus
3025 1889 3145 1926 cum
3174 1875 3502 1943 loqueretur,

1905 1955 2136 2024 seipsum
2191 1957 2485 2024 insinuans,
2529 1961 2642 2014 ait:
2674 1960 2795 2016 Sive
2831 1966 2961 2017 enim
2997 1975 3158 2020 mente
3197 1967 3504 2022 eaccssimus

1905 2043 2034 2110 Deo,
2059 2048 2162 2101 sive
2189 2056 2522 2120 temperantes
2550 2069 2724 2106 sumus
2742 2054 2900 2117 vobis,
2925 2055 3145 2110 charilas
3191 2058 3321 2110 enim
3351 2057 3503 2113 Chri-

1904 2137 1971 2189 sti
1993 2137 2248 2208 compellit
2290 2139 2488 2212 nos(ll
2518 2141 2634 2196 Cor.
2678 2160 2730 2210 v,
2779 2146 2844 2198 15
2869 2145 3046 2214 ).lloc
3074 2158 3175 2211 est,
3206 2147 3251 2202 si
3277 2165 3337 2202 ea
3383 2161 3500 2204 tan—

1907 2238 2016 2282 tum
2034 2247 2190 2300 agere
2204 2233 2479 2302 vellemus,
2500 2246 2550 2288 et
2564 2251 2624 2289 ea
2647 2246 2846 2289 tantum
2865 2240 3213 2309 contemplari
3231 2257 3348 2311 quae
3363 2257 3503 2296 men-

1907 2324 1973 2376 tis
1999 2339 2222 2378 exeessu
2251 2326 2538 2391 intuemur,
2558 2329 2829 2383 vobiscum
2855 2346 2957 2385 non
3004 2347 3264 2398 essemus,
3297 2333 3388 2387 sed

1905 2429 2086 2469 SCtltllS
2135 2417 2185 2470 in
2237 2419 2503 2485 supernis,
2552 2426 2802 2488 tanquam
2851 2423 3171 2489 contemptis
3214 2423 3412 2477 vobis:
3446 2435 3501 2478 et

1905 2507 2116 2575 quando
2149 2522 2244 2561 nos
2275 2507 2341 2561 ad
2387 2509 2477 2562 illa
2521 2510 2792 2577 superiora
2839 2521 2893 2565 et
2944 2511 3195 2566 interiora
3237 2513 3447 2566 infirmo
3479 2515 3496 2544 ¹

1910 2611 2064 2665 passu
2093 2600 2470 2668 sequercmiui,
2500 2601 2596 2653 nisi
2622 2617 2807 2654 rursus
2837 2603 3192 2670 compclleute
3250 2618 3347 2657 nos
3369 2603 3499 2658 cha-

1909 2684 2063 2742 ritatc
2092 2687 2288 2743 Christi
2313 2690 2422 2762 (qui
2468 2705 2587 2744 cum
2614 2691 2666 2745 in
2695 2691 2862 2746 forma
2893 2692 2985 2747 Dei
3011 2702 3174 2762 esset,
3202 2709 3308 2748 non
3354 2697 3503 2768 rapi.

1909 2795 2029 2834 nam
2060 2780 2344 2837 arbitratus
2375 2791 2458 2837 est
2482 2798 2600 2838 esse
2624 2785 2846 2854 :equalis
2878 2785 3004 2849 Deo.
3033 2787 3124 2841 sed
3158 2789 3499 2859 semetipsum

1908 2872 2196 2928 exinanivit
2249 2873 2472 2930 formam
2516 2876 2657 2930 servi
2693 2876 2838 2946 accip
2864 2893 2960 2932 ens
2990 2875 3249 2951 [Philipp.
3282 2897 3337 2945 ιι,
3364 2878 3424 2955 6]
3451 2879 3498 2953 ).

1910 2977 2009 3016 nos
2065 2965 2529 3025 consideraremus
2558 2981 2679 3021 esse
2723 2982 2928 3038 servos,
2958 2980 3012 3024 ct
3052 2983 3158 3024 non
3189 2974 3375 3040 ingrati
3398 2974 3446 3027 ei
3469 2989 3501 3028 a

1909 3071 2016 3124 quo
2037 3056 2338 3126 accepimus
2391 3058 2602 3125 altiora,
2645 3069 2864 3128 propter
2914 3076 3007 3114 eos
3035 3062 3124 3131 qui
3155 3063 3346 3118 infirmi
3379 3075 3505 3119 sunt

1911 3164 2015 3200 non
2041 3159 2508 3204 contemneremus
2551 3150 2824 3214 inferiora.
2874 3165 2927 3206 et
2959 3162 3497 3224 tcmpcrarcmusnos

1911 3239 1987 3292 eis
2016 3240 2101 3307 qui
2126 3255 2229 3293 non
2253 3249 2474 3308 possunt
2531 3241 2810 3298 nobiseum
2841 3243 3028 3299 videre
3067 3246 3311 3302 sublimia
3339 3249 3363 3315 ’ξ
3393 3247 3504 3304 Hoc

1912 3343 2042 3398 ergo
2068 3328 2161 3392 ait,
2190 3327 2310 3383 Siue
2353 3340 2518 3387 mente
2563 3333 2866 3386 excessimus
2898 3332 3005 3386 Deo
3028 3328 3048 3389 .-'
3075 3334 3164 3389 ille
3192 3336 3334 3392 enim
3359 3338 3517 3392 videt'

1911 3422 2050 3491 quod
2081 3438 2178 3476 nos
2195 3424 2435 3478 videmus
2453 3425 2503 3477 in
2524 3425 2715 3479 mentis
2733 3442 2958 3480 excessu
2982 3428 3022 3492 ',
3057 3427 3158 3483 ille
3177 3430 3325 3484 solus
3347 3446 3499 3485 reve-

1915 3515 1987 3568 lat
2008 3527 2214 3570 sccreta
2237 3532 2351 3569 sua.
2380 3516 2585 3586 Quippe
2637 3517 2725 3572 ille
2757 3519 2856 3572 hoc
2877 3507 3131 3587 loquitur,
3163 3520 3252 3589 qui
3282 3536 3341 3576 se
3380 3521 3507 3576 dicit

1912 3606 2193 3674 abreptum
2221 3621 2340 3661 esse
2368 3616 2421 3660 et
2446 3607 2681 3662 ablatum
2713 3609 2762 3662 in
2793 3611 3006 3663 tertium
3037 3610 3254 3675 emtum,
3278 3621 3331 3666 et
3354 3612 3505 3666 audi-

1913 3695 2054 3748 visse
2079 3695 2362 3749 ineffabilia
2393 3695 2574 3763 verba,
2608 3712 2725 3765 qum
2774 3713 2878 3751 non
2920 3699 3042 3752 licet
3072 3697 3274 3753 homini
3307 3701 3446 3773 loqui
3481 3720 3498 3758 :

1916 3793 2093 3841 tantus
2119 3796 2294 3840 autem
2354 3786 2452 3840 fuit
2493 3787 2581 3842 ille
2630 3790 2823 3844 mentis
2851 3803 3122 3856 excessus,
3163 3801 3217 3845 ut
3265 3792 3508 3848 diceret:

1917 3876 2038 3934 Sive
2064 3880 2118 3932 in
2169 3894 2401 3947 corpore,
2446 3878 2551 3932 sive
2588 3889 2734 3933 extra
2770 3895 2975 3949 corpus,
3029 3884 3216 3944 nescio,
3249 3881 3382 3938 Deus
3412 3888 3507 3937 scit

1915 3967 2001 4037 (ll
2032 3966 2264 4034 εον-ιιι,
2293 3969 2330 4024 2
2356 3970 2396 4032 ).
2421 3969 2562 4040 Ergo
2587 3971 2630 4024 si
2683 3969 2828 4025 hunc
2877 3986 3156 4026 eXCessuttt
3214 3976 3431 4041 tuentis,
3452 3978 3506 4030 id

1916 4071 1998 4115 est
2043 4059 2184 4116 hanc
2220 4061 2508 4128 ecstasim,
2556 4059 2823 4131 significat
2849 4061 3032 4118 titulus
3071 4065 3272 4134 psalmi
3329 4067 3508 4136 hujus,

1918 4167 2107 4224 magna
2129 4153 2368 4223 profecto
2399 4163 2454 4209 et
2473 4155 2576 4208 alta
2605 4154 2850 4225 quardam
2889 4170 3110 4224 sperare
3151 4155 3406 4213 debemus
3429 4160 3513 4214 di-

1917 4253 2124 4298 cturum
2151 4260 2272 4300 eum
2296 4245 2382 4315 qui
2409 4245 2650 4300 condidit
2667 4245 2958 4309 Psalmum,
2983 4243 3034 4301 id
3055 4255 3138 4300 cst
3159 4248 3502 4320 Prophetam,

1919 4335 2028 4389 imo
2058 4347 2184 4391 vero
2212 4352 2308 4405 per
2342 4336 2662 4405 Prophetam
2693 4335 2947 4414 Spiritum
2976 4346 3247 4392 sanctum.

1990 4427 2045 4482 5.
2073 4428 2128 4481 Si
2154 4419 2286 4483 vero
2304 4427 2418 4481 hate
2443 4428 2664 4483 ecstasis
2691 4443 2855 4496 pavor
2878 4427 3256 4499 intelligendus
3282 4438 3385 4495 est,
3415 4445 3508 4486 ne-

1917 4533 2025 4588 que
2052 4518 2174 4574 huic
2202 4518 2572 4589 signiﬁcationi
2604 4517 2753 4575 verbi
2787 4517 2957 4574 deerit
2981 4514 3137 4589 hujus
3162 4519 3351 4589 psalmi
3381 4535 3515 4575 con-

1923 4618 2138 4673 textus;
2187 4609 2397 4664 videtur
2431 4610 2576 4664 enim
2601 4609 2670 4665 de
2696 4607 2941 4679 passione
2974 4610 3248 4666 locuturus
3273 4626 3392 4664 esse
3413 4653 3428 4677 ,
3461 4612 3514 4666 in

1922 4715 2023 4771 qua
2053 4717 2216 4770 pavor
2242 4710 2343 4756 est.
2400 4699 2509 4757 Sed
2533 4702 2686 4770 eujus
2713 4715 2880 4771 pavor
2907 4707 3022 4764 est,
3076 4710 3252 4756 utrum
3294 4700 3512 4768 Christi,

1924 4793 2044 4864 quia
2074 4791 2228 4856 dixit,
2263 4790 2329 4846 In
2355 4791 2533 4862 ﬁnem,
2562 4800 2614 4846 ct
2643 4790 2986 4860 intelligimus
3017 4790 3176 4846 linem
3206 4789 3516 4848 Christum!

1924 4900 1990 4939 an
2025 4881 2163 4948 forte
2193 4891 2377 4941 noster
2404 4882 2606 4955 pavor?
2650 4881 2917 4951 Numquid
2947 4882 3090 4937 enim
3114 4881 3398 4952 pessumus
3428 4899 3518 4956 pa.

1927 4989 2116 5028 vorem
2141 4974 2279 5029 bene
2313 4973 2610 5044 intelligere
2652 4973 2704 5028 in
2735 4973 2948 5028 Christo
2973 4975 3364 5045 propinquante
3388 4989 3515 5044 pas-

1926 5067 2116 5132 sione,
2167 5067 2256 5134 qui
2298 5074 2515 5136 proriter
2558 5081 2676 5120 eam
2724 5065 2988 5120 venerat?
3040 5081 3160 5120 cum
3194 5065 3431 5121 venisset
3451 5065 3516 5122 ad

1926 5159 2069 5230 quod
2111 5169 2350 5225 venerat,
2381 5157 2638 5230 numquid
2672 5158 2897 5227 pavebat
2919 5157 3248 5212 moriturus?
3277 5157 3334 5212 Si
3364 5173 3515 5228 pror-

1927 5267 2017 5307 sus
2057 5251 2128 5304 ita
2171 5251 2334 5305 homo
2362 5261 2541 5314 esset,
2585 5261 2640 5303 ut
2661 5247 2804 5305 Deus
2835 5265 2940 5303 non
2968 5259 3145 5312 esset.
3191 5249 3359 5319 magis
3385 5264 3520 5319 gau-

1927 5342 2076 5396 deret
2104 5351 2534 5408 resurrecturus,
2581 5357 2738 5413 quam
2783 5328 3002 5412 paveret
3052 5342 3383 5398 moriturus?
3413 5343 3520 5399 Ve—

1930 5442 2229 5486 rumtamen
2263 5434 2383 5502 quia
2411 5434 2656 5503 dignatus
2685 5441 2766 5487 est
2793 5447 3068 5488 assumere
3104 5431 3324 5488 formam
3356 5436 3517 5500 servi,

1927 5539 1979 5582 et
2010 5527 2060 5580 in
2092 5541 2153 5580 ea
2185 5541 2282 5581 nos
2316 5528 2508 5580 vestire
2540 5541 2594 5580 se
2623 5543 2637 5590 ;
2667 5527 2756 5596 qui
2787 5541 2889 5579 non
2919 5535 3001 5580 est
3025 5525 3336 5596 dedignatus
3363 5541 3516 5581 assu-

1992 5640 2008 5670 ¹
2033 5645 2152 5687 Tres
2175 5644 2301 5695 Mss,
2321 5636 2480 5701 ﬁrmo.

1988 5703 2094 5761 ftta
2120 5707 2192 5748 Er.
2218 5701 2294 5761 cui
2320 5696 2406 5748 Mss
2457 5698 2800 5761 suffragantur.
2830 5706 2882 5749 At
2923 5704 3030 5747 Lor.
3058 5712 3071 5748 :
3119 5697 3206 5761 llic
3230 5699 3356 5750 enim
3394 5696 3518 5749 ridet

1926 5759 2040 5820 quid
2065 5774 2150 5810 nos
2183 5760 2414 5816 ciamus,
2439 5761 2520 5822 qui
2555 5759 2666 5821 fieri
2703 5760 2936 5811 hominem
2979 5763 3026 5809 in
3063 5760 3231 5812 metuis
3272 5771 3513 5812 excessum

1927 5824 2143 5875 annecti”
2168 5838 2182 5864 τ
2209 5823 2288 5872 ille
2311 5823 2454 5880 solus,
2485 5833 2578 5872 etc.
