4008 6330
463 334 562 392 2'5!
1517 271 1521 275 ’
1716 314 1777 369 s.
1819 307 2189 368 AUGUSTlNl
2231 310 2533 368 EPISCOPI

468 448 620 501 mere
644 455 743 497 nos
773 439 825 494 in
853 452 931 503 se,
966 451 1074 491 non
1104 442 1186 490 est
1211 430 1530 500 dedignatus
1555 424 1933 493 transfigurare
1960 434 2060 474 nos

463 538 517 593 in
543 550 605 589 se
624 575 639 598 ,
681 540 736 587 et
761 530 904 595 loqui
934 527 1113 582 verbis
1141 521 1344 579 nostris
1368 562 1383 585 ,
1429 528 1489 573 ut
1515 528 1570 571 et
1594 531 1692 571 nos
1720 514 2065 584 loqueremur

464 627 643 681 verbis
686 625 876 695 ipsius.
924 621 1050 673 llaec
1078 617 1221 671 enim
1263 612 1394 668 mira
1425 606 1773 665 commutatio
1801 603 1936 659 facta
1960 610 2065 669 est,

462 729 518 773 et
558 716 738 770 divina
782 720 908 766 sunt
952 719 1165 781 peracta
1206 702 1565 767 commercia,
1621 696 1846 753 mutatio
1888 708 2065 750 rerum

465 807 736 863 celebrata
766 804 819 859 in
850 802 952 856 hoc
978 797 1180 854 mundo
1207 812 1238 850 a
1270 792 1604 864 negotiatore
1628 786 1837 844 ecclein
1871 802 1888 840 :
1920 784 2067 839 venit

472 902 717 968 accipere
760 890 1149 957 contumelias,
1191 888 1323 943 dare
1370 886 1641 946 honores;
1682 880 1827 935 venit
1851 878 2069 932 haurire

464 991 707 1049 dolorem
730 1029 746 1053 ,
774 986 904 1041 dare
931 984 1191 1045 salutem;
1238 977 1381 1033 venit
1417 974 1600 1031 subire
1643 982 1905 1037 mortem,
1938 968 2070 1022 dare

465 1086 649 1138 vitam.
696 1080 984 1135 Morituros
1010 1088 1137 1144 ergo
1163 1088 1229 1127 ex
1255 1085 1321 1127 eo
1346 1052 1487 1140 quod
1527 1073 1766 1120 nostrum
1814 1061 2067 1122 habebat,

466 1191 573 1232 non
603 1174 655 1229 in
687 1170 893 1245 se,Lsed
914 1171 965 1224 in
1005 1167 1159 1222 nobis
1203 1162 1462 1234 pavebat;
1509 1158 1630 1228 quia
1671 1165 1727 1210 et
1766 1153 1869 1208 hoc
1914 1151 2068 1217 dixit,

468 1268 676 1323 tristem
703 1242 824 1319 esse
864 1260 1097 1315 animam
1128 1272 1279 1311 suam
1310 1266 1478 1322 usque
1504 1249 1569 1303 ad
1598 1258 1824 1301 mortem
1855 1242 2069 1315 (Matth.

468 1375 633 1424 XXVI,
661 1354 754 1431 38)
777 1397 792 1422 ,
840 1363 894 1409 et
933 1352 1119 1422 utique
1148 1362 1247 1403 nos
1274 1345 1374 1415 ipsi
1402 1356 1591 1397 omnes
1618 1354 1739 1394 cum
1777 1337 1888 1390 illo.
1938 1332 2071 1389 Nam

470 1454 587 1509 sine
619 1429 749 1516 illo,
794 1462 892 1502 nos
924 1445 1095 1505 nihil;
1140 1446 1190 1495 in
1217 1440 1310 1493 illo
1340 1446 1515 1491 autem
1538 1475 1554 1499 ,
1604 1432 1719 1501 ipse
1752 1429 1993 1485 Christus
2019 1436 2073 1481 et

471 1562 591 1600 nos.
647 1541 863 1609 Quare?
915 1537 1047 1605 Quia
1097 1542 1241 1587 totus
1283 1528 1531 1585 Christus
1572 1530 1733 1593 caput
1765 1530 1819 1575 et
1855 1532 2070 1587 corpus.

470 1637 640 1706 Caput
674 1635 761 1689 ille
782 1631 1015 1686 salvator
1035 1624 1277 1696 corporis
1301 1665 1316 1688 ,
1360 1620 1448 1691 qui
1474 1619 1586 1689 jam
1612 1612 1853 1671 ascendit
1881 1612 1933 1666 in
1958 1625 2073 1666 cm-

475 1729 624 1792 lnm;
673 1738 870 1793 corpus
913 1730 1092 1774 autem
1135 1714 1410 1776 Ecclesia,
1456 1722 1578 1779 quae
1618 1705 1823 1760 laborat
1851 1702 1905 1755 in
1937 1708 2075 1755 terra

478 1821 693 1893 (Ephes.
724 1834 787 1879 v,
814 1814 930 1885 25).
978 1812 1090 1865 Hoc
1133 1815 1312 1861 autem
1355 1815 1553 1872 corpus
1598 1797 1703 1853 nisi
1743 1794 2077 1851 conuexione

475 1888 752 1968 charitatis
778 1906 1079 1961 adhaereret
1115 1897 1275 1968 capiti
1301 1909 1398 1948 suo
1416 1935 1432 1955 ,
1462 1902 1522 1947 ut
1551 1904 1688 1944 unus
1716 1888 1864 1941 ﬁeret
1891 1899 1957 1939 ex
1985 1902 2076 1936 ea-

476 2005 583 2075 pite
610 2012 663 2057 et
686 2012 935 2067 corpore,
971 2010 1073 2048 non
1103 1991 1170 2045 de
1198 1988 1336 2044 coelo
1365 1982 1650 2056 quemdam
1680 1986 2076 2050 persecutorem

475 2065 774 2163 corripiens
790 2065 1004 2142 diceret
1023 2126 1039 2151 ,
1082 2082 1243 2138 Saule
1260 2120 1274 2142 .
1309 2076 1501 2151 Sauler,
1527 2072 1648 2143 quid
1669 2088 1748 2125 me
1770 2065 2080 2141 persequeris

478 2158 723 2258 (Ach—ix,
755 2180 854 2252 ψ
883 2177 1098 2251 quando
1125 2188 1247 2229 eum
1269 2170 1379 2242 jam
1411 2168 1463 2223 in
1486 2166 1624 2221 caelo
1650 2162 1925 2218 sedentem
1957 2158 2079 2213 nul-

480 2281 560 2334 lus
584 2277 760 2331 homo
801 2270 1087 2342 tangebat,
1139 2260 1413 2335 quomodo
1447 2273 1568 2313 eum
1609 2253 1802 2311 Saulus
1841 2252 1893 2307 in
1940 2260 2081 2305 terra

480 2373 708 2425 sxuviens
756 2341 1016 2419 adversus
1071 2355 1408 2413 Christianos
1456 2349 1635 2419 aliquo
1672 2344 1835 2399 modo
1882 2341 2077 2411 injuria

482 2454 848 2532 percellehat?
877 2452 992 2507 Non
1025 2451 1118 2513 ait,
1146 2446 1283 2513 Quid
1308 2448 1522 2497 sanctos
1546 2452 1715 2503 meos,
1742 2433 1869 2506 quid
1897 2444 2083 2488 servos

482 2522 668 2607 incus?
690 2545 808 2613 sed,
834 2544 955 2615 quid
976 2558 1055 2595 me
1080 2534 1411 2612 persequeris,
1437 2531 1540 2586 hoc
1565 2538 1668 2594 cst,
1696 2525 1824 2593 quid
1844 2522 2085 2580 membra

482 2642 645 2699 mea?
671 2648 829 2709 caput
853 2650 947 2707 pro
972 2630 1230 2687 membris
1258 2624 1542 2687 clamabat,
1575 2630 1630 2676 et
1654 2617 1899 2674 membra
1926 2631 1980 2670 tn
2012 2629 2074 2670 se

482 2744 643 2805 caput
685 2703 1116 2797 tt'anstlgurabat.
1168 2718 1367 2774 Vocem
1408 2726 1641 2784 namque
1671 2708 1822 2780 pedis
1863 2703 2087 2775 suscipit

486 2798 685 2898 lingua.
731 2820 957 2892 Quando
998 2818 1135 2872 forte
1177 2814 1230 2869 in
1274 2810 1427 2867 turba
1466 2806 1728 2862 contritus
1769 2814 1867 2872 pes
1907 2798 2083 2865 dolet,

486 2892 683 2977 clamat
706 2917 881 2986 lingua
961 2910 1150 2966 Calcas
1178 2920 1300 2970 me;
1330 2917 1434 2958 non
1456 2900 1601 2956 enim
1632 2897 1741 2961 ait,
1778 2892 1963 2948 Calcas
1991 2904 2089 2961 pe-

490 3013 613 3070 dem
643 2982 822 3064 meum
841 3048 856 3072 ,
885 2982 978 3060 sed
1005 3017 1064 3058 se
1095 2994 1465 3062 dixitcalcari,
1500 3005 1657 3061 quam
1689 3001 1849 3042 nemo
1875 2982 2084 3053 tetigit:

487 3104 583 3162 sed
617 3116 710 3172 pes
738 3098 827 3169 qui
854 3095 1090 3152 calcatus
1118 3097 1235 3151 est,
1276 3103 1306 3140 a
1330 3085 1515 3155 lingua
1545 3096 1652 3135 non
1682 3082 1961 3149 separatus
1981 3080 2085 3129 est.
2116 3120 2119 3123 ,

489 3196 634 3265 Ergo
678 3191 839 3248 etiam
883 3187 964 3242 sic
1010 3199 1115 3239 non
1157 3181 1448 3247 incongrue
1487 3169 1801 3241 intelligitur
1842 3164 2087 3233 ecstasis,

491 3259 675 3357 pavor.
722 3280 857 3350 Quid
887 3278 1029 3335 enim
1051 3275 1223 3330 dicam
1248 3313 1265 3339 ,
1311 3266 1538 3324 fratres?
1575 3264 1631 3320 Si
1664 3262 1843 3318 nullus
1871 3259 2091 3314 omnino

492 3349 662 3451 pavor
687 3383 832 3432 esset
858 3370 1094 3444 passuris
1112 3410 1127 3435 ,
1159 3368 1431 3422 diceretur
1452 3358 1554 3430 ipsi
1577 3358 1739 3413 Petro
1761 3352 1902 3425 quod
1932 3349 2088 3406 audi-

489 3443 664 3526 vimus
708 3443 871 3521 natali
912 3459 1285 3532 Apostolorum
1317 3454 1442 3519 die,
1487 3446 1792 3521 quando'ei
1834 3443 2093 3499 Dominus

494 3559 742 3633 praedixit
771 3557 1000 3612 futuram
1023 3566 1171 3607 suam
1196 3547 1499 3618 passionem
1531 3559 1544 3594 :
1574 3539 1699 3595 Cum
1727 3553 1859 3593 esses
1890 3535 2091 3609 junigr,

491 3626 723 3723 cingebas
743 3660 809 3715 te,
837 3658 883 3702 et
913 3645 1020 3699 ibas
1041 3658 1138 3709 quo
1158 3639 1393 3701 volebas;
1423 3649 1538 3689 cum
1556 3639 1725 3684 autem
1742 3626 1908 3683 senior
1929 3628 2095 3696 factus

495 3714 674 3817 ﬁciis,
702 3740 829 3794 alter
853 3747 899 3791 te
921 3736 1103 3806 cinget,
1129 3740 1178 3785 et
1203 3730 1348 3783 ducet
1378 3741 1476 3795 quo
1501 3731 1552 3775 tu
1582 3736 1684 3775 non
1714 3718 1786 3773 vis
1809 3718 1834 3771 ἲ
1862 3714 1973 3769 Hoc
1995 3730 2094 3767 au-

496 3805 618 3902 lam,
637 3830 827 3901 inquit,
859 3828 989 3882 dixit
1007 3805 1303 3895 significans
1318 3833 1419 3885 qua
1439 3822 1598 3868 morte
1617 3817 1896 3864 moreretur
1915 3805 2092 3879 (Joan.

503 3898 619 3994 xxi,
651 3898 776 3999 18’)?
824 3922 966 3992 Ergo
995 3919 1039 3974 si
1067 3917 1257 3971 Petrus
1287 3908 1562 3981 apostolus
1588 3912 1733 3958 tanta
1766 3898 2097 3971 perfectione

503 3988 617 4093 quo
638 3988 802 4075 nollet
830 4015 889 4069 iit
901 3988 1105 4066 vnolens
1132 4005 1357 4077 (nolens
1387 4007 1628 4054 mortuus
1657 4003 1760 4059 est,
1790 3990 1883 4046 sed
1912 3988 2098 4044 volens

499 4077 786 4167 coronatus
814 4113 895 4159 est
923 4102 964 4172 ¹)
985 4142 1000 4167 ,
1043 4095 1168 4169 quid
1197 4094 1392 4149 mirum
1427 4089 1473 4144 si
1509 4097 1593 4143 est
1635 4081 1826 4153 aliquis
1853 4094 2018 4152 pavor
2046 4077 2097 4133 in

499 4200 748 4274 passione
774 4197 932 4251 etiam
974 4192 1238 4261 justornm
1262 4227 1278 4249 ,
1323 4183 1486 4238 etiam
1526 4173 1879 4233 sanctorum?
1926 4173 2098 4226 Pavor

499 4304 677 4353 estex
714 4290 945 4345 humana
988 4281 1329 4341 infirmitate,
1378 4289 1504 4346 apes
1544 4287 1613 4327 ex
1654 4268 1833 4324 divina
1872 4263 2101 4337 promis-

500 4387 671 4442 sione.
726 4378 879 4451 Quod
921 4389 1083 4448 paves
1125 4381 1275 4425 tuum
1320 4374 1442 4431 est,
1486 4360 1629 4434 quod
1678 4373 1860 4429 Speras
1900 4356 2101 4410 donum

506 4476 601 4532 Dei
630 4483 712 4529 est
738 4447 795 4525 in
822 4480 895 4525 te.
926 4447 1016 4522 iEt
1056 4463 1249 4519 melius
1285 4459 1336 4513 in
1376 4468 1574 4525 pavore
1619 4462 1707 4503 tuo
1743 4447 1988 4518 agnoscis
2019 4455 2092 4509 te.

504 4578 565 4623 ut
610 4568 662 4622 in
706 4561 1020 4619 liberatione
1050 4567 1137 4611 tua
1177 4549 1446 4623 glorifices
1484 4545 1573 4616 qui
1616 4542 1741 4597 fecit
1776 4550 1849 4595 te.
1904 4539 2104 4594 Paveat

505 4660 738 4716 humana
770 4651 1049 4708 infirmitas
1078 4688 1093 4712 ,
1140 4660 1243 4699 non
1291 4642 1342 4694 in
1371 4653 1437 4694 eo
1480 4649 1678 4707 pavore
1707 4631 1887 4687 dclicit
1924 4629 2104 4683 divina

508 4725 1169 4811 misericordia.'Dettique
1198 4748 1395 4807 pavens
1424 4733 1523 4786 iste
1550 4727 1674 4783 inde
1698 4725 1861 4794 coepit
1897 4742 1910 4776 :
1936 4720 2003 4775 In
2034 4730 2102 4788 te,
2177 4734 2180 4737 τ

507 4844 724 4900 Domine
747 4881 763 4909 ,
808 4838 1041 4909 speravi,
1073 4848 1173 4884 non
1200 4823 1488 4898 confundar
1515 4821 1566 4874 in
1588 4828 1853 4873 internum.
1898 4811 2107 4868 Videtis

506 4938 630 5009 quia
657 4944 709 4989 et
743 4905 936 5002 pavet,
968 4935 1023 4981 et
1050 4929 1228 5000 sperat
1261 4936 1275 4973 :
1309 4914 1500 4971 videtis
1528 4911 1649 4982 quia
1676 4922 1841 4979 pavor
1868 4905 1968 4961 iste
1998 4917 2104 4957 non

508 4996 592 5087 est
631 4996 758 5082 sine
791 5037 906 5093 spe.
952 5018 1127 5073 Etiam
1156 4998 1198 5068 Si
1227 5019 1311 5068 est
1348 5008 1524 5079 aliqua
1573 5005 1625 5058 in
1670 5002 1905 5057 humano
1944 4996 2108 5054 corde

508 5092 865 5178 conturbatio,
897 5125 1003 5165 non
1034 5102 1235 5160 recedit
1262 5099 1441 5154 divina
1467 5092 1784 5150 consolatio.

584 5210 638 5263 4.
661 5176 920 5275 Loquitur
953 5200 1042 5254 hic
1066 5209 1194 5265 ergo
1218 5189 1465 5247 Christus
1490 5186 1544 5239 in
1574 5183 1841 5252 Propheta
1868 5195 1884 5244 ;
1931 5176 2106 5231 audeo

512 5301 726 5361 dicere,
755 5268 1001 5349 Christus
1046 5286 1296 5356 loquitur.
1355 5280 1601 5334 Dicturus
1640 5283 1724 5329 est
1766 5269 2008 5342 quaedam
2056 5268 2109 5322 in

516 5392 618 5447 hoc
651 5388 853 5458 psalmo
874 5424 887 5446 .
934 5396 1053 5451 quae
1084 5376 1232 5447 quasi
1262 5372 1477 5428 Christo
1501 5367 1782 5421 videantur
1822 5378 1925 5416 non
1953 5374 2112 5430 posse

582 5504 599 5536 ι
631 5510 727 5548 Am.
756 5505 809 5547 et
824 5502 899 5543 Er.
922 5507 935 5541 :
956 5500 1079 5553 Ergo
1101 5486 1145 5539 si
1164 5492 1329 5553 Petrus
1352 5477 1608 5553 apostolus,
1633 5481 1766 5553 tanta
1788 5467 2113 5553 persecutione

516 5577 611 5629 quo
631 5537 809 5629 "biiugi
826 5537 1127 5629 duc-tusis“,
1151 5554 1224 5629 llet.
1240 5537 1397 5629 uolens
1433 5541 1596 5629 optetis
1619 5537 2112 5629 EZEgISMBELplﬁxi-s

517 5598 1225 5684 ξ’ὥῦαὶὶῑῑὲεῶῐὲῆιιᾴηξξιιει
1249 5598 2113 5684 «iuriaeriemes-33.“:-

519 5653 1297 5782 ii'éiiiié’l‘idﬁ'é'p‘éifeiiiﬁab
1312 5653 1454 5715 nollet
1469 5671 1520 5714 ut
1538 5662 1710 5733 volens.
1727 5653 1909 5707 Galian.
1933 5653 2112 5709 codex,

521 5760 616 5782 mm
647 5744 790 5782 ηηιιρι
819 5740 875 5782 iii
916 5737 1097 5782 mimis.
1130 5742 1157 5782 s
1254 5726 1610 5779 emendandum
1640 5736 1726 5782 Sic,
1748 5731 1841 5782 quo
1864 5716 2006 5767 nollet
2024 5713 2079 5766 iit
2096 5725 2112 5776 ,'

520 5713 621 5812 ἓξὲξ
646 5713 1610 5812 ἘᾶρᾝέεωηδῖέῆξῖνξςᾶΗέῐξιέἐιρειιαιιω
1640 5726 1726 5783 sic,
1748 5731 1841 5783 quo
1864 5716 2006 5767 nollet
2024 5713 2115 5776 iit;

520 5790 863 5860 whom
883 5807 1097 5852 mortuus
1119 5799 1205 5857 est,
1233 5790 1338 5851 sed,
1364 5796 1461 5840 etc.

3660 301 3772 360 (ΒΞ

2178 440 2474 495 congruere
2492 466 2506 492 ,
2540 424 2616 479 illi
2639 423 2967 479 excellentiae
2986 421 3175 494 capitis
3200 418 3365 477 nostri
3387 460 3401 485 ,
3433 418 3774 487 maximeque

2174 519 2247 574 illi
2284 518 2470 593 Verbo
2502 516 2644 588 quod
2676 517 2728 572 in
2776 516 3035 587 principio
3073 525 3190 570 erat
3215 513 3356 568 Deus
3382 511 3522 580 apud
3559 510 3772 564 Deum:

2174 625 2275 665 nec
2314 610 2363 665 ei
2402 611 2466 665 in
2511 609 2679 664 forma
2716 608 2858 664 servi
2907 606 3132 663 fortasse
3174 604 3491 660 videbuntur
3529 599 3775 671 qumdam

2174 703 2261 759 hic
2298 702 2460 757 verba
2507 714 2842 772 congruere,
2888 713 3047 767 quam
3091 697 3317 751 formam
3355 694 3496 749 servi
3539 689 3777 760 suscepit

2174 810 2237 849 ex
2271 794 2471 862 virgine
2496 808 2511 859 ;
2544 802 2599 847 et
2626 802 2803 847 tamen
2820 789 3063 846 Christus
3089 787 3351 859 loquitur,
3379 784 3501 855 quia
3531 782 3583 838 in
3608 796 3776 835 mem-

2176 883 2289 940 bris
2311 884 2510 939 Christi
2550 882 2812 938 Christus.
2867 881 2934 935 Et
2960 889 3017 935 ut
3044 878 3300 935 noveritis
3323 918 3340 945 ,
3373 876 3494 946 quia
3523 888 3661 928 unus
3689 871 3775 927 di-

2175 976 2314 1030 citur
2336 968 2583 1030 Christus
2612 981 2771 1044 caput
2798 982 2853 1028 et
2890 984 3086 1041 corpus
3110 984 3306 1034 suum;
3352 968 3467 1038 ipse
3500 962 3628 1019 dicit
3654 977 3780 1017 cum

2176 1066 2244 1120 de
2273 1064 2523 1135 conjugio
2553 1064 2863 1135 loqueretur
2892 1081 2906 1118 :
2942 1061 3107 1117 Erunt
3133 1058 3234 1113 duo
3262 1057 3313 1111 in
3335 1072 3486 1111 carne
3504 1072 3607 1110 una
3631 1071 3650 1109 :
3675 1053 3778 1125 igio

2179 1166 2260 1211 tur
2269 1152 2383 1226 jam
2405 1172 2505 1209 non
2530 1155 2655 1221 duo,
2689 1153 2779 1209 sed
2805 1170 2908 1207 una
2934 1168 3055 1206 caro
3089 1149 3297 1222 (Matth.
3323 1164 3415 1203 ιιι
3434 1188 3452 1214 ,
3478 1149 3534 1213 5,
3562 1146 3641 1218 6).
3668 1142 3776 1200 Sed

2178 1247 2317 1304 forte
2338 1247 2442 1303 hoc
2466 1247 2609 1302 dicat
2627 1246 2696 1302 de
2724 1252 3064 1318 quocumque
3084 1242 3375 1313 coniugio?
3404 1240 3540 1295 Audi
3561 1248 3774 1309 aposto-

2177 1341 2287 1396 lum
2333 1336 2554 1396 Paulum
2586 1339 2697 1395 :Et
2734 1348 2881 1394 erunt
2920 1337 3056 1404 duo,
3102 1335 3305 1406 inquit,
3350 1335 3404 1387 in
3447 1349 3599 1387 carne
3625 1348 3730 1385 una
3760 1346 3782 1385 :

2177 1443 2550 1489 sacramentum
2578 1433 2673 1487 hoc
2698 1448 2937 1504 magnum
2957 1440 3045 1493 est,
3076 1445 3166 1500 ego
3186 1436 3355 1481 autem
3376 1427 3488 1480 dico
3504 1425 3556 1479 in
3577 1423 3784 1477 Christo

2179 1536 2226 1581 et
2254 1526 2307 1579 in
2346 1523 2575 1579 Ecclesia
2608 1521 2822 1596 (Ephes.
2853 1538 2910 1587 v,
2942 1522 3004 1577 '5l
3034 1563 3047 1584 ,
3081 1520 3216 1591 ‘52)?
3265 1518 3350 1573 Fit
3374 1531 3502 1587 ergo
3527 1523 3781 1583 tanquam

2180 1633 2247 1671 ex
2274 1616 2485 1671 duobus
2523 1629 2630 1669 una
2678 1613 2923 1685 quaedam
2972 1627 3195 1683 persona
3219 1652 3234 1674 ,
3281 1624 3345 1664 ex
3376 1608 3550 1676 capite
3575 1616 3630 1662 et
3655 1620 3777 1660 cor.

2182 1722 2311 1777 pore
2333 1749 2350 1772 ,
2398 1722 2464 1763 ex
2493 1719 2695 1777 sponso
2719 1713 2775 1760 et
2799 1719 3014 1774 sponsa.
3062 1701 3196 1758 Nam
3240 1700 3494 1755 unitatem
3538 1711 3785 1767 personae

2183 1796 2340 1868 hujus
2374 1797 2564 1851 miram
2592 1804 2646 1851 et
2673 1794 3024 1851 excellentem
3067 1788 3409 1848 commendat
3435 1789 3594 1843 etiam
3618 1786 3785 1843 Isaiae

2183 1890 2443 1959 propheta
2470 1906 2485 1942 :
2517 1904 2641 1943 nam
2672 1886 2897 1958 loquens
2934 1885 3093 1940 etiam
3125 1884 3176 1937 in
3205 1897 3272 1937 eo
3300 1880 3544 1936 Christus
3572 1878 3625 1932 in
3658 1892 3786 1949 pro-

2186 1980 2363 2051 phetia
2387 1980 2463 2035 ait
2493 1999 2507 2033 :
2537 1978 2681 2034 Sicut
2703 1993 2889 2049 sponso
2915 1976 3141 2045 alligavit
3170 1972 3292 2025 mihi
3320 1972 3521 2045 mitram
3543 2011 3558 2032 ,
3583 1980 3631 2023 et
3653 1968 3786 2022 sicut

2183 2090 2420 2144 sponsam
2444 2073 2640 2127 ornavit
2666 2087 2744 2125 me
2767 2076 3060 2124 ornamento
3086 2065 3237 2138 (lsai.
3269 2080 3377 2131 LXI,
3410 2060 3519 2135 10).
3550 2061 3621 2117 Se
3649 2058 3789 2116 dixit

2185 2180 2475 2235 sponsum,
2507 2179 2567 2221 se
2593 2176 2844 2232 sponsam
2881 2180 2895 2214 :
2926 2174 3092 2232 quare
3119 2173 3180 2213 se
3201 2170 3455 2226 sponsum
3473 2196 3490 2220 ,
3528 2169 3589 2209 se
3614 2168 3781 2223 spon-

2185 2273 2301 2313 sam
2326 2296 2343 2323 ,
2394 2256 2497 2312 nisi
2526 2254 2647 2326 quia
2675 2261 2834 2309 erunt
2878 2250 2987 2307 duo
3030 2251 3083 2306 in
3113 2264 3275 2305 carne
3313 2245 3465 2301 una?
3510 2244 3566 2301 Si
3595 2244 3703 2299 duo
3730 2243 3784 2297 in

2187 2363 2352 2403 carne
2379 2361 2504 2415 una,
2532 2361 2628 2401 cur
2652 2359 2758 2399 non
2788 2343 2894 2399 duo
2922 2344 2974 2397 in
3000 2356 3131 2397 voce
3160 2337 3307 2392 una?
3353 2337 3626 2406 Loquatur
3652 2350 3786 2405 ergo

2186 2440 2434 2496 Christus
2456 2479 2471 2505 ,
2521 2424 2667 2509 quia
2692 2437 2745 2491 in
2792 2435 3009 2491 Christo
3053 2431 3288 2503 loquitur
3318 2427 3558 2484 Ecclesia
3582 2468 3597 2495 ,
3640 2432 3697 2482 et
3728 2426 3783 2479 in

2189 2529 2427 2586 Ecclesia
2451 2527 2681 2598 loquitur
2705 2524 2985 2591 Christus;
3014 2530 3069 2578 et
3091 2536 3285 2591 corpus
3310 2520 3363 2575 in
3388 2516 3582 2588 capite.
3608 2525 3667 2572 et
3687 2530 3784 2571 ca-

2191 2633 2285 2693 put
2323 2623 2375 2678 in
2400 2636 2648 2691 corpore.
2703 2617 2840 2675 Audi
2870 2615 3187 2687 Apostolum
3224 2613 3329 2668 hoc
3356 2612 3528 2684 ipsum
3558 2607 3785 2667 eviden-

2193 2717 2298 2772 tius
2342 2713 2731 2785 exprimentem
2770 2729 2787 2767 :
2825 2709 2973 2767 Sicut
3015 2709 3149 2765 enim
3187 2721 3372 2778 corpus
3421 2719 3579 2758 unum
3618 2709 3695 2756 est
3736 2718 3787 2755 es

2192 2804 2415 2861 membra
2444 2804 2591 2858 habet
2610 2803 2790 2869 multa,
2815 2800 2986 2856 omnia
3000 2806 3167 2853 autem
3186 2794 3409 2850 membra
3429 2789 3655 2865 corporis
3668 2806 3786 2846 cum

2191 2898 2293 2952 sint
2312 2894 2493 2962 multa,
2522 2910 2678 2949 unum
2697 2902 2769 2947 est
2797 2908 3000 2963 corpus,
3028 2890 3100 2944 sic
3127 2897 3176 2942 et
3205 2886 3435 2943 Christus
3462 2885 3503 2953 (Ι
3529 2882 3650 2940 Cor.
3681 2898 3785 2960 stt,

2194 2984 2309 3061 12).
2338 2987 2587 3058 Loquens
2612 2984 2679 3040 de
2708 2981 2965 3039 membris
2990 2978 3221 3042 Christi,
3270 2976 3375 3033 hoc
3408 2984 3493 3033 est
3513 2974 3581 3030 de
3610 2972 3789 3028 fideli-

2192 3080 2312 3146 bus,
2345 3093 2453 3134 non
2476 3078 2551 3133 ait
2569 3118 2583 3141 ,
2612 3077 2690 3131 sic
2708 3082 2766 3131 et
2795 3072 3035 3129 membra
3062 3069 3295 3133 Christi;
3339 3066 3433 3123 sed
3477 3075 3643 3121 totum
3684 3067 3793 3119 hoc

2194 3169 2337 3243 quod
2361 3169 2529 3237 dixit,
2574 3167 2845 3224 Christum
2870 3161 3177 3235 appellavit.
3227 3158 3377 3216 Sicut
3411 3157 3557 3214 enim
3592 3170 3795 3226 corpus

2196 3277 2383 3329 unum,
2410 3269 2464 3317 et
2491 3258 2730 3316 membra
2758 3255 2920 3311 habet
2938 3254 3124 3320 multa,
3149 3252 3326 3307 omnia
3346 3259 3523 3305 autem
3550 3246 3794 3303 membra

2196 3355 2439 3428 corporis
2466 3369 2588 3409 cum
2626 3352 2737 3407 sint
2777 3348 2942 3404 multa
2967 3389 2987 3415 ,
3032 3361 3198 3401 unum
3236 3353 3322 3400 est
3354 3356 3583 3415 corpus;
3633 3340 3713 3395 sic
3739 3348 3798 3394 et

2196 3452 2443 3507 Christus
2482 3445 2724 3502 membra
2754 3442 2919 3499 multa
2940 3482 2958 3509 ,
3004 3456 3168 3497 unum
3196 3452 3413 3508 corpus.
3454 3435 3596 3506 Ergo
3632 3432 3799 3489 simul

2198 3558 2387 3603 omnes
2416 3554 2516 3596 nos
2542 3553 2665 3594 cum
2715 3535 2889 3606 capite
2934 3541 3119 3588 nostro
3156 3528 3407 3595 Christo,
3458 3526 3575 3582 Sine
3617 3524 3800 3594 capite

2200 3642 2387 3690 nostro
2424 3629 2559 3685 nihil
2595 3628 2854 3683 valentes.
2904 3622 3124 3693 Quare?
3168 3620 3302 3688 Quia
3341 3632 3441 3677 nos
3465 3632 3587 3673 cum
3619 3615 3800 3685 capite

2200 3734 2387 3782 nostro
2408 3722 2530 3777 vitis
2558 3738 2574 3775 :
2602 3721 2720 3775 sine
2744 3718 2919 3788 capite
2947 3725 3155 3782 nostro,
3185 3711 3326 3785 quod
3344 3710 3501 3775 absit,
3526 3716 3811 3778 sarmenta.

2201 3820 2449 3893 przecisa,
2490 3831 2599 3872 non
2625 3813 2782 3869 alicui
2809 3811 2957 3881 operi
2980 3807 3331 3881 agricolarum
3355 3844 3374 3871 ,
3416 3803 3509 3860 sed
3537 3802 3646 3873 igni
3674 3810 3799 3856 tan-

2203 3891 2480 3968 tummodo
2506 3905 2791 3961 destinata.
2842 3900 2968 3958 Ideo
3005 3910 3059 3957 et
3095 3900 3210 3969 ipse
3248 3897 3301 3953 in
3329 3893 3618 3965 Evangelia
3642 3910 3659 3947 :
3687 3891 3806 3964 Ego

2202 4021 2318 4059 sum
2342 4002 2485 4067 vitis,
2516 4015 2604 4054 vos
2623 3996 2739 4051 estis
2770 3995 3036 4066 palmites,
3071 3991 3227 4047 Pater
3253 4006 3392 4046 meus
3429 3987 3655 4060 agricola
3687 3997 3803 4052 est;

2205 4106 2261 4151 et
2289 4112 2304 4150 :
2332 4093 2459 4150 Sine
2479 4108 2591 4157 me,
2640 4088 2843 4158 inquit,
2891 4085 3020 4140 nihil
3056 4083 3261 4155 potestis
3299 4084 3464 4154 facere
3493 4077 3671 4150 (Joan.
3703 4093 3803 4143 xv,

2208 4186 2289 4260 5).
2348 4183 2610 4245 Domine,
2661 4180 2707 4235 si
2748 4178 2866 4234 sine
2891 4187 2946 4231 te
2969 4174 3141 4238 nihil,
3186 4182 3352 4229 totum
3380 4173 3431 4226 in
3463 4180 3533 4225 te.
3588 4169 3807 4225 Etenim

2206 4259 2462 4348 quidquid
2492 4273 2578 4328 ille
2602 4276 2858 4340 operatur
2879 4281 2974 4338 per
3003 4280 3103 4321 nos
3121 4306 3137 4333 ,
3168 4279 3267 4320 nos
3298 4262 3540 4319 videmur
3566 4259 3805 4331 operari.

2208 4370 2393 4425 Potest
2448 4366 2538 4421 ille
2578 4364 2803 4419 multum
2832 4368 2890 4418 et
2941 4369 3109 4415 totum
3158 4357 3275 4413 sine
3303 4356 3495 4421 nobis,
3546 4368 3646 4408 nos
3673 4351 3811 4409 nihil

2155 4495 2159 4499 -
2208 4460 2325 4515 sine
2352 4458 2488 4529 ipso.

2283 4571 2336 4627 5.
2365 4569 2516 4643 [ναῖε.
2542 4565 2624 4641 2.]
2667 4566 2809 4636 Ergo
2842 4561 2898 4619 in
2933 4573 3265 4633 quacumque
3291 4555 3485 4612 ecstasi
3530 4556 3809 4625 loquatur,

2210 4665 2325 4719 sive
2368 4674 2599 4731 pavore,
2642 4657 2755 4711 sive
2798 4667 3021 4709 excessu
3064 4649 3293 4712 mentis,
3334 4655 3637 4716 congruunt
3684 4660 3811 4715 qua:

2210 4758 2481 4814 dicuntur.
2509 4754 2758 4807 Dicamus
2784 4749 2837 4802 in
2860 4745 3057 4802 Christi
3082 4757 3327 4813 corpore,
3349 4739 3592 4795 dicamus
3616 4753 3814 4793 omnes

2214 4847 2366 4921 quasi
2394 4860 2530 4901 unus
2552 4885 2569 4910 ,
2599 4841 2720 4913 quia
2745 4852 2933 4895 omnes
2959 4836 3160 4899 unitas,
3186 4832 3431 4889 dicamus
3458 4848 3475 4887 :
3503 4828 3572 4884 In
3598 4839 3666 4895 te,
3695 4828 3811 4883 Do—

2214 4940 2382 5003 mine,
2413 4934 2609 5007 speravi
2632 4973 2648 4998 ,
2689 4948 2791 4985 non
2823 4925 3110 4998 confundor
3138 4925 3192 4980 in
3219 4932 3483 4979 internum.
3518 4921 3699 4985 illam,
3728 4921 3807 4973 in-

2215 5030 2351 5100 quit,
2383 5024 2749 5083 confusionem
2779 5019 3148 5091 perhorresco,
3187 5030 3306 5086 qua:
3331 5023 3415 5071 est
3444 5013 3497 5069 in
3524 5023 3809 5068 :eternum.

2215 5122 2348 5179 Nam
2366 5116 2701 5189 estquredam
2719 5112 2959 5170 confusio
2974 5109 3279 5181 temporalis
3295 5107 3460 5173 utilis,
3481 5106 3814 5177 perturbatio

2217 5211 2379 5268 animi
2406 5204 2739 5278 respicientis
2766 5210 2979 5273 peccata
3007 5215 3122 5265 sua,
3150 5197 3490 5268 respectione
3514 5193 3817 5269 horrentis,

2221 5302 2444 5358 horrore
2471 5294 2856 5359 erubescentis,
2893 5289 3259 5347 erubescentia
3280 5285 3596 5357 corrigentis
3622 5302 3637 5349 ;
3671 5286 3812 5339 unde

2220 5394 2349 5448 dicit
2376 5400 2430 5446 et
2456 5386 2743 5459 Apostolus
2773 5404 2788 5439 :
2820 5383 2986 5449 Quam
3022 5382 3156 5436 enim
3185 5380 3400 5451 gloriam
3423 5376 3669 5432 habuistis
3696 5388 3814 5429 tunc

2200 5487 2274 5543 ,in
2303 5486 2401 5545 his.
2433 5483 2486 5535 in
2520 5481 2696 5552 quibus
2718 5493 2851 5532 nunc
2869 5474 3159 5531 erubescitis
3188 5471 3365 5543 (Rom.
3394 5485 3446 5525 Vt
3465 5512 3479 5534 ,
3501 5470 3643 5539 ΞΜ
3672 5470 3814 5539 Ergo

2223 5578 2542 5633 erubescere
2582 5571 2702 5625 illos
2735 5568 2864 5623 dicit
2895 5568 3003 5637 jam
3035 5564 3251 5629 fideles,
3294 5578 3401 5618 non
3430 5561 3499 5616 de
3538 5561 3815 5630 praesenti-

2225 5670 2323 5724 bus
2349 5666 2521 5727 donis,
2553 5662 2647 5717 sed
2678 5660 2745 5714 de
2776 5658 3059 5729 praeteritis
3084 5654 3335 5727 peccatis.
3366 5652 3513 5707 Hanc
3534 5655 3814 5707 confusio-

2228 5774 2352 5817 nem
2383 5772 2489 5813 non
2518 5752 2767 5811 formidet
2802 5750 3123 5807 christianos
3156 5768 3170 5806 :
3204 5748 3309 5804 imo
3336 5746 3383 5803 si
3415 5749 3550 5800 hanc
3576 5762 3684 5799 non
3718 5747 3809 5797 ha-
