4008 6318
173 363 262 422 233
1250 363 1648 419 ENARRATIO
1677 362 1742 417 IN
1774 360 2098 423 PSALMUM
2138 369 2308 426 XXX.

173 481 324 536 liuerit
346 522 359 540 .
391 489 643 534 :cternam
671 478 909 534 habebit.
955 479 1084 546 Qum
1114 489 1196 533 est
1223 489 1420 532 mtcrna
1451 478 1732 532 confusio?

171 574 368 639 Quando
398 572 483 628 ﬁet
531 572 660 627 illud
688 573 828 643 quod
864 572 1061 626 dictum
1104 582 1205 634 est,
1260 573 1324 624 Et
1357 574 1618 625 traducem
1658 587 1740 624 eos

171 683 223 720 ea:
239 667 435 720 adverso
466 666 754 734 iniquitates
781 681 952 719 eorum
984 664 1138 734 (Sap.
1170 681 1240 726 IV,
1269 664 1383 733 ΞΟ).
1419 663 1481 718 Et
1512 665 1598 717 lict
1625 672 1736 716 trao

169 756 458 810 ducentibus
482 772 546 810 ex
587 756 814 810 adverso
857 756 1217 824 iniquitatibus
1245 757 1420 808 omnis
1467 770 1590 825 grex
1626 768 1737 807 ma-

169 851 239 903 lus
265 850 322 901 ad
351 848 639 914 sinistram,
670 859 916 916 tanquam
937 847 1108 901 hmdis
1134 845 1201 899 ab
1229 848 1414 900 ovibus
1444 845 1731 915 separatis;

169 952 212 994 ct
234 941 465 1003 audient,
500 938 582 993 Ite
609 941 662 992 in
693 940 856 1008 ignem
878 949 1141 1000 arternum,
1175 941 1260 1008 qui
1293 949 1498 1007 paratus
1524 947 1596 990 est
1621 937 1734 989 dia-

168 1033 263 1084 bolo
287 1041 328 1083 et
347 1032 536 1098 angelis
561 1033 692 1101 ejus.
734 1031 991 1098 Qum-runt
1021 1030 1222 1100 quare?
1259 1029 1456 1082 Esurivi
1486 1030 1616 1081 enim
1638 1071 1651 1094 ,
1686 1039 1732 1081 et

165 1141 250 1176 non
276 1123 470 1176 dedistis
512 1123 640 1175 mihi
681 1123 986 1175 manducare
1029 1122 1237 1190 (Matth.
1266 1137 1399 1182 xxv,
1434 1118 1545 1191 Al).
1587 1121 1729 1172 Con-

167 1217 444 1271 temnebant
483 1225 609 1270 tunc
637 1215 850 1285 quando
877 1211 1130 1269 esurienti
1156 1214 1370 1269 Christo
1400 1228 1502 1266 non
1532 1211 1730 1267 dabant

162 1309 316 1365 cibum
341 1349 357 1376 ,
396 1310 609 1378 quando
636 1308 838 1364 sitienti
869 1323 973 1363 non
1005 1307 1206 1362 dabant
1247 1315 1431 1377 potum
1457 1347 1472 1371 ,
1513 1305 1729 1375 quando

163 1403 335 1456 nudum
361 1416 465 1456 non
485 1401 789 1457 vestiebant
807 1443 821 1466 ,
851 1401 1189 1471 peregrinum
1215 1415 1316 1453 non
1344 1392 1724 1468 suscipiebant,

160 1503 473 1566 mgrotantem
501 1510 609 1549 non
641 1494 950 1561 visitabant,
986 1505 1109 1548 tunc
1135 1492 1545 1548 contemnebant
1572 1506 1725 1546 :cum

159 1587 395 1654 coaperint
419 1587 523 1641 illis
562 1586 666 1642 ista
693 1587 994 1642 enumerari
1024 1627 1038 1649 ,
1066 1585 1457 1641 confundentur
1480 1627 1494 1649 ,
1527 1592 1581 1638 et
1609 1583 1726 1638 hare

157 1677 374 1732 conlusio
402 1679 456 1732 in
477 1687 738 1734 :oternum
763 1678 886 1734 erit.
911 1678 1056 1731 llanc
1086 1679 1275 1730 timens
1307 1677 1405 1731 iste
1429 1674 1518 1746 qui
1544 1684 1722 1745 pavet,

158 1771 226 1825 vel
251 1771 392 1840 cujus
420 1771 484 1826 ad
513 1771 687 1826 Deum
729 1781 811 1826 est
856 1771 1054 1824 mentis
1083 1783 1336 1824 excessus
1359 1811 1373 1834 ,
1421 1768 1523 1834 hoc
1550 1775 1720 1838 rogat,

157 1859 213 1915 In
235 1872 292 1927 te,
322 1863 550 1932 Domine,
579 1864 804 1933 speravi,
837 1879 939 1916 non
967 1861 1254 1933 con/undar
1279 1861 1332 1914 in
1352 1870 1615 1914 internum.

216 1954 262 2009 6.
292 1952 354 2008 Et
386 1955 438 2008 in
468 1950 557 2008 tua
586 1955 788 2027 justitia
812 1967 928 2009 erue
958 1969 1069 2020 me,
1115 1963 1162 2007 et
1201 1953 1362 2006 exime
1386 1966 1504 2005 me:
1531 1967 1650 2004 nam
1677 1950 1722 2005 si

157 2047 377 2102 attendas
413 2048 481 2102 ad
515 2048 778 2118 justitiam
807 2063 977 2101 meam
999 2089 1013 2112 ,
1061 2047 1283 2100 damnas
1305 2060 1407 2099 me.
1437 2041 1503 2098 In
1529 2053 1616 2097 tua
1631 2044 1724 2114 ju-

155 2143 273 2195 stitia
303 2158 416 2198 erue
451 2159 554 2197 me.
614 2141 710 2196 Est
739 2142 880 2195 enim
908 2139 1110 2209 justitia
1141 2138 1269 2203 Dei,
1316 2152 1433 2207 quze
1459 2146 1514 2191 et
1540 2143 1721 2190 nostra

157 2233 228 2298 lit,
256 2249 367 2289 cum
396 2232 626 2288 donatur
653 2232 827 2288 nobis.
875 2231 997 2286 Ideo
1027 2227 1203 2285 autem
1236 2230 1325 2284 Dei
1363 2229 1565 2298 justitia
1592 2226 1723 2281 dici-

157 2334 258 2389 tur,
286 2341 348 2379 ne
368 2323 531 2379 homo
568 2340 629 2379 se
656 2333 809 2394 putet
835 2338 862 2375 a
893 2323 1072 2391 seipse
1104 2321 1301 2375 habere
1322 2319 1603 2390 justitiam.
1634 2319 1722 2372 Sic

153 2413 274 2468 enim
321 2414 448 2469 dicit
494 2415 771 2485 apostolus
819 2413 1063 2468 Paulus:
1105 2411 1340 2467 Credenti
1382 2410 1436 2463 in
1476 2425 1588 2462 eum
1634 2407 1723 2476 qui

149 2508 368 2579 justiﬁeat
413 2509 628 2579 impium
661 2506 826 2578 (quid
870 2515 986 2573 est,
1032 2506 1122 2576 qui
1160 2504 1414 2575 jttstilieat
1456 2503 1721 2572 impium?

152 2599 225 2666 qtti
246 2616 302 2652 ex
334 2599 495 2668 impio
524 2598 652 2652 facit
682 2597 919 2666 justum)
950 2597 1223 2668 deputatur
1243 2595 1368 2663 ﬁdes
1400 2595 1510 2664 eius
1539 2591 1606 2646 ad
1624 2593 1720 2665 ju-

151 2692 318 2743 stitiam
340 2689 511 2762 (liam.
541 2704 594 2744 tv
618 2731 632 2755 ,
665 2689 744 2758 5).
790 2688 958 2743 Judaei
981 2702 1112 2742 vero
1140 2687 1261 2756 quia
1293 2686 1405 2740 suis
1431 2685 1634 2738 viribus
1660 2696 1720 2738 se

155 2785 383 2853 putabant
410 2785 637 2855 implere
666 2797 824 2854 posse
857 2783 1114 2853 justitiam
1138 2825 1153 2847 ,
1200 2779 1536 2835 oll‘endcrunt
1562 2778 1616 2833 in
1641 2776 1719 2833 la-

152 2879 300 2946 pidem
326 2878 638 2933 offensionis
665 2877 683 2946 (
715 2877 862 2930 Hom.
897 2892 969 2941 Ix,
1005 2874 1114 2947 32)
1146 2881 1199 2928 et
1221 2883 1425 2943 petram
1455 2869 1716 2936 scandali,

148 2981 192 3022 et
215 2972 422 3040 gratiam
452 2969 652 3024 Christi
681 2983 787 3024 non
825 2976 1178 3038 agnoverunt.
1208 2967 1548 3036 Acceperunt
1573 2962 1717 3018 enim

149 3058 317 3131 Legem
343 3076 442 3131 qua
475 3059 668 3115 ﬁerent
693 3059 790 3125 rei,
820 3074 925 3112 non
953 3073 1054 3129 qua
1097 3057 1455 3112 liberarentur
1482 3070 1513 3109 a
1541 3061 1714 3111 reatu.

150 3153 360 3222 Denique
385 3153 510 3222 quid
548 3152 617 3207 de
663 3151 769 3206 iliis
818 3150 1103 3220 Apostolus
1149 3148 1320 3204 dicit?
1349 3146 1716 3203 Testimonium

146 3245 257 3298 enim
284 3247 516 3315 per/tibeo
542 3244 650 3299 illis
680 3244 814 3314 quod
838 3242 1004 3297 selum
1036 3242 1128 3296 Dei
1146 3239 1327 3295 habent
1347 3283 1362 3305 _.
1387 3243 1480 3294 sed
1505 3258 1606 3296 non
1631 3256 1713 3296 se-

145 3339 340 3392 cundum
360 3339 642 3392 scientiam.
669 3335 806 3404 Quid
837 3344 918 3390 est
937 3334 1079 3405 quod
1119 3333 1272 3401 dixit,
1296 3331 1476 3387 Zetum
1503 3333 1600 3387 Dei
1624 3333 1716 3387 Ita-

143 3428 238 3482 bent
263 3429 446 3496 .ludtei,
480 3430 571 3484 sed
622 3445 726 3483 non
765 3428 1041 3482 secundant
1091 3427 1392 3480 scientiam?
1419 3425 1555 3481 Audi
1587 3427 1712 3497 quid

142 3523 216 3587 sit,
262 3539 362 3578 non
403 3523 697 3602 secundum
744 3522 1020 3576 scientiam
1052 3538 1066 3574 :
1093 3518 1398 3592 Ignorantes
1438 3520 1572 3574 enim
1617 3519 1715 3574 Dei

138 3614 360 3683 justitiam
385 3625 429 3668 et
456 3631 603 3668 suam
629 3613 848 3667 volentes
875 3612 1200 3675 constituere,
1231 3613 1447 3682 justitia:
1480 3610 1572 3664 Dei
1611 3628 1712 3665 non

140 3716 238 3759 sunt
262 3709 464 3776 subjecti
487 3706 598 3778 (Id.
627 3723 684 3769 Χ,
706 3707 762 3775 2,
794 3707 870 3778 ⁵5).
901 3706 956 3761 Si
982 3721 1109 3774 ergo
1136 3704 1255 3758 ideo
1279 3719 1382 3757 non
1419 3701 1710 3758 secundum

140 3800 388 3854 scientiam
415 3800 592 3854 zelum
626 3799 720 3852 Dei
766 3799 979 3864 habent,
1010 3798 1129 3868 quia
1153 3797 1396 3868 ignorant
1437 3795 1527 3850 Dei
1549 3795 1708 3865 justi-

141 3892 248 3946 tiam
271 3902 322 3948 et
344 3894 531 3948 volunt
554 3907 704 3946 suam
751 3892 1099 3954 constituere,
1129 3889 1280 3960 quasi
1311 3904 1374 3943 ex
1407 3887 1598 3956 seipsis
1619 3886 1709 3955 ju-

140 3985 373 4052 stiliant;
423 3986 548 4041 ideo
584 3985 807 4056 gratiam
854 3984 951 4039 Dei
991 4001 1096 4038 non
1149 3991 1534 4054 cognoverunt,
1585 3980 1706 4051 quia

139 4079 280 4145 gratis
302 4078 493 4134 salvari
515 4078 817 4132 uoluerunt.
859 4077 990 4145 Quis
1014 4085 1098 4132 est
1126 4076 1214 4146 qui
1250 4074 1483 4130 salvator
1506 4073 1710 4145 gratis?

142 4166 186 4222 ln
208 4184 302 4238 quo
325 4187 425 4226 non
470 4171 672 4225 invenit
700 4169 942 4226 Salvator
971 4169 1112 4239 quod
1152 4177 1394 4232 coronet,
1440 4169 1535 4223 sed
1565 4167 1706 4238 quod

138 4261 363 4329 damnet;
417 4279 525 4318 non
577 4261 779 4316 invenit
819 4262 1007 4316 merita
1056 4260 1340 4326 bonorum,
1384 4259 1709 4315 sed'inveuit

140 4356 303 4410 merita
334 4336 744 4426 suppliciorum.
789 4353 846 4410 Si
874 4363 996 4425 agat
1043 4362 1295 4424 tanquam
1332 4353 1596 4408 veraciter
1638 4368 1705 4407 ex

139 4450 296 4518 regula
325 4450 483 4520 Legis
505 4448 800 4518 proposita,
827 4446 1161 4502 damnandus
1182 4455 1269 4502 est
1294 4455 1560 4516 peccator.
1596 4446 1706 4500 Hac

140 4540 295 4608 regula
321 4542 360 4596 si
390 4549 594 4611 ageret,
623 4556 782 4610 quem
826 4539 1116 4594 liberaret?
1153 4538 1352 4593 Omnes
1396 4547 1707 4609 peccatores

141 4630 318 4686 invenit
347 4648 361 4685 :
387 4632 538 4686 solus
561 4632 677 4686 sine
707 4639 927 4700 peccato
954 4629 1119 4695 venit,
1153 4631 1243 4699 qui
1273 4645 1369 4684 nos
1394 4639 1705 4699 peccatores

141 4721 334 4777 invenit.
365 4723 479 4778 Hoc
498 4723 573 4776 ait
593 4722 880 4792 Apostolus
910 4739 923 4774 :
959 4722 1146 4775 Omnes
1172 4722 1305 4775 enim
1344 4732 1668 4791 peccaverunt
1687 4763 1703 4787 ,

139 4825 178 4866 ιι
200 4825 328 4884 cgcttl
357 4816 523 4887 gloria
551 4814 643 4868 Dei
673 4812 781 4885 (Id.
812 4829 889 4880 ιιι,
911 4813 1031 4884 25).
1059 4813 1194 4880 Quid
1234 4821 1337 4878 est,
1370 4823 1512 4882 egent
1542 4814 1704 4884 gloria

140 4906 258 4963 Dei?
284 4910 347 4965 Ut
369 4911 482 4979 ipse
514 4909 720 4972 liberet,
756 4922 861 4962 non
887 4916 940 4960 tu
974 4922 986 4959 :
1012 4906 1133 4976 quia
1162 4915 1214 4959 tu
1252 4913 1304 4959 te
1341 4906 1567 4960 liberare
1599 4921 1703 4959 non

138 5010 289 5068 potes,
318 5003 521 5072 indiges
562 5000 867 5055 liberatore.
908 4995 1046 5066 Quid
1085 5007 1164 5053 est
1211 4999 1351 5069 quod
1399 5008 1451 5054 te
1497 4999 1704 5069 jactas?

138 5092 261 5157 Quid
307 5105 387 5149 est
425 5093 564 5164 quod
595 5094 664 5148 de
712 5092 853 5164 Lege
893 5101 946 5146 et
983 5092 1186 5161 justitia
1231 5094 1548 5162 praesumis?
1587 5093 1701 5146 Non

139 5183 269 5238 vides
293 5185 412 5254 quid
436 5188 577 5240 intus
623 5186 873 5254 conﬂigat
901 5184 952 5238 in
984 5192 1057 5248 te,
1098 5185 1164 5238 de
1210 5194 1280 5249 te,
1324 5185 1578 5240 adversus
1611 5187 1704 5240 te?

139 5272 238 5329 Non
266 5275 413 5332 audis
441 5289 789 5348 pugnantem,
822 5285 876 5330 et
905 5278 1269 5341 conﬁtentem,
1294 5287 1347 5331 et
1382 5279 1702 5348 adjutorium

140 5363 182 5420 in
207 5385 368 5440 pugna
386 5369 820 5426 desiderantem?
852 5368 966 5423 Non
997 5370 1149 5424 audis
1191 5369 1445 5423 athletam
1497 5370 1704 5425 Domini

136 5459 192 5513 ab
216 5466 525 5533 agonotheta
550 5469 815 5532 petentem
841 5460 1158 5529 adjutoriutn
1195 5477 1381 5531 pugnae
1407 5476 1516 5515 sute
1540 5464 1563 5514 Ἰ
1588 5460 1702 5515 Non

139 5555 263 5608 enim
287 5557 364 5611 sic
393 5566 443 5611 te
474 5564 750 5624 eXSpectat
803 5555 942 5608 Deus
969 5564 1262 5608 certantem
1289 5595 1302 5618 ,
1345 5553 1612 5623 quomodo
1653 5561 1702 5607 te

136 5657 389 5716 exspectat
420 5648 611 5713 editor,
660 5647 704 5702 si
750 5646 884 5701 forte
932 5660 1134 5716 pugnes
1171 5645 1221 5699 in
1261 5645 1699 5717 amphitheatro;

137 5739 213 5794 ille
239 5742 326 5796 tibi
359 5731 631 5812 praemium
671 5741 798 5794 dare
831 5748 1005 5809 potest
1033 5741 1078 5795 si
1125 5739 1334 5802 viceris,
1365 5739 1616 5809 adjuvare
1653 5749 1704 5796 te

139 5833 503 5898 periclitantem
547 5848 650 5886 non
700 5840 892 5898 potest.
924 5832 1038 5886 Non
1083 5832 1160 5887 sic
1200 5841 1476 5904 exspectat
1533 5831 1696 5889 Deus.

414 5930 688 5990 Ριιτιιοιη
739 5930 791 5989 Χ
807 5930 855 5988 Χ
870 5927 1035 5989 XVI.

3341 384 3446 444 234

1862 478 1992 534 Vide
2041 499 2187 554 ergo.
2227 487 2440 542 attende
2487 504 2606 543 eum
2650 493 2736 562 qui
2770 493 3282 551 dicit:Condclector
3312 506 3444 555 enim

1851 570 1949 639 legi
1980 571 2072 624 Dei
2113 579 2388 632 secundum
2441 580 2725 634 interiorem
2774 585 3045 653 hominem,
3086 589 3229 641 video
3275 604 3443 643 autem

1846 664 2003 717 aliam
2029 667 2186 734 legem
2223 670 2272 720 in
2304 673 2533 724 membris
2562 675 2682 728 meis
2715 690 3082 748 repugnantem
3125 682 3225 752 legi
3264 687 3442 736 mentis

1846 771 1988 820 mete,
2023 766 2068 810 et
2088 761 2343 827 captivum
2386 781 2462 815 me
2489 769 2751 819 ducentem
2784 768 2834 822 in
2864 769 2972 840 lege
2998 777 3208 842 peccati,
3234 794 3344 844 quia
3372 791 3442 831 est

1843 843 1895 897 in
1922 847 2156 904 membris
2185 855 2324 905 meis.
2359 855 2516 908 Miser
2557 875 2646 926 ego
2669 860 2837 925 homo,
2882 864 2994 932 quis
3024 881 3104 918 me
3125 867 3355 920 liberabit
3380 871 3442 922 de

1841 952 2050 1007 corpore
2077 946 2251 994 mortis
2282 945 2482 1013 hujus?
2515 946 2690 1000 Gratia
2737 951 2830 1004 Dei
2860 971 2948 1021 per
2966 953 3145 1008 Iesum
3184 957 3438 1012 Clu-istum

1839 1026 2115 1084 Dominum
2152 1046 2377 1088 nostrum
2408 1038 2583 1102 (Rom.
2617 1057 2708 1107 vu,
2740 1043 2915 1099 22—25
2946 1045 2984 1114 ).
3010 1046 3188 1115 Quare
3232 1052 3440 1120 gratia?

1838 1118 1969 1184 Quia
1998 1124 2162 1191 gratis
2195 1125 2368 1179 datur.
2414 1128 2590 1194 Quare
2632 1133 2799 1200 gratis
2841 1135 3037 1190 datur?
3066 1137 3198 1205 Quia
3241 1118 3436 1194 ἰηυιῑιτι

1838 1220 1923 1265 tua
1949 1229 2052 1267 non
2086 1230 2497 1284 praecesserunt,
2528 1223 2620 1276 sed
2656 1224 2909 1280 benelicia
2947 1228 3040 1282 Dei
3073 1240 3121 1283 te
3157 1247 3436 1299 praevene»

1835 1313 1977 1359 runt.
2012 1305 2090 1360 Illi
2122 1323 2252 1379 ergo
2279 1311 2446 1379 gloria
2470 1314 2556 1381 qui
2587 1329 2682 1368 nos
2713 1316 2922 1371 liberat.
2956 1318 3143 1375 Omnes
3165 1323 3295 1376 enim
3319 1341 3434 1392 pee-

1834 1407 2092 1461 caverunt,
2123 1408 2169 1450 et
2199 1411 2343 1469 egent
2361 1401 2525 1471 gloria
2555 1403 2671 1457 Dei.
2699 1403 2762 1458 In
2793 1416 2840 1461 te
2869 1423 3017 1478 ergo,
3045 1407 3279 1471 Domine,
3312 1430 3430 1480 spe-

1833 1489 1960 1551 ravi,
1990 1504 2096 1543 non
2128 1491 2178 1543 in
2210 1507 2294 1547 me
2329 1510 2341 1546 :
2393 1511 2494 1547 non
2534 1499 2822 1566 confundor
2849 1501 2900 1552 in
2928 1511 3189 1566 mternum,
3215 1506 3340 1573 quia
3377 1507 3427 1558 iu

1831 1592 1896 1632 eo
1923 1594 2082 1648 spero
2111 1582 2201 1651 qui
2234 1599 2336 1637 non
2369 1586 2646 1642 confundit
2677 1589 2716 1642 ⁸.
2749 1589 2813 1644 In
2836 1601 2921 1646 tua
2946 1594 3153 1662 justitia
3181 1613 3296 1654 erue
3324 1615 3421 1659 nte.

1831 1678 1878 1721 et
1898 1671 2060 1724 exime
2081 1689 2158 1726 me
2183 1675 2332 1743 :quia
2357 1692 2460 1732 non
2481 1678 2725 1733 invenisti
2756 1682 2806 1734 in
2835 1698 2923 1736 me
2945 1683 3204 1751 justitiam
3230 1703 3425 1754 meatu,

1830 1775 1957 1812 erue
1979 1777 2066 1816 me
2097 1763 2148 1816 in
2179 1773 2296 1828 tua;
2330 1766 2431 1821 hoc
2455 1778 2557 1836 est,
2591 1770 2718 1825 illud
2751 1788 2835 1826 me
2865 1783 3019 1829 eruat
3059 1777 3201 1845 quod
3232 1794 3317 1833 me
3340 1781 3428 1847 ju-

1829 1852 2046 1914 sttﬁeat,
2095 1855 2234 1924 qttod
2265 1872 2328 1910 ex
2380 1861 2543 1929 impio
2587 1868 2732 1931 plum
2764 1863 2923 1932 facit,
2955 1867 3098 1936 quod
3143 1884 3207 1923 ex
3251 1871 3430 1941 iniquo

1823 1941 2047 2010 justum,
2083 1947 2224 2016 quod
2270 1964 2332 2002 ex
2378 1965 2526 2007 ca~co
2556 1954 2850 2022 videntem,
2896 1959 3037 2028 quod
3093 1976 3157 2015 ex
3204 1963 3428 2019 cadente

1828 2044 2158 2105 surgentem,
2186 2040 2327 2109 quod
2373 2057 2440 2098 ex
2474 2045 2636 2101 ﬂente
2678 2049 3020 2117 gaudentem.
3072 2052 3186 2108 Hoc
3233 2073 3318 2112 me
3366 2057 3429 2111 li-

1829 2124 1997 2190 berat,
2032 2143 2136 2183 non
2177 2147 2295 2201 ego.
2328 2131 2394 2188 In
2429 2135 2638 2206 justitia
2664 2149 2751 2194 tua
2803 2158 2922 2196 erue
2946 2161 3044 2210 me,
3070 2156 3115 2198 et
3143 2148 3304 2202 exime
3326 2167 3424 2204 me.

1901 2219 1950 2272 7.
1974 2216 2123 2291 [rem
2144 2221 2224 2295 5.]
2241 2223 2267 2274 l
2276 2225 2444 2278 nclina
2461 2229 2528 2280 ad
2539 2246 2616 2283 me
2626 2247 2802 2284 aurem
2824 2243 2992 2289 tuam:
3013 2235 3248 2292 fecithoc
3265 2240 3422 2303 Deus,

1827 2311 2038 2376 quando
2057 2311 2228 2380 ipsum
2252 2314 2519 2371 Christum
2533 2318 2598 2373 ad
2619 2336 2716 2376 nos
2738 2323 2900 2376 misit.
2919 2323 3068 2379 lllum
3081 2327 3145 2381 ad
3164 2343 3260 2383 nos
3278 2328 3425 2385 misit

1826 2398 1916 2467 qui
1941 2400 2378 2474 inclinatocapite
2395 2407 2560 2480 digito
2582 2413 2848 2468 scribebat
2875 2415 2926 2470 in
2948 2424 3085 2471 terra
3106 2417 3286 2488 (Joan.
3306 2437 3421 2490 vut,

1827 2488 1904 2560 6),
1923 2494 2137 2562 quando
2152 2495 2200 2550 ei
2219 2497 2454 2554 adultera
2474 2504 2665 2557 mulier
2685 2505 3011 2563 oﬂ'erebatur
3037 2488 3424 2580 puniendaJlle

1825 2592 2002 2636 autem
2032 2585 2379 2644 inclinaverat
2400 2605 2458 2646 se
2484 2593 2550 2646 ad
2583 2604 2800 2660 terram,
2829 2597 2881 2652 id
2909 2608 3012 2666 est,
3048 2602 3186 2657 Deus
3229 2603 3296 2658 ad
3327 2607 3425 2659 ho-

1827 2675 2047 2740 minem,
2081 2679 2164 2732 cui
2197 2680 2396 2736 dictum
2445 2693 2550 2752 est,
2583 2685 2746 2741 Terra
2788 2706 2858 2754 es,
2912 2701 2960 2745 et
3009 2693 3060 2746 in
3096 2705 3283 2748 terram
3329 2698 3424 2751 ibis

1829 2761 1981 2834 (Gen.
2035 2783 2113 2832 ιιι,
2167 2770 2276 2841 19).
2309 2773 2424 2828 Non
2470 2778 2613 2832 enim
2666 2782 2817 2849 quasi
2875 2771 3244 2855 corporalibus
3293 2789 3424 2843 locis

1825 2856 1966 2912 Deus
1987 2859 2051 2914 ad
2082 2877 2179 2916 nos
2211 2864 2431 2920 inclinat
2459 2883 2644 2923 aurem
2695 2886 2870 2936 suam,
2904 2883 2997 2928 aut
3019 2877 3275 2932 membris
3305 2879 3422 2934 istis

1821 2952 2095 3021 corporeis
2138 2955 2507 3014 determinatis
2550 2960 2728 3017 [initus
2755 2974 2856 3019 est.
2895 2964 3127 3023 Omnino
3170 2970 3295 3024 nihil
3329 2971 3422 3027 ho-

1821 3056 1940 3095 rum
1969 3045 2208 3115 cogitent
2231 3047 2460 3104 humana
2492 3049 2884 3120 phantasmata.
2915 3056 3126 3113 Veritas
3147 3070 3227 3114 est
3257 3063 3418 3118 Deus.

1826 3133 2033 3190 Veritas
2062 3153 2163 3192 nec
2211 3140 2413 3209 quadra
2463 3151 2568 3203 est,
2621 3156 2723 3199 nec
2783 3148 3032 3211 rotunda,
3084 3165 3182 3205 nec
3237 3150 3420 3224 longa.

1821 3225 2033 3297 Ubique
2063 3245 2302 3300 prcesens
2333 3243 2438 3300 est,
2481 3235 2524 3290 si
2554 3237 2733 3291 cordis
2759 3239 2950 3296 oculus
2975 3241 3041 3295 ad
3078 3258 3196 3298 eam
3220 3255 3418 3315 pateat.

1821 3315 2045 3374 Inclinat
2074 3329 2253 3376 tamen
2279 3337 2461 3378 aurem
2505 3339 2655 3379 suam
2700 3327 2766 3382 ad
2802 3343 2900 3384 nos
2930 3330 3070 3385 Deus
3111 3334 3420 3391 misericor~

1820 3408 1962 3461 diam
1993 3409 2272 3478 deponens
2298 3428 2464 3483 super
2500 3430 2618 3470 nos.
2667 3415 2797 3482 Quae.
2833 3420 3005 3488 major
3031 3423 3417 3492 misericordia,

1818 3515 1976 3568 quam
2006 3511 2062 3555 ut
2085 3501 2307 3557 Unicum
2337 3521 2493 3560 suum
2520 3507 2676 3562 daret
2702 3507 2874 3574 nobis,
2893 3527 2996 3564 non
3025 3512 3201 3569 vivere
3233 3516 3420 3571 nobis-

1818 3607 1963 3656 cum,
2014 3595 2110 3649 sed
2172 3597 2310 3651 mori
2353 3614 2449 3668 pro
2507 3601 2704 3657 nobis?
2749 3601 2952 3658 lnclina
2995 3608 3063 3660 ad
3117 3625 3197 3662 me
3238 3627 3414 3665 aurem

1818 3693 1977 3737 tuam.

1889 3778 1942 3830 8.
1985 3778 2225 3833 Accelera
2274 3791 2330 3833 ut
2370 3785 2561 3838 eximas
2587 3801 2666 3839 me
2685 3803 2705 3841 :
2736 3788 3016 3843 exauditur
3044 3791 3184 3845 enim
3208 3791 3260 3846 in
3289 3792 3412 3861 ltoc,

1815 3869 1938 3921 e'um
1978 3868 2125 3933 dicit,
2174 3869 2430 3927 Accelera.
2476 3874 2557 3928 Ad
2593 3876 2694 3932 hoc
2731 3878 2872 3931 enim
2923 3881 3153 3948 positum
3181 3893 3264 3938 est
3289 3900 3414 3939 ver-

1817 3958 1941 4012 bum
1962 4001 1975 4024 ,
2014 3973 2070 4015 ut
2100 3961 2202 4016 hoc
2251 3973 2418 4018 totum
2450 3967 2590 4036 quod
2620 3969 2772 4023 nobis
2803 3970 2893 4023 (litt
2921 3972 3132 4027 videtur
3159 3979 3410 4044 quamdiu

1817 4052 2046 4105 volvitur
2092 4055 2370 4119 saeculum,
2419 4058 2683 4129 intelligas
2729 4071 2980 4128 punctum
3020 4078 3158 4118 esse.
3190 4065 3304 4120 Non
3329 4067 3416 4122 es't

1815 4143 1905 4196 diu
1933 4144 2073 4212 quod
2117 4145 2275 4200 habet
2304 4157 2622 4202 extremum.
2663 4151 2745 4205 Ab
2775 4150 2942 4204 Adam
2991 4168 3158 4223 usque
3206 4156 3270 4210 ad
3317 4157 3414 4210 ho-

1814 4231 2055 4288 diernam
2105 4237 2245 4292 diem
2301 4249 2571 4307 peractum
2623 4250 2726 4307 est,
2777 4253 2831 4296 et
2871 4244 3041 4298 multo
3072 4246 3255 4316 utique
3291 4249 3413 4317 plus

1814 4337 2088 4394 peractum
2137 4337 2217 4384 est
2261 4347 2420 4399 quam
2481 4341 2645 4385 restat
2695 4335 3076 4403 peragendum.
3129 4337 3184 4392 Si
3233 4339 3411 4396 adhuc

1814 4419 2016 4473 viveret
2059 4419 2226 4474 Adam
2253 4462 2269 4486 ,
2314 4431 2367 4476 et
2420 4422 2577 4476 hodie
2614 4434 2946 4493 moreretur;
2983 4428 3108 4497 quid
3159 4429 3206 4484 ei
3247 4435 3409 4500 prod-

1815 4521 1959 4566 esset
2013 4512 2214 4567 tamdiu
2269 4529 2409 4582 esse,
2452 4517 2650 4570 tamdiu
2707 4518 2937 4573 vixisse?
2979 4521 3119 4592 Ergo
3157 4523 3407 4579 celeritas

1817 4603 1932 4657 hare
1956 4606 2168 4674 quare?
2193 4609 2322 4671 Quia
2363 4610 2693 4662 transvolant
2731 4619 3010 4680 tempora:
3045 4623 3099 4667 et
3141 4616 3280 4683 quod
3315 4619 3408 4673 tibi

1817 4695 2023 4749 tardum
2048 4706 2149 4760 est,
2179 4697 2230 4750 in
2261 4699 2431 4752 oeulis
2468 4701 2557 4752 Dei
2593 4701 2750 4754 breve
2781 4711 2882 4755 est.
2911 4701 3027 4756 Jam
3061 4704 3198 4760 ltattc
3220 4709 3395 4762 Celeri-

1815 4797 1978 4842 tatem
2024 4791 2124 4844 iste
2158 4791 2492 4845 intellexerat
2541 4793 2593 4846 in
2623 4794 2835 4847 ecstasi.
2866 4796 3101 4849 Accelera
3141 4809 3192 4850 ut
3217 4800 3409 4853 eximus

1815 4896 1913 4932 me.
1937 4879 2062 4934 Esto
2088 4882 2214 4933 mihi
2232 4883 2281 4934 in
2304 4883 2462 4936 Deum
2486 4895 2814 4952 protectorem
2841 4897 2886 4939 et
2912 4888 2963 4942 in
2984 4888 3186 4942 domum
3205 4895 3408 4963 refugii,

1814 4981 1867 5024 ut
1887 4972 2080 5025 salvum
2104 4989 2181 5026 me
2204 4976 2384 5044 facias.
2421 4975 2616 5028 Domus
2648 4979 2834 5046 reiugii
2861 4987 2913 5030 tu
2940 4979 3066 5032 mihi
3095 4991 3230 5046 esto,
3267 4983 3404 5037 Deus

1816 5073 2106 5131 protector,
2134 5065 2326 5120 domus
2352 5066 2561 5136 refugii.
2602 5068 2901 5136 Aliquando
2926 5072 3067 5124 enim
3099 5073 3371 5140 periclitor
3390 5119 3406 5141 ,

1815 5165 1868 5208 et
1910 5156 2030 5209 volo
2080 5157 2302 5225 fugere:
2338 5174 2444 5224 quo
2499 5157 2681 5227 fugio?
2725 5161 2788 5212 atl
2835 5177 2992 5230 quem
3043 5163 3215 5217 locum
3267 5177 3408 5219 tutus

1816 5248 1999 5317 fugio?
2027 5249 2092 5302 ad
2134 5265 2288 5320 quem
2336 5256 2613 5304 montem?
2655 5255 2718 5306 ad
2763 5270 2919 5321 quam
2970 5257 3321 5324 Speluncam?
3347 5268 3411 5315 ad

1817 5355 1937 5407 qum
1983 5349 2116 5394 tecta
2175 5342 2423 5394 munita?
2473 5343 2641 5409 Quam
2696 5360 2876 5399 arcem
2926 5347 3176 5401 teneam?
3218 5352 3410 5418 quibus

1815 5430 1984 5482 muris
2013 5429 2254 5483 ambiar?
2277 5431 2622 5500 Quocamque
2648 5434 2778 5497 iero,
2810 5439 3410 5510 sequertne.Quidquid

1814 5523 1956 5575 enim
2000 5522 2080 5575 vis
2122 5532 2275 5590 potes
2320 5522 2524 5592 fugere,
2555 5523 2736 5584 homo,
2793 5534 2990 5594 prazter
3028 5528 3411 5587 conscientiam

1816 5623 1983 5665 tuam.
2015 5610 2154 5664 Intra
2185 5613 2234 5664 in
2263 5612 2482 5667 domum
2513 5624 2674 5676 tuam,
2705 5617 2983 5685 requiesce
3017 5617 3071 5672 in
3113 5617 3251 5674 lecto
3294 5629 3405 5684 tuo,

1817 5704 1953 5757 intra
1987 5703 2039 5756 in
2072 5704 2324 5757 interiora
2358 5721 2372 5756 :
2406 5705 2628 5759 interius
2656 5705 2854 5762 habere
2903 5707 3036 5762 nihil
3077 5718 3248 5779 potes,
3300 5727 3404 5782 quo

1875 5841 1892 5873 ί
1930 5836 2153 5902 Plerique
2189 5843 2318 5899 Mss,
2343 5837 2456 5899 quia
2492 5838 2572 5900 qui
2596 5832 2646 5891 in
2670 5852 2725 5891 eo
2759 5845 2950 5903 sperat,
2977 5853 3069 5889 non
3087 5842 3416 5907 confma‘itur,

2828 5924 3093 6002 (nutu
