4008 6342
532 451 645 508 235

538 562 710 631 fugias
738 546 1121 612 aconscientia
1164 552 1289 608 tua,
1328 538 1375 594 si
1424 531 1620 591 rodunt
1665 536 1716 582 te
1763 527 1979 594 peccata
2024 524 2132 567 tua.

540 655 671 723 Quia
702 662 830 703 vero
855 643 1025 698 dixit:
1056 635 1308 693 Accelera
1359 637 1419 683 ut
1460 625 1664 681 eximas
1696 632 1781 673 me
1806 657 1821 682 ,
1852 623 1906 669 et
1950 610 2003 665 in
2049 616 2138 659 tua

1839 714 1877 723 Α.
1913 700 2138 723 Malitia“.

538 743 745 816 iustitia
775 751 906 794 erue
932 747 1039 796 me,
1069 736 1127 784 ut
1154 724 1390 781 dimittas
1422 724 1635 788 peccata
1668 723 1804 773 mea,
1829 714 1882 761 et
1910 700 2141 756 mdilices

1394 810 1425 816 --
1451 809 1464 816 -
1555 807 1567 816 -
1641 802 1657 816 ι
1846 792 2031 816 μ-ι·---εξ
2076 785 2140 816 ..Α

543 785 745 816 ,..........
778 785 903 794 -.η
1425 785 1437 788 _

543 840 596 893 in
630 850 716 889 me
741 828 1003 902 iustitiam
1032 832 1179 876 tuam
1205 836 1217 870 :
1253 825 1309 870 tu
1337 809 1464 867 mihi
1493 807 1598 863 eris
1626 802 1817 860 domus
1846 792 2056 862 refugii,
2075 785 2143 842 ad

1469 900 1481 902 ’
1552 898 1561 902 ⁸
1676 893 1698 902 ⁴
1748 890 1763 902 ¹
1896 887 1929 902 ⁸-
1976 900 1999 902 Α
2050 879 2140 902 ,ΒΙΑΣ

546 939 603 984 ιε
648 879 919 991 coniugio.
964 915 1097 973 Nam
1144 926 1173 965 a
1224 917 1277 963 te
1305 918 1411 975 quo
1460 893 1699 970 fugiam?
1748 887 2002 943 irascitur
2050 879 2142 934 tibi

894 1006 1096 1081 fugies?
1147 1001 1282 1057 Audi
1311 994 1438 1068 quid
1470 993 1611 1047 dicat
1660 988 1712 1042 in
1764 983 1870 1037 alio
1916 975 2140 1048 psalmo,

552 1114 746 1169 timens
766 1065 898 1161 iram
913 1065 1040 1157 n21:
1062 1096 1175 1164 Quo
1201 1094 1282 1146 ibo
1296 1065 1525 1156 dispiritu
1540 1091 1645 1144 tuo,
1667 1085 1712 1132 et
1740 1088 1838 1145 quo
1863 1088 1893 1123 α
1917 1065 2147 1143 faeietua

554 1199 789 1278 fugiam?
810 1197 873 1254 Si
896 1190 1170 1250 ascendere
1191 1187 1243 1240 in
1271 1182 1468 1243 caelum,
1504 1185 1556 1228 tu
1572 1172 1637 1226 ibi
1656 1188 1705 1225 es
1733 1186 1753 1223 :
1784 1167 1827 1220 si
1843 1157 2148 1218 deseendero

1248 1276 1254 1278 Δ
1600 1264 1631 1278 -
1698 1261 1749 1278 n‘
1803 1257 2148 1278 nun-unauna

552 1257 915 1352 iuuinferuum,
950 1283 1071 1337 ades
1098 1276 1276 1351 (Psal.
1308 1282 1574 1330 cxxxvtn,
1600 1264 1655 1326 7,
1698 1261 1773 1330 8).
1803 1257 2151 1325 Quocumque

637 1339 914 1365 ...,--._c__-,
1106 1339 1119 1351 ‘

552 1393 686 1450 iero,
713 1385 784 1441 ibi
812 1392 865 1437 te
893 1375 1125 1434 invenio.
1146 1371 1211 1426 Et
1226 1368 1271 1423 si
1290 1359 1561 1424 irasceris,
1575 1355 1806 1410 ultorem
1835 1358 1887 1401 te
1914 1339 2148 1404 invenio;

552 1481 599 1537 si
626 1480 864 1551 placatus
892 1486 973 1534 es,
998 1464 1320 1535 adiutorem.
1342 1451 1486 1511 Nihil
1517 1446 1647 1504 mihi
1672 1457 1803 1513 ergo
1832 1442 2019 1499 restat,
2049 1430 2153 1487 nisi

1252 1546 1295 1551 ““
1457 1543 1472 1551 “
1576 1540 1588 1551 ·
1706 1536 1718 1547 '
1775 1546 1843 1551 λμ
1881 1524 2151 1551 λιιι-ηεμηηη

553 1524 599 1537 υ.
627 1524 860 1551 ,μη-η-
902 1524 973 1534 -_,
1066 1524 1084 1535 ,

553 1570 619 1625 ad
649 1577 701 1623 te.
722 1566 924 1637 fugere,
953 1572 1064 1614 non
1089 1570 1120 1610 a
1150 1563 1221 1608 te.
1250 1543 1537 1606 Utevadas
1576 1536 1849 1592 hominem
1875 1524 2153 1583 dominum

1402 1636 1407 1637 ⁷
1569 1630 1583 1637 ⁵
1744 1625 1757 1637 ¹
1782 1625 1794 1635 ⁸
1871 1635 1883 1637 μ
1918 1636 1921 1637 ν
1963 1624 2034 1637 Α-.
2064 1613 2127 1637 ,ΙΑ

558 1613 619 1625 ..υ
652 1613 700 1623 ...
722 1613 858 1637 πο--
880 1613 924 1626 -,
960 1613 963 1614 ν

558 1664 883 1733 quicumque
913 1662 1101 1707 servus
1126 1660 1206 1706 es,
1242 1639 1377 1710 fugis
1399 1636 1453 1689 in
1476 1648 1537 1688 ea
1569 1630 1685 1685 loca
1708 1625 1795 1679 ubi
1825 1635 1929 1675 non
1958 1624 2040 1671 est
2061 1613 2154 1668 do-

1250 1732 1255 1733 ’
1459 1724 1479 1733 Α
1650 1718 1664 1733 I
1690 1712 1972 1733 n_,ug_____‘
2023 1703 2154 1733 nam

560 1703 880 1733 .,...........,..-
1196 1703 1203 1706 _
1297 1703 1325 1710 _

560 1755 740 1811 minus
768 1758 889 1804 tuus
909 1761 923 1800 :
947 1752 1003 1796 ut
1025 1736 1221 1794 evadas
1241 1732 1434 1791 Deum,
1457 1724 1578 1793 fuge
1601 1718 1667 1771 ad
1690 1712 1996 1770 Dominum.
2022 1703 2157 1760 Nam

560 1863 668 1903 non
698 1852 781 1900 est
804 1852 911 1909 quo
939 1832 1109 1904 fugias
1135 1828 1326 1882 Deum.
1352 1820 1562 1875 Pricsto
1582 1817 1707 1867 sunt
1732 1804 1909 1860 omnia
1935 1807 1989 1855 ct
2020 1795 2158 1851 nuda

563 1890 960 2004 omnipotentis
986 1890 1177 1979 oculis.
1192 1916 1274 1972 Tu
1298 1926 1426 1981 ergo
1448 1904 1599 1971 mihi,
1628 1899 1818 1971 inquit,
1837 1904 1952 1949 esto
1969 1890 2161 1947 domus

1465 1997 1484 2004 ⁸
1857 2000 1873 2004 -
1893 1984 1948 2004 .I-
1983 1978 2121 2004 [ιη-2,.
2137 1976 2161 2004 0

566 1976 957 2004 υ......,,ν.ν..-.-
1364 1976 1385 1981 ν

566 2025 777 2098 refugii.
824 2019 956 2077 Nam
1004 2013 1047 2069 si
1093 2009 1274 2066 salvus
1313 2019 1418 2058 non
1460 1997 1633 2060 fuero,
1682 1984 1953 2062 quomodo
1983 1976 2163 2051 fugio?

567 2123 708 2176 Sana
736 2129 843 2180 me,
874 2118 930 2166 et
958 2105 1102 2175 fugio
1132 2099 1201 2156 ad
1233 2108 1305 2152 te.
1347 2094 1479 2149 Nam
1506 2088 1552 2144 si
1578 2100 1664 2141 me
1692 2097 1799 2137 non
1828 2089 2017 2140 sanas,
2045 2086 2181 2139 ειη-λ

569 2212 756 2267 bulare
798 2218 906 2259 non
945 2209 1186 2271 possum,
1238 2188 1422 2259 fugere
1468 2174 1741 2253 quomodo
1771 2166 1999 2244 potero?
2047 2163 2166 2231 Quo

571 2304 692 2364 iret,
721 2312 826 2369 quo
867 2292 1097 2362 fugeret,
1126 2284 1171 2339 si
1198 2277 1481 2335 ambulare
1508 2286 1614 2325 non
1646 2270 1848 2337 posset,
1879 2255 2167 2315 semivivus

572 2348 692 2364 ..νη
724 2348 788 2369 Γ
804 2348 817 2350 _
926 2348 957 2362 ν
1083 2348 1093 2354 _

572 2399 625 2453 in
650 2395 757 2458 via,
780 2386 1047 2445 sauciatus
1063 2373 1375 2434 vulneribus
1390 2360 1695 2423 latronum?
1713 2357 1882 2426 Quem
1906 2348 2168 2406 transiens

571 2484 827 2545 sacerdos
855 2472 1132 2552 praeteriit,
1160 2464 1429 2527 transiens
1468 2457 1652 2515 Levita
1688 2447 1965 2523 prieteriit,
1992 2453 2170 2498 trans-

573 2580 694 2636 iens
735 2532 1419 2631 Samiaritanusvmiseratus
1454 2557 1539 2607 est
1574 2545 1726 2622 (Luc.
1754 2557 1814 2605 ι,
1843 2536 1932 2611 ’50)
1954 2578 1970 2603 ,
2008 2532 2060 2590 id
2090 2541 2173 2588 est

580 2674 698 2742 ipse
728 2664 1005 2723 Dominus,
1056 2652 1147 2727 qui
1204 2650 1490 2707 miseratus
1532 2648 1620 2695 est
1656 2647 1823 2707 genus
1860 2630 2170 2684 humanum.

576 2720 871 2821 Sramaritcs
918 2751 1062 2807 enim
1110 2752 1294 2801 custos
1336 2739 1739 2804 interpretatur.
1796 2724 1862 2777 Et
1909 2720 2028 2791 quis
2075 2728 2176 2771 nos

575 2850 831 2915 custodit,
878 2846 924 2901 si
958 2843 1048 2898 ille
1072 2833 1307 2894 deserit?
1354 2827 1565 2889 Merito,
1613 2834 1733 2876 cum
1782 2812 1948 2870 .ludrci
1988 2805 2177 2864 convi-

580 2946 786 3002 ciantes
815 2936 1073 2995 dicerent,
1105 2925 1293 2983 Nonne
1319 2932 1493 2976 rerum
1522 2912 1761 2971 dicimus,
1793 2905 1910 2977 quia
1940 2896 2177 2957 Samari-

576 3046 734 3091 tanus
758 3047 831 3096 es,
863 3035 914 3082 et
932 2992 1243 3079 damonium
1269 3010 1421 3067 habes
1461 3008 1481 3078 (
1512 3003 1669 3059 Joan.
1699 3014 1814 3061 vin,
1842 2993 1912 3049 48
1934 2992 1951 3065 )
1971 2993 1994 3045 ἲ
2014 3003 2180 3045 unum

580 3122 811 3195 respuit,
839 3117 1067 3194 alterum
1092 3105 1372 3179 amplexus
1407 3105 1491 3154 est
1520 3112 1534 3147 :
1569 3091 1702 3163 Ego,
1729 3089 1901 3157 inquit
1926 3125 1942 3149 ,
1987 3081 2181 3135 dremo-

583 3174 705 3195 ,νγ
719 3174 811 3185 τη,
871 3184 880 3194 ε
1184 3174 1198 3179 _

583 3218 727 3275 nium
752 3227 855 3268 non
882 3206 1041 3263 habeo
1070 3214 1222 3257 :non
1265 3193 1423 3258 dixit,
1447 3187 1568 3244 Non
1610 3196 1728 3238 sum
1772 3174 2180 3233 Samaritanus:

583 3312 664 3366 sic
689 3299 913 3373 intelligi
933 3295 1121 3354 volens
1136 3295 1383 3346 nostrum
1414 3296 1474 3338 se
1488 3291 1611 3333 esse
1633 3268 1936 3327 custodem.
1959 3262 2185 3319 Misera-

586 3410 673 3455 tus
701 3411 829 3469 ergo
854 3353 1104 3452 ;ccessit,
1132 3376 1361 3444 curavit,
1390 3371 1460 3426 ad
1487 3364 1753 3424 stabulum
1781 3354 2052 3431 perduxit,
2082 3353 2186 3406 im-

586 3450 913 3565 plevitcirca
937 3490 1062 3537 eum
1101 3463 1531 3529 misericordiam
1561 3477 1575 3512 :
1601 3456 1691 3511 ille
1726 3453 1838 3523 jam
1874 3450 2051 3519 potest
2076 3458 2192 3496 am-

1375 3556 1407 3565 ἰ
1515 3550 1537 3565 ι’
1617 3554 1714 3565 πμ·
1764 3542 1862 3565 -ερε
1906 3537 1970 3565 ,ηε
1998 3536 2164 3565 Πρω...

591 3536 801 3644 imlare,
834 3580 1011 3648 potest
1038 3574 1097 3623 et
1137 3565 1340 3633 fugere.
1369 3556 1485 3624 Quo
1514 3550 1721 3619 fugeret
1764 3542 1864 3597 nisi
1906 3537 1971 3593 ad
1998 3536 2188 3600 Deum,

593 3674 680 3729 ubi
704 3645 955 3726 fecit‘sibi
981 3654 1201 3716 domum
1226 3645 1454 3717 refugii?

664 3724 901 3834 D.v[cers.
922 3750 1004 3825 4,]
1032 3747 1164 3815 Quia
1192 3736 1438 3816 fortitudo
1457 3748 1566 3789 mea
1596 3738 1640 3785 et
1666 3724 1919 3799 refugiunt
1950 3733 2115 3774 meum
2141 3732 2195 3771 es

597 3868 672 3921 tu,
696 3807 978 3921 etLprapter
999 3853 1183 3897 nomen
1221 3844 1365 3888 tuum
1407 3825 1517 3881 dua:
1562 3820 1688 3875 mihi
1727 3816 1851 3880 eris,
1892 3821 1938 3867 et
1980 3807 2197 3864 enutries

596 3961 679 4002 me
705 3958 723 3998 :
754 3955 858 3997 non
889 3940 1107 4007 propter
1128 3923 1385 3984 meritum
1410 3928 1589 3972 meum
1610 3952 1626 3979 ,
1654 3908 1752 3965 sed
1785 3913 1991 3977 propter
2016 3913 2199 3954 nomen

602 4050 766 4101 luunt,
795 4039 853 4086 ut
899 4036 958 4083 tu
985 4014 1330 4096 glorificeris,
1360 4024 1468 4066 non
1510 4004 1633 4073 quia
1672 4013 1772 4070 ego
1812 3996 2005 4065 dignus
2041 4004 2195 4053 sum;

602 4130 709 4182 dua:
736 4119 863 4178 mihi
909 4116 1032 4181 eris,
1073 4125 1142 4167 ne
1187 4105 1436 4160 aberrem
1467 4112 1497 4150 a
1540 4103 1624 4157 te;
1669 4099 1715 4144 et
1753 4085 1971 4142 enutries
2017 4096 2115 4145 me,
2144 4087 2203 4133 ut

601 4215 810 4274 validus
830 4204 1022 4266 sim‘ad
1046 4191 1478 4258 manducandum
1507 4198 1711 4247 escam,
1744 4194 1846 4251 qua
1879 4175 2053 4247 pas'cis
2087 4173 2202 4226 An-

602 4313 772 4385 gelos.
806 4306 903 4363 llic
922 4300 1066 4358 enim
1095 4297 1234 4349 lacte
1258 4303 1358 4345 nos
1374 4280 1612 4345 nutrivit,
1642 4276 1729 4347 qui
1754 4271 1909 4328 nobis
1926 4267 2205 4325 cmlestem

1618 4382 1628 4385 -
1816 4358 2177 4385 .-—2--_:-..-.s:..

604 4358 772 4385 οη---

604 4406 783 4463 cibum
815 4393 1063 4470 promisit
1080 4405 1105 4455 ςο
1139 4397 1196 4443 et
1231 4396 1359 4438 usus
1398 4384 1484 4434 est
1526 4382 1765 4429 materna
1815 4358 2202 4420 misericordia.

1369 4468 1371 4470 ’
1488 4466 1499 4470 “
1906 4453 1919 4467 ³
1968 4468 1991 4470 η
2018 4469 2024 4470 κ
2063 4466 2114 4470 --Α
2142 4449 2202 4470 ι.Δ

605 4449 783 4463 νηηω-
818 4449 866 4470 τ-
1083 4449 1093 4455 ,

605 4490 915 4553 Sicuteuim
937 4478 1328 4539 matcrlactans
1348 4466 1592 4527 eamdem
1614 4475 1813 4521 escam,
1836 4449 2208 4511 cuisumenda:

612 4586 837 4643 idoneus
866 4576 1041 4632 infans
1066 4583 1174 4625 non
1200 4571 1284 4621 εει
1302 4603 1316 4625 ,
1339 4575 1436 4631 per
1457 4568 1674 4611 carnem
1705 4546 1922 4618 lraiicit,
1942 4554 1998 4599 et
2017 4543 2099 4598 lac
2128 4543 2210 4597 in-

612 4677 787 4737 fundit
828 4669 969 4745 (hoc
1012 4663 1157 4722 enim
1202 4654 1400 4724 accipit
1442 4644 1701 4723 parvulus
1725 4640 1867 4713 quod
1894 4645 2210 4706 accepturus

614 4778 735 4829 erat
773 4764 841 4822 ad
868 4771 1133 4821 mensam,
1181 4750 1279 4807 sed
1324 4744 1467 4815 quod
1517 4754 1612 4811 per
1656 4748 1872 4793 carnem
1916 4728 2208 4797 trajicitur,

608 4855 860 4930 congruit
904 4840 1299 4923 parvulo);.sic
1337 4833 1595 4892 Dominus
1622 4824 1936 4899 sapientiam
1962 4834 2114 4875 suam
2150 4825 2214 4873 ut

610 4958 694 5010 lac
722 4948 880 5005 nobis
921 4912 1141 5004 faceret,
1192 4912 1356 4989 carne
1390 4920 1783 4988 .indutus.veuit
1825 4915 1894 4970 ad
1922 4929 2039 4968 nos.
2072 4912 2214 4983 Ergo

614 5058 812 5114 corpus
832 5034 1031 5097 Christi
1062 5028 1321 5101 loquitur,
1355 5021 1418 5076 Et
1445 5017 1662 5074 enutries
1690 5030 1784 5067 me.

687 5100 776 5192 1'0.
805 5130 957 5206 [verm
985 5122 1065 5198 5.]
1102 5120 1301 5175 Educes
1342 5129 1419 5167 me
1457 5109 1520 5164 de
1561 5103 1847 5173 muscipula
1885 5100 2017 5166 ista,
2062 5111 2217 5169 quam

614 5188 992 5285 circumierunt
1036 5188 1183 5271 mihi.
1228 5209 1347 5266 iam
1393 5200 1569 5273 passio
1599 5194 1965 5266 significatur,
2014 5188 2217 5243 Educes

616 5337 695 5375 me
723 5318 788 5372 de
825 5305 1111 5380 muscipula
1137 5304 1255 5366 ista,
1296 5311 1451 5367 quam
1494 5288 1873 5345 occultaverunt
1914 5280 2061 5335 mihi.
2108 5278 2218 5333 Nec

616 5412 735 5465 sola
761 5406 850 5462 illa
882 5399 1060 5473 passio
1084 5401 1187 5459 est,
1217 5379 1332 5461 qua
1374 5396 1565 5453 passus
1606 5388 1689 5433 est
1743 5373 2001 5431 Dominus
2037 5378 2219 5425 noster

616 5503 773 5559 .lcsus
800 5461 1045 5551 Christus
1072 5503 1087 5541 :
1114 5477 1468 5553 muscipulam
1498 5486 1648 5539 suam
1700 5465 1946 5523 diabolus
1997 5461 2220 5518 tetendit

621 5605 789 5664 usque
829 5589 884 5642 in
927 5582 1109 5638 finem.
1138 5573 1207 5631 Et
1232 5586 1312 5627 vae
1340 5569 1414 5624 illi
1444 5608 1459 5629 ,
1494 5564 1585 5636 qui
1612 5563 1665 5617 in
1696 5561 1842 5616 illam
1868 5555 2219 5625 muscipulam

620 5647 765 5741 cadit
806 5696 822 5735 :
858 5674 1001 5732 cadit
1029 5677 1205 5743 autem
1234 5666 1406 5718 omnis
1436 5658 1528 5727 qui
1569 5669 1674 5709 non
1716 5658 1897 5721 sperat
1922 5648 1973 5703 in
2007 5647 2172 5701 Deum
2202 5661 2218 5709 ;

594 5776 712 5847 .qni
737 5769 851 5827 'non
877 5766 1006 5822 dicit
1038 5780 1064 5819 :-
1084 5740 1149 5815 In
1174 5766 1242 5822 te,
1276 5752 1511 5813 Domine,
1536 5744 1757 5820 speravi,
1807 5757 1910 5797 non
1934 5738 2223 5810 confundor

628 5877 682 5926 in
710 5850 953 5932 temnunt
987 5873 1007 5915 :
1041 5867 1090 5913 et
1118 5858 1171 5910 in
1201 5866 1288 5906 tua
1308 5844 1511 5921 iustitia
1538 5855 1653 5897 erue
1691 5854 1791 5905 me,
1838 5845 1885 5891 et
1928 5836 2092 5889 exime
2120 5849 2217 5887 me.

1788 407 1846 463 S.
1889 391 2255 460 AUGUSTlNl
2298 386 2598 446 EPISCOPI
2668 380 2671 381 ν

3741 370 3853 431 256

2250 506 2476 562 Extenta
2516 513 2600 561 cst
2639 513 2693 560 et
2730 512 2910 574 parata
2958 495 3255 568 muscipula
3300 493 3523 550 inimici.
3571 491 3765 547 Posuit
3794 491 3853 545 in

2249 597 2544 668 muscipula
2569 609 2807 652 errorem
2836 603 2890 649 et
2920 602 3211 647 terrorem:
3230 601 3471 644 errorem
3502 594 3610 655 quo
3638 582 3854 648 illiciat,

2252 700 2515 746 terrorem
2560 701 2668 757 quo
2714 686 2937 755 frangat,
2984 691 3039 737 ct
3083 681 3275 750 rapiat.
3302 677 3383 733 Tu
3409 675 3602 733 claude
3628 674 3856 745 ianuam

2250 782 2554 855 cupiditatis
2579 790 2764 835 contra
2795 791 3034 833 errorem
3059 792 3075 841 ;
3105 783 3159 828 tu
3184 770 3375 827 claude
3399 772 3619 840 ianuam
3644 766 3864 822 timoris

2252 887 2437 931 contra
2462 881 2741 935 terrorem,
2760 879 2812 924 et
2832 867 3078 923 educeris
3097 864 3165 919 de
3182 861 3501 933 muscipula.
3534 857 3855 930 Huiusmodi

2252 982 2444 1040 pugnze
2464 964 2765 1035 exemplum
2790 963 2904 1032 ipse
2921 960 3011 1015 tibi
3036 959 3485 1028 lmperatortuus,
3510 954 3603 1026 qui
3632 960 3859 1023 propter

2256 1066 2308 1115 te
2332 1061 2489 1114 etiam
2522 1055 2712 1112 tentari
2737 1054 2983 1124 dignatus
3011 1060 3115 1117 est,
3151 1049 3204 1104 in
3240 1063 3300 1104 se
3343 1044 3758 1102 demonstravit.
3790 1041 3866 1098 Et

2258 1152 2429 1223 primo
2458 1159 2688 1206 tentatus
2716 1156 2796 1203 est
2827 1143 3119 1206 illecebris;
3153 1144 3277 1213 quia
3304 1147 3506 1195 tentata
3536 1147 3620 1194 εει
3662 1137 3719 1192 in
3764 1135 3866 1190 illo

2250 1242 2413 1312 ianua
2443 1239 2780 1310 cupiditatis,
2822 1235 3032 1307 quando
3074 1249 3195 1289 eum
3229 1230 3453 1287 tentavit
3497 1227 3750 1284 diabolus
3778 1226 3866 1281 di-

2259 1350 2389 1390 cens
2423 1351 2437 1388 :
2473 1332 2567 1385 Dic
2593 1328 2845 1401 lapidibus
2866 1328 2975 1383 istis
3002 1334 3056 1378 ut
3089 1340 3244 1395 panes
3274 1323 3421 1388 fiant.
3452 1320 3627 1375 Adora
3657 1336 3773 1384 me,
3815 1328 3867 1373 et

2260 1425 2390 1480 dabo
2420 1423 2508 1478 tibi
2533 1438 2688 1494 regna
2725 1422 2843 1475 ista.
2884 1416 3032 1472 Mitte
3059 1425 3108 1471 te
3142 1416 3401 1482 deorsum,
3449 1413 3570 1483 quia
3608 1413 3869 1481 scriptum

2260 1528 2335 1575 est
2363 1534 2382 1571 :
2408 1518 2540 1584 Quia
2585 1513 2792 1586 Angelis
2826 1512 2931 1567 suis
2975 1508 3234 1564 mandauit
3262 1507 3326 1562 de
3370 1514 3437 1569 te.
3468 1513 3518 1561 et
3544 1505 3599 1561 in
3624 1502 3870 1558 manibus

2263 1608 2439 1663 tollent
2467 1618 2537 1671 te,
2572 1621 2635 1660 ne
2657 1603 2860 1675 quando
2883 1599 3113 1667 oﬂ'endas
3147 1598 3215 1651 ad
3244 1595 3467 1667 lapidem
3506 1592 3689 1665 pedem
3719 1602 3871 1647 tuum

2269 1698 2483 1769 (Matth.
2513 1713 2585 1761 tv,
2613 1695 2668 1762 4,
2698 1694 2753 1759 9,
2785 1693 2861 1763 6).
2891 1691 3077 1745 Omnis
3098 1688 3215 1744 haec
3234 1686 3486 1742 illecebra
3511 1683 3870 1756 cupiditatem

2266 1798 2437 1847 tentat
2470 1790 2511 1843 ¹.
2556 1790 2626 1842 At
2675 1786 2763 1841 ubi
2801 1784 3037 1839 clausam
3063 1780 3281 1851 ianuam
3312 1776 3515 1833 invenit
3554 1773 3875 1846 cupiditatis

2267 1884 2322 1940 in
2348 1897 2415 1939 eo
2442 1880 2533 1953 qui
2563 1876 2867 1935 tentabatur
2895 1890 2991 1946 pro
3034 1873 3211 1938 nobis,
3255 1870 3521 1927 convertit
3546 1883 3608 1924 se
3653 1866 3723 1923 ad
3754 1878 3877 1922 ten-

2270 1972 2483 2031 tandam
2508 1973 2725 2043 ianuam
2756 1967 2983 2034 timoris,
3006 1974 3061 2021 et
3088 1961 3407 2035 prmparavit
3433 1960 3508 2015 illi
3534 1958 3873 2031 passionem.

2270 2066 2509 2136 Denique
2531 2064 2631 2117 hoc
2656 2061 2785 2116 dicit
2809 2056 3144 2128 Evangelista
3177 2072 3192 2111 :
3223 2053 3293 2108 Et
3321 2060 3676 2108 consummata
3701 2058 3874 2105 tenta-

2273 2159 2430 2224 tione,
2454 2152 2686 2210 diabolus
2714 2152 2916 2226 recessit
2953 2147 3015 2203 ab
3040 2164 3098 2203 eo
3123 2147 3192 2201 ad
3217 2156 3415 2217 tempus
3443 2143 3595 2216 (Luc.
3622 2158 3697 2208 tv,
3730 2144 3805 2198 15
3832 2145 3874 2207 l.

2273 2251 2411 2322 Quid
2438 2257 2540 2316 est,
2572 2249 2639 2301 ad
2664 2243 2898 2316 tempus?
2915 2243 3191 2312 Tanquam
3208 2239 3476 2293 rediturus
3491 2246 3546 2293 et
3571 2244 3881 2292 tentaturus

2270 2346 2488 2417 ianuam
2528 2340 2753 2405 timoris,
2782 2337 2903 2409 quia
2931 2335 3165 2390 clausam
3196 2332 3398 2387 invenit
3416 2330 3635 2401 ianuam
3662 2328 3878 2398 cupidi-

2278 2437 2422 2493 tatis.
2454 2434 2644 2490 Totum
2699 2445 2829 2501 ergo
2869 2441 3063 2498 corpus
3101 2423 3299 2480 Christi
3345 2429 3581 2477 tentatur
3605 2435 3778 2491 usque
3825 2420 3879 2475 in

2279 2530 2459 2584 finem.
2503 2524 2718 2580 Fratres
2748 2500 2874 2588 inci,
2902 2518 3116 2592 quando
3138 2516 3346 2587 iussum
3386 2510 3469 2569 εει
3516 2512 3704 2568 nescio
3750 2500 3880 2583 quid

2279 2627 2466 2675 contra
2486 2614 2819 2671 Christianos
2838 2612 2984 2677 mali,
3002 2608 3161 2664 simul
3181 2608 3249 2671 im
3259 2604 3573 2677 pingebatur
3595 2605 3617 2637 ³
3640 2602 3749 2658 hoc
3762 2617 3884 2657 cor-

2281 2727 2403 2782 pus,
2431 2718 2599 2765 totum
2628 2703 3021 2781 impingebatur
3048 2718 3063 2756 :
3095 2698 3237 2754 unde
3263 2698 3465 2752 dictum
3498 2704 3616 2751 erat
3644 2695 3701 2750 in
3740 2694 3886 2764 psal-

2281 2818 2373 2859 mo
2395 2818 2409 2857 :
2429 2799 2695 2869 Tanquam
2710 2795 2943 2852 cumulus
2960 2807 3129 2848 arente
3141 2791 3393 2861 impulsus
3413 2804 3525 2843 sum
3543 2797 3599 2841 ut
3624 2787 3879 2852 caderem,

2283 2904 2333 2950 et
2354 2892 2604 2948 Dominus
2629 2888 2847 2959 suscepit
2872 2902 2952 2939 me
2979 2883 3151 2957 (Psal.
3184 2896 3350 2947 cxvu,
3379 2877 3492 2951 l3).
3522 2880 3593 2934 At
3617 2878 3708 2933 ubi
3736 2876 3886 2933 finita

2286 2997 2412 3044 sunt
2439 2985 2526 3040 illa
2551 2998 2673 3055 quae
2704 2990 2872 3036 totum
2902 2991 3098 3048 corpus
3142 2973 3505 3047 impingebant
3529 2980 3591 3026 ut
3615 2969 3841 3025 caderet
3867 3010 3884 3037 ,

2287 3082 2450 3150 «epit
2512 3078 2735 3131 tentatio
2783 3086 2905 3128 esse
2961 3085 3058 3139 per
3126 3076 3327 3138 partes.
3376 3063 3638 3119 Tentatur
3689 3075 3890 3131 corpus

2288 3169 2511 3235 Christi,
2540 3183 2643 3223 una
2668 3166 2907 3223 Ecclesia
2934 3178 3041 3218 non
3070 3161 3269 3232 patitur
3297 3156 3756 3230 persecutionem,
3786 3154 3888 3209 alia

2292 3263 2509 3335 patitur.
2542 3259 2657 3315 Non
2685 3257 2885 3327 patitur
2911 3230 3148 3309 furorem
3180 3248 3540 3320 imperatoris,
3567 3247 3665 3302 sed
3691 3230 3894 3317 patitur

2294 3357 2526 3412 furorem
2554 3352 2678 3407 mali
2711 3349 2907 3420 populi.
2936 3347 3157 3415 Quantze
3182 3343 3512 3398 vastationes
3536 3355 3565 3393 a
3602 3338 3893 3412 plebibus?

2294 3450 2503 3519 Quanta
2530 3445 2670 3500 mala
2695 3444 2896 3513 ingesta
2917 3448 3042 3495 sunt
3062 3436 3316 3520 Ecclesia:
3331 3448 3362 3489 a
3380 3434 3535 3497 malis
3558 3432 3892 3495 cliristianis,

2296 3542 2367 3598 ab
2400 3542 2479 3597 eis
2504 3541 2597 3610 qui
2624 3535 2764 3607 capti
2809 3535 2865 3590 in
2909 3531 3002 3587 illo
3042 3528 3301 3586 retiaculo
3332 3569 3348 3594 ,
3397 3536 3504 3582 tam
3553 3523 3895 3594 multiplicati

2297 3644 2444 3703 sunt,
2473 3641 2529 3688 ut
2554 3634 2862 3701 premerent
2887 3640 3050 3681 naves
3072 3621 3226 3692 (Luc.
3256 3637 3309 3685 ν,
3338 3617 3395 3691 7)
3414 3620 3465 3673 in
3488 3617 3788 3689 piscatione
3809 3616 3897 3671 illa

2298 3725 2511 3784 Domini
2543 3729 2666 3779 ante
2695 3717 3037 3791 passionem?
3077 3715 3194 3771 Non
3221 3728 3351 3784 ergo
3387 3712 3583 3767 desunt
3629 3724 3899 3780 pressura:

2302 3816 2633 3876 mutationis.
2661 3812 2833 3869 Nemo
2874 3808 2973 3865 sibi
3002 3807 3146 3863 dicat
3175 3827 3190 3863 :
3230 3804 3343 3861 Non
3372 3811 3456 3858 est
3481 3810 3695 3871 tempus
3723 3808 3899 3855 tenta-

2304 3909 2485 3967 tionis.
2525 3906 2628 3973 Qui
2670 3903 2771 3959 sibi
2815 3902 2920 3957 hoc
2954 3899 3104 3965 dicit,
3134 3910 3319 3969 pacem
3343 3894 3443 3949 sibi
3471 3892 3737 3963 promittit
3767 3909 3781 3945 :
3811 3894 3902 3962 qni

2305 4001 2406 4057 sibi
2432 4013 2616 4070 pacem
2648 3994 2931 4067 promittit,
2958 4006 3179 4047 securus
3228 3985 3514 4042 invaditur.
3548 3984 3743 4039 Totum
3774 3998 3903 4052 ergo

2306 4106 2502 4162 corpus
2530 4086 2727 4145 Christi
2757 4084 2901 4141 dicat
2929 4101 2944 4139 :
2975 4082 3177 4137 Educes
3202 4095 3282 4132 me
3318 4078 3383 4132 de
3419 4076 3704 4146 muscipula
3756 4076 3857 4129 ista
3886 4113 3903 4137 ,

2308 4179 2861 4254 quam'occultaaerunt
2894 4173 3020 4230 mihi
3050 4187 3069 4227 :
3095 4171 3219 4243 quia
3249 4169 3500 4224 eductum
3532 4175 3619 4221 est
3662 4174 3717 4220 et
3746 4174 3907 4233 caput

2310 4273 2646 4333 nostrum-de
2663 4267 2980 4339 muscipula,
3001 4278 3159 4335 quam
3183 4260 3576 4317 absconderant
3596 4257 3693 4322 illi,
3712 4257 3909 4327 quibus

2311 4370 2473 4428 modo
2499 4366 2775 4423 dicebatur
2801 4362 2856 4417 in
2884 4357 3191 4427 Evangelio,
3218 4354 3339 4425 quia
3363 4350 3556 4407 dicturi
3578 4357 3735 4404 erant
3758 4364 3772 4403 :
3810 4345 3910 4401 llic

2313 4473 2384 4520 est
2407 4465 2583 4525 hwres,
2618 4457 2779 4512 uenite
2812 4451 3102 4508 occidamus
3138 4464 3275 4511 eum,
3306 4454 3355 4498 et
3380 4453 3552 4498 nostra
3578 4441 3673 4495 erit
3693 4439 3911 4494 heredi.

2315 4567 2415 4610 tas.
2451 4554 2517 4607 Et
2559 4551 2612 4605 in
2653 4563 2712 4603 se
2740 4543 3059 4601 sententiam
3099 4538 3354 4594 dixerunt
3388 4530 3742 4601 interrogati:
3776 4529 3913 4596 Quid

2316 4646 2468 4719 faciet
2528 4642 2614 4696 ille
2658 4634 3029 4707 paterfamilias
3076 4627 3271 4684 colonis
3315 4623 3506 4679 malis?
3554 4620 3727 4675 Malos
3782 4623 3913 4673 male

2319 4709 2511 4807 perdet,
2535 4741 2581 4787 et
2607 4734 2803 4785 vineam
2831 4741 2976 4781 suam
3002 4720 3187 4776 locabit
3231 4716 3349 4771 aliis
3384 4713 3643 4788 agricolis.
3680 4709 3841 4779 Quid.
3871 4719 3913 4763 et

2317 4802 2449 4885 illud
2478 4842 2580 4881 non
2606 4821 2793 4895 legistis
2826 4833 2846 4875 :
2884 4813 3133 4887 Lapidem
3157 4827 3304 4885 quem
3330 4806 3720 4878 reprobaverunt
3748 4802 3912 4872 cudi/i-

2319 4932 2510 4982 cantes.
2534 4920 2615 4973 hic
2634 4917 2807 4985 factus
2835 4920 2909 4966 est
2934 4906 2987 4963 in
3015 4916 3168 4978 caput
3212 4902 3385 4976 anguli
3406 4901 3433 4956 .’
3460 4899 3613 4967 Quod
3638 4908 3721 4954 est
3745 4896 3910 4963 enim,

2319 5011 2708 5085 reprobaverunt
2735 5004 3082 5071 ludificantes;
3108 4996 3214 5052 hoc
3240 4996 3336 5060 ait,
3375 4991 3651 5063 Ejecerunt
3674 5002 3821 5043 cura
3845 5004 3913 5043 νι-

2322 5081 2487 5165 neaut.
2513 5111 2558 5157 et
2582 5097 2872 5155 occiderunt
2898 5092 3109 5166 (Matth.
3149 5103 3253 5150 XXI,
3302 5082 3521 5153 58-42).
3566 5081 3708 5151 Ergo
3733 5087 3916 5135 erutus

2322 5207 2407 5252 est
2445 5204 2500 5250 et
2544 5193 2653 5248 ille.
2695 5190 2868 5259 Caput
2912 5183 3156 5240 nostrum
3182 5192 3396 5235 sursum
3416 5183 3519 5241 est,
3552 5173 3785 5228 liberum
3815 5179 3913 5229 εει.

2323 5289 2631 5346 Ηιιξτεεηιυε
2664 5281 2737 5336 illi
2773 5294 2869 5349 per
2895 5275 3255 5348 dilectionem,
3282 5279 3339 5323 ut
3362 5267 3555 5323 melius
3576 5277 3763 5335 poswa
3786 5278 3914 5318 con-

2323 5379 2651 5452 glutinemur
2670 5373 2718 5429 ei
2737 5387 2832 5442 per
2851 5359 3305 5426 immortalitatem
3328 5367 3416 5428 ;et
3433 5360 3673 5415 dicamus
3693 5369 3913 5412 omnes:

2391 5586 2408 5618 ί
2436 5584 2508 5632 sic
2530 5580 2695 5645 plures
2713 5582 2821 5625 Mss.
2848 5578 2903 5645 Αι
2925 5578 3008 5641 Er:
3025 5552 3918 5645 hgcdpte‘riflefebramfgfp'tda-

2330 5616 2695 5700 ωιειῖἶεῖίῖὗιῖ
2716 5616 2833 5688 ἷῦἶί.
2848 5616 3040 5686 ὖηῖπίε
3068 5616 3176 5682 me
3199 5638 3286 5691 per
3321 5616 3575 5677 illecebras
3606 5616 3918 5682 cupiditatum

2328 5716 2571 5825 ιωξέὀά..
2596 5760 2945 5827 impinqrbatur
2968 5755 3018 5808 in
3042 5754 3133 5807 hoc
3166 5762 3358 5815 corpus.
3397 5743 3674 5810 Praeposin
3704 5739 3756 5795 in
3796 5740 3924 5791 abest

2332 5850 2359 5889 a
2377 5834 2626 5900 plerisque
2650 5837 2755 5877 Mss.
