4008 6344
181 463 277 517 237

184 579 384 634 Educes
412 595 488 632 me
513 577 578 632 de
602 577 889 649 muscipula
909 578 1025 646 ista,
1051 594 1205 649 quam
1229 578 1601 632 occultaverunt
1622 574 1769 640 mihi;

180 675 418 742 quoniam
441 684 494 725 tu
516 689 569 727 es
603 681 852 741 protector
875 687 1035 726 meus.

255 765 342 818 11.
386 762 538 838 [vers.
584 763 665 836 6.]
705 763 994 818 Audiamus
1027 777 1208 818 vocem
1240 763 1467 827 Domini,
1501 776 1661 831 quam
1689 759 1774 815 di-

181 855 262 908 xit
283 855 337 908 in
359 869 524 911 cruce
553 873 567 909 :
593 852 656 907 In
679 871 858 908 manus
882 865 995 908 tuas
1016 855 1308 907 commendo
1328 854 1562 924 spiritum
1585 868 1773 906 meum.

178 945 339 1001 Certe
363 962 485 1001 cum
513 946 674 1001 verba
701 946 816 1016 ejus
844 949 896 1000 in
923 945 1213 1016 Evangelio
1237 945 1304 1000 de
1329 945 1432 999 isto
1454 944 1661 1014 psalmo
1687 959 1779 997 co-

178 1039 510 1105 gnoscimus,
545 1037 719 1107 ipsum
750 1037 835 1090 hic
861 1038 1094 1092 locutum
1125 1034 1289 1090 fuisse
1314 1051 1418 1089 non
1446 1035 1774 1089 dubitemus.

182 1128 359 1182 Ilahcs
387 1128 491 1182 hoc
521 1129 573 1182 in
602 1127 926 1198 Evangelia,
957 1125 1129 1192 dixit,
1161 1125 1227 1180 In
1267 1143 1446 1180 manus
1485 1136 1598 1179 tuas
1634 1141 1776 1178 com-

180 1221 364 1272 mendo
384 1219 618 1288 spiritum
644 1235 807 1272 meum
832 1217 984 1287 (Luc.
1009 1233 1168 1283 xxm,
1190 1215 1282 1287 46)
1313 1234 1328 1270 :
1357 1225 1406 1270 et
1432 1216 1673 1270 inclinato
1699 1231 1779 1269 ca-

181 1311 283 1374 rite
309 1311 523 1364 tradidit
546 1310 782 1380 spiritum
809 1309 991 1378 (Joan.
1028 1325 1145 1373 χιι,
1180 1309 1295 1379 30).
1327 1308 1443 1362 Non
1473 1309 1591 1363 sine
1615 1323 1777 1364 causa

177 1402 348 1456 voluit
377 1404 540 1457 verba
568 1402 725 1470 hujus
761 1402 952 1472 psalmi
989 1417 1082 1455 sua
1120 1415 1258 1465 esse,
1292 1402 1394 1456 nisi
1425 1411 1483 1456 ut
1513 1411 1565 1455 te
1587 1400 1779 1454 admo-

179 1502 335 1547 neret
377 1508 437 1548 se
485 1493 722 1548 loculum
770 1507 893 1549 esse
937 1493 990 1546 in
1033 1492 1136 1546 hoc
1178 1491 1404 1561 psalmo.
1463 1491 1640 1562 Ipsum
1690 1490 1797 1546 hic'

179 1600 392 1654 qumre;
419 1585 592 1654 cogita
618 1583 886 1654 quomodo
915 1583 971 1637 in
999 1582 1089 1637 illo
1115 1583 1321 1652 psalmo
1346 1597 1405 1637 se
1424 1582 1590 1652 quteri
1613 1581 1781 1636 voluit

179 1691 276 1744 pro
301 1675 649 1745 susceptione
678 1673 938 1728 matutina
968 1691 982 1728 :
1025 1671 1293 1727 Foderunt
1336 1689 1517 1728 manus
1558 1688 1696 1728 meas
1733 1682 1780 1726 et

179 1774 332 1835 pedes
355 1783 510 1829 meos,
548 1766 996 1820 dinumeraverunt
1025 1764 1197 1818 omnia
1223 1780 1337 1817 ossa
1365 1780 1512 1828 mea;
1541 1762 1638 1834 ipsi
1665 1779 1781 1816 vero

177 1858 622 1913 consideraverunt
652 1867 698 1912 et
727 1865 1094 1928 conspexerunt
1140 1873 1240 1922 me,
1273 1855 1548 1910 diviserunt
1571 1855 1666 1909 sibi
1693 1870 1778 1908 ve-

176 1952 414 2006 stimenta
451 1967 562 2004 mea
583 1989 599 2015 ,
642 1957 688 2002 et
731 1964 882 2021 super
918 1957 1102 2003 uestem
1123 1964 1286 2002 meam
1325 1948 1569 2001 miserunt
1596 1957 1781 2001 sortem

179 2042 353 2114 (Psal.
385 2057 496 2107 XXI,
528 2041 720 2112 17-19)
747 2058 763 2096 :
793 2049 851 2095 ttt
888 2048 940 2096 te
980 2040 1302 2096 admoneret
1340 2039 1392 2093 in
1436 2053 1495 2094 se
1522 2038 1625 2093 hoc
1662 2052 1781 2092 esse

177 2134 539 2203 Completum,
583 2133 635 2187 in
675 2146 807 2188 voce
834 2147 929 2186 sua
961 2133 1137 2202 posuit
1174 2141 1336 2200 caput
1362 2130 1528 2200 ipsius
1554 2130 1778 2200 psalmi,

179 2225 338 2289 Deus,
371 2225 506 2280 Deus
531 2242 691 2288 meus,
715 2224 894 2295 utquid
921 2240 1000 2278 me
1017 2223 1326 2294 dereliquisti
1364 2222 1551 2294 (Ibid.,
1583 2221 1686 2290 2)?
1715 2223 1784 2276 Et

179 2329 363 2375 tamen
387 2335 576 2374 vocem
599 2319 843 2388 corporis
869 2317 922 2372 in
948 2333 1008 2372 se
1037 2317 1469 2386 transliguravit;
1501 2331 1609 2370 non
1634 2314 1778 2370 enim

181 2412 411 2469 Unicum
454 2427 608 2465 suum
638 2411 799 2466 Pater
832 2409 1120 2480 aliquando
1151 2409 1457 2478 dereliquit.
1498 2407 1780 2463 Redemisti

179 2524 280 2570 me,
317 2505 553 2569 Domine,
578 2504 714 2558 Deus
738 2504 964 2557 veritatis
999 2519 1020 2558 :
1058 2501 1259 2557 faciens
1283 2501 1423 2572 quod
1452 2500 1780 2570 promisisti,

180 2615 286 2652 non
321 2599 509 2652 fallens
538 2596 592 2650 in
621 2596 1004 2664 pollicitatione
1034 2607 1142 2662 tua,
1175 2594 1319 2649 Deus
1341 2594 1605 2648 veritatis.

254 2689 345 2743 19..
389 2687 555 2761 [vers.
601 2687 680 2761 7.]
724 2685 892 2741 Odisti
929 2687 1246 2756 observantes
1285 2686 1561 2739 vanitatem
1601 2700 1783 2756 super-

178 2798 358 2838 vacue.
403 2782 536 2850 Quis
578 2781 830 2836 observat
869 2778 1204 2834 vanitatem?
1244 2777 1344 2845 Qui
1379 2779 1618 2833 timendo
1645 2779 1784 2834 mori

179 2874 410 2928 moritur
453 2890 465 2925 :
509 2871 744 2927 timendo
780 2871 924 2927 enim
965 2869 1101 2926 mori
1147 2869 1426 2935 mentitur,
1469 2877 1522 2924 et
1551 2869 1782 2924 moritur

193 2976 484 3036 antequam
513 2967 791 3029 moriatur,
831 2965 920 3035 qui
951 2964 1070 3020 ideo
1095 2961 1449 3018 mentiebatur
1477 2970 1533 3016 ut
1559 2961 1780 3016 viveret.

181 3058 396 3113 Bletitii-i
424 3058 524 3120 vis,
552 3074 619 3113 ne
649 3057 929 3112 moriaris:
959 3065 1013 3111 et
1043 3055 1286 3112 mentiris
1307 3094 1322 3120 ,
1355 3063 1409 3108 et
1437 3053 1697 3119 moreris;
1729 3061 1784 3108 et

183 3163 307 3203 cum
338 3148 476 3201 vitas
505 3163 662 3202 unam
694 3157 922 3201 mortem
964 3161 1124 3216 quam
1165 3143 1383 3200 dill‘erre
1421 3144 1651 3214 poteris,
1682 3159 1782 3197 au-

185 3241 328 3295 ferre
354 3255 462 3294 non
494 3241 714 3310 poteris,
745 3237 936 3293 incidis
964 3238 1015 3292 in
1042 3237 1195 3301 duas,
1225 3246 1281 3291 ut
1310 3236 1457 3310 prius
1490 3236 1542 3288 iu
1579 3235 1779 3300 anima,

181 3341 372 3403 postea
393 3331 446 3384 in
469 3346 694 3402 corpore
724 3329 991 3384 moriaris.
1016 3326 1171 3384 Unde
1201 3327 1303 3382 hoc
1322 3314 1462 3391 ,nisi
1489 3325 1781 3380 observan-

181 3425 254 3480 do
272 3423 586 3479 vanitatem?
600 3424 730 3492 Quia
748 3423 919 3477 dulcis
935 3429 1018 3478 est
1063 3421 1160 3477 tibi
1203 3421 1467 3476 transiens
1504 3419 1641 3484 dies,
1662 3419 1780 3489 quia

183 3513 363 3570 dulcia
391 3522 516 3570 sunt
545 3514 638 3568 tibi
669 3514 1052 3568 transvolantia
1081 3522 1342 3581 tempora,
1374 3512 1515 3566 unde
1547 3510 1677 3564 nihil
1705 3521 1782 3564 te~

184 3622 306 3672 nes,
335 3615 391 3661 et
417 3606 635 3675 insuper
663 3614 716 3658 tu
743 3604 966 3660 teneris.
992 3602 1158 3658 Odisti
1179 3602 1491 3657 observantes
1511 3603 1783 3655 vanitatem

182 3713 514 3769 supervacue.
559 3694 674 3766 Ego
702 3704 872 3749 autem
891 3736 907 3762 ,
939 3694 1028 3764 qui
1060 3709 1166 3748 non
1193 3693 1422 3749 observo
1461 3691 1780 3754 vanitatem,

181 3789 239 3842 in
270 3787 492 3842 Domino
512 3787 730 3858 speravi.
771 3786 966 3856 Speras
994 3785 1047 3840 in
1075 3784 1320 3854 pecunia,
1347 3783 1601 3838 observas
1628 3781 1780 3836 vani-

184 3889 351 3936 tatem
378 3899 391 3933 :
415 3893 601 3948 speras
628 3877 682 3932 in
702 3877 906 3933 honore
926 3885 979 3932 et
1005 3876 1329 3930 sublimitate
1348 3875 1519 3945 aliqua
1543 3882 1776 3943 potesta-

183 3975 256 4027 tis
284 3973 552 4034 lmmanac,
598 3970 853 4025 observas
895 3969 1182 4022 vanitatem
1229 3985 1244 4022 :
1288 3981 1473 4038 speras
1511 3966 1564 4020 in
1604 3965 1783 4034 aliquo

183 4064 363 4119 amico
395 4071 632 4133 potente,
664 4062 918 4116 observas
947 4062 1257 4115 vanitatem.
1303 4058 1360 4113 lu
1407 4058 1490 4113 his
1535 4058 1783 4113 omnibus

183 4171 309 4210 cum
339 4168 548 4222 speras,
579 4160 672 4206 aut
696 4160 752 4206 tu
779 4151 1039 4221 exstiiras,
1069 4162 1124 4206 et
1159 4165 1222 4205 ea
1265 4150 1351 4204 hic
1393 4149 1653 4214 dimittis;
1693 4158 1786 4202 aut

183 4262 310 4302 cum
337 4244 494 4310 vivis,
521 4243 701 4297 omnia
732 4251 980 4313 pereunt,
1005 4250 1060 4296 et
1084 4241 1136 4295 in
1162 4255 1259 4310 Spe
1287 4251 1373 4295 tua
1400 4238 1607 4294 deﬁcis.
1637 4238 1785 4294 Hanc

184 4340 479 4391 vanitatem
506 4343 895 4390 commemorat
914 4334 1082 4388 Isaias
1103 4332 1323 4388 dicens:
1352 4330 1530 4387 Omnis
1563 4347 1682 4386 caro
1710 4335 1787 4402 [eo

186 4447 328 4493 utrm,
361 4440 406 4484 et
433 4428 593 4482 omnis
612 4427 777 4498 gloria
815 4430 923 4496 ejus
945 4425 1090 4496 quasi
1127 4411 1224 4495 [los
1255 4425 1359 4494 feni
1388 4425 1558 4478 :aruit
1585 4425 1780 4493 fenum,

185 4535 232 4579 et
271 4525 370 4594 [los
409 4521 520 4592 ejus
561 4519 785 4584 decidit;
825 4517 1027 4572 uerbum
1067 4527 1235 4571 autem
1279 4515 1486 4570 Domini
1523 4526 1689 4570 manet
1730 4516 1784 4571 in

184 4628 435 4669 etei-num
466 4609 618 4684 (lsai.
665 4626 753 4673 χι..
785 4609 901 4679 68).
946 4608 1058 4678 Ego
1103 4616 1317 4672 autem,
1364 4622 1468 4661 non
1513 4605 1785 4677 quomodo

187 4706 264 4760 illi
295 4705 386 4775 qui
417 4713 637 4776 sperant
666 4703 719 4756 in
761 4702 1015 4764 vanitate,
1058 4709 1111 4756 et
1136 4700 1226 4769 qui
1255 4699 1546 4754 observant
1574 4701 1783 4755 vanita-

187 4807 334 4859 tem;
364 4796 460 4850 sed
491 4795 543 4848 in
570 4793 798 4847 Domino
822 4791 1051 4862 speravi,
1082 4790 1173 4861 qui
1204 4805 1308 4845 non
1338 4801 1421 4845 est
1450 4792 1678 4844 vanitas.

260 4889 350 4944 15.
393 4885 546 4961 [vers.
572 4882 651 4959 8.]
691 4883 994 4951 Exsultabo,
1022 4893 1070 4940 et
1086 4881 1483 4953 jucunddtorin
1508 4891 1596 4936 tua
1633 4882 1786 4936 mise-

185 4981 412 5036 ricordia
450 4993 470 5033 :
499 4995 604 5033 non
632 4979 682 5032 in
711 4992 829 5032 mea
863 4977 1087 5045 justitia.
1121 4974 1256 5043 Quia
1283 4977 1547 5046 respexisti
1574 4977 1783 5030 humili-

187 5082 344 5127 tatem
382 5085 570 5137 meam,
613 5069 804 5124 saluam
845 5068 1006 5142 fecisti
1043 5067 1107 5122 de
1145 5067 1520 5123 necessitatibus
1561 5069 1819 5123 animam;

187 5180 354 5218 meam
378 5179 398 5217 :
423 5178 514 5216 nec
541 5160 832 5216 conclusisti
857 5177 937 5215 me
963 5161 1017 5213 in
1048 5175 1229 5214 manus
1257 5147 1470 5216 inimici.
1503 5160 1633 5228 Qua:
1662 5170 1789 5214 sunt

188 5254 567 5320 necessitates,
591 5251 736 5308 unde
763 5251 1007 5307 volumus
1033 5251 1234 5305 salvam
1262 5250 1373 5305 lieri
1427 5253 1657 5305 animam
1692 5268 1789 5305 no-

186 5357 355 5402 stram
373 5346 398 5398 ?
419 5344 548 5412 Quis
570 5359 662 5399 eos
686 5343 987 5398 enumerel?
1003 5341 1121 5412 quis
1146 5342 1303 5411 digne
1325 5342 1644 5411 exaggeret?
1667 5344 1787 5412 quis

190 5453 427 5510 congrue
449 5435 692 5490 vitandas
718 5433 1098 5506 fugiendusque
1122 5433 1504 5488 commendet?
1531 5435 1711 5489 Primo
1731 5434 1784 5488 in

189 5544 391 5600 genere
422 5527 657 5582 humano
685 5525 818 5581 dura
851 5525 1164 5590 necessitas,
1197 5526 1402 5580 nescire
1427 5541 1520 5579 cor
1543 5526 1783 5592 alterius,

190 5621 328 5676 male
358 5621 562 5674 sentire
591 5617 906 5688 plerumque
932 5615 1001 5671 de
1027 5617 1201 5671 amico
1229 5615 1389 5678 lldeli,
1424 5616 1559 5671 bene
1584 5617 1786 5673 sentire

192 5715 508 5784 plerumque
537 5709 604 5765 de
632 5709 809 5764 amico
839 5707 1058 5763 inﬁdeli.
1108 5705 1154 5764 0
1193 5707 1325 5762 dura
1358 5709 1684 5764 necessitas!
1719 5707 1788 5764 Et

189 5801 314 5874 quid
347 5800 478 5855 facis
508 5808 565 5855 ut
593 5798 756 5854 corda
800 5797 1089 5869 inspicias?
1131 5814 1292 5870 quem
1327 5799 1545 5854 oculum
1589 5798 1786 5869 affers,

190 5894 400 5950 inﬁrma
430 5903 484 5949 et
511 5887 816 5966 plangenda
846 5890 1182 5948 mortalitas?
1204 5889 1334 5961 quid
1362 5891 1490 5950 tat-is
1517 5901 1577 5948 ut
1603 5891 1788 5951 videas

1333 458 1732 517 ENARRATIO
1771 457 1835 513 IN
1873 458 2194 519 PSALMUM
2226 465 2394 522 XXX.

3376 478 3486 537 938

1885 573 2045 631 hodie
2068 592 2163 633 cor
2186 581 2363 636 fratris
2389 582 2506 637 tui?
2527 583 2641 639 Non
2665 584 2831 642 habes
2859 590 2982 658 quid
3010 590 3191 646 facias.
3222 594 3339 648 Alia
3369 611 3482 652 ma-

1874 664 1963 737 jor
1996 672 2306 760 necessitas,
2341 689 2441 727 nec
2472 684 2618 728 tuum
2652 679 2800 732 vides
2841 681 2996 746 quale
3025 684 3125 735 erit
3166 700 3306 738 cras.
3335 685 3476 753 Quid

1876 760 1987 829 jam
2014 761 2186 816 dicam
2215 763 2281 818 de
2307 767 2716 822 necessitatibus
2747 770 2911 837 ipsius
2937 774 3312 830 mortalitatis?
3341 778 3474 833 Mori

1884 866 2105 906 necesse
2134 864 2235 914 est,
2283 863 2337 908 et
2384 873 2543 910 nemo
2576 859 2708 913 vult.
2751 859 2922 914 Nemo
2952 865 3063 916 vult
3089 866 3227 933 quod
3257 882 3482 923 necesse

1886 951 1988 996 est.
2017 942 2184 997 Nemo
2212 945 2342 1010 vult,
2371 948 2513 1018 quod
2540 951 2643 1004 erit
2663 952 2789 1006 velit
2817 953 2968 1008 nolit.
2998 955 3135 1010 Dura
3165 962 3485 1023 necessitas,

1883 1033 2024 1087 nolle
2064 1035 2203 1104 quod
2253 1053 2357 1090 non
2401 1049 2575 1106 potest
2614 1043 2823 1097 evitari.
2857 1045 2988 1099 Nam
3034 1049 3077 1102 si
3121 1048 3230 1105 ﬁeri
3279 1066 3473 1123 posset,

1885 1124 2149 1180 nollemus
2197 1128 2378 1198 utique
2422 1132 2594 1197 mori;
2645 1142 2698 1187 et
2729 1133 2868 1190 efﬁci
2899 1138 3040 1207 quod
3076 1141 3262 1210 Angcli
3311 1145 3483 1199 velle-

1883 1231 2030 1280 mus,
2078 1217 2171 1272 sed
2225 1222 2647 1279 commutatione
2673 1225 2899 1294 quadam
2921 1269 2934 1292 ,
2969 1244 3074 1284 non
3105 1243 3307 1301 morte,
3342 1234 3481 1297 sicut

1882 1308 2013 1363 dicit
2044 1310 2334 1376 Apostolus
2363 1331 2376 1366 :
2410 1312 2832 1383 zEdiﬁcationem
2861 1319 3098 1378 habemus
3127 1342 3191 1378 ex
3218 1324 3347 1392 Deo,
3381 1329 3477 1383 do-

1882 1416 2019 1453 mum
2039 1417 2140 1454 non
2170 1405 2537 1474 ntanufactam,
2556 1415 2796 1461 aeternam
2830 1410 2881 1463 in
2905 1410 3061 1465 cwlis.
3087 1412 3286 1469 Etenim
3308 1418 3358 1469 in
3382 1418 3478 1472 hoc

1882 1493 2276 1564 ingemiscimus,
2319 1497 2665 1553 habitaculum
2708 1511 2935 1556 nostrum
2960 1504 3098 1571 quod
3131 1506 3194 1560 de
3217 1509 3344 1562 caelo
3380 1521 3474 1573 est,

1883 1586 2182 1655 superindtti
2203 1589 2492 1656 cupientes;
2514 1591 2559 1643 si
2579 1602 2747 1647 tamen
2768 1592 2951 1659 induti,
2973 1605 3020 1648 et
3053 1613 3155 1650 non
3187 1599 3312 1652 nudi
3336 1600 3480 1654 inve-

1883 1679 2104 1731 niamur.
2144 1678 2344 1733 Etenim
2369 1681 2456 1748 qui
2479 1698 2654 1736 sumus
2702 1684 2757 1738 in
2781 1683 2878 1738 hac
2909 1686 3237 1753 habitatione,
3268 1691 3480 1762 ingemi-

1884 1769 2070 1824 seimus
2093 1772 2309 1840 grai-oti,
2338 1774 2390 1826 in
2415 1790 2513 1842 quo
2543 1773 2779 1830 nolumus
2805 1777 3098 1847 easpoliari,
3130 1781 3218 1833 sed
3240 1798 3482 1853 superve-

1884 1860 2013 1923 stiri,
2047 1870 2100 1914 ut
2128 1861 2451 1916 absorbeatur
2479 1866 2693 1920 mortale
2727 1883 2758 1919 a
2802 1869 2902 1921 vita
2928 1867 2948 1942 (
2971 1867 3012 1923 ll
3056 1869 3175 1925 Cor.
3225 1889 3274 1938 v,
3322 1874 3414 1929 1-4
3436 1875 3478 1943 ξ.

1888 1950 2141 2006 Volumus
2177 1955 2453 2022 pervenire
2481 1955 2549 2010 ad
2578 1971 2801 2028 regnum
2846 1958 2962 2027 Dei,
3000 1960 3096 2016 sed
3127 1977 3222 2031 per
3248 1974 3478 2020 mortem

1885 2042 2131 2097 nolumus
2161 2062 2174 2098 :
2206 2054 2257 2099 et
2291 2054 2470 2101 tamen
2499 2047 2627 2102 dicit
2659 2048 2751 2103 tibi
2791 2051 3102 2116 necessitas,
3137 2053 3248 2110 llae
3273 2058 3479 2112 venies.

1885 2131 1997 2187 llac
2037 2135 2223 2189 venire
2265 2135 2693 2204 dubitas,homo,
2745 2155 2866 2194 cum
2917 2141 3017 2196 hac
3062 2143 3131 2198 ad
3179 2154 3230 2200 te
3273 2147 3480 2203 venerit

1889 2222 2030 2278 Deus
2050 2223 2073 2276 ?
2097 2223 2227 2291 Quae
2257 2235 2384 2279 sunt
2408 2228 2568 2281 etiam
2597 2230 2946 2287 necessitates
2975 2232 3355 2292 vincendarum
3389 2255 3479 2293 vc-

1892 2317 2307 2372 tustissituarum
2337 2318 2688 2388 cupiditatum
2711 2362 2726 2386 ,
2758 2331 2811 2376 et
2854 2338 3179 2381 annosarnm
3220 2330 3481 2385 malarum

1884 2411 2377 2466 consuetudinum?
2425 2413 2650 2469 Vincere
2697 2416 3159 2482 consuetudinem,
3206 2421 3340 2476 dura
3383 2438 3479 2491 pu-

1885 2517 2011 2573 gna,
2042 2504 2203 2557 nosti.
2240 2503 2399 2558 Vides
2426 2520 2584 2574 quam
2613 2507 2753 2560 male
2782 2506 2963 2574 iacias,
2995 2525 3154 2580 quam
3185 2511 3478 2570 detestabi-

1886 2595 2031 2660 liter,
2062 2611 2222 2665 quam
2253 2595 2572 2662 infeliciter;
2601 2605 2654 2651 et
2685 2596 2815 2652 facis
2846 2605 3022 2653 tamen
3069 2617 3084 2649 :
3133 2600 3306 2656 fecisti
3339 2605 3480 2673 lteri,

1886 2685 2122 2742 {acturus
2163 2703 2225 2742 es
2269 2686 2453 2743 hodie.
2494 2688 2549 2742 Si
2590 2687 2666 2742 sic
2693 2687 2786 2742 tibi
2814 2689 3061 2759 displicet
3088 2707 3212 2746 cum
3242 2693 3482 2764 disputo.

1886 2778 2155 2847 quomodo
2182 2777 2426 2849 displicet
2457 2779 2551 2833 tibi
2581 2793 2701 2834 cum
2729 2781 2970 2851 cogitas?
3011 2781 3078 2836 Et
3107 2793 3284 2839 tamen
3311 2785 3484 2841 laetu-

1885 2884 1979 2924 rus
2025 2884 2084 2923 es
2128 2868 2251 2924 hoc.
2283 2869 2434 2925 Unde
2462 2869 2705 2939 raperis?
2748 2872 2867 2941 quis
2898 2880 2950 2926 te
2983 2873 3248 2941 captivum
3281 2876 3484 2931 trahit?

1886 2961 1970 3016 An
2004 2960 2090 3016 illa
2136 2962 2221 3015 lcx
2270 2961 2322 3016 in
2369 2962 2625 3016 membris
2669 2963 2773 3017 tuis
2806 2979 3112 3033 repugnans
3155 2966 3258 3036 legi
3288 2978 3483 3023 mentis

1888 3051 2032 3106 tute?
2062 3050 2242 3105 Clama
2268 3067 2397 3122 ergo
2424 3067 2437 3104 :
2468 3049 2664 3122 Infelix
2691 3069 2781 3122 ego
2814 3053 2982 3117 homo,
3013 3057 3125 3123 quis
3151 3071 3229 3109 me
3253 3056 3483 3111 liberabit

1886 3145 1950 3198 de
1966 3160 2178 3216 corpore
2197 3143 2368 3197 mortis
2389 3144 2542 3214 hujus
2555 3144 2581 3197 .9
2602 3142 2782 3198 Gratia
2803 3143 2902 3199 Dei
2922 3162 3011 3216 per
3028 3145 3062 3199 Ι
3067 3163 3205 3200 esum
3230 3146 3485 3202 Christum

1886 3233 2167 3292 Dominum
2197 3247 2424 3289 nostrum
2460 3235 2648 3307 (Rom.
2676 3252 2771 3303 vtt,
2803 3235 2946 3307 25);
2978 3247 3030 3292 et
3061 3239 3314 3308 impletur
3350 3240 3402 3295 in
3433 3251 3489 3296 te

1886 3325 2030 3396 quod
2062 3325 2223 3380 modo
2263 3325 2527 3391 diximus,
2565 3326 2676 3398 Ego
2703 3337 2870 3382 autent
2908 3329 2959 3381 in
2994 3328 3214 3384 Domino
3243 3332 3482 3402 speravi:
3575 3355 3578 3358 η

1887 3419 2170 3477 exsultabo.
2195 3427 2242 3472 et
2259 3419 2589 3488 jucundabor
2618 3420 2669 3471 in
2698 3430 2782 3471 tua
2811 3421 3193 3486 misericordia;
3214 3423 3340 3491 quia
3395 3439 3482 3476 re-

1887 3513 2097 3580 spexisti
2114 3511 2444 3564 humilitatem
2461 3527 2647 3579 nteant,
2672 3513 2864 3566 salvam
2891 3514 3057 3583 fecisti
3084 3512 3147 3566 de
3171 3514 3482 3568 necessitati-

1887 3603 1978 3656 bus
2005 3603 2226 3655 auimam
2254 3619 2435 3656 meam.
2487 3601 2635 3657 Unde
2661 3603 2806 3656 enim
2849 3603 2981 3657 facta
3007 3613 3090 3658 est
3115 3605 3259 3659 salva
3285 3604 3354 3660 de
3382 3621 3482 3661 ne-

1888 3695 2227 3749 cessitatibus
2248 3695 2422 3748 anima
2447 3703 2556 3759 tua,
2578 3695 2676 3749 nisi
2699 3695 2820 3763 quia
2845 3705 3085 3765 rcspecta
3108 3705 3190 3750 est
3211 3695 3485 3753 humilitas

1889 3788 2005 3842 tua?
2030 3787 2141 3841 Nisi
2171 3788 2315 3856 prius
2346 3787 2725 3845 liumiliareris.
2750 3802 2854 3842 non
2877 3796 2927 3841 te
2948 3789 3244 3851 exaudiret,
3266 3790 3356 3859 qui
3380 3798 3432 3845 te
3452 3804 3484 3844 α

1890 3877 2300 3933 necessitatibus
2324 3878 2595 3932 liberaret.
2625 3877 2942 3932 llumiliatus
2969 3879 3159 3949 estqui
3187 3879 3360 3934 dixit:
3390 3878 3486 3934 ln-

1891 3971 2016 4038 [elix
2041 3987 2130 4041 ego
2161 3971 2332 4034 homo,
2365 3969 2475 4035 quis
2504 3985 2582 4022 me
2611 3968 2839 4022 liberabit
2869 3968 2932 4022 de
2951 3985 3162 4040 corpore
3183 3970 3361 4025 mortis
3385 3970 3485 4024 [tuo

1882 4061 2014 4132 jus?
2035 4061 2150 4115 Non
2179 4069 2304 4114 sunt
2329 4060 2608 4124 humiliati,
2651 4059 2742 4130 qui
2769 4063 3057 4130 ignorantes
3085 4059 3183 4116 Dei
3199 4061 3481 4131 justitiam,

1888 4165 1937 4208 et
1961 4171 2106 4208 suam
2129 4156 2348 4208 volentes
2373 4153 2692 4219 constituere,
2717 4153 2935 4224 jnstitia:
2969 4154 3066 4208 Dei
3090 4171 3192 4208 non
3218 4165 3334 4209 sunt
3361 4156 3484 4210 sub-

1879 4247 2006 4317 jecti
2032 4245 2141 4319 (Id.
2173 4262 2226 4312 x,
2259 4246 2342 4316 5)?

1967 4339 2052 4392 M.
2095 4337 2241 4411 [vers.
2275 4335 2356 4412 9.]
2397 4335 2510 4391 Nec
2540 4336 2834 4391 conclusisti
2859 4353 2938 4389 me
2964 4337 3016 4389 in
3042 4353 3221 4391 manus
3248 4336 3436 4391 inimici
3475 4356 3492 4392 :

1891 4445 1998 4484 non
2026 4429 2187 4484 vicini
2221 4427 2318 4494 tui,
2348 4444 2453 4483 non
2484 4428 2935 4496 compossessoris
2965 4428 3061 4492 tui,
3090 4443 3194 4481 non
3223 4427 3341 4497 ejus
3361 4443 3483 4484 cum

1891 4530 1998 4585 quo
2028 4513 2267 4568 militasti
2295 4523 2348 4568 ct
2373 4527 2494 4566 eum
2526 4513 2711 4566 lmsisti
2731 4553 2748 4579 ,
2776 4522 2868 4566 aut
2907 4510 3045 4565 forte
3072 4509 3126 4564 in
3154 4521 3239 4564 tua
3270 4511 3487 4566 civitate

1893 4607 2140 4678 iniuriam
2181 4607 2228 4661 ei
2257 4605 2462 4667 fecisti;
2498 4605 2584 4659 isti
2629 4603 2772 4659 enim
2805 4603 2940 4659 tales
2984 4610 3110 4658 sunt
3151 4619 3248 4673 pro
3290 4603 3486 4674 quibus

1892 4714 2048 4754 orare
2075 4698 2352 4752 debemus.
2384 4697 2558 4750 Alium
2589 4694 2847 4749 habemus
2869 4693 3167 4758 inimicum,
3191 4691 3487 4761 diabolum,

1892 4799 2196 4862 serpentem
2236 4790 2535 4859 antiquum.
2580 4787 2781 4842 Omnes
2801 4785 3115 4852 morientes,
3139 4786 3184 4840 si
3214 4785 3353 4841 bene
3374 4799 3488 4840 mo-

1893 4883 2115 4946 riamur,
2143 4881 2210 4933 ab
2236 4880 2354 4948 ejus
2380 4878 2627 4933 manibus
2653 4878 2960 4956 liberamur.
2986 4876 3321 4945 Quicumque
3345 4876 3488 4931 enim

1896 4961 2044 5029 male
2065 4974 2365 5028 moriuntur
2405 4973 2457 5026 in
2490 4972 2602 5026 suis
2633 4970 3030 5040 iniquitatibus,
3077 4969 3128 5022 in
3157 4968 3271 5038 ejus
3303 4983 3494 5022 manus

1894 5065 2310 5130 concluduntur,
2339 5071 2396 5117 ut
2422 5077 2542 5116 cum
2575 5061 2664 5115 illo
2695 5061 2747 5114 in
2778 5059 2884 5114 line
2909 5061 3252 5113 damnentur.
3279 5058 3495 5112 Liberat

1897 5171 2024 5225 ergo
2058 5170 2154 5208 nos
2182 5155 2441 5208 Dominus
2469 5153 2611 5207 Deus
2640 5159 2826 5205 nOsler
2847 5149 2916 5204 de
2945 5165 3107 5204 manu
3165 5150 3364 5202 inimici
3399 5165 3499 5202 no-

1897 5250 1992 5302 stri
2021 5267 2031 5301 :
2063 5248 2150 5301 ille
2167 5247 2310 5301 enim
2332 5260 2430 5300 nos
2449 5260 2546 5313 per
2568 5244 2886 5312 cupiditates
2906 5253 3121 5296 nostras
3145 5242 3256 5294 vult
3278 5255 3496 5309 capere.

1901 5340 2236 5410 Cupiditates
2278 5349 2454 5394 autem
2507 5350 2708 5392 nostra:
2754 5336 2968 5406 quando
3018 5335 3207 5390 validae
3250 5344 3395 5396 sunt,
3441 5342 3500 5390 et

1899 5433 2114 5504 quando
2159 5434 2237 5487 eis
2289 5432 2576 5496 servimus,
2623 5428 2972 5484 necessitates
3010 5436 3291 5480 vocantur.
3333 5424 3495 5478 Libe-

1901 5537 2054 5580 rantc
2081 5534 2258 5579 autem
2292 5525 2400 5579 Deo
2440 5524 2675 5577 animam
2720 5529 2957 5575 nostram
2987 5519 3056 5575 de
3086 5517 3499 5573 necessitatibus

1900 5619 2098 5674 no~tris
2118 5659 2134 5684 ,
2162 5618 2288 5686 quid
2320 5618 2422 5672 erit
2451 5615 2593 5685 quod
2623 5619 2676 5670 in
2707 5613 2864 5670 nobis
2910 5621 3091 5668 teneat
3117 5610 3404 5677 inimicus,
3434 5619 3497 5664 ut

1901 5711 2286 5767 concludantur
2315 5710 2367 5764 in
2397 5722 2587 5762 manus
2623 5707 2778 5777 ejus?

1975 5803 2062 5857 15.
2110 5800 2348 5856 Statnisti
2389 5801 2440 5853 in
2467 5800 2690 5868 spatioso
2720 5797 2868 5867 pedes
2894 5811 3051 5850 meos.
3093 5795 3250 5851 Certe
3275 5806 3501 5851 ειιιέιιετη

1904 5898 1986 5953 via
2010 5906 2089 5953 est
2113 5893 2327 5968 (Matth.
2359 5909 2450 5959 vtt,
2482 5893 2572 5964 ll)
2599 5910 2609 5944 :
2641 5891 2900 5949 laboranti
2923 5901 3146 5964 anguSta
3170 5899 3275 5958 est,
3302 5880 3510 5946 amatt‘
