4008 6328
482 444 589 501 *239

490 562 595 613 lata
624 563 726 609 est.
759 547 958 603 Eadem
983 556 1101 612 qua:
1124 542 1347 607 angusta
1374 538 1477 593 est,
1496 528 1602 591 lata
1634 525 1710 579 fit.
1741 523 1805 576 In
1831 519 2077 591 spatioso,

484 650 631 711 dicit,
680 639 891 714 posuisti
943 610 1091 705 pedes
1132 644 1290 694 meos,
1338 641 1406 680 ne
1450 618 1714 691 angustati
1761 615 1925 686 pedes
1973 610 2078 664 mei

486 746 628 799 irent
656 740 712 792 in
749 750 837 798 se,
880 739 933 784 ct
963 720 1285 781 iucurrendo
1316 719 1370 773 in
1396 732 1453 771 se
1479 712 1773 782 dejicerent
1800 720 1900 760 me.
1938 703 2079 772 Ergo

490 834 616 912 Quid
645 832 740 896 ait,
765 821 992 881 Posuisti
1018 820 1070 872 in
1093 814 1316 886 spatioso
1341 809 1491 881 pedes
1512 802 1689 858 meos?
1712 799 1878 855 Plane
1908 792 2083 850 fecisti

1426 898 1494 912 --ο
1622 905 1634 912 -
1670 888 1947 912 _‘~-“-_.a-
1978 883 2058 912 λεν

493 883 623 983 inihi
655 883 863 978 facilem
892 912 1175 987 justitiam,
1206 920 1326 977 qua:
1368 898 1499 957 mihi
1525 905 1640 953 erat
1665 888 1950 963 aliquando
1975 883 2085 940 dif-

494 1018 684 1077 l'lcilis:
716 1013 820 1068 hoc
848 1018 950 1071 est,
983 999 1213 1059 Posuisti
1233 997 1289 1050 in
1309 992 1534 1063 spatioso
1555 987 1706 1060 pedes
1728 999 1883 1038 meos.

566 1071 652 1165 l6.
695 1104 848 1178 [vera
875 1099 964 1161 10,
992 1092 1105 1165 IL]
1145 1088 1390 1144 Miserere
1421 1082 1541 1148 mei,
1579 1078 1816 1142 Domine,
1848 1088 1967 1145 qua»
1985 1071 2089 1125 iam

497 1168 732 1263 b'ibulor:
756 1189 1080 1249 conturbatus
1101 1192 1173 1238 est
1198 1182 1251 1235 in
1276 1180 1356 1233 ira
1375 1175 1552 1230 oculus
1573 1186 1732 1234 meus,
1754 1168 1929 1221 anima
1954 1179 2088 1229 mea,

497 1302 541 1344 et
578 1259 749 1345 venter
781 1298 943 1337 meus.
976 1275 1233 1346 Quoniam
1257 1267 1439 1343 defecit
1473 1266 1527 1318 in
1553 1262 1732 1317 dolore
1754 1259 1857 1312 vita
1891 1272 2023 1322 mea,
2045 1261 2093 1308 et

495 1344 618 1435 anni
647 1378 744 1433 mei
769 1376 822 1429 in
850 1344 1140 1445 gemit-ibus.
1169 1360 1415 1419 Sufficiat
1440 1352 1695 1411 Charitati
1729 1350 1931 1405 Vestra:
1950 1390 1965 1411 ,
1999 1344 2095 1399 ad-

494 1476 715 1543 juvante
743 1441 973 1522 Domino
1002 1454 1246 1515 fortassis
1284 1447 1627 1520 implebimus
1656 1441 1922 1507 debitum,
1953 1445 2011 1491 ut
2042 1444 2099 1491 et

505 1538 722 1621 Psalmo
746 1562 962 1630 peracto
987 1548 1391 1623 proficiscamur
1419 1538 1524 1610 (a).

1167 1672 1342 1715 SERIO
1379 1670 1436 1708 Π.

917 1779 999 1833 De
1028 1774 1195 1829 medio
1222 1768 1448 1841 ejusdem
1473 1760 1691 1819 Psalmi.

578 1899 628 1951 i.
672 1894 750 1950 Ad
780 1892 980 1961 reliqua
1007 1884 1199 1941 Psalmi
1232 1888 1413 1937 nostra
1441 1880 1743 1931 revertatur
1769 1866 2024 1931 intentio,
2050 1871 2107 1919 et

510 2003 611 2043 nos
633 1989 775 2056 ipsos
798 1991 1153 2052 agnoscamus
1168 1977 1220 2028 in
1236 1970 1413 2027 verbis
1437 1964 1740 2035 Prophetas.
1768 1958 2027 2028 Quoniam
2059 1954 2104 2009 si

519 2096 618 2136 nos
644 2046 1037 2144 inspexerimus
1082 2068 1137 2121 in
1180 2073 1420 2131 tempore
1464 2050 1840 2112 tribulationis,
1900 2046 2105 2117 gaude-

515 2174 693 2227 bimus
732 2170 783 2223 in
828 2175 1069 2232 tempore
1139 2151 1526 2211 retributionis.
1593 2139 2104 2201 Commendaveram

518 2261 776 2321 Charitati
812 2228 1038 2321 Vestrze,
1076 2264 1197 2306 eum
1254 2245 1453 2316 primas
1499 2246 1681 2311 partes
1728 2235 1886 2305 hujus
1915 2228 2107 2301 psalmi

514 2365 837 2426 exponerem
880 2347 989 2420 (b),
1045 2341 1189 2413 quod
1228 2335 1475 2393 Christus
1530 2332 1815 2400 loquatur;
1868 2331 1923 2377 et
1973 2333 2109 2422 que-

514 2411 676 2505 modo
714 2444 783 2498 sit
830 2411 1175 2508 accipiendos
1234 2427 1487 2484 Christus
1554 2429 1696 2475 totus
1756 2430 1880 2471 cum
1936 2411 2111 2480 capite

514 2548 571 2595 et
595 2548 839 2606 corpore,
863 2502 970 2585 non
999 2536 1270 2581 tacueram
1294 2536 1309 2572 :
1334 2510 1655 2572 testimoniis
1680 2508 1841 2564 etiam
1867 2502 2111 2573 Scriptu-

516 2592 734 2691 rarum',
764 2631 1022 2694 quantum
1050 2614 1182 2671 mihi
1209 2611 1441 2671 videtur,
1472 2604 1605 2661 satis
1633 2598 1844 2656 idoneis
1868 2592 2112 2650 luculen-

518 2723 695 2789 lisque
716 2689 1097 2773 firinaveram;
1126 2707 1199 2760 ita
1227 2709 1288 2757 ut
1305 2697 1527 2755 omnino
1546 2689 1776 2749 dubitari
1801 2701 1907 2743 non
1934 2693 2118 2755 posset

516 2814 788 2869 Christum
818 2820 939 2864 esse
966 2809 1129 2870 caput
1155 2807 1209 2852 et
1237 2806 1453 2862 corpus,
1482 2799 1737 2859 sponsum
1759 2790 1815 2837 et
1838 2790 2114 2850 sponsam,

522 2906 717 2963 Filium
747 2899 840 2956 Dei
879 2905 934 2953 et
967 2869 1303 2949 Ecclesiam,
1347 2882 1539 2938 Filium
1580 2877 1675 2932 Dei
1716 2875 1914 2929 factum
1945 2869 2117 2924 filium

522 2961 758 3053 hominis
782 2996 1002 3062 propter
1025 2997 1155 3049 nos,
1188 2986 1248 3034 ut
1276 2977 1413 3057 filios
1452 2970 1727 3026 hominum
1756 2965 1956 3020 faceret
1982 2961 2119 3014 filios

522 3087 659 3152 Dei;
688 3058 853 3154 atque
878 3058 947 3134 ita
974 3081 1157 3133 essent
1180 3070 1288 3126 duo
1314 3067 1367 3122 in
1392 3077 1558 3121 carne
1577 3074 1683 3115 una
1708 3058 1764 3112 in
1783 3058 2121 3110 sacramento

526 3144 891 3251 magum-qui
937 3171 1299 3241 agnoscuntur
1342 3160 1393 3212 in
1435 3151 1719 3224 PrOphetis
1759 3148 1867 3203 duo
1906 3144 1960 3200 in
1988 3156 2123 3198 voce

528 3232 655 3327 un;
681 3232 1247 3327 Gratillatio'superius
1268 3260 1525 3318 expressa
1554 3251 1637 3298 est
1661 3238 1831 3310 ipsius
1855 3232 2120 3291 dicentis:

531 3358 814 3432 Respexisti
843 3325 1175 3407 humilitatem
1202 3357 1394 3405 meam,
1423 3334 1618 3391 saluam
1655 3328 1817 3404 fecisti
1846 3325 1911 3380 de
1949 3338 2125 3379 neces-

529 3418 760 3510 sitaiibus
789 3448 1014 3502 animam
1056 3453 1218 3494 meam
1240 3478 1254 3497 ,
1296 3448 1385 3486 nec
1414 3422 1708 3482 conclusisti
1750 3435 1832 3474 me
1856 3418 1911 3471 in
1946 3428 2127 3468 manus

533 3545 746 3606 inimici,
777 3536 994 3595 statuisti
1019 3534 1071 3586 in
1104 3531 1214 3584 loco
1244 3525 1465 3597 spatioso
1492 3518 1643 3589 pedes
1668 3529 1805 3568 meos
1830 3526 1849 3565 :
1885 3505 2126 3581 gratula-

533 3642 611 3693 tio
639 3647 720 3692 est
735 3603 958 3688 liberati
1001 3622 1237 3679 hominis
1278 3634 1308 3671 a
1349 3611 1729 3670 tribulatione,
1776 3603 2125 3658 liberatorum

536 3690 900 3787 membrorum
927 3714 1123 3774 Christi
1152 3714 1220 3767 ab
1245 3705 1536 3763 afflictione
1562 3709 1618 3754 et
1644 3693 1873 3750 insidiis.
1908 3690 1976 3745 Et
2003 3702 2127 3742 rur-

534 3836 627 3877 sus
651 3817 781 3874 dicit
809 3833 824 3870 :
852 3811 1094 3867 Miserere
1116 3803 1237 3868 mei,
1268 3796 1509 3863 Domine,
1537 3789 1777 3863 quoniam
1802 3782 2037 3839 tribulor.
2069 3778 2127 3833 In

537 3868 882 3966 tribulatione
905 3898 1093 3969 utique
1124 3888 1367 3964 angustia
1393 3891 1478 3941 est
1500 3899 1515 3936 :
1538 3875 1811 3952 quomodo
1838 3886 1987 3943 ergo,
2025 3868 2132 3923 Po-

515 3989 519 3994 ’
538 3986 682 4056 suisti
706 4000 760 4053 in
780 3967 1016 4066 spatioso
1028 3987 1185 4060 pedes
1209 3978 1387 4037 meos?
1405 3977 1459 4033 Si
1482 3973 1658 4066 adhuc
1677 3967 1980 4029 tribulatur,
1994 3976 2135 4066 quo.

538 4054 703 4147 modo
731 4054 855 4143 sunt
893 4084 946 4137 in
976 4054 1216 4150 spatioso
1242 4068 1445 4143 pedes?
1485 4067 1567 4121 An
1598 4062 1737 4119 forte
1776 4073 1879 4115 una
1918 4054 2135 4150 quidem

538 4146 644 4239 vos
670 4190 753 4239 est
772 4221 788 4248 ,
815 4179 937 4250 quia
968 4146 1133 4228 unum
1159 4166 1377 4239 quidem
1405 4172 1635 4229 corpus;
1664 4153 1759 4210 sed
1790 4152 1845 4206 in
1869 4146 2138 4219 aliquibus

542 4235 798 4332 membris
830 4235 1059 4339 gpatium
1090 4235 1342 4319 sentitur,
1375 4254 1430 4307 in
1471 4247 1738 4319 aliquibus
1778 4240 2019 4313 angustia
2042 4279 2056 4304 ,
2084 4235 2138 4292 id

546 4329 651 4433 is,
686 4364 774 4419 alii
802 4329 1039 4416 senium
1066 4350 1378 4429 facilitatem
1405 4341 1648 4414 justitim,
1681 4336 1771 4392 alii
1804 4333 2055 4388 laborant
2081 4329 2138 4382 in

546 4417 930 4515 tribulatione?
957 4425 1090 4504 Nam
1118 4445 1165 4499 si
1192 4456 1297 4496 non
1320 4437 1423 4491 alia
1446 4431 1686 4488 membra
1709 4425 1859 4489 illud,
1889 4422 1992 4477 alia
2012 4417 2143 4475 illud

550 4605 857 4709 inembrum,
873 4630 1249 4703 compatiuntur
1269 4623 1441 4677 omnia
1464 4614 1722 4677 membra;
1742 4619 1791 4664 et
1813 4609 1856 4663 si
1880 4605 2145 4678 gloriﬁca-

552 4749 635 4791 tur
664 4747 823 4788 unum
852 4704 1149 4783 membrum,
1170 4710 1491 4786 congaudent
1517 4706 1689 4762 omnia
1712 4699 1935 4756 membra
1959 4695 2001 4769 (l
2024 4694 2143 4750 Cor.

648 4785 679 4890 ,_
701 4785 825 4889 26).
859 4817 1067 4885 Aliquce
1098 4785 1389 4869 Ecclesia,
1419 4798 1566 4854 verbi
1596 4793 1765 4868 gratia
1786 4834 1801 4858 ,
1831 4803 2017 4861 pacem
2049 4785 2147 4839 lia-

556 4886 713 4976 betit;
740 4886 928 4978 aliqua:
956 4906 1008 4958 in
1042 4898 1379 4955 tribulatione
1401 4901 1526 4947 sunt
1550 4908 1561 4943 :
1591 4890 1642 4941 in
1671 4886 1787 4941 istis
1814 4897 1933 4953 qua:
1960 4894 2147 4950 pacem

560 4970 786 5062 habent,
830 4970 884 5053 in
913 4995 1147 5066 spatioso
1181 4996 1305 5041 sunt
1334 4984 1533 5056 pedes;
1565 4980 1669 5033 illm
1693 4991 1813 5047 qua:
1844 4975 1895 5027 in
1926 4970 2149 5027 tribula-

558 5104 703 5154 tirone
730 5101 871 5154 sunt,
901 5064 1173 5158 angustias
1210 5082 1483 5152 patiuntur
1509 5092 1521 5129 :
1554 5071 1649 5128 sed
1677 5080 1731 5124 et
1759 5070 1891 5123 istos
1945 5064 2149 5119 contri-

558 5188 663 5245 siat
692 5188 903 5241 illorum
929 5177 1278 5237 tribulatio,et
1299 5171 1419 5225 illos
1447 5183 1545 5238 pax
1574 5167 1798 5220 istorum
1819 5158 2148 5216 consolatur.

512 5272 521 5340 ί
560 5284 650 5336 Sic
676 5288 757 5333 est
786 5277 926 5329 enim
960 5284 1124 5323 unum
1148 5279 1364 5334 corpus,
1400 5270 1457 5313 ut
1486 5274 1591 5312 non
1620 5257 1695 5335 sit
1730 5251 2011 5316 discissio;
2045 5263 2150 5303 non

562 5384 740 5426 autem
775 5369 901 5422 facit
925 5360 1292 5418 discissionem
1324 5353 1427 5408 nisi
1466 5348 1750 5404 dissensio.
1781 5343 2027 5399 Charitas
2054 5355 2152 5393 au-

568 5477 672 5519 tem
700 5471 1011 5528 compagem
1056 5452 1199 5529 facit,
1244 5460 1527 5515 compages
1567 5438 1939 5509 complectitur
1976 5433 2153 5488 υηῑω-

566 5572 701 5622 tem,
732 5524 915 5608 unitas
940 5524 1120 5605 serv'at
1155 5544 1497 5604 cllaritatem,
1542 5534 1774 5590 charitas
1812 5528 2053 5599 pervenit
2088 5524 2155 5580 ad

630 5710 706 5773 (ιι)
735 5708 851 5773 ωας
885 5699 1169 5773 intelligere
1194 5688 1723 5773 aerumnis}???
1744 5677 2158 5773 εἶξιοεὶὲεῑξρὲηῗξἪ

569 5737 1168 5837 quiiiitiguin
1195 5737 1427 5837 {metilius
1449 5737 1636 5823 habitos
1670 5737 1720 5796 in
1762 5737 2028 5808 peregrino
2053 5737 2160 5790 loco

568 5815 721 5884 filim—ii
738 5815 807 5879 ’ἐς
816 5815 888 5878 ira
907 5828 1265 5887 Hipponenscm
1290 5815 1570 5887 Fecles‘lam.

800 5878 1053 5956 superiore
1076 5892 1324 5943 sermone,
1352 5891 1400 5927 ιι.
1424 5878 1456 5926 '5
1474 5883 1525 5924 et
1548 5885 1689 5934 seqq.

1690 409 1750 466 S.
1795 399 2165 463 AUGUSTINI
2206 397 2512 457 EPISCOPl

3684 379 3791 436 ειο

2194 512 2520 569 claritatem.
2562 510 2716 566 Dicat
2742 521 2869 578 ergo
2906 521 2970 561 ex
3002 500 3318 576 quibusdam
3354 496 3650 556 membris:
3684 495 3795 551 Hs-

2190 621 2356 660 serere
2384 604 2516 671 mei,
2576 601 2824 666 Domine,
2869 597 3111 667 quoniam
3173 592 3416 654 tribulor;
3468 585 3800 645 conturbatus

2192 706 2265 752 est
2283 698 2336 751 in
2358 696 2437 751 ira
2464 695 2640 749 oculus
2664 708 2826 755 meus,
2848 691 3021 743 anima
3046 704 3157 741 mea
3186 697 3231 740 et
3255 695 3420 739 center
3444 698 3607 737 meus.

2262 789 2318 843 2.
2340 788 2642 855 Quaerimus
2681 785 2824 841 unde
2866 784 2935 839 sit
2959 783 3059 837 ista
3091 780 3364 835 tribulatio
3388 821 3403 847 ,
3430 778 3685 849 quoniam
3720 774 3792 829 li-

2192 878 2410 935 beratus
2439 877 2595 947 paulo
2633 885 2760 929 ante
2800 872 3033 945 gaudere
3072 869 3385 935 videbatur,
3412 867 3619 943 iustitia
3652 880 3758 937 qua
3780 892 3810 903 ο

2194 973 2317 1027 dam
2344 970 2515 1026 infusa
2536 969 2635 1025 sibi
2666 968 2885 1037 largiter
2914 964 3057 1020 dono
3086 962 3222 1027 Dei,
3250 969 3304 1016 et
3340 959 3463 1014 inde
3502 958 3641 1013 facto
3669 971 3804 1027 spa-

2195 1066 2275 1121 tio
2303 1063 2529 1136 pedibus
2569 1061 2682 1118 suis
2710 1062 2763 1115 in
2793 1058 3075 1113 latitudine
3123 1054 3423 1111 charitatis.
3470 1051 3623 1109 Unde
3670 1063 3806 1118 ergo

2197 1165 2253 1211 et
2302 1157 2403 1212 ista
2466 1154 2648 1210 existit
2688 1151 2994 1217 tribulatio,
3043 1149 3146 1203 nisi
3211 1149 3349 1203 forte
3409 1162 3474 1201 ex
3516 1144 3606 1200 illo
3655 1141 3802 1213 quod

2202 1249 2463 1305 Dominus
2488 1247 2619 1302 dicit
2645 1263 2658 1300 :
2695 1243 2947 1311 Quoniam
2977 1242 3250 1296 abundabit
3271 1240 3544 1311 iniquitas,
3579 1236 3805 1308 refrige-

2212 1350 2314 1395 scet
2376 1339 2593 1392 charitas
2634 1336 2910 1389 multorum
2961 1332 3172 1404 (Matth.
3215 1347 3378 1397 xxxv,
3430 1328 3562 1403 12)?
3616 1328 3806 1382 Primo

2201 1432 2345 1489 enim
2397 1428 2769 1487 commendata
2842 1425 3107 1495 paucitate
3164 1432 3492 1489 sanctorum,
3548 1431 3804 1486 tanquam

2203 1525 2381 1581 missis
2427 1522 2668 1587 retibus,
2701 1517 3045 1587 multiplicata
3094 1524 3179 1571 est
3224 1513 3463 1568 Ecclesia
3490 1553 3505 1578 ,
3563 1524 3617 1566 et
3660 1511 3805 1579 capti

2204 1626 2328 1675 sunt
2356 1611 2769 1669 innumerabiles
2789 1652 2804 1674 ,
2834 1610 2901 1664 de
2943 1608 3135 1679 quibus
3166 1605 3482 1676 praedictum
3530 1612 3663 1659 erat.
3698 1602 3809 1656 An-

2207 1708 2439 1765 nuntiavi
2469 1717 2515 1761 et
2540 1707 2741 1760 locutus
2767 1719 2878 1756 sum
2897 1744 2911 1766 ,
2941 1699 3265 1770 multiplicati
3290 1705 3407 1751 sunt
3442 1713 3596 1766 super
3630 1710 3814 1749 nume-

2205 1817 2319 1854 rum
2366 1795 2538 1871 (Psal.
2563 1809 2755 1859 xulx,
2785 1792 2843 1863 6)
2869 1807 2884 1857 ;
2915 1792 3004 1862 qui
3031 1791 3191 1845 etiam
3219 1787 3427 1857 navigia
3464 1792 3809 1857 premerent,

2211 1903 2267 1949 et
2296 1891 2426 1946 retia
2472 1893 2816 1957 rumperent,
2841 1884 2979 1938 sicut
3024 1890 3109 1938 est
3153 1880 3379 1951 positum
3408 1879 3460 1932 in
3508 1878 3594 1933 illa
3638 1877 3813 1947 prima

2210 1980 2503 2055 piscatione
2528 1976 2677 2048 (Luc.
2705 1992 2761 2039 ν,
2782 1975 2837 2048 6)
2870 1984 2995 2029 ante
3018 1972 3323 2043 passionem
3350 1969 3583 2025 Domini.
3619 1968 3696 2021 Ex
3722 1965 3813 2020 his

2211 2076 2371 2146 igitur
2411 2068 2844 2127 multitudinibus
2889 2064 3191 2145 exaggerati
3249 2070 3411 2128 sunt,
3466 2059 3663 2132 quibus
3712 2073 3817 2129 per

2212 2164 2414 2222 Pascha
2450 2162 2528 2218 sic
2568 2159 2926 2217 referciuntur
2960 2155 3203 2212 ecclesiae
3225 2194 3240 2221 ,
3268 2162 3330 2208 ut
3364 2151 3546 2207 turbas
3572 2150 3814 2221 ipsorum

2213 2258 2473 2327 parietum
2522 2260 2733 2307 recuset
2759 2247 3025 2320 angustia.
3058 2243 3339 2313 Quomodo
3367 2251 3547 2297 autem
3574 2254 3682 2295 non
3709 2240 3813 2295 tri-

2213 2350 2425 2405 buletur
2462 2347 2564 2401 iste
2587 2344 2653 2400 de
2681 2343 2780 2399 hac
2822 2339 3161 2396 multitudine
3186 2379 3202 2405 ,
3235 2334 3450 2408 quando
3478 2332 3623 2388 videt
3665 2332 3817 2403 ipsos

2216 2440 2439 2511 implere
2468 2436 2680 2493 theatra
2702 2441 2769 2492 et
2806 2431 3200 2502 amphitheatra
3224 2471 3242 2492 ,
3266 2427 3356 2498 qui
3386 2426 3543 2497 paulo
3567 2434 3691 2480 ante
3717 2438 3817 2502 ec-

2215 2500 2408 2586 clesias
2446 2524 2842 2598 impleverunt?
2885 2500 3032 2594 ipsos
3085 2521 3139 2576 in
3179 2518 3466 2591 nequitiis,
3511 2517 3602 2587 qui
3644 2500 3817 2585 paulo

2217 2632 2343 2677 ante
2371 2620 2425 2674 in
2462 2618 2707 2674 laudibus
2746 2614 2881 2671 Dei?
2907 2615 3052 2684 ipsos
3080 2612 3457 2681 blasphemare
3490 2609 3693 2675 Deum,
3722 2607 3818 2678 qui

2217 2710 2649 2782 respondebant,
2678 2709 2850 2763 Amen
2892 2703 3046 2759 Deo?
3071 2705 3421 2765 Permaneat,
3465 2700 3657 2765 duret,
3706 2714 3816 2752 non

2220 2802 2433 2858 deficiat
2456 2800 2618 2855 etiam
2643 2800 2695 2852 in
2736 2794 3077 2851 multitudine
3102 2793 3318 2863 copiosa
3342 2791 3671 2861 iniquorum,
3689 2788 3817 2860 quia
3877 2786 3885 2795 ‘

2221 2908 2323 2949 nec
2362 2905 2590 2963 granum
2641 2887 2824 2943 deficit
2865 2886 2919 2940 in
2965 2882 3307 2939 multitudine
3358 2880 3658 2951 palearum,
3708 2892 3821 2949 quo

2223 2999 2394 3056 usque
2412 2990 2533 3053 post
2555 2978 2957 3036 ventilationem
2989 2976 3230 3031 mittatur
3257 2975 3308 3028 in
3336 2973 3590 3027 horreum
3614 3010 3632 3035 ,
3660 2976 3720 3026 et
3746 2968 3819 3025 ibi

2224 3078 2295 3133 sit
2322 3076 2374 3130 in
2404 3074 2661 3130 societate
2686 3078 2991 3125 sanctorum
3015 3108 3030 3133 ,
3061 3083 3129 3122 ne
3149 3062 3441 3122 turbulenti
3469 3061 3669 3133 aliquid
3693 3060 3824 3133 pul-

2226 3167 2369 3223 veris
2394 3158 2647 3236 patiatur.
2676 3158 2941 3217 Perduret
2979 3173 3107 3229 ergo
3130 3196 3147 3221 ,
3175 3156 3297 3227 quia
3325 3165 3381 3211 et
3407 3154 3666 3223 Dominus
3692 3167 3821 3207 cum

2227 3261 2468 3324 dixisset,
2502 3256 2755 3325 Quoniam
2783 3251 3057 3307 abundabit
3083 3248 3343 3319 iniquitas,
3379 3247 3670 3317 refrigescet
3693 3244 3824 3299 cha-

2227 3352 2352 3407 ritas
2372 3350 2646 3403 multorum
2668 3361 2689 3413 ;
2713 3359 2784 3401 ne
2821 3340 3176 3415 praenuntiata
3220 3339 3323 3395 ista
3356 3336 3677 3392 abundantia
3716 3334 3827 3390 ini-

2230 3441 2446 3513 quitatis
2474 3439 2715 3495 labarent
2754 3442 3112 3503 nutarentque
3136 3430 3305 3504 pedes
3334 3428 3541 3497 nostri,
3572 3427 3832 3483 continuo

2232 3534 2480 3604 subjecit,
2533 3529 2675 3602 quod
2723 3528 2912 3583 fideles
2964 3525 3219 3597 erigeret,
3271 3522 3417 3594 quod
3460 3520 3837 3576 consolaretur

2232 3640 2391 3697 atque
2412 3624 2667 3685 firmaret,
2686 3619 2900 3675 dicens:
2928 3617 3026 3683 Qui
3065 3612 3452 3686 perseveraverit
3483 3627 3640 3683 usque
3672 3611 3727 3664 in
3771 3610 3837 3679 ﬁ-

2234 3736 2369 3778 nem.
2398 3716 2478 3771 hic
2511 3714 2683 3768 saluus
2706 3711 2800 3765 erit
2829 3708 3044 3780 (Matth.
3075 3720 3222 3767 ΠΝ,
3252 3704 3367 3774 l5).

2306 3811 2359 3866 5.
2390 3806 2624 3863 Attende
2652 3805 2828 3874 itaque
2855 3802 3040 3867 istum,
3069 3804 3329 3869 quantum
3352 3792 3482 3850 mihi
3509 3791 3741 3855 videtur,
3778 3791 3835 3846 in

2239 3902 2339 3957 hac
2370 3897 2711 3954 tribulatione
2745 3892 3118 3949 constitutum.
3140 3886 3364 3955 Quando
3389 3884 3603 3957 quidem
3630 3882 3844 3954 positus

2239 3995 2291 4049 in
2322 3989 2670 4048 tribulatione
2716 3983 2865 4057 quasi
2898 3982 3083 4038 dolere
3102 3980 3326 4036 deberet
3366 3974 3670 4049 (tribulatio
3693 3975 3842 4030 enim

2244 4084 2489 4142 dolorem
2518 4081 2679 4136 habet
2704 4074 3053 4147 congruum),
3081 4067 3270 4128 iratum
3296 4084 3357 4127 se
3383 4069 3514 4124 dicit
3540 4068 3594 4124 in
3616 4066 3843 4122 tribula-

2242 4177 2428 4242 tione,
2480 4181 2537 4229 et
2583 4171 2660 4226 ait
2713 4186 2727 4223 :
2780 4167 3023 4223 Miserere
3085 4164 3222 4231 mei,
3289 4160 3546 4227 Domine,
3602 4157 3847 4229 quamam

2242 4266 2496 4331 tribulor,
2532 4258 2861 4317 conturbatus
2894 4265 2968 4313 est
3011 4255 3066 4310 in
3106 4254 3187 4308 ira
3230 4251 3406 4308 oculus
3440 4266 3606 4306 meus.
3633 4248 3693 4304 Si
3744 4248 3848 4304 tri-

2244 4358 2480 4424 bularis,
2519 4369 2684 4428 quare
2730 4350 3018 4407 irasceris?
3051 4346 3303 4404 Irascitur
3349 4344 3451 4400 iste
3489 4343 3681 4399 alienis
3715 4355 3850 4413 pm-

2246 4450 2398 4505 catis.
2430 4446 2561 4515 Quis
2583 4460 2690 4500 non
2712 4444 2994 4505 irascatur,
3024 4437 3215 4493 videns
3246 4435 3493 4491 homines
3524 4431 3849 4490 confitentes

2249 4556 2343 4597 ore
2384 4540 2583 4603 Deum,
2616 4542 2873 4607 negantes
2906 4529 3179 4587 moribus?
3218 4527 3347 4597 Quis
3399 4541 3508 4583 non
3562 4526 3848 4593 irascatur,

2249 4634 2437 4689 videns
2478 4629 2724 4686 homines
2766 4625 2962 4681 saeculo
2985 4621 3164 4678 verbis
3192 4661 3209 4687 ,
3235 4628 3289 4676 et
3314 4633 3421 4675 non
3463 4616 3618 4673 factis
3645 4624 3853 4673 renun-

2254 4726 2482 4783 tiantes?
2503 4724 2633 4791 Quis
2662 4730 2744 4777 est
2763 4719 2851 4791 qui
2876 4733 2983 4773 non
3011 4717 3272 4771 irascatur
3289 4753 3308 4781 ,
3333 4711 3523 4767 videns
3548 4709 3742 4765 fratres
3762 4712 3851 4765 in-

2252 4820 2509 4874 sidiantes
2540 4813 2793 4869 fratribus
2817 4852 2831 4877 ,
2867 4808 3027 4864 fidem
3053 4822 3161 4862 non
3189 4811 3467 4860 servantes
3495 4801 3682 4857 osculo
3708 4800 3855 4872 quod

2255 4911 2483 4980 infigunt
2512 4907 2566 4960 in
2595 4905 2612 4936 ί
2639 4900 2993 4958 sacramentis
3016 4897 3156 4953 Dei?
3185 4897 3251 4951 Et
3276 4895 3397 4966 quis
3426 4901 3707 4950 enumerat
3738 4907 3855 4947 om-

2258 5003 2367 5067 nia,
2401 4999 2593 5071 quibus
2619 4994 2866 5071 irascitur
2895 5006 3090 5061 corpus
3113 4986 3348 5055 Christi,
3372 4984 3512 5058 quod
3549 4984 3694 5039 intus
3720 4984 3857 5038 vivit

2258 5096 2358 5151 de’
2386 5070 2573 5163 spiritu
2598 5070 2975 5155 Chiisti,quod
3000 5082 3163 5153 gemit
3188 5090 3435 5149 tanquam
3463 5091 3686 5148 granum
3716 5077 3858 5129 inter

2259 5183 2478 5255 paleas?
2511 5171 2604 5236 Vix
2642 5180 2783 5235 enim
2814 5182 3075 5246 apparent
3099 5172 3185 5227 isti
3223 5176 3311 5251 qui
3361 5170 3440 5224 sic
3477 5174 3730 5237 gemunt,
3762 5166 3855 5236 qui

2259 5280 2338 5332 sic
2360 5260 2662 5329 irascuntur
2686 5288 2699 5326 :
2732 5265 3001 5340 quomodo
3030 5265 3115 5318 vix
3144 5248 3401 5333 apparent
3426 5273 3612 5330 grana,
3635 5256 3859 5328 quando

2261 5385 2385 5425 area
2413 5370 2709 5423 trituratur.
2737 5361 2838 5429 Qui
2866 5359 3038 5415 nescit
3063 5366 3276 5428 quantae
3305 5353 3466 5423 spica:
3493 5352 3672 5405 missa:
3696 5359 3857 5414 sunt,

2263 5472 2416 5537 putat
2443 5470 2611 5515 totum
2636 5456 2843 5526 paleam
2871 5466 2988 5507 esse
3014 5469 3028 5505 :
3050 5461 3103 5505 et
3128 5464 3193 5503 ex
3217 5447 3319 5501 hoc
3340 5443 3479 5515 quod
3513 5442 3861 5512 totum‘palea

2266 5522 2517 5630 putatur,
2550 5522 2675 5605 inde
2708 5559 2899 5617 magna
2948 5556 3124 5598 massa
3158 5538 3491 5612 purgabitur.
3534 5535 3591 5591 In
3620 5533 3708 5591 bis
3728 5522 3861 5606 ergo

2288 5757 2298 5797 ί
2332 5734 2347 5763 ι
2366 5732 2445 5797 sic
2462 5733 2539 5797 lar.
2566 5732 2619 5776 et
2639 5719 3005 5789 quatuonhicim
3028 5724 3134 5767 MSS.
3158 5723 3211 5765 At
3233 5716 3281 5766 in
3303 5720 3413 5765 Lov.
3436 5709 3543 5763 cod.
3563 5710 3745 5762 omissa
3762 5720 3869 5774 per»

2266 5792 2431 5850 ticula,
2455 5792 2520 5839 in.

2334 5839 2363 5889 ἱ
2479 5859 2531 5902 et
2550 5856 2681 5910 Lov.,
2704 5846 2774 5898 in.
2799 5842 2987 5906 Aliquot
3006 5848 3135 5903 uss,
3157 5839 3237 5890 de.
