4008 6320
192 338 291 395 2H

190 466 300 506 non
325 447 705 521 apparentibus
749 456 805 505 et
844 446 1178 518 gementibus
1225 447 1473 501 irascitur
1495 489 1510 510 ,
1541 445 1626 515 qui
1657 445 1787 500 dicit

187 543 296 596 alio
327 543 444 597 loco
470 560 483 594 :
515 540 670 596 Zelus
693 543 874 595 domus
902 551 1004 594 tua:
1031 533 1246 593 comedit
1277 557 1354 592 me
1386 538 1559 608 (Psat.
1595 554 1782 602 vatn,

192 632 303 702 10).
337 632 477 688 Dicit
504 642 558 686 et
587 633 716 686 alibi
759 631 970 702 quando
999 630 1211 701 quidem
1241 631 1382 684 videt
1423 631 1616 684 multos
1648 630 1784 683 mala

189 724 481 788 facientes,
513 722 749 778 deium
793 723 1003 776 detinuit
1044 739 1122 775 me
1162 739 1193 774 a
1233 722 1579 790 peccatoribus
1627 723 1784 773 relin-

187 815 450 882 quentibus
481 817 639 868 lenem
670 825 809 868 tuam
857 813 1028 884 (Psal.
1061 829 1221 868 cxvnt
1245 855 1259 878 ,
1298 812 1412 882 55).
1446 813 1581 885 Dicit
1602 823 1654 867 et
1682 813 1788 866 alio

187 907 328 974 loco,
371 907 485 961 Vidi
508 910 804 973 iusensatos,
830 917 877 961 et
904 907 1211 961 tabescebam
1245 905 1428 974 (lbid.,
1457 904 1601 973 158).

257 1001 315 1054 4.
347 999 472 1054 "uec
502 1010 679 1054 autem
712 1002 810 1063 ira,
834 1000 1177 1054 metuendum
1206 1007 1308 1065 est,
1337 1013 1400 1052 ue
1433 1007 1576 1051 tanta
1603 997 1703 1060 sit,
1732 1004 1791 1050 ut

188 1088 240 1144 in
294 1090 481 1145 odiqu
528 1101 784 1146 vertatur.
834 1090 914 1144 Ira
965 1091 1106 1144 enim
1157 1090 1388 1143 nondum
1444 1099 1527 1143 est
1563 1088 1784 1142 odium:

188 1195 310 1233 nam
338 1181 586 1236 irasceris
615 1180 744 1247 filio,
774 1196 878 1234 non
902 1180 1059 1235 odisti
1095 1181 1258 1233 tilium
1285 1197 1298 1243 ;
1323 1181 1371 1234 ei
1399 1193 1586 1233 servas
1615 1178 1787 1232 bture-

187 1271 433 1332 ditatem,
457 1272 548 1340 qui
572 1281 624 1325 te
649 1272 811 1326 sentit
840 1272 1070 1335 iratum;
1098 1279 1150 1326 et
1179 1271 1244 1324 ad
1276 1269 1374 1324 hoc
1397 1269 1642 1324 irasceris
1665 1310 1679 1333 ,
1716 1283 1786 1322 ne

189 1363 376 1430 perdat
403 1363 546 1432 quod
572 1365 890 1431 servaveris,
916 1364 1053 1418 male
1073 1365 1256 1417 vivens
1279 1365 1295 1394 ¹
1326 1362 1564 1416 moribus
1586 1363 1782 1431 pravis.

190 1455 330 1522 Ergo
382 1458 458 1508 ira
501 1455 736 1508 nondum
777 1464 868 1510 est-
895 1454 1076 1508 odium
1109 1455 1381 1509 :uondum
1426 1453 1639 1507 odimus
1691 1467 1785 1506 eos

182 1547 379 1615 quibus
422 1547 732 1612 irascimur;
777 1546 872 1601 sed
912 1546 1010 1600 ista
1059 1546 1136 1600 ira
1178 1549 1222 1599 si
1263 1544 1548 1609 manserit,
1579 1553 1635 1598 et
1676 1559 1782 1596 non

183 1639 294 1694 cito
325 1640 510 1693 evulsa
538 1639 697 1694 fuerit
716 1679 731 1703 ,
759 1639 953 1694 crescit
973 1647 1027 1694 et
1050 1638 1106 1692 fit
1133 1637 1334 1692 odium.
1365 1635 1492 1691 Ideo
1519 1645 1577 1690 ut
1597 1650 1782 1689 recens

185 1730 260 1783 ira
292 1730 574 1794 evellatur,
592 1731 715 1784 etin
743 1729 920 1784 odium
945 1743 1052 1782 non
1068 1736 1431 1790 convertatur,
1455 1727 1555 1780 hoc
1579 1741 1672 1778 nos
1689 1723 1784 1778 do-

183 1831 267 1876 cet
289 1821 566 1890 Scriptura
575 1861 592 1887 ,
617 1811 806 1875 dicens
825 1839 839 1874 :
860 1819 983 1874 Non
995 1819 1190 1873 occidat
1205 1819 1283 1873 sol
1295 1834 1448 1888 super
1466 1817 1783 1871 iracundiam

184 1925 403 1969 vestram
451 1913 670 1985 (Epltes.
715 1929 809 1977 tv,
838 1913 950 1982 9.6).
1005 1912 1216 1967 Iuvenis
1268 1919 1446 1965 autem
1500 1908 1784 1980 aliquando

185 2007 407 2061 fratrem
431 2007 611 2059 odium
645 2007 950 2081 habentem.
972 2013 1025 2058 et
1046 2001 1390 2073 reprehendit
1419 2001 1738 2056 irascentem
1765 2019 1778 2054 :

187 2099 238 2154 in
273 2101 369 2154 illo
400 2109 482 2153 est
503 2099 682 2151 odium
707 2139 720 2161 ,
753 2107 807 2152 et
829 2097 880 2150 iu
908 2097 1013 2150 alio
1056 2096 1235 2164 culpat
1279 2095 1447 2156 iram;
1482 2093 1596 2162 ipse
1624 2092 1785 2146 habet

187 2191 392 2245 trabem
415 2189 467 2244 in
490 2189 644 2243 oculo
665 2203 785 2254 suo,
809 2197 862 2242 et
891 2185 1236 2258 reprehendit
1262 2185 1517 2240 festucam
1550 2184 1600 2237 in
1628 2183 1784 2238 oculo

187 2280 364 2334 fratris
400 2281 482 2334 sui
514 2279 730 2350 (Matth.
762 2295 854 2342 vn,
887 2278 961 2345 5).
996 2276 1100 2332 Sed
1152 2275 1351 2331 festuca
1385 2275 1482 2328 ista
1511 2284 1564 2328 et
1589 2289 1780 2328 surcu-

188 2373 289 2437 lus,
325 2373 425 2426 nisi
468 2373 575 2426 cito
618 2371 878 2426 evellatur
901 2412 915 2434 ,
950 2369 1128 2423 trabes
1167 2367 1341 2421 futura
1373 2375 1474 2421 est.
1507 2365 1621 2420 Non
1654 2381 1784 2435 ergo

188 2465 280 2532 ait,
314 2464 630 2519 Exstinctos
667 2472 752 2517 est
780 2462 968 2516 oculus
996 2475 1148 2515 meus
1181 2475 1289 2529 pra:
1321 2459 1434 2522 ira;
1461 2457 1557 2513 sed
1604 2457 1780 2510 turba-

189 2568 264 2611 tus
289 2575 307 2611 :
337 2574 461 2611 nam
490 2558 533 2610 si
555 2556 933 2626 exstinguitur,
961 2556 1070 2624 jam
1100 2553 1278 2608 odium
1308 2563 1409 2617 ρει,
1445 2567 1550 2606 non
1583 2551 1679 2606 ira.
1716 2551 1783 2605 Et

188 2651 305 2703 vide
353 2649 478 2718 quia
518 2648 814 2702 exstinctus
851 2655 953 2701 est.
984 2645 1119 2699 llinc
1151 2645 1223 2698 ait
1253 2643 1483 2698 Joannes
1515 2661 1527 2696 :
1559 2641 1656 2708 Qui
1678 2642 1786 2695 odit

191 2739 400 2809 fratrem
435 2756 586 2794 suum
607 2781 622 2803 ,
652 2739 704 2791 in
733 2737 946 2791 tenebris
972 2745 1044 2789 est
1080 2751 1236 2806 usque
1262 2735 1428 2786 adhuc
1454 2734 1498 2804 (Ι
1525 2733 1680 2786 Joan.
1711 2748 1746 2786 ll
1764 2774 1780 2798 ,

190 2831 298 2899 Η).
333 2833 635 2898 Antequam
674 2844 802 2898 ergo
841 2837 994 2881 eatur
1023 2827 1074 2879 in
1119 2825 1403 2888 tenebras,
1434 2823 1784 2877 conturbatur

189 2922 378 2976 oculus
409 2920 461 2973 in
497 2920 572 2973 ira
605 2938 620 2974 :
650 2919 745 2973 sed
783 2917 1077 2972 cavendqu
1118 2925 1237 2982 est,
1264 2929 1330 2969 ne
1363 2915 1436 2968 ira
1465 2923 1702 2968 vertatur
1728 2913 1782 2966 iu

190 3014 409 3077 odium,
459 3022 515 3066 et
562 3011 750 3066 oculus
791 3010 1158 3078 exstinguatur
1187 3009 1229 3060 τ.
1279 3007 1382 3061 Iste
1434 3021 1562 3076 ergo
1609 3005 1779 3059 dicit:

195 3103 445 3159 Turbatus
471 3114 545 3158 est
571 3120 679 3172 prta
704 3105 782 3156 ira
805 3103 981 3156 oculus
1007 3115 1145 3155 meus
1165 3143 1179 3166 ,
1209 3099 1381 3152 anima
1406 3116 1518 3152 mea
1549 3107 1594 3151 et
1616 3108 1787 3152 venter

192 3213 330 3250 meus
356 3212 376 3260 ;
407 3197 508 3250 hoc
535 3203 646 3259 est,
680 3193 884 3250 turbata
917 3201 1043 3248 sunt
1071 3192 1323 3247 interiora
1355 3207 1494 3245 mea.
1527 3190 1782 3246 Ventrem

191 3303 284 3357 pro
325 3287 670 3341 interioribus
733 3285 928 3356 posuit.
979 3283 1280 3354 Aliquando
1313 3283 1454 3336 enim
1498 3281 1694 3352 iniquis
1732 3290 1788 3338 et

191 3380 461 3447 perversis
522 3388 577 3432 et
616 3393 646 3431 a
690 3378 806 3448 lege
849 3377 1184 3431 dcviantibus
1224 3385 1277 3429 et
1321 3375 1458 3428 male
1486 3374 1786 3430 vivvntihus

195 3471 355 3526 irasci
389 3470 539 3537 licet,
566 3471 799 3525 clamare
823 3485 928 3523 non
953 3469 1094 3523 licet.
1123 3467 1256 3522 Cum
1291 3468 1568 3521 irascimur
1592 3475 1648 3522 et
1673 3469 1784 3522 cia-

199 3579 347 3618 mare
372 3579 477 3618 non
496 3578 804 3634 possumus.
825 3562 1078 3617 interiora
1097 3571 1276 3616 nostra
1297 3560 1596 3616 turbantur.
1615 3561 1784 3616 Tanta

199 3665 278 3708 est
302 3655 448 3709 enim
479 3653 766 3725 aliquando
789 3653 1144 3724 perversitas,
1173 3661 1232 3706 ut
1256 3667 1354 3706 nec
1375 3650 1570 3720 corripi
1595 3653 1781 3721 possit.

259 3746 312 3801 5.
363 3744 514 3818 (vers.
547 3743 658 3817 11.]
691 3744 940 3811 Quoniam
969 3744 1149 3814 defecit
1170 3744 1224 3796 in
1253 3743 1431 3797 dolore
1455 3742 1556 3796 vita
1581 3759 1712 3810 mea,
1737 3751 1789 3797 et

190 3838 308 3890 anni
352 3837 451 3890 mei
493 3837 545 3890 in
586 3837 868 3907 gemitibus.
896 3835 1087 3904 Deiecit
1109 3873 1126 3900 ,
1153 3834 1355 3904 inquit,
1386 3835 1439 3887 in
1478 3833 1653 3887 dolore
1685 3834 1788 3888 vita

191 3946 322 3983 mea.
361 3929 495 3983 Dicit
539 3927 828 3998 Apostolus
857 3947 870 3980 :
905 3925 1060 3979 Nunc
1097 3926 1338 3990 vivimus,
1365 3925 1410 3978 si
1437 3940 1522 3978 vos
1562 3927 1708 3978 statis
1733 3924 1786 3977 in

195 4023 470 4091 Domino(l
502 4022 678 4075 Thess.
709 4036 786 4086 III,
815 4019 894 4091 8).
936 4019 1269 4088 Quicumque
1317 4016 1538 4087 perfecti
1566 4025 1690 4072 sunt
1717 4032 1785 4069 ex

193 4113 488 4184 Evangelio
514 4121 569 4167 et
594 4113 758 4182 gratia
793 4112 884 4165 Dei
909 4153 923 4170 .
952 4125 1057 4164 non
1088 4109 1174 4163 hic
1205 4109 1388 4163 vivunt
1425 4108 1526 4162 nisi
1569 4117 1786 4177 prOpter

189 4208 359 4269 alios;
385 4220 508 4259 nam
549 4204 654 4258 vita
687 4218 874 4258 eorum
903 4203 955 4256 in
1007 4202 1108 4254 hoc
1147 4200 1346 4254 szcculo
1369 4240 1384 4266 ,
1411 4199 1490 4253 eis
1533 4198 1643 4269 jam
1677 4213 1784 4252 non

187 4311 271 4354 est
301 4295 631 4353 necessaria.
677 4295 784 4350 Sed
809 4295 931 4364 quia
971 4291 1299 4363 dispensatio
1332 4305 1518 4345 eorum
1544 4289 1662 4343 aliis
1692 4306 1788 4343 nec

189 4389 430 4444 cessaria
479 4394 601 4450 est,
635 4387 686 4439 fit
739 4385 793 4439 in
839 4385 917 4438 eis
961 4382 1106 4451 quod
1145 4382 1218 4435 ait
1269 4381 1406 4436 idem
1453 4381 1785 4448 Apostolus:

191 4479 665 4547 Concupiscentiam
713 4476 899 4529 habens
939 4473 1144 4528 dissolvi
1165 4514 1178 4536 ,
1204 4482 1248 4525 et
1268 4489 1373 4526 esse
1406 4488 1521 4524 cum
1549 4470 1787 4534 Christo;

189 4573 354 4625 multo
395 4571 530 4624 enim
570 4569 731 4638 magis
780 4567 1065 4637 optimum:
1093 4556 1295 4617 manere
1331 4571 1496 4615 autem
1541 4563 1592 4614 in
1636 4577 1789 4614 carne

190 4664 528 4718 necessarium
567 4671 774 4732 prapter
800 4676 886 4714 vos
915 4657 1172 4728 (Philipp.
1208 4673 1223 4711 ι
1253 4697 1267 4721 ,
1296 4656 1386 4721 25,
1416 4655 1529 4724 94).
1561 4652 1789 4722 Quando

191 4768 368 4810 autem
401 4753 547 4807 videt
577 4754 738 4806 homo
765 4767 829 4806 ex
852 4749 1250 4819 dispensatione
1275 4763 1391 4807 sua,
1423 4762 1485 4798 ex
1517 4745 1788 4798 laboribus

189 4850 337 4909 suis,
371 4861 435 4899 ex
490 4845 870 4914 przcdicatione
908 4856 1002 4895 sua
1027 4881 1041 4903 ,
1071 4854 1174 4894 non
1220 4842 1480 4907 prolicere
1522 4836 1786 4900 homines,

191 4936 568 4990 inlirmaturin
605 4942 840 5004 egestate
877 4931 980 4985 vita
1014 4929 1264 4984 hominis.
1293 4927 1431 4982 Vere
1468 4925 1790 4981 miserabilis

187 5037 402 5097 egestas
442 5035 495 5081 et
545 5026 712 5079 fames
743 5043 754 5078 :
797 5021 1222 5094 quandoquidem
1260 5035 1355 5074 eos
1391 5033 1526 5088 quos
1563 5017 1790 5071 Domino

192 5122 488 5184 lucramur,
517 5115 918 5187 quodammodo
948 5112 1234 5167 manducat
1256 5111 1513 5164 Ecclesia.
1545 5109 1679 5176 Quid
1708 5118 1791 5162 est

255 5257 269 5285 '
302 5259 348 5300 tu
375 5251 600 5300 omnibus
621 5255 748 5307 Mss,
773 5247 992 5297 condens.
1049 5306 1053 5307 ν
1313 5305 1323 5307 _
1387 5291 1394 5298 .

253 5319 273 5346 ⁸
301 5314 414 5362 κάει.
451 5320 524 5361 Er.
564 5320 616 5359 et
655 5304 764 5360 Lov.
801 5318 908 5370 post
930 5305 1418 5370 exstirtgnatur,_h;cc
1439 5304 1786 5370 interponunt:

191 5386 291 5428 Hoc
315 5382 477 5425 autem
501 5364 846 5423 rmimadvertat
882 5364 1204 5434 unusquisque
1227 5367 1312 5434 gui
1341 5366 1391 5415 in
1414 5378 1549 5427 pace,
1580 5364 1667 5434 hoc
1699 5372 1784 5434 est.

193 5440 272 5501 qui
289 5438 342 5487 in
365 5435 570 5501 Christo,
596 5435 676 5496 qui
700 5446 868 5496 pacem
887 5429 972 5479 Dei
990 5429 1351 5501 camrtteiidat'it,
1373 5434 1562 5501 iocatus
1575 5433 1660 5501 est:
1679 5435 1722 5501 et
1741 5429 1791 5495 in

195 5487 336 5556 cujus
358 5487 806 5548 mrtiritate'suritma
825 5505 925 5556 pan:
946 5505 1034 5556 per
1060 5492 1288 5555 angelum
1310 5489 1527 5556 nuntiata
1542 5495 1612 5556 est
1636 5487 1790 5536 homi-

195 5514 239 5550 61
279 5514 336 5550 Ill
358 5514 602 5548 utrumme
619 5514 806 5545 διηηηυι
825 5514 924 5556 ptui
946 5514 1033 5554 per
1060 5514 1288 5555 Augetur"
1310 5514 1527 5538 muutum
1544 5514 1612 5536 cut
1636 5514 1788 5536 ηυηη-

194 5514 333 5613 ηίῗιιε
364 5560 442 5610 :si
467 5571 554 5622 pro
576 5558 741 5622 aliqua
764 5569 913 5617 parva
935 5552 1008 5604 cet
1041 5566 1216 5614 magna
1243 5565 1388 5622 causa
1410 5551 1460 5622 in
1487 5551 1652 5622 ouium
1676 5562 1788 5622 pro-

194 5610 401 5686 riipert't,
427 5610 905 5686 nullamsociciatem
939 5629 1048 5665 cum
1084 5610 1235 5686 pacc,_
1255 5613 1343 5686 hoc
1368 5619 1438 5662 est
1469 5610 1789 5686 Cht‘isto."/zu-

193 5675 532 5748 beiepdterit,
569 5680 665 5748 nisi
1063 5675 1439 5748 enuntiationem
1459 5675 1788 5748 punirentur.

194 5739 415 5804 Semdiw
459 5739 575 5807 ergo
607 5739 715 5799 iste,
758 5746 804 5791 et
842 5739 1000 5807 dicit,_
1027 5739 1279 5807 Turbatus,
1324 5745 1419 5786 etc.
1449 5739 1699 5807 _t_tinc__nos
1732 5747 1790 5784 ea

198 5799 346 5866 uina
371 5799 716 5873 “infigimus,
740 5803 867 5868 quod
899 5803 1059 5854 absint
1081 5813 1107 5850 a
1133 5801 1309 5860 nostris
1332 5799 1556 5849 omnibus
1580 5804 1685 5847 Mss.

1301 331 1695 389 ENARRATIO
1735 332 1800 390 ΙΝ
1841 334 2166 392 PSALMUM
2204 336 2375 393 XXX.

3373 347 3490 403 212

1901 447 2228 502 manducat?
2257 449 2312 504 lu
2351 465 2545 522 corpus
2581 468 2734 510 suum
2782 458 3012 528 trajicit:
3046 459 3296 531 quidquid
3346 464 3501 516 enim

1898 540 2303 610 manducamus,
2358 543 2408 596 in
2453 557 2646 614 corpus
2705 558 2945 603 nostrum
3007 551 3324 620 trajicimus.
3378 553 3491 608 lloc

1897 630 2006 699 agit
2030 631 2269 686 Ecclesia
2291 647 2389 702 per
2418 645 2632 689 sanctos
2663 654 2677 690 :
2703 625 2868 692 esurit
2891 653 3025 710 quos
3050 641 3245 696 lucrari
3276 643 3411 706 vult.
3439 655 3494 697 et

1899 735 2033 790 quos
2061 721 2263 777 lucrata
2300 724 2458 778 fuerit
2501 726 2680 797 aliquo
2708 729 2891 796 modo,
2921 731 3203 788 manducat
3228 736 3493 804 quodam-

1900 812 2080 865 modo.
2109 813 2271 882 Cujus
2298 830 2582 884 personam
2611 819 2828 886 gerebat
2852 820 3045 876 Petrus
3067 862 3080 888 ,
3101 824 3320 893 quando
3351 826 3399 878 ei
3427 824 3495 878 de

1898 902 2037 957 coelo
2062 898 2358 959 submissus
2388 916 2469 960 est
2510 906 2688 962 discus
2730 910 2919 980 plenus
2965 913 3215 966 omnibus
3244 914 3494 967 animali-

1898 994 1996 1046 bus
2023 993 2452 1064 quadrupedibus
2477 1037 2494 1062 ,
2522 999 2858 1067 serpentibus
2879 1043 2892 1063 ,
2921 1011 2974 1055 et
3005 1002 3306 1056 volatilibus
3331 1021 3344 1058 :
3379 1007 3499 1073 qui-

1898 1083 1996 1139 bus
2023 1086 2310 1155 generibus
2339 1103 2525 1142 omnes
2551 1099 2736 1158 gentes
2757 1091 3145 1160 significantur.
3170 1092 3495 1164 Pructigura-

1898 1176 1987 1231 bat
2039 1177 2295 1232 Dominus
2343 1179 2671 1245 Ecclesiam,
2709 1183 2852 1252 quod
2902 1200 3093 1239 omnes
3135 1197 3320 1255 gentes
3378 1197 3496 1242 erat

1897 1274 2296 1346 trausvoratura
2321 1309 2336 1336 ,
2365 1279 2419 1324 ει
2444 1272 2496 1324 iu
2526 1287 2721 1341 corpus
2751 1290 2908 1328 SUUID
2953 1291 3321 1344 CODVCI‘SUNI;
3347 1287 3399 1331 Cl
3419 1282 3496 1336 ait

1895 1356 2058 1412 Petro
2081 1399 2098 1424 ,
2129 1357 2305 1412 Macta
2327 1401 2344 1426 ,
2373 1372 2419 1414 et
2448 1363 2698 1416 manduca
2730 1363 2866 1436 (Act.
2903 1381 2934 1418 x
2958 1407 2973 1431 ,
3005 1365 3115 1438 15).
3141 1366 3185 1422 Ο
3211 1367 3450 1422 Ecclesia
3472 1409 3489 1434 ,

1900 1447 2025 1518 (hoc
2044 1458 2126 1503 est
2141 1449 2319 1516 Petre,
2343 1453 2463 1521 quia
2490 1468 2653 1524 super
2680 1454 2815 1509 hanc
2844 1466 3051 1526 petram
3079 1458 3353 1514 aedificabo
3380 1460 3486 1515 Ec-

1892 1541 2108 1594 clesiam
2133 1557 2304 1596 meam
2334 1543 2545 1613 [Matt/1.
2576 1562 2685 1608 th,
2712 1545 2849 1619 18]),
2881 1558 3068 1618 macta,
3091 1559 3136 1603 et
3173 1553 3427 1605 manduca
3449 1567 3469 1607 :

1896 1632 2041 1698 prius
2077 1641 2246 1686 macta
2267 1672 2283 1697 ,
2315 1643 2370 1688 et
2413 1635 2492 1689 sic
2529 1635 2818 1703 manduca;
2859 1638 3044 1693 occide
3072 1639 3212 1709 quod
3241 1651 3402 1707 sunt,
3433 1650 3490 1696 et

1893 1720 1976 1775 fac
2011 1723 2152 1792 quod
2191 1739 2270 1780 es.
2315 1725 2448 1780 Cum
2489 1743 2622 1800 ergo
2660 1730 2980 1798 przedicatur
3022 1731 3402 1804 Evangelium',
3432 1743 3490 1790 et

1893 1813 2038 1868 videt
2073 1816 2162 1884 qui
2195 1817 2446 1884 praedicat
2474 1808 2579 1873 non
2615 1821 2879 1890 proficere
2902 1812 3165 1889 homides,
3189 1841 3355 1895 quare
3378 1841 3487 1881 non

1892 1904 2123 1960 clamet:
2169 1907 2422 1972 Quoniam
2461 1910 2645 1980 defecit
2667 1912 2718 1965 in
2748 1912 2923 1967 dolore
2968 1916 3069 1968 vita
3095 1933 3202 1968 mea
3225 1959 3240 1982 ,
3270 1927 3316 1970 et
3364 1920 3490 1972 anni

1894 1997 1990 2049 mei
2008 1997 2060 2050 in
2079 1997 2359 2067 gemitibus.
2411 1998 2716 2069 Inﬁrmatus
2743 2013 2813 2057 est
2839 2005 2890 2057 in
2917 2017 3132 2076 egestate
3158 1992 3482 2077 nigerrimus,

1893 2099 1939 2143 et
1973 2108 2088 2146 ossa
2120 2110 2231 2148 mea
2271 2095 2573 2148 conturbata
2608 2098 2770 2152 sunt?
2813 2100 2950 2152 Anni
2998 2102 3164 2154 nostri
3198 2080 3321 2167 isti,
3353 2117 3488 2171 quos

1895 2183 1980 2236 hic
2010 2184 2275 2251 ducimus,
2308 2187 2360 2239 iu
2394 2188 2676 2256 gemitibus
2703 2198 2846 2243 sunt.
2873 2189 3025 2244 Unde
3046 2191 3068 2242 ?
3086 2190 3216 2258 Quia
3245 2191 3488 2245 abunda-

1891 2276 1968 2327 vit
1998 2275 2269 2345 iniquitas,
2299 2276 2598 2347 refrigescit
2630 2279 2864 2333 Charitas
2897 2282 3206 2334 multorum.
3238 2283 3290 2335 lu
3322 2284 3487 2352 gemi-

1894 2367 2067 2431 tibus,
2098 2383 2204 2420 nou
2237 2368 2286 2421 in
2330 2369 2489 2423 claris
2520 2370 2739 2424 vocibus
2773 2389 2785 2424 :
2815 2372 3026 2440 quando
3069 2371 3210 2426 videt
3244 2373 3485 2426 Ecclesia

1895 2458 2090 2512 multos
2122 2459 2172 2510 in
2202 2474 2513 2528 perversum
2554 2461 2650 2522 ire,
2683 2462 2914 2530 gemitus
2943 2477 3070 2514 suos
3099 2462 3320 2516 devorat
3343 2465 3485 2531 apud

1894 2561 1970 2613 Se,
2007 2558 2067 2602 ut
2086 2549 2227 2602 dicat
2251 2550 2388 2614 Deo,
2421 2549 2646 2605 Gemitus
2688 2569 2827 2604 meus
2861 2570 2958 2605 non
3001 2563 3071 2605 est
3107 2554 3431 2606 absconditus
3455 2573 3487 2606 (ι

1892 2647 1939 2691 te
1985 2638 2163 2709 (Psal.
2208 2657 2423 2707 xxxvu,
2473 2641 2563 2711 l0)
2596 2659 2608 2694 :
2640 2642 2689 2695 in
2740 2645 2845 2696 alio
2891 2644 3098 2711 psalmo
3144 2643 3358 2711 dicitur,
3393 2648 3487 2698 sed

1891 2733 2134 2802 congruit
2187 2733 2338 2798 huic;
2386 2743 2442 2788 et
2480 2733 2580 2788 hoc
2606 2735 2726 2788 est1
2758 2735 2976 2800 diccrc,
3023 2735 3264 2790 Gemitus
3315 2747 3468 2790 meus

1891 2823 1989 2878 etsi
2033 2823 2375 2878 absconditus
2415 2833 2497 2880 est
2526 2825 2594 2878 ab
2620 2826 2986 2892 hominibus,a
3021 2836 3071 2881 te
3102 2844 3205 2881 non
3250 2838 3332 2882 est
3358 2829 3466 2881 abs‘

1891 2914 2157 2989 conditus.
2210 2914 2510 2984 Inﬁrmatus
2553 2926 2624 2970 est
2665 2918 2746 2968 ~in
2797 2926 3014 2986 egestate
3050 2920 3188 2988 vigor
3226 2933 3401 2984 meus,
3443 2929 3490 2971 et

1891 3021 2007 3061 ossa
2034 3023 2145 3060 mea
2165 3009 2463 3060 conturbata
2493 3020 2609 3060 sunt
2635 3025 2651 3062 :
2675 3007 2743 3062 de
2771 3010 2869 3062 hac
2900 3018 3137 3078 egestate
3160 3024 3321 3078 supra
3351 3008 3490 3063 dixi~

1893 3114 2054 3154 mus:
2096 3115 2218 3154 ossa
2267 3115 2395 3154 vero
2438 3099 2600 3154 fortes
2649 3101 3017 3170 intelliguntur
3061 3102 3310 3156 Ecclesia:
3336 3144 3350 3166 ,
3400 3102 3493 3171 qui

1893 3192 2053 3248 etiam
2080 3192 2125 3246 si
2147 3207 2251 3246 non
2274 3192 2662 3246 conturbantur
2680 3195 3140 3262 persecutionibus
3163 3196 3489 3259 alienorum,

1894 3284 2281 3339 conturbantur
2307 3293 2482 3338 tamen
2515 3283 2887 3354 iniquitatibus
2911 3286 3155 3340 fratrum.

1967 3374 2021 3428 6.
2066 3372 2217 3446 [verm
2263 3374 2385 3447 19η]
2431 3375 2600 3444 Super
2643 3393 2814 3429 omnes
2855 3378 3085 3430 inimicos
3132 3393 3266 3430 meos
3315 3382 3484 3448 factus

1893 3481 2003 3517 sunt
2029 3465 2378 3534 opprobrium,
2413 3476 2458 3518 ct
2485 3467 2661 3519 vicinis
2692 3467 2813 3520 meis
2850 3469 3081 3530 nimium,
3112 3478 3157 3520 et
3187 3468 3335 3519 tintor
3362 3469 3493 3521 notis

1895 3555 2037 3607 uteis.
2087 3555 2258 3622 Super
2286 3572 2456 3608 omnes
2488 3557 2717 3610 inimicos
2761 3574 2896 3610 meos
2939 3561 3103 3627 factus
3147 3575 3259 3611 sum
3300 3575 3490 3628 oppro-

1894 3642 2101 3699 brium:
2129 3645 2217 3714 qui
2261 3655 2386 3698 sunt
2433 3644 2633 3700 inimici
2678 3646 2975 3700 Ecclesti
3018 3647 3236 3716 Pagani,
3279 3646 3492 3700 Judtri?

1894 3738 2152 3792 Omnibus
2198 3738 2352 3809 pejus
2393 3740 2577 3794 vivunt
2638 3741 2764 3795 mali
2811 3741 3108 3796 christiani.
3179 3741 3269 3796 Vis
3310 3742 3494 3797 videre

1895 3845 2055 3902 quam
2081 3832 2329 3886 omnibus
2355 3833 2505 3902 pejus
2531 3834 2713 3888 vivant
2747 3835 2872 3888 mali
2899 3833 3220 3888 christiani?
3263 3835 3337 3890 De
3377 3836 3495 3888 tali~

1899 3925 2001 3980 bus
2042 3924 2172 3979 dicit
2202 3926 2461 3995 propheta
2491 3926 2760 3990 Ezechiel,
2804 3926 2924 3995 quia
2963 3936 3341 3993 comparantur
3379 3942 3496 3982 Sar-

1894 4017 2091 4072 mentis
2125 4016 2396 4072 inutilibus
2429 4017 2639 4089 (Ezeclt.
2666 4034 2760 4081 xv,
2787 4018 2823 4071 2
2845 4018 2877 4088 ).
2905 4019 3050 4072 Pone
3075 4019 3314 4088 Pagauos
3355 4019 3493 4088 ligna

1895 4121 2017 4162 esse
2063 4107 2306 4161 silvatica
2348 4119 2496 4162 extra
2542 4109 2873 4173 Ecclesiam,
2921 4109 3096 4170 adhuc
3148 4118 3323 4178 potest
3371 4109 3495 4163 inde

1897 4198 2012 4254 fieri
2039 4198 2240 4266 aliquid
2268 4217 2281 4263 ;
2323 4199 2591 4270 quomodo
2619 4199 2685 4254 de
2710 4200 2866 4268 lignis
2889 4201 3169 4254 fabrilibus
3191 4212 3267 4253 cst
3296 4201 3492 4269 lignum

1896 4291 2045 4345 fabro
2070 4299 2272 4360 aptum,
2300 4300 2353 4346 et
2383 4293 2427 4345 si
2454 4291 2629 4346 adhuc
2670 4293 2928 4346 nodosum
2956 4303 3009 4347 et
3035 4309 3254 4346 curvum
3290 4302 3344 4346 et
3367 4308 3493 4345 cor-

1900 4382 2124 4437 licosum
2144 4423 2159 4448 ,
2193 4389 2372 4436 tamen
2408 4382 2548 4452 quod
2590 4382 2827 4449 doletur,
2859 4385 3124 4448 ascietur,
3153 4383 3492 4452 deplanctur,

1897 4482 1950 4528 et
1979 4473 2149 4543 possit
2175 4474 2356 4528 venire
2398 4473 2465 4526 ad
2506 4473 2736 4541 aliquant
2789 4473 3040 4527 fabricam
3073 4488 3198 4526 usus
3231 4472 3446 4526 humani
3479 4491 3491 4526 :

1897 4567 1964 4620 de
1992 4561 2277 4620 sarmentis
2303 4574 2480 4620 autem
2511 4566 2748 4634 przecisis
2788 4565 2921 4620 fabri
2969 4565 3106 4619 nihil
3146 4564 3323 4620 facere
3365 4581 3494 4635 pos-

1897 4666 2056 4722 sunt;
2105 4656 2240 4725 ignis
2283 4672 2343 4711 ea
2393 4657 2538 4710 solus
2588 4666 2881 4724 exspectat.
2931 4656 3224 4722 Attenditc,
3275 4655 3492 4710 fratres.

1898 4744 2030 4801 Cum
2072 4747 2319 4801 silvatico
2361 4745 2502 4815 ligno
2547 4746 2740 4815 ubique
2784 4756 3124 4815 prtrponatur
3164 4757 3494 4799 sarmentum

1899 4852 2124 4892 manens
2153 4838 2204 4890 in
2237 4837 2365 4901 vite,
2409 4837 2532 4906 quia
2570 4848 2896 4890 sarmentum
2928 4836 3018 4890 dat
3060 4839 3284 4891 fructum
3307 4879 3322 4901 ,
3365 4837 3497 4890 illud

1899 4930 2097 4999 lignum
2139 4945 2244 4984 non
2312 4929 2402 4982 dat
2449 4930 2674 4981 fructum
2708 4947 2722 4982 :
2752 4928 2973 4998 prmciso
3004 4938 3179 4982 tamen
3223 4939 3499 4980 sarmento

1900 5023 1966 5075 de
1993 5023 2100 5076 vite
2125 5021 2168 5074 si
2200 5031 2546 5090 comparetur
2574 5021 2772 5090 lignum
2812 5021 3108 5074 silvaticqu
3130 5061 3146 5084 ,
3185 5020 3500 5089 intelligitur

1905 5130 2026 5169 esse
2065 5115 2292 5177 melius;
2321 5117 2438 5183 quia
2471 5113 2536 5166 de
2563 5114 2652 5166 illo
2684 5114 2826 5166 faber
2855 5111 3052 5181 aliquid
3084 5113 3257 5165 facere
3285 5120 3459 5180 potest
3485 5130 3499 5174 ;

1903 5207 2002 5260 hoc
2026 5215 2202 5260 autem
2227 5221 2333 5258 non
2361 5205 2566 5272 qurcrit,
2598 5205 2697 5258 uisi
2725 5204 2812 5273 qui
2841 5203 2960 5258 foco
2989 5203 3275 5256 ministrat.
3307 5203 3499 5256 Atten-

1901 5301 2030 5354 dcns
2058 5300 2232 5366 itaque
2259 5298 2650 5352 multitudinem
2677 5302 2814 5352 male
2836 5298 3124 5350 viventium
3155 5297 3205 5348 in
3235 5296 3497 5361 Ecclesia,

1902 5394 2071 5462 Super
2101 5409 2293 5452 omnes,
2324 5393 2513 5460 inquit,
2543 5393 2772 5444 inimicos
2812 5408 2948 5444 meos
2979 5393 3143 5459 factus
3170 5407 3280 5442 sunt
3307 5405 3498 5458 appro.

1901 5485 2083 5537 brium.
2140 5483 2328 5552 l‘ejus,
2381 5483 2582 5552 inquit,
2635 5483 2818 5534 vivunt
2864 5482 2988 5535 mali
3041 5480 3092 5533 in
3145 5479 3499 5534 sacramentis

1901 5578 2056 5642 lucis,
2091 5592 2248 5646 quam
2279 5579 2364 5646 qui
2394 5575 2457 5628 ad
2486 5575 2570 5628 illa
2601 5591 2868 5645 nunquam
2901 5582 3266 5628 accesserunt.
3311 5571 3499 5626 Latino.

1899 5733 2081 5844 ὤιξε.
2104 5739 2154 5782 et
2179 5737 2307 5795 Lov.,
2335 5729 2418 5781 sed
2444 5728 2660 5794 congruit
2680 5728 2758 5779 hic
2777 5739 2821 5780 et
2842 5729 2928 5778 hoc
2952 5726 3131 5778 dicere.
3157 5726 3514 5788 (:astigavinuts

1983 5801 2086 5843 .tss.

1983 5801 2086 5843 MSS.
