4008 6324
479 339 588 399 253

477 461 666 523 aperte
691 464 788 506 cur
814 463 919 503 non
958 447 1200 504 dicamus
1220 488 1235 514 ,
1265 445 1351 501 vel
1380 443 1594 518 quando
1620 443 1883 514 psalmum
1911 457 2080 513 espo-

477 540 701 599 nimus?
741 541 808 598 Et
833 541 876 596 si
903 540 1025 595 aliis
1053 540 1190 596 torte
1219 536 1548 608 temporibus
1571 534 1754 591 dicere
1784 549 1890 588 non
1916 533 2081 591 aude-

480 648 598 692 mus
617 671 633 696 .
662 631 852 688 saltem
885 631 1178 686 necessitas
1205 612 1510 697 esponcndi
1540 626 1735 682 habeat
1777 626 2077 682 libertatem

478 723 828 795 corripiendi.
856 723 1029 790 Super
1056 739 1249 784 omnes,
1275 720 1466 791 inquit,
1494 719 1726 774 inimicos
1751 733 1889 772 meos
1914 721 2082 789 factus

486 833 594 870 sum
631 813 983 885 opprobrium.
1019 814 1097 867 De
1137 812 1333 867 talibus
1371 811 1501 866 dicit
1538 809 1817 881 apostolus
1855 807 2077 864 Petrus:

486 907 650 966 Facta
675 917 792 962 sunt
831 905 937 962 illis
963 905 1258 977 posteriora
1284 904 1536 959 deteriora
1565 903 1819 974 prioribus
1846 917 1866 958 :
1892 901 2076 957 melius

483 1001 618 1054 enim
659 1005 770 1054 erat
810 997 915 1052 illis
959 1014 1061 1051 non
1103 1011 1402 1069 cognoscere
1451 994 1586 1050 viam
1626 994 1873 1066 justitiar,
1918 1009 2072 1063 quam

480 1090 898 1164 cognoscentibus
943 1099 1220 1144 retrorsum
1261 1087 1454 1158 reﬂecti
1477 1103 1510 1141 a
1537 1087 1724 1142 tradito
1764 1086 1858 1141 sibi
1899 1095 2075 1140 sancto

481 1185 748 1240 mandato.
785 1185 919 1241 Cum
950 1184 1097 1249 dicit,
1145 1180 1332 1238 Melius
1360 1189 1469 1239 erat
1509 1181 1614 1236 illis
1651 1198 1751 1235 non
1779 1196 2081 1252 cognoscere

479 1276 615 1332 viam
642 1276 892 1342 iustitia;
920 1291 1097 1330 nonne
1118 1273 1375 1345 judicavit
1403 1273 1658 1328 meliores
1682 1287 1803 1327 esse
1833 1271 2080 1326 inimicos

485 1370 620 1425 foris
648 1370 874 1440 positos,
907 1385 1066 1440 quam
1094 1369 1236 1423 intus
1261 1367 1402 1423 male
1430 1368 1698 1430 viventes,
1731 1365 1926 1437 quibus
1959 1381 2080 1433 pre-

481 1461 646 1516 mitur
668 1471 722 1515 et
745 1469 998 1530 gravatur
1020 1459 1296 1514 Ecclesia?
1325 1457 1533 1522 Melius,
1563 1458 1753 1526 inquit.
1781 1456 1884 1510 illis
1910 1460 2080 1525 fuerat

483 1569 587 1606 non
635 1568 938 1623 cognoscere
985 1552 1119 1605 viam
1161 1551 1418 1621 justitiaz,
1463 1567 1617 1622 quant
1665 1550 2077 1621 cognoscentibus

479 1653 758 1699 retrorsum
785 1645 978 1715 reﬂecti
1002 1662 1034 1698 a
1055 1644 1241 1700 tradito
1277 1644 1376 1699 sibi
1410 1653 1586 1699 sancto
1625 1643 1888 1696 mandato.
1917 1642 2079 1697 Deni-

480 1749 591 1803 que
617 1734 736 1790 vide
761 1751 923 1805 quam
962 1735 1201 1790 horribili
1229 1735 1306 1790 rei
1344 1750 1442 1791 eos
1469 1734 1801 1804 comparavit
1831 1752 1842 1786 :
1869 1733 2080 1787 Cantia-

479 1827 552 1895 git
597 1825 702 1881 illis
746 1842 825 1881 res
867 1827 972 1881 beri
1019 1826 1307 1898 proverbii,
1353 1823 1510 1881 Canis
1556 1841 1783 1879 reversus
1823 1824 1893 1878 ad
1933 1840 2080 1879 suum

482 1917 724 1970 rotnitum
754 1916 834 1989 (ll
859 1913 1001 1970 Petr.
1029 1931 1085 1980 ιι,
1113 1915 1336 1984 20-22).
1369 1915 1490 1970 Istis
1519 1916 1697 1985 itaque
1726 1914 1920 1969 talibus
1953 1930 2077 1969 cum

476 2007 587 2061 sint
634 2006 806 2077 plena:
853 2005 1149 2073 Ecclesizc,
1199 2023 1379 2062 nonne
1426 2008 1692 2062 veraciter
1743 2007 1851 2062 illic
1895 2006 2082 2062 dicunt

475 2097 668 2168 pauci,
707 2097 816 2153 imo
843 2113 907 2154 ex
937 2113 1226 2169 paucorum
1259 2113 1390 2154 voce
1433 2099 1546 2167 ipsa
1578 2096 1817 2153 Ecclesia
1848 2116 1862 2152 :
1891 2097 2064 2166 Super

475 2203 648 2243 omnes
675 2186 907 2242 inimicos
933 2204 1068 2264 meos
1110 2191 1276 2258 factus
1300 2205 1414 2242 sum
1440 2189 1768 2257 opprobrium
1799 2230 1814 2253 ,
1838 2198 1883 2242 et
1903 2189 2080 2244 vicinis

474 2278 601 2332 meis
628 2277 863 2343 nimium,
895 2287 943 2331 et
967 2278 1118 2331 timor
1142 2279 1273 2331 notis
1297 2279 1448 2332 meis?
1472 2277 1670 2332 Vicinis
1697 2279 1832 2332 meis
1852 2277 2075 2333 nimium

478 2370 825 2440 Opprobrium
855 2370 1025 2425 factus
1053 2385 1194 2435 sum,
1226 2370 1276 2425 id
1303 2379 1385 2425 cst
1404 2411 1419 2436 ,
1451 2370 1542 2443 qui
1579 2371 1706 2424 inihi
1737 2370 1850 2438 jam
1877 2385 2076 2440 appro—

476 2460 809 2531 pinquabant
849 2468 908 2514 ut
957 2459 1240 2515 crederent
1279 2478 1293 2515 :
1341 2460 1445 2514 hoc
1488 2469 1592 2519 est.
1636 2460 1794 2515 vicini
1844 2463 1946 2516 mei
1991 2461 2078 2516 ni-

477 2553 646 2608 mium
673 2553 920 2609 deterriti
949 2562 1103 2620 sunt,
1137 2553 1277 2607 mala
1306 2554 1412 2607 vita
1444 2554 1706 2608 malorum
1738 2563 1793 2608 et
1823 2554 2075 2609 falsorum

476 2643 914 2699 christianorum.
967 2643 1137 2711 Quam
1184 2645 1381 2699 multos
1421 2645 1564 2700 enim
1615 2645 1833 2714 putatis,
1883 2645 2077 2701 fratres

475 2737 606 2805 mei,
648 2737 786 2791 velle
827 2750 949 2792 esse
995 2736 1338 2804 christianos,
1383 2737 1477 2792 sed
1527 2735 1724 2792 oli'endi
1765 2738 1919 2791 malis
1961 2752 2078 2792 mo-

475 2829 628 2886 ribus
669 2828 1128 2884 ehristianorum?
1169 2826 1274 2899 ipsi
1318 2839 1442 2883 sunt
1484 2830 1643 2884 vicini
1689 2829 1778 2899 qui
1821 2829 1931 2899 jam
1977 2845 2074 2899 ap-

476 2921 944 2993 propinquabant,
1007 2931 1064 2978 et
1123 2921 1345 2977 nimium
1408 2921 1754 2992 opprobrium
1817 2922 1920 2977 illis
1975 2922 2074 2975 visi

471 3024 681 3067 sumus.

545 3103 600 3160 7.
628 3102 769 3178 [item
781 3101 1032 3177 Iters.l2.]
1071 3103 1244 3158 Timor
1270 3103 1436 3174 factus
1475 3120 1588 3157 sum
1610 3103 1741 3157 notis
1763 3104 1906 3157 meis.
1936 3101 2074 3169 Quid

471 3202 583 3250 tam
616 3196 952 3252 timendum?
978 3193 1178 3261 Timor,
1208 3195 1398 3265 inquit,
1428 3194 1592 3263 factus
1621 3210 1734 3248 sum
1763 3195 1896 3248 notis
1925 3195 2070 3248 meis.

475 3287 616 3352 Quid
647 3297 756 3342 tam
786 3287 1104 3352 timendum,
1133 3302 1292 3357 quam
1322 3302 1442 3341 cum
1483 3284 1630 3339 videt
1676 3285 1838 3339 homo
1877 3286 2073 3339 multos

470 3380 614 3434 male
653 3379 930 3447 viventes,
983 3387 1040 3434 et
1089 3378 1159 3433 de
1214 3379 1409 3448 quibus
1465 3376 1605 3432 bene
1643 3376 1959 3448 sperabatur
2016 3374 2070 3431 in

468 3470 653 3526 multis
693 3470 986 3526 malefactis
1007 3469 1288 3525 inventos?
1319 3468 1494 3522 Timet
1515 3482 1581 3522 ne
1599 3467 1733 3522 tales
1753 3468 1862 3522 sint
1881 3481 2071 3521 omnes

470 3577 607 3630 quos
633 3561 854 3631 putabat
903 3561 1105 3624 honos,
1159 3569 1213 3613 et
1256 3559 1476 3612 veniunt
1497 3559 1548 3612 in
1576 3557 1933 3627 suspicionem
1965 3573 2072 3614 ma-

473 3649 581 3707 lam
616 3665 784 3720 pr0pe
808 3665 996 3704 omnes
1017 3649 1163 3704 boni.
1187 3647 1374 3715 Qualis
1391 3647 1510 3702 vir?
1537 3645 1808 3717 quomodo
1826 3647 2020 3702 cecidit
2043 3647 2068 3701 2

469 3740 742 3812 quomodo
772 3740 1020 3795 inventus
1048 3749 1133 3796 est
1159 3740 1210 3794 in
1239 3740 1328 3793 illa
1357 3738 1704 3812 turpitudine,
1739 3738 1791 3792 in
1834 3738 1931 3794 illo
1951 3753 2068 3794 sce-

471 3832 608 3902 lere,
639 3833 691 3887 in
721 3833 814 3888 illo
837 3833 978 3888 facto
1002 3831 1180 3886 malo?
1207 3841 1361 3901 putas
1390 3847 1497 3886 non
1525 3831 1660 3888 tales
1688 3837 1813 3885 sunt
1839 3831 2067 3886 omnes?

465 3925 583 3982 Hoc
607 3936 690 3982 est
714 3927 867 3982 timor
894 3927 1027 3979 notis
1055 3925 1200 3990 meis,
1231 3933 1292 3979 ut
1327 3936 1382 3978 et
1416 3924 1548 3992 ipsis
1585 3922 1780 3993 quibus
1826 3923 1933 3978 noti
1975 3939 2068 3978 su-

463 4034 605 4082 mus,
637 4019 950 4090 plerumque
977 4017 1030 4073 in
1059 4017 1279 4072 dubium
1301 4018 1600 4072 veniamus.
1630 4015 1698 4071 Et
1725 4016 1825 4071 nisi
1859 4026 1909 4070 te
1927 4032 2064 4072 con-

461 4110 664 4165 soletur
680 4109 822 4179 quod
839 4125 918 4175 es,
941 4109 983 4163 si
1016 4107 1214 4179 aliquid
1238 4122 1318 4172 es,
1347 4121 1452 4161 non
1483 4107 1662 4162 credis
1686 4121 1808 4162 esse
1834 4107 2061 4162 alterum

462 4201 648 4256 talem.
678 4199 1002 4254 Cousolatur
1031 4200 1302 4253 hominem
1344 4197 1749 4267 qualiscumque
1777 4199 2060 4252 conscien-

461 4295 552 4352 tia,
586 4301 644 4345 ut
670 4291 811 4345 dicat
836 4291 937 4345 sibi
967 4291 1128 4346 homo
1148 4289 1236 4358 qui
1265 4289 1402 4345 bene
1429 4289 1558 4341 vivit
1589 4305 1602 4340 :
1633 4288 1678 4342 Ο
1706 4300 1758 4341 ιιι
1782 4291 1871 4358 qui
1903 4291 2062 4344 modo

461 4384 666 4438 vereris
695 4397 763 4439 ne
793 4383 926 4437 tales
955 4383 1061 4436 sint
1087 4396 1297 4445 omnes,
1349 4390 1404 4433 tu
1454 4379 1574 4434 talis
1616 4380 1715 4434 es?
1755 4380 2062 4447 Respondet

457 4475 782 4531 conscientia
815 4495 828 4527 :
862 4475 977 4530 Non
998 4490 1136 4528 sum.
1167 4474 1309 4542 Ergo
1329 4474 1370 4526 si
1401 4472 1523 4528 talis
1546 4487 1651 4526 non
1678 4488 1755 4536 es,
1790 4475 1936 4527 solus
1960 4474 2060 4527 es?

461 4566 592 4620 \‘itle
621 4581 687 4620 nc
719 4565 868 4635 pejor
897 4565 969 4618 sit
1013 4565 1113 4617 ista
1161 4562 1440 4632 superbia,
1484 4577 1643 4632 quam
1684 4563 1768 4616 illa
1802 4565 2054 4634 nequitia.

453 4656 571 4712 Noli
625 4655 794 4710 solum
841 4665 891 4710 te
933 4654 1132 4709 dicere.
1162 4652 1293 4707 Nam
1322 4664 1376 4708 et
1409 4651 1555 4707 Elius
1583 4653 1869 4723 aliquando
1899 4656 2058 4708 taedio

457 4745 813 4802 multitudinis
835 4746 1118 4814 impiorum
1148 4745 1222 4797 ait
1251 4761 1264 4797 :
1298 4742 1585 4812 Prophetas
1605 4754 1718 4799 tuos
1741 4745 2052 4812 occiderunt,

455 4837 644 4890 altaria
672 4847 758 4888 tua
783 4835 1126 4902 suﬂ'odrrunt,
1175 4845 1222 4888 et
1270 4851 1361 4905 ego
1409 4834 1614 4887 relictus
1659 4852 1772 4888 sum
1817 4838 1975 4902 solus,
2009 4847 2056 4890 et

451 4937 691 4994 quierunt
744 4928 968 4982 animam
994 4943 1179 4980 meam.
1223 4927 1328 4980 Sed
1356 4925 1478 4996 quid
1504 4927 1623 4980 dicit
1651 4927 1729 4981 illi
1758 4945 2054 4997 responsum

447 5018 672 5073 divinum
695 5017 722 5073 .’
749 5015 953 5086 Reliqui
979 5017 1103 5069 milii
1127 5026 1316 5083 septem
1351 5017 1510 5070 millia
1541 5019 1794 5085 virorum,
1823 5021 1910 5092 qui
1949 5039 2050 5075 non

445 5120 780 5172 armaverunt
821 5125 987 5177 genua
1028 5119 1144 5161 ante
1184 5107 1314 5163 Baal
1340 5109 1429 5177 (ΙΙΙ
1463 5107 1590 5179 Reg.
1618 5125 1732 5176 xix,
1760 5112 1865 5176 l0;
1897 5113 2046 5167 Rom.

448 5217 514 5262 at,
550 5203 601 5268 '5,
631 5202 711 5270 4).
745 5203 904 5271 Ergo,
934 5202 1156 5264 fratres,
1201 5203 1340 5256 inter
1367 5203 1481 5256 haec
1505 5203 1754 5257 scandala
1781 5221 1940 5259 unum
1968 5217 2052 5260 est

445 5290 741 5346 remedium
773 5334 788 5356 ,
824 5306 888 5345 ne
915 5292 1052 5344 male
1074 5291 1275 5346 sentias
1295 5292 1361 5344 de
1392 5293 1554 5344 fratre
1583 5301 1694 5346 tuo.
1725 5294 2006 5350 iluntiliter
2031 5298 2046 5328 ¹

442 5391 561 5437 esto
601 5383 744 5454 quod
779 5384 861 5436 vis
887 5399 1009 5436 eum
1041 5397 1162 5438 esse
1187 5422 1200 5441 .
1240 5392 1295 5436 et
1345 5399 1450 5436 non
1491 5384 1702 5452 putabis
1750 5401 1872 5439 cum
1927 5404 2050 5443 esse

441 5473 586 5544 quod
627 5489 736 5533 non
765 5490 842 5530 es.
875 5472 980 5530 Sed
1013 5483 1190 5530 tamen
1229 5474 1298 5530 sit
1325 5474 1483 5528 etiam
1514 5476 1672 5529 timor
1699 5479 1860 5544 notis,
1887 5481 2046 5534 etiam

439 5581 495 5620 ει
512 5568 691 5636 periis.

522 5660 573 5711 8.
609 5657 758 5737 [rem
797 5657 907 5731 l5.]
940 5661 1038 5724 Qui
1065 5659 1295 5713 videbant
1321 5671 1416 5726 me,
1451 5665 1586 5715 foras
1611 5669 1848 5732 fugerunt
1877 5682 1908 5717 a
1944 5683 2039 5720 me.

502 5773 520 5809 ⁸
545 5775 618 5824 Sic
642 5776 714 5820 Fr.
744 5779 914 5822 ettass.
948 5780 990 5819 at
1021 5777 1149 5832 ιον..
1175 5770 1368 5828 htuttt'lis

1676 325 1735 383 S.
1776 323 2148 384 AUGUSTINI
2188 322 2492 383 EPiSCOPl

3675 323 3786 384 αα

2190 439 2574 513 Ignoscendum
2597 451 2740 502 esset
2757 443 2802 500 si
2829 441 2974 503 foras
2995 441 3255 516 fugissent
3282 456 3313 499 a
3342 457 3429 499 me
3452 438 3544 514 qui
3572 456 3680 500 non
3701 444 3786 497 vi-

2187 533 2386 589 debant
2413 550 2500 589 me
2528 551 2543 589 :
2576 536 2738 592 etiam
2763 535 2854 606 qui
2882 534 3132 590 videbant
3158 550 3266 600 me,
3297 533 3442 590 foras
3474 532 3730 605 fugerunt
3756 550 3788 586 a

2188 639 2295 678 me.
2310 625 2416 680 Sed
2431 625 2477 680 si
2507 627 2596 696 qui
2622 641 2709 681 me
2728 641 2835 682 non
2853 627 3125 694 videbant,
3152 625 3298 682 foras
3323 624 3576 698 fugerunt
3611 639 3645 682 ι
3693 641 3781 685 me

2188 722 2316 784 (nec
2332 718 2616 775 dicendum
2635 729 2737 785 est,
2761 721 2902 776 foras
2916 719 3199 791 fugerunt;
3225 721 3346 791 quia
3369 721 3513 776 intus
3533 735 3638 775 non
3668 721 3780 775 fue-

2186 821 2310 864 runt
2342 827 2354 863 :
2389 811 2432 864 si
2479 811 2622 868 intus
2649 812 2793 866 enim
2828 811 3073 876 fuissent,
3101 812 3364 868 vidissent
3387 827 3476 869 me
3500 852 3518 879 ,
3548 810 3605 867 id
3650 822 3736 868 est
3765 853 3780 877 ,

2185 902 2560 970 cognovissent
2599 916 2798 971 corpus
2851 901 3074 968 Christi,
3115 903 3492 973 cognovissent
3543 901 3788 958 membra

2184 992 2406 1059 Christi,
2430 995 2803 1064 cognovissent
2833 997 3087 1052 unitatem
3115 992 3336 1068 Christi)
3360 1012 3373 1048 :
3395 995 3527 1053 illud
3554 1005 3640 1053 est
3663 1011 3786 1052 ma-

2184 1086 2265 1156 gis
2291 1087 2646 1156 gemendum,
2678 1087 2810 1142 illud
2840 1089 3060 1144 omnino
3089 1087 3444 1153 intolerabile,
3479 1088 3602 1161 quia
3629 1087 3787 1144 multi

2184 1178 2276 1245 qui
2312 1179 2561 1234 viderunt
2605 1195 2712 1247 me,
2746 1179 2892 1236 foras
2939 1180 3192 1252 fugerunt
3221 1197 3252 1238 a
3301 1198 3410 1247 me,
3441 1181 3494 1239 id
3523 1192 3642 1251 est,
3689 1186 3790 1257 qui

2184 1279 2550 1339 cognoverunt
2591 1270 2717 1341 quid
2755 1281 2903 1328 esset
2946 1272 3187 1329 Ecclesia
3211 1313 3230 1341 ,
3258 1273 3510 1331 exierunt
3538 1273 3702 1336 ioras.
3730 1286 3788 1328 et

2185 1361 2421 1418 haereses
2437 1375 2489 1417 et
2507 1362 2796 1421 schismata
2811 1379 2910 1420 con
2918 1372 2996 1419 tra
3016 1365 3310 1420 Ecclesiam
3334 1367 3592 1421 fecerunt.
3613 1364 3789 1421 Hodie

2187 1453 2454 1509 hominem
2479 1455 2710 1520 iuvenis,
2727 1456 2876 1512 verbi
2896 1457 3087 1528 gratia,
3112 1468 3294 1513 natum
3317 1459 3368 1512 in
3387 1469 3536 1529 parte
3561 1459 3777 1518 Donati.

2185 1545 2358 1599 nescit
2380 1545 2508 1614 quid
2546 1545 2617 1602 sit
2647 1546 2907 1612 Ecclesia,
2935 1547 3027 1602 ubi
3068 1556 3224 1602 natus
3252 1561 3332 1603 cat
3362 1558 3508 1603 tenet
3533 1565 3549 1605 :
3571 1563 3682 1603 non
3706 1549 3786 1604 illi

2183 1635 2368 1690 evellis
2393 1635 2833 1693 consuetudinem
2864 1653 3022 1708 quam
3050 1637 3194 1694 sitsit
3215 1653 3338 1693 cum
3369 1637 3508 1693 laete
3534 1639 3783 1694 nutricis.

2184 1725 2338 1780 Illum
2363 1766 2380 1793 ,
2421 1724 2566 1780 illum
2602 1725 2669 1782 da
2693 1726 2783 1798 qui
2828 1727 3060 1782 volvitur
3095 1728 3334 1798 quotidie
3365 1729 3416 1782 in
3447 1728 3740 1799 Scripturis
3765 1769 3784 1794 ,

2183 1816 2273 1884 qui
2319 1816 2464 1886 legit,
2491 1816 2581 1886 qui
2614 1817 2867 1887 pra~dicat
2895 1832 2910 1870 :
2944 1818 3088 1873 itane
3117 1819 3332 1874 tandem
3365 1835 3471 1874 non
3499 1819 3568 1874 ibi
3597 1820 3784 1885 videt,

2185 1904 2404 1961 Postulo
2430 1924 2462 1961 a
2489 1924 2587 1969 me.
2611 1919 2657 1961 et
2679 1909 2811 1964 dabo
2833 1908 2920 1963 tibi
2943 1907 3127 1964 Gentes
3158 1910 3503 1966 luereditatem
3538 1920 3701 1978 luant,
3735 1923 3784 1966 et

2183 2001 2548 2070 possessionem
2575 2010 2718 2054 tuam
2741 2001 2983 2056 terminos
3006 2011 3155 2056 terra
3177 2000 3350 2072 (Psal.
3373 2019 3430 2067 tt,
3455 2001 3550 2074 8)?
3576 2020 3684 2059 non
3709 2003 3784 2060 ibi

2185 2089 2352 2155 videt,
2374 2091 2932 2158 Commemorabuntur,
2965 2101 3014 2148 et
3034 2105 3384 2170 convertentur
3408 2093 3475 2150 ad
3502 2094 3786 2150 Dominum

2183 2183 2404 2236 universi
2424 2183 2552 2252 ﬁnes
2572 2193 2740 2250 terna,
2771 2193 2820 2238 et
2845 2184 3132 2239 adorabunt
3153 2185 3204 2238 in
3232 2195 3502 2257 conspectu
3529 2189 3639 2258 ejus
3665 2188 3786 2243 uni-

2181 2287 2339 2327 verse
2361 2275 2541 2342 patria!
2561 2274 2782 2345 gentium
2816 2274 2989 2348 (Psal.
3021 2291 3134 2342 xxi,
3162 2277 3255 2348 28)
3280 2277 3303 2331 ?
3328 2278 3384 2337 Si
3412 2279 3560 2335 vides
3590 2279 3662 2334 ibi
3701 2294 3787 2337 to-

2182 2366 2287 2419 tius
2312 2367 2460 2420 orbis
2490 2368 2767 2433 unitatcm,
2809 2368 2934 2437 quid
2967 2367 3114 2424 foras
3142 2369 3310 2440 fugis,
3355 2381 3412 2426 ut
3457 2387 3566 2427 non
3600 2375 3781 2429 solum

2182 2457 2296 2526 ipse
2321 2459 2561 2526 patiaris,
2585 2474 2769 2513 verum
2800 2470 2854 2514 et
2877 2459 2996 2514 aliis
3018 2461 3182 2516 facias
3204 2462 3543 2518 caecitatem?
3573 2462 3674 2531 Qui
3700 2467 3783 2519 vi-

2181 2547 2362 2601 debant
2389 2564 2486 2613 me,
2518 2547 2569 2602 id
2596 2558 2679 2603 est
2697 2590 2711 2612 ,
2739 2549 2829 2619 qui
2857 2559 3116 2605 noverant
3148 2550 3276 2622 quid
3306 2552 3378 2607 sit
3407 2553 3665 2619 Ecclesia,
3689 2554 3782 2622 qui

2180 2653 2299 2692 eam
2341 2639 2395 2694 in
2429 2640 2717 2709 Scripturis
2744 2640 3107 2709 intuebantur,
3150 2647 3291 2715 foras
3328 2648 3564 2717 fugarum
3595 2663 3629 2700 a
3677 2663 3780 2702 me.

2181 2730 2389 2786 Putatis
2413 2733 2580 2800 enim,
2611 2732 2803 2789 fratres
2824 2735 2950 2801 mei,
2975 2737 3097 2806 quia
3121 2735 3195 2792 illi
3221 2751 3411 2793 omnes
3429 2739 3518 2808 qui
3540 2741 3784 2797 fecerunt

2181 2825 2416 2880 haereses
2441 2841 2537 2895 per
2566 2827 2679 2881 loca
2706 2835 2761 2882 et
2782 2837 2982 2897 partes,
3013 2843 3121 2884 non
3148 2839 3407 2886 noverant
3439 2830 3492 2886 in
3534 2831 3783 2903 Scriptu-

2180 2916 2255 2972 ris
2293 2917 2407 2981 Dei,
2449 2919 2568 2988 quia
2619 2919 2859 2974 Ecclesia
2899 2935 3005 2975 non
3045 2930 3130 2975 est
3159 2921 3411 2992 praedicta
3443 2924 3487 2990 ⁸.
3527 2925 3628 2979 nisi
3665 2935 3782 2980 toto

2179 3019 2442 3065 terrarum
2471 3010 2604 3065 orbe
2638 3009 2830 3065 dill'usa
2853 3009 2877 3064 ἵ
2904 3010 3043 3066 Vere
3070 3012 3192 3068 dico
3229 3013 3491 3070 Charitati
3527 3015 3729 3072 Vestrre
3761 3035 3777 3073 :

2176 3098 2336 3155 Certe
2380 3115 2571 3156 omnes
2597 3099 2873 3156 chriSIiani
2922 3117 3140 3167 sumus,
3172 3105 3257 3159 vel
3285 3104 3560 3163 christiani
3585 3123 3783 3166 omnes

2175 3193 2429 3260 dicimur,
2458 3203 2512 3249 et
2530 3209 2719 3249 omnes
2738 3194 2936 3249 Christi
2966 3196 3120 3266 signo
3145 3197 3420 3267 signamur
3445 3217 3460 3252 :
3487 3199 3779 3257 obscurius

2172 3285 2427 3341 dixerunt
2468 3284 2751 3356 Propheta:
2780 3287 2847 3342 de
2875 3286 3120 3351 Christo,
3168 3305 3327 3359 quam
3375 3290 3444 3344 de
3489 3291 3780 3358 Ecclesia;

2175 3385 2308 3445 puto
2335 3384 2619 3445 pr0pterea
2649 3378 2775 3446 quia
2806 3377 3058 3433 videbant
3084 3378 3136 3433 in
3167 3379 3369 3447 Spiritu
3399 3421 3415 3443 ,
3457 3389 3639 3435 contra
3673 3383 3781 3438 Ec-

2172 3468 2391 3522 clesiam
2415 3467 2662 3524 homines
2692 3468 2928 3523 facturos
2956 3484 3076 3526 esse
3103 3471 3410 3540 particulas.
3443 3473 3590 3530 etde
3617 3473 3782 3529 Chri-

2173 3567 2260 3613 sto
2283 3574 2388 3613 non
2414 3567 2613 3614 taan
2645 3558 2796 3615 litem
2825 3561 3124 3629 habituros,
3165 3561 3233 3617 de
3272 3561 3512 3618 Ecclesia
3553 3580 3780 3635 magnas

2171 3651 2546 3707 contentiones
2595 3653 2943 3709 excitaturus.
2990 3653 3116 3708 ldco
3167 3655 3301 3710 illud
3356 3658 3498 3713 unde
3537 3660 3776 3728 majores

2171 3741 2293 3798 lites
2317 3741 2506 3798 futurze
2525 3752 2696 3809 erant,
2731 3745 2938 3814 planius
2966 3745 3276 3813 przcdietum
3307 3757 3362 3802 et
3382 3750 3616 3818 apertius
3646 3766 3777 3820 pro-

2167 3835 2444 3908 phetatum
2472 3845 2574 3903 est,
2605 3845 2662 3890 ut
2685 3836 2750 3890 ad
2775 3837 3030 3906 judicium
3061 3837 3166 3892 illis
3185 3839 3364 3894 valeat
3385 3841 3472 3910 qui
3495 3841 3768 3910 viderunt,

2171 3937 2225 3984 ct
2255 3928 2396 3982 foras
2427 3927 2691 3998 fugerunt.

2245 4019 2299 4075 9.
2325 4020 2570 4090 Exempli
2601 4021 2771 4091 gratia
2800 4037 2962 4074 unttm
2993 4023 3451 4084 commemorabo.
3497 4023 3772 4082 Abraham

2171 4123 2322 4184 pater
2341 4123 2526 4169 noster
2548 4113 2662 4176 fuit,
2690 4130 2794 4168 non
2827 4124 3046 4186 prepter
3069 4116 3416 4185 propaginem
3441 4117 3640 4184 carnis,
3668 4120 3770 4175 sed

2166 4215 2388 4276 propter
2413 4204 2762 4260 imitationem
2797 4205 2918 4261 tidei
2952 4223 2964 4258 :
2993 4206 3171 4276 justus
3190 4215 3246 4261 et
3265 4207 3482 4276 placens
3505 4210 3634 4276 Deo,
3671 4226 3770 4279 per

2168 4297 2328 4353 ﬁdem
2377 4299 2615 4368 suscepit
2659 4299 2825 4354 filium
2871 4299 2972 4354 sibi
3015 4301 3334 4370 promissum
3364 4301 3512 4360 Isaac
3533 4304 3602 4360 de
3633 4305 3768 4362 Sara

2164 4387 2334 4444 sterili
2371 4405 2540 4446 uxore
2577 4404 2670 4444 sua
2710 4390 2761 4444 in
2811 4399 3090 4447 senectute
3135 4407 3231 4449 sua
3278 4392 3436 4463 (Gen.
3488 4411 3598 4460 xxi,
3655 4396 3766 4468 2):

2158 4477 2345 4548 jussus
2369 4485 2454 4534 est
2481 4479 2759 4535 immolare
2786 4481 2897 4534 Deo
2922 4481 3169 4535 eumdem
3215 4482 3403 4549 tilium,
3427 4499 3525 4539 nec
3549 4485 3784 4542 dubita-.

2163 4571 2257 4634 vit,
2297 4585 2396 4625 nec
2423 4570 2757 4640 disceptavit,
2797 4588 2895 4627 nec
2933 4573 3000 4627 de
3024 4573 3176 4643 jussu
3207 4575 3297 4630 Del
3323 4576 3629 4647 disputavit,
3666 4596 3767 4637 nec

2163 4663 2366 4718 malum
2396 4666 2601 4733 putavit
2623 4665 2765 4735 quod
2792 4665 2982 4735 jubere
3005 4667 3246 4735 optimus
3281 4669 3487 4737 potuit;
3520 4668 3676 4725 duxit
3704 4673 3768 4727 li~

2163 4754 2291 4809 lium
2315 4769 2468 4809 suum
2497 4754 2562 4808 ad
2589 4755 2995 4822 immolandum,
3036 4757 3358 4827 imposuitei
3380 4759 3518 4830 ligna
3557 4762 3760 4817 sacriﬁ-

2161 4845 2252 4912 cii,
2285 4845 2609 4915 pervcnitad
2639 4848 2836 4924 locum,
2864 4849 3037 4903 erexit
3058 4849 3331 4906 dexteram
3359 4860 3415 4905 ut
3439 4861 3764 4922 percuteret,

2158 4952 2227 4992 eo
2259 4938 2578 5006 prohibente
2606 4939 2874 5009 deposuit,
2915 4955 3022 5008 quo
3063 4940 3286 5010 jubente
3329 4943 3600 4999 levaverat
3640 4945 3760 5015 (Id.

2162 5042 2298 5096 uti,
2328 5030 2417 5098 3);
2446 5031 2535 5100 qui
2564 5029 3031 5100 obtemperaverat
3058 5042 3115 5086 ut
3141 5033 3347 5100 feriret,
3369 5035 3765 5106 obtemperavit

2159 5132 2216 5175 ιιι
2247 5132 2522 5191 parceret;
2558 5123 2752 5192 ultique
2795 5123 3054 5179 obediens
3074 5168 3088 5192 ,
3120 5142 3378 5198 nusquam
3409 5129 3625 5184 timidus
3653 5149 3668 5184 :
3702 5144 3764 5188 ut

2157 5222 2336 5268 tamen
2367 5214 2684 5284 impleretur
2723 5216 3042 5272 sacrificium
3066 5259 3080 5284 ,
3127 5230 3177 5274 et
3214 5222 3332 5276 sine
3358 5224 3618 5293 sanguine
3649 5242 3759 5283 non

2156 5306 2545 5371 discederetur,
2577 5308 2820 5364 iuventus
2847 5321 2932 5367 est
2956 5313 3096 5367 aries
3119 5313 3334 5372 haerens
3364 5320 3415 5371 in
3439 5334 3602 5388 vepre
3626 5333 3756 5375 cor-

2157 5396 2338 5460 nibus,
2372 5400 2485 5468 ipse
2515 5400 2818 5456 itmnolatus
2855 5411 2958 5465 est,
2999 5417 3269 5471 peractum
3299 5418 3379 5462 est
3405 5409 3756 5470 sacrificium.

2154 5487 2349 5553 Quzere
2368 5488 2495 5559 quid
2525 5489 2625 5543 sit:
2654 5491 2817 5560 figura
2850 5501 2930 5546 est
2957 5493 3151 5548 Christi
3181 5496 3412 5552 involuta
3440 5514 3758 5558 sacramen-

2157 5579 2244 5632 tis.
2293 5579 2531 5649 Denique
2575 5591 2629 5634 ιιι
2657 5583 2897 5638 videatur
2925 5584 3209 5641 discutitur
3231 5631 3244 5653 ,
3275 5598 3331 5643 nt
3358 5590 3602 5647 videatur
3630 5609 3758 5663 per.

2157 5679 2446 5735 tractatur,
2501 5683 2558 5725 ut
2602 5675 2740 5743 quod
2798 5675 3092 5730 involutum
3129 5690 3211 5730 est
3249 5682 3544 5739 evolvatur.
3603 5683 3754 5745 isaac

2220 5781 2234 5812 ι
2262 5780 2397 5844 ML,
2415 5785 2698 5844 ptau'imtn.
2720 5793 2826 5838 Mss.
2851 5790 3085 5850 nonnulli,
3109 5798 3363 5855 prauum.
