4008 6328
191 381 297 438 245

193 507 451 566 tanquam
493 495 638 551 ﬁlius
675 493 863 551 unicus
901 493 1132 550 dilectus
1170 493 1392 563 ﬁguram
1432 490 1636 546 habens
1678 488 1796 545 Filii

195 591 330 657 Dei,
361 599 584 660 portans
629 590 771 660 ligna
812 588 935 654 sibi.
993 589 1264 661 quomodo
1291 588 1538 643 Christus
1577 599 1797 640 crucem

193 685 428 754 portavit
453 683 633 755 (Joau.
662 682 908 746 ιιιΑἸ).
930 683 1020 738 Ille
1047 690 1322 755 postremo
1341 683 1453 750 ipse
1481 681 1620 734 aries
1641 677 1800 734 Chri-

192 784 337 830 stum
387 775 725 846 signiﬁcavit.
776 774 913 843 Quid
956 785 1037 829 est
1073 774 1215 829 enim
1261 772 1466 828 Ita-rere
1503 771 1794 834 cornibus,

195 865 298 921 nisi
349 866 581 936 quodam
626 864 786 921 modo
841 866 1119 935 crueiiigi?
1177 864 1368 935 Figura
1430 871 1515 918 est
1565 863 1666 917 ista
1727 860 1796 916 de

191 953 431 1012 Christo.
455 955 725 1012 Continuo
752 955 1090 1026 praedicanda
1109 965 1227 1011 erat
1247 954 1510 1018 Ecclesia,
1537 968 1793 1024 prtenun-

193 1045 324 1102 tiato
351 1048 527 1118 capite
556 1047 1019 1118 pramuntiaudum
1066 1057 1182 1103 erat
1223 1055 1280 1103 et
1327 1061 1522 1116 corpus
1574 1063 1588 1098 :
1631 1045 1797 1115 cmpit

189 1137 430 1208 Spiritus
460 1138 575 1206 Dei,
606 1140 772 1208 coepit
795 1140 934 1194 Deus
954 1137 1019 1194 ad
1035 1139 1304 1195 Abraham
1333 1139 1626 1210 prmdicare
1655 1137 1794 1191 velle

194 1229 519 1299 Ecclesiam,
549 1242 604 1290 et
642 1235 764 1290 tulit
810 1236 1052 1305 ﬁguram.
1090 1234 1363 1290 Christum
1403 1235 1630 1304 ﬁgurate
1659 1249 1796 1304 prae-

190 1321 443 1390 dicabat,
492 1325 784 1382 Ecclesium
826 1337 1009 1396 aperte
1049 1327 1392 1397 praedicavit;
1423 1329 1498 1382 ait
1531 1328 1673 1383 enim
1725 1327 1791 1382 ad

190 1413 468 1470 Abraham
499 1433 513 1469 :
543 1417 796 1486 Quoniam
823 1418 1073 1474 obaudisti
1095 1436 1264 1474 vocem
1299 1436 1480 1483 meam,
1505 1427 1552 1474 et
1578 1435 1678 1472 non
1701 1435 1792 1488 pe-

193 1505 402 1576 percisti
426 1505 535 1577 ﬁlio
563 1518 650 1562 tuo
687 1507 870 1564 dilecto
897 1521 1103 1584 propter
1131 1527 1231 1577 me,
1273 1511 1568 1566 benedicens
1590 1510 1796 1565 benedi-

190 1612 305 1651 cam
335 1606 404 1664 te,
431 1606 478 1652 et
514 1597 771 1672 implendo
818 1601 1037 1672 implebo
1080 1620 1248 1658 semen
1289 1612 1430 1658 tuum
1462 1603 1592 1657 sicut
1619 1604 1794 1659 stellas

190 1687 325 1754 caeli,
356 1698 405 1742 et
430 1690 561 1745 sicut
594 1708 803 1746 arenam
833 1693 1009 1760 maris,
1050 1705 1098 1749 et
1132 1694 1484 1750 benedicentur
1523 1697 1577 1749 in
1606 1696 1796 1752 semine

189 1788 278 1831 tuo
307 1795 484 1834 oumes
508 1790 678 1852 gentes
706 1791 857 1838 terrae
877 1783 1033 1855 (Gen.
1068 1800 1199 1852 xxn,
1221 1785 1333 1857 16).
1361 1785 1424 1840 Et
1442 1801 1578 1856 pene
1597 1785 1793 1854 ubique

187 1868 438 1926 Christus
463 1873 641 1943 aliquo
673 1874 946 1930 involucro
984 1876 1306 1932 sacramenti
1351 1877 1668 1947 praedicatus
1710 1885 1794 1931 est

188 1977 218 2015 a
246 1963 552 2033 Prophetis,
581 1966 816 2022 Ecclesia
845 1977 1029 2037 aperte
1053 1986 1069 2023 :
1091 1978 1146 2024 ut
1167 1969 1408 2024 viderent
1438 1969 1580 2023 illam
1612 1978 1667 2024 et
1701 1971 1790 2038 qui

189 2056 353 2111 futuri
380 2069 534 2113 erant
557 2070 742 2116 contra
784 2061 964 2125 illam,
1013 2071 1067 2116 et
1108 2061 1423 2131 impleretur
1467 2062 1518 2115 in
1569 2062 1647 2117 eis
1688 2062 1788 2116 ista

187 2151 427 2221 nequitia
473 2167 630 2224 quam
675 2151 923 2223 prmdixit
951 2154 1217 2218 Psalmus,
1253 2155 1356 2222 Qui
1393 2153 1623 2208 videbant
1660 2170 1741 2207 nte
1772 2195 1786 2216 ,

188 2243 329 2310 {oms
355 2244 594 2312 fugerunt
623 2259 655 2295 a
675 2259 774 2297 me.
803 2242 882 2298 Ex
911 2243 1065 2298 nobis
1089 2245 1356 2308 exierunt,
1385 2242 1480 2299 sed
1501 2259 1609 2298 non
1635 2254 1790 2299 erant

185 2345 254 2385 ex
285 2333 443 2388 nobis
471 2333 518 2404 (Ι
557 2334 716 2390 Joau.
761 2351 818 2402 ιι,
849 2335 938 2406 l9)
973 2354 985 2390 :
1016 2337 1119 2392 hoc
1144 2337 1417 2407 apostolus
1447 2335 1683 2392 Joannes
1721 2336 1790 2392 de

186 2420 296 2477 illis
323 2421 498 2500 dixit.)

260 2517 349 2572 10.
383 2515 531 2589 [vers.
591 2518 702 2592 13.]
759 2519 958 2574 Oblitus
1001 2537 1134 2583 sum,
1193 2531 1432 2590 tanquam
1477 2529 1707 2572 mortuus
1756 2537 1788 2572 α

184 2606 359 2662 corde.
403 2607 614 2664 Oblitus
643 2626 760 2665 sum
784 2653 798 2675 ,
835 2611 888 2666 in
917 2609 1242 2664 oblivionem
1283 2610 1426 2674 veni,
1471 2609 1622 2664 obliti
1662 2616 1787 2663 sunt

183 2717 273 2756 me
304 2701 381 2756 illi
406 2703 495 2771 qui
524 2702 770 2758 viderunt
815 2720 902 2759 me
945 2719 957 2755 :
1001 2703 1150 2757 obliti
1199 2711 1324 2758 sunt
1373 2716 1480 2768 me,
1513 2709 1568 2755 et
1594 2701 1669 2756 sie
1701 2716 1786 2756 me

182 2792 335 2847 obliti
357 2801 499 2856 sunt,
526 2801 776 2865 tanquam
809 2802 1052 2848 mortuus
1074 2792 1266 2848 fuerim
1288 2809 1317 2846 a
1344 2791 1506 2846 corde
1525 2791 1782 2860 ipsorum.

185 2883 390 2940 Oblitus
435 2902 547 2940 sum
567 2927 586 2953 ,
645 2897 883 2957 tanquam
931 2897 1158 2940 mortuus
1185 2901 1218 2939 α
1246 2884 1398 2939 corde
1430 2899 1448 2939 :
1477 2888 1642 2954 factus
1671 2899 1786 2936 sum

181 2985 428 3044 tanquam
452 2992 538 3029 vas
565 2977 835 3046 perditum.
867 2958 1007 3046 Quid
1039 2987 1121 3032 est
1161 2975 1262 3031 hoc
1281 3018 1296 3042 ,
1328 2979 1494 3045 factus
1526 2991 1640 3028 sum
1666 2985 1783 3028 tan-

181 3083 335 3136 quam
357 3082 445 3119 vas
473 3067 768 3135 perditum?
792 3067 1092 3122 Laborahat
1113 3064 1234 3130 iste,
1264 3077 1315 3121 et
1339 3065 1468 3120 nulli
1494 3064 1780 3134 proderat:

182 3159 316 3214 vidit
346 3175 406 3214 se
433 3175 527 3216 vas
552 3175 696 3225 esse,
740 3170 794 3215 et
829 3159 960 3215 nulli
995 3159 1272 3230 prodesse,
1327 3169 1381 3213 et
1425 3174 1483 3213 se
1531 3171 1781 3230 tanquam

181 3267 277 3307 νειε
303 3253 570 3323 perditum
593 3251 742 3308 dicit.

253 3347 279 3400 1
298 3345 344 3399 ι.
372 3342 523 3418 [vers.
561 3343 672 3418 14.]
709 3343 965 3413 Quoniam
993 3343 1165 3398 audivi
1196 3341 1622 3414 vituperationem
1652 3343 1784 3398 mul-

181 3444 351 3491 torum
375 3437 429 3489 in
453 3435 787 3490 accolentium
814 3436 1030 3490 circuitu
1065 3450 1085 3489 :
1124 3433 1280 3491 multi
1317 3434 1564 3490 accolunt
1595 3435 1647 3489 in
1671 3433 1783 3490 cir-

178 3530 330 3584 cuitu
371 3543 516 3596 meo,
566 3538 622 3584 et
668 3527 1068 3599 reprehendunt
1133 3543 1221 3584 me
1261 3527 1522 3600 quotidie.
1571 3527 1781 3594 Quanta

178 3619 322 3674 mala
349 3618 534 3674 dicunt
557 3618 610 3673 in
633 3619 805 3674 malos
827 3619 1172 3682 christianos,
1195 3633 1316 3688 qua:
1343 3615 1627 3673 maledicta
1660 3632 1784 3687 per-

177 3709 404 3765 veniunt
428 3709 494 3765 ad
526 3725 716 3765 omnes
742 3708 1077 3764 Christianos
1103 3710 1117 3764 l
1146 3707 1412 3778 Numquid
1439 3709 1584 3763 enim
1611 3707 1782 3772 dicit,

176 3801 270 3872 qui
301 3800 596 3868 maledicit,
629 3811 721 3856 aut
758 3801 848 3870 qui
879 3799 1228 3869 reprehendit
1251 3799 1606 3867 Christianos,
1643 3801 1782 3855 Ecce

177 3906 302 3962 quae
328 3890 529 3946 iaciunt
570 3907 678 3947 non
715 3891 840 3945 boni
867 3891 1188 3946 christiani?
1213 3891 1320 3945 Sed
1345 3933 1358 3956 ,
1388 3890 1528 3945 Ecce
1550 3907 1669 3960 qum
1700 3889 1784 3946 l‘a-

176 3984 330 4040 ciunt
356 3983 647 4039 Christiani
678 4001 693 4040 :
723 3999 828 4038 non
859 3990 1108 4053 separat,
1145 3997 1250 4037 non
1285 3981 1558 4038 discernit.
1589 3981 1668 4037 illi
1705 3993 1782 4038 ta-

178 4089 306 4130 men
335 4074 436 4129 ista
467 4074 670 4141 dicunt,
712 4074 802 4145 qui
831 4073 1076 4129 accolunt
1108 4073 1159 4127 in
1187 4073 1432 4137 circuitu,
1457 4072 1508 4127 id
1539 4081 1641 4136 est,
1674 4074 1780 4128 cir-

177 4175 460 4234 cumeunt,
493 4174 549 4224 et
581 4182 688 4221 non
723 4167 941 4222 intrant.
988 4165 1163 4234 Quare
1192 4165 1559 4230 circumeunt,
1592 4174 1646 4219 et
1675 4182 1781 4220 non

179 4258 419 4316 intrant?
446 4258 580 4327 Quia
605 4267 779 4313 rotam
809 4258 1066 4328 temporis
1095 4267 1274 4312 amant
1309 4276 1322 4311 :
1349 4273 1455 4313 non
1487 4258 1688 4311 intrant
1713 4257 1782 4312 ad

178 4349 486 4413 veritatem,
514 4347 637 4420 quia
660 4363 764 4403 non
780 4358 960 4403 amant
981 4347 1369 4411 aeternitatem;
1399 4347 1784 4416 temporalibus

179 4437 349 4495 dediti
379 4446 630 4508 tanquam
677 4447 812 4494 rotas
850 4437 1146 4502 constricti,
1176 4437 1244 4492 de
1273 4437 1464 4507 quibus
1490 4436 1616 4493 alibi
1648 4437 1784 4492 dici-

182 4542 292 4597 tur,
326 4529 473 4585 Pone
497 4530 750 4602 principes
775 4547 947 4585 eorum
971 4539 1027 4584 ut
1055 4541 1217 4585 rotam
1242 4529 1411 4600 (Psal.
1436 4545 1636 4596 Lxxxn,
1671 4529 1780 4600 li);

179 4633 237 4679 et
263 4622 410 4688 alibi,
443 4620 508 4677 In
536 4622 749 4677 circuitu
775 4622 920 4692 impii
939 4621 1199 4676 ambulant
1225 4619 1400 4692 (Psal.
1433 4638 1505 4684 χι,
1537 4621 1618 4690 9).
1647 4619 1785 4675 Dum

182 4723 616 4788 congregarentur
659 4713 756 4785 ipsi
798 4713 949 4769 simul
977 4713 1243 4767 adversum
1271 4729 1371 4778 me,
1419 4722 1473 4764 ut
1501 4711 1786 4781 acciperent

181 4807 411 4862 animum
441 4822 607 4860 meam
640 4805 892 4859 consiliati
920 4813 1057 4858 sunt.
1087 4803 1224 4871 Quid
1267 4812 1370 4868 est,
1409 4814 1462 4856 ut
1504 4803 1786 4873 accipereut

181 4901 410 4955 animum
436 4916 597 4952 meum
626 4899 879 4953 consiliati
901 4897 1056 4953 sunt?
1087 4897 1153 4953 Ut
1174 4895 1532 4952 consentirem
1556 4899 1788 4964 pravita-

184 4994 329 5049 tibus
343 5006 552 5047 eorum.
573 4989 682 5045 lliis
704 4990 846 5044 enim
875 4992 962 5060 qui
991 4987 1335 5050 maledicunt,
1366 4995 1542 5041 etnon
1566 4987 1784 5048 intrant,

181 5100 374 5156 parum
405 5083 642 5154 estquia
689 5097 797 5136 non
840 5081 1071 5146 intrant;
1121 5089 1176 5136 et
1219 5078 1416 5148 ejicere
1447 5079 1572 5132 hinc
1600 5079 1789 5132 volunt

180 5173 559 5245 vituperando.
594 5173 651 5228 Si
681 5173 954 5243 ejecerunt
981 5182 1032 5227 te
1058 5171 1128 5226 de
1158 5169 1425 5234 Ecclesia,
1461 5179 1788 5240 acceperunt

181 5269 420 5322 animam
452 5275 618 5330 tuam,
647 5264 698 5320 id
729 5275 830 5330 est,
862 5272 1148 5319 tenuerunt
1175 5263 1584 5318 consensionem
1615 5273 1781 5328 tuam;

181 5369 239 5416 et
266 5361 379 5415 eris
403 5359 456 5412 in
482 5356 704 5414 circuitu
725 5399 741 5422 ,
773 5373 879 5411 non
906 5356 959 5411 in
990 5355 1288 5411 mansione.

259 5452 351 5508 12.
380 5449 534 5526 [vers.
585 5448 702 5524 15.]
731 5450 841 5521 Ego
869 5459 1047 5504 autem
1074 5490 1092 5514 ,
1124 5449 1263 5502 inter
1291 5447 1405 5504 lucc
1450 5445 1737 5517 opprobria
1770 5489 1786 5514 ,

186 5546 332 5602 inter
359 5545 476 5599 haec
515 5540 768 5597 scandala
792 5584 808 5607 ,
840 5541 979 5596 inter
1001 5539 1117 5595 hzec
1142 5539 1278 5593 mala
1305 5579 1320 5602 ,
1369 5539 1511 5594 inter
1539 5538 1667 5593 istas
1697 5553 1788 5593 se-

187 5635 504 5702 dactiones,
548 5633 680 5690 foris
711 5631 1020 5704 iniquitates
1039 5672 1054 5695 ,
1085 5640 1141 5686 et
1171 5631 1551 5702 pervcrsitates
1603 5629 1749 5685 intus
1770 5671 1796 5696 ,.

189 5743 315 5784 cum
353 5724 688 5781 attenderem
741 5721 988 5778 homines
1032 5722 1208 5791 justos
1254 5729 1310 5776 et
1355 5735 1652 5789 quaererem
1678 5760 1695 5785 ,
1734 5729 1792 5774 et

197 5818 460 5876 deessent
483 5831 620 5892 quos
648 5814 926 5884 imitarer,
953 5811 1084 5885 quid
1113 5810 1259 5869 fecit
1309 5811 1454 5883 quod
1507 5811 1791 5868 consilium

1282 372 1681 436 ENARRATIO
1721 371 1786 427 Ix
1827 371 2150 432 PSALMUM
2192 377 2361 434 xxx.

3399 385 3519 440 246

1910 488 2127 545 inveni?
2148 490 2260 561 Ego
2276 501 2446 546 autem
2467 535 2482 558 ,
2513 492 2566 548 in
2587 503 2636 548 te
2656 496 2887 563 speravi,
2923 496 3155 552 Domine.
3189 497 3329 554 Nihil
3359 500 3503 553 salu-

1907 582 2057 638 brius
2081 625 2094 648 ,
2128 584 2259 639 nihil
2278 585 2539 641 securius.
2570 585 2799 644 Volebas
2828 589 3024 645 imitari
3069 590 3250 644 nescio
3295 607 3455 660 quem
3489 633 3504 647 .

1909 675 2161 731 invenisti
2193 676 2343 734 illum
2371 695 2479 734 non
2508 679 2705 736 bonum
2737 698 2752 736 :
2786 681 2913 735 tolle
2939 679 3294 740 imitationem
3345 681 3502 737 hanc.

1907 772 2086 828 Alium
2112 772 2348 844 quaesisti
2375 813 2391 838 ,
2420 772 2602 828 nescio
2631 771 2756 842 quid
2780 771 3051 842 displicuit
3077 789 3091 824 :
3120 778 3333 828 tertium
3354 790 3504 844 qum--

1906 864 2063 930 sisti,
2091 875 2147 921 et
2174 866 2287 936 ipse
2316 880 2422 920 non
2445 864 2644 934 placuit
2672 881 2686 917 :
2714 864 2971 934 numquid
2993 865 3116 935 quia
3136 875 3190 920 et
3215 865 3307 922 ille
3331 874 3388 922 et
3415 865 3507 920 ille

1905 958 2208 1028 displicuit,
2237 969 2288 1014 et
2319 967 2371 1013 tu
2398 958 2637 1029 peribis?
2667 957 2820 1013 Tolle
2841 957 2910 1012 ab
2937 951 3155 1012 homine
3184 972 3358 1029 spem,
3381 959 3503 1027 quia

1905 1051 2225 1107 maledictus
2252 1053 2430 1106 omnis
2477 1051 2568 1120 qui
2613 1064 2765 1120 spem
2806 1065 2957 1104 suam
2989 1048 3138 1119 ponit
3184 1050 3237 1104 in
3286 1049 3504 1104 homine

1905 1143 2118 1213 (Jerem.
2164 1160 2310 1210 xvn,
2360 1143 2441 1214 5).
2485 1144 2542 1200 Si
2589 1143 2824 1199 attendi:
2873 1142 3050 1198 adhuc
3092 1140 3400 1206 hominem,
3449 1150 3507 1197 et

1904 1252 2026 1290 eum
2051 1230 2247 1306 quieris
2283 1235 2514 1300 imitari,
2536 1245 2590 1290 et
2627 1249 2693 1290 ex
2721 1235 2814 1291 illo
2839 1233 3108 1304 pendere,
3155 1233 3334 1287 adhuc
3364 1233 3502 1288 lacte

1904 1329 1982 1382 vis
2011 1329 2235 1392 nutriri;
2257 1339 2310 1383 et
2335 1327 2431 1383 lies
2457 1330 2939 1396 mammothreptus
2961 1366 2977 1391 ,
3017 1324 3204 1394 quales
3247 1324 3503 1378 dicuntur

1903 1421 2055 1489 pueri
2082 1420 2171 1489 qui
2193 1419 2282 1474 diu
2309 1426 2541 1488 sugunt,
2565 1414 2706 1487 quod
2738 1427 2844 1470 non
2877 1414 3054 1470 decet.
3099 1415 3308 1470 Etenim
3360 1414 3499 1469 lacte

1901 1511 1976 1564 uti
2002 1550 2018 1575 ,
2050 1519 2300 1581 tanquam
2357 1524 2452 1579 per
2492 1524 2710 1564 carnem
2741 1507 2881 1562 velle
2926 1507 3026 1562 sibi
3057 1506 3235 1560 cibum
3276 1505 3444 1573 trajici
3478 1547 3494 1568 ,

1902 1600 2018 1659 hoc.
2045 1601 2184 1657 idem
2215 1611 2298 1656 est
2329 1616 2424 1670 per
2469 1601 2740 1654 hominem
2772 1598 2972 1654 vivere.
3024 1597 3253 1652 Idoneus
3283 1607 3400 1650 esto
3425 1594 3496 1649 ad

1899 1707 2186 1756 mensam,
2215 1692 2338 1747 inde
2366 1707 2498 1761 cape
2518 1691 2660 1746 unde
2689 1689 2780 1746 ille
2803 1686 2946 1760 cepit
2964 1729 2981 1755 ,
3005 1697 3096 1743 aut
3119 1687 3352 1744 fortasse
3387 1702 3496 1742 non

1899 1786 2062 1856 cepit.
2095 1785 2255 1840 Forte
2278 1785 2478 1840 utiliter
2507 1793 2561 1839 et
2587 1783 2642 1839 in
2669 1783 2866 1839 malum
2892 1778 3166 1848 incidisti,
3210 1793 3368 1849 quem
3395 1778 3497 1833 bo-

1899 1888 2026 1929 num
2055 1873 2290 1944 putasti,
2323 1883 2380 1932 ut
2411 1874 2464 1928 in
2495 1874 2659 1929 ubere
2701 1872 2854 1940 quasi
2899 1880 3144 1927 materno
3186 1868 3500 1926 amaritudi-

1899 1981 2022 2020 nem
2052 1966 2353 2029 invenires,
2389 1975 2442 2020 et
2468 1953 2530 2020 ea
2564 1964 2865 2020 oil'ensione
2905 1960 3276 2033 repellereris,
3325 1971 3384 2018 et
3428 1959 3498 2016 sd

1897 2056 2076 2110 cibum
2108 2056 2420 2111 validiorem
2463 2055 2792 2111 iuvitareris.
2823 2052 3048 2108 Faciunt
3074 2051 3217 2108 enim
3266 2050 3370 2107 hoc
3395 2067 3500 2107 nu-

1897 2149 2057 2202 trices
2084 2146 2548 2217 mammothreptis
2571 2189 2587 2211 ,
2610 2157 2668 2202 ut
2690 2146 2864 2215 aliqua
2889 2159 3074 2199 amara
3102 2151 3299 2213 ponant
3328 2143 3381 2198 in
3404 2157 3498 2212 pa.

1897 2242 2038 2311 pillis
2066 2244 2177 2296 suis
2203 2283 2214 2302 ,
2240 2239 2441 2317 quibus
2467 2238 2657 2294 oil'ensi
2683 2236 2882 2308 parvuli
2907 2237 2976 2291 ab
3006 2236 3170 2290 ubere
3206 2235 3446 2290 resiliant
3473 2275 3490 2298 ,

1895 2339 1948 2385 ct
1971 2331 2038 2384 ad
2071 2347 2312 2385 mensam
2356 2331 2580 2384 inhient.
2633 2330 2771 2400 Ergo
2796 2329 2969 2384 dicat:
3015 2327 3123 2398 Ego
3165 2337 3330 2380 autem
3369 2326 3420 2379 in
3448 2336 3495 2380 te

1893 2422 2093 2492 speravi
2116 2463 2130 2488 ,
2157 2421 2406 2483 Domine;
2435 2420 2544 2475 dixi
2568 2417 2686 2474 :Tu
2711 2437 2762 2474 es
2813 2418 2949 2472 Deus
2973 2434 3132 2473 meus.
3166 2417 3244 2473 Tn
3265 2434 3326 2472 es
3353 2418 3492 2471 Deus

1893 2527 2089 2567 naeus:
2136 2512 2354 2568 recedat
2408 2512 2684 2575 Donatus,
2733 2509 2950 2564 recedat
2995 2510 3346 2577 Caecilianus;
3393 2524 3493 2565 nec

1893 2605 1986 2658 ille
2005 2647 2018 2668 ,
2047 2620 2148 2660 nec
2167 2605 2270 2660 iste
2301 2605 2440 2680 Deus
2469 2618 2622 2660 meus
2645 2611 2749 2660 est.
2781 2599 2895 2658 Non
2922 2601 2990 2657 ad
3034 2603 3265 2658 hominis
3293 2618 3491 2658 nomen

1891 2696 2146 2762 ambulo,
2178 2696 2376 2750 Christi
2423 2710 2619 2748 nomen
2653 2705 2829 2750 teneo.
2884 2694 3058 2763 ipsum
3100 2693 3322 2749 Paulum
3368 2694 3490 2746 audi

1889 2785 2160 2840 dicentem
2193 2803 2205 2838 :
2239 2784 2507 2852 Numquid
2533 2784 2735 2838 Paulus
2758 2801 2850 2856 pro
2872 2784 3012 2839 vobis
3058 2785 3333 2851 cruciﬁxus
3377 2795 3449 2838 est
3473 2827 3487 2847 ,

1888 2877 2050 2930 autin
2076 2892 2280 2930 nomme
2306 2875 2456 2929 Pauli
2477 2876 2719 2945 baptizati
2745 2879 2862 2931 estis
2893 2877 2936 2945 (Ι
2967 2874 3087 2932 Cor.
3111 2890 3153 2941 ι,
3188 2877 3314 2936 l5)?
3361 2877 3492 2931 Pcr-

1888 2969 2020 3023 irem
2053 2970 2098 3023 si
2149 2983 2326 3024 essem
2354 2971 2422 3025 de
2448 2982 2599 3038 parte
2639 2971 2826 3037 Pauli;
2859 2969 3132 3041 quomodo
3163 2987 3266 3024 non
3321 2987 3487 3040 pereo

1890 3058 1935 3112 si
1964 3057 2115 3115 l‘uero
2141 3058 2207 3114 de
2233 3069 2387 3128 parte
2419 3060 2653 3116 Donati?
2701 3061 2927 3116 Prorsus
2952 3062 3206 3116 recedant
3258 3062 3491 3118 humana

1889 3151 2106 3206 nomina
2124 3194 2140 3218 ,
2164 3151 2393 3206 humana
2415 3153 2638 3208 erimina
2662 3193 2679 3219 ,
2709 3152 2940 3208 humana
2990 3153 3262 3224 ﬁgmenta.
3292 3154 3360 3210 In
3401 3167 3450 3210 te
3471 3196 3488 3221 ,

1888 3239 2140 3308 Domine,
2171 3243 2369 3312 speravi
2392 3259 2412 3297 :
2438 3243 2550 3297 dixi
2568 3283 2584 3308 ,
2610 3241 2687 3296 Tu
2717 3259 2772 3298 es
2793 3241 2927 3299 Deus
2958 3261 3114 3299 meus.
3165 3245 3281 3298 Non
3327 3246 3489 3302 homo

1887 3331 2168 3402 quisquam
2195 3373 2210 3396 ,
2238 3332 2331 3387 sed
2362 3342 2416 3388 tu
2447 3349 2507 3390 es
2535 3333 2675 3388 Deus
2719 3332 3078 3390 meus.‘Unus
3101 3334 3284 3390 deficit
3302 3375 3318 3402 ,
3349 3351 3487 3390 unus

1886 3425 2100 3494 proiicit
2131 3442 2143 3478 :
2179 3426 2320 3481 Deus
2344 3441 2499 3481 meus
2524 3441 2631 3499 non
2659 3426 2873 3493 deficit,
2901 3443 3079 3499 neque
3115 3427 3356 3498 proiicit;
3386 3445 3488 3486 nec

1888 3515 2050 3571 habet
2073 3533 2180 3586 quo
2206 3516 2447 3586 proficiat
2476 3517 2766 3588 perfectus,
2799 3534 2901 3574 nec
2925 3519 3086 3575 habet
3106 3521 3248 3575 unde
3275 3519 3490 3576 deiiciat

1886 3619 2141 3662 aeternus.
2172 3607 2296 3661 Dixi
2315 3606 2575 3665 Domino:
2596 3608 2731 3664 Deus
2745 3594 2897 3664 [meus
2910 3627 2963 3665 es
2984 3621 3057 3664 tu.

1960 3699 2046 3754 15.
2076 3695 2228 3772 [vers.
2253 3697 2366 3772 16.]
2395 3698 2463 3754 In
2509 3699 2742 3754 trionibus
2765 3702 2864 3756 tuis
2895 3712 3054 3757 sortes
3082 3719 3206 3758 mea:
3235 3717 3255 3758 :
3295 3719 3402 3758 non
3434 3703 3487 3758 in

1888 3790 2133 3843 manibus
2148 3789 2446 3856 hominum,
2465 3791 2559 3846 sed
2581 3791 2632 3844 in
2650 3791 2896 3846 manibus
2926 3793 3051 3847 tuis.
3078 3793 3208 3862 Qua:
3225 3804 3349 3849 sunt
3371 3795 3488 3851 ista:

1886 3883 2083 3938 sortes?
2102 3899 2266 3952 quare
2280 3883 2480 3938 sortes?
2497 3883 2690 3940 Audito
2709 3885 2924 3942 nomine
2938 3886 3180 3950 sortium,
3201 3903 3306 3941 non
3324 3888 3490 3942 debe-

1885 3992 2006 4032 mus
2017 3976 2574 4047 sortilegosquaerere.
2591 3977 2723 4032 Sors
2741 3979 2885 4034 enim
2901 3994 3005 4034 non
3022 3979 3222 4049 aliquid
3238 3981 3362 4035 mali
3380 3991 3488 4037 est:

1887 4071 1982 4126 sed
2011 4085 2103 4126 res
2137 4081 2221 4125 est
2259 4072 2312 4125 in
2344 4070 2680 4127 dubitatione
2713 4072 2943 4126 humana
2966 4071 3201 4127 divinam
3245 4073 3490 4130 indicans

1888 4161 2238 4216 voluntatem.
2270 4159 2402 4215 Nam
2434 4169 2490 4216 et
2508 4171 2683 4217 sortes
2707 4161 2969 4217 miserunt
2991 4163 3252 4231 Apostoli,
3276 4165 3491 4234 quando

1886 4253 2052 4308 ludas
2081 4253 2276 4308 tradito
2306 4253 2533 4308 Domino
2557 4255 2731 4324 periit,
2760 4263 2836 4317 et,
2855 4255 2993 4311 sicut
3017 4255 3087 4310 de
3113 4255 3204 4310 illo
3229 4258 3489 4325 scriptum

1888 4355 1971 4400 est
1990 4387 2007 4414 ,
2037 4345 2172 4399 Abiit
2197 4346 2249 4398 in
2279 4345 2445 4399 locum
2473 4363 2618 4400 suum
2646 4362 2666 4400 :
2687 4347 2851 4415 C(Bpil
2871 4347 3036 4415 quwri
3068 4346 3188 4416 quis
3216 4348 3268 4400 in
3310 4346 3488 4402 locum

1889 4435 2007 4506 ejus
2031 4435 2397 4498 ordinaretur,
2426 4436 2581 4491 electi
2613 4445 2738 4490 sunt
2766 4435 2874 4490 duo
2899 4435 3104 4506 judicio
3147 4437 3403 4502 humano,
3435 4447 3491 4493 ct

1889 4525 2090 4582 electus
2119 4525 2186 4582 de
2237 4525 2449 4581 duobus
2500 4542 2637 4582 unus
2679 4526 2882 4597 judicio
2928 4527 3111 4582 divino
3145 4545 3158 4583 :
3189 4528 3255 4583 de
3281 4528 3491 4584 duobus

1891 4619 2167 4675 consultus
2191 4628 2277 4674 est
2307 4620 2449 4676 Deus
2473 4662 2486 4684 ,
2517 4637 2804 4690 quemnam
2859 4621 3095 4690 ipsorum
3138 4637 3258 4674 esse
3284 4621 3444 4678 vellet
3473 4663 3490 4684 ,

1888 4723 1938 4766 et
1965 4713 2144 4767 cecidit
2168 4730 2281 4766 sors
2312 4730 2464 4783 super
2506 4713 2757 4768 Mathiam
2783 4713 2916 4783 (Act.
2947 4729 2983 4779 t,
3011 4715 3124 4785 226).
3153 4713 3289 4779 Quid
3332 4713 3496 4782 igitur

1891 4815 2006 4869 est,
2036 4802 2101 4858 In
2129 4807 2362 4860 munibus
2388 4807 2487 4859 tuis
2512 4815 2670 4859 sortes
2698 4807 2864 4860 mere?
2892 4807 3077 4860 Sortes
3117 4806 3247 4860 dixit
3272 4847 3288 4871 ,
3317 4822 3492 4878 quan-

1892 4905 2004 4950 tum
2035 4911 2139 4966 ego
2167 4897 2448 4961 existimo,
2500 4898 2726 4966 gratiam
2781 4913 2880 4968 qua
2932 4897 3062 4952 salvi
3115 4898 3236 4953 iacti
3281 4913 3489 4954 sumus.

1892 4986 2069 5055 Quare
2100 4991 2261 5042 sortis
2311 4989 2528 5042 nomine
2555 4987 2788 5057 appellat
2831 4989 3055 5058 gratiam
3107 4989 3237 5042 Dei?
3264 4989 3398 5057 Quia
3439 4990 3492 5045 in

1893 5086 2040 5132 sorte
2069 5095 2173 5133 non
2203 5088 2286 5134 est
2306 5079 2501 5133 electio
2523 5119 2539 5141 .
2575 5077 2670 5133 sed
2701 5079 2946 5133 voluntas
2981 5079 3094 5134 iiei.
3123 5079 3253 5134 Nam
3293 5080 3380 5135 ubi
3408 5078 3494 5135 di-

1894 5172 2032 5225 citur
2052 5213 2066 5237 ,
2087 5171 2192 5226 Iste
2224 5171 2365 5236 facit,
2402 5172 2501 5226 istc
2535 5187 2639 5226 non
2668 5171 2812 5234 facit,
2841 5173 3028 5227 merita
3057 5172 3488 5237 considerantur;

1895 5271 1949 5317 et
1975 5263 2064 5317 ubi
2091 5263 2279 5318 merita
2300 5262 2713 5318 considerantur
2738 5305 2750 5326 ,
2790 5264 2984 5319 electio
3014 5275 3098 5319 est
3117 5305 3131 5329 ,
3176 5281 3282 5319 non
3325 5279 3488 5322 sors:

1894 5353 2109 5424 quando
2134 5363 2312 5408 autem
2347 5355 2486 5408 Deus
2508 5354 2647 5407 nulla
2671 5356 2859 5409 merita
2885 5365 3065 5409 nostra
3090 5355 3312 5418 invenit,
3341 5363 3499 5413 sorte

1895 5443 2187 5498 voluntatis
2213 5459 2324 5498 sua:
2345 5459 2445 5498 nos
2465 5445 2643 5498 salvos
2665 5443 2818 5511 fecit,
2847 5445 2968 5515 quia
3002 5446 3168 5500 voluit
3188 5489 3202 5509 ,
3234 5464 3339 5502 non
3366 5447 3493 5518 quia

1897 5537 2042 5605 digni
2063 5536 2279 5590 luimus.
2309 5536 2434 5592 Haec
2465 5548 2550 5592 est
2574 5553 2710 5593 sors.
2743 5537 2932 5593 Merito
2959 5540 3136 5593 tunica
3163 5539 3253 5594 illa
3281 5536 3498 5597 Domini

1898 5629 2132 5698 desuper
2156 5638 2299 5684 texta
2321 5629 2501 5700 (Joan.
2547 5646 2641 5685 xxx
2663 5671 2678 5696 ,
2705 5629 2802 5700 25)
2823 5670 2840 5696 ,
2871 5646 2991 5700 quze
3022 5632 3288 5702 significat
3313 5633 3497 5689 chari-

1901 5722 2026 5774 tatis
2055 5721 2410 5776 aeternitatem
2430 5763 2444 5787 ,
2473 5735 2598 5775 cum
2648 5722 2811 5776 dividi
2842 5737 2871 5774 a
2902 5725 3339 5792 persecutoribus
3384 5738 3494 5780 non

1902 5824 2115 5885 posset,
2144 5827 2261 5869 sors
2283 5828 2442 5885 super
2469 5827 2587 5868 eam
2618 5813 2776 5870 missa
2803 5822 2887 5872 est
2913 5831 2924 5867 :
2957 5813 3023 5870 ad
3053 5830 3189 5886 quos
3217 5814 3460 5887 pervenit
3478 5855 3497 5884 ,
