4008 6316
550 362 656 416 247

550 490 644 528 vos
689 470 1003 544 signiliCavit
1046 470 1134 537 qui
1189 466 1435 522 videntur
1488 463 1555 518 ad
1606 472 1804 517 sortem
1864 459 2148 531 pervenire

552 576 878 621 sanctorum.
910 560 1087 615 Gratia
1107 559 1235 612 salvi
1256 557 1380 625 [acti
1408 556 1525 610 estis
1554 571 1641 625 per
1660 554 1813 623 [idem
1833 594 1846 618 ,
1887 552 1963 605 ait
2011 565 2147 621 apo-

548 658 720 713 stolus
745 655 971 718 Paulus,
1005 651 1184 706 Gratia
1199 650 1327 705 salvi
1349 650 1474 720 facti
1494 649 1609 702 estis
1636 664 1723 716 per
1748 646 1899 715 [idem
1921 686 1935 707 ,
1979 654 2025 697 et
2052 645 2149 698 hoc

560 764 659 800 non
681 763 743 800 ea:
769 746 904 799 uobis
924 745 942 813 (
964 744 1086 797 vide
1129 751 1325 796 sortem
1348 739 1388 810 ),
1410 750 1463 792 et
1515 739 1608 791 hoc
1636 754 1735 791 non
1775 754 1837 790 ea:
1856 736 2021 799 vobis;
2059 736 2148 789 sed

561 840 655 891 Dei
676 839 864 892 donum
885 846 980 892 est.
1013 834 1133 889 Non
1156 851 1219 889 ea:
1238 834 1469 904 aperibus
1490 831 1660 902 (quasi
1690 845 1783 885 ves
1815 828 2145 885 bencfeccri-

552 930 620 983 tis
641 970 656 996 ,
680 938 737 983 ut
757 927 945 983 adhoc
967 926 1222 982 accedere
1240 925 1382 995 digni
1409 920 1644 992 essetis),
1669 939 1768 976 non
1790 938 1852 975 ex
1872 921 2105 992 aperibus
2125 960 2143 987 ,

552 1034 616 1074 ne
642 1020 774 1090 forte
800 1020 913 1090 quis
934 1019 1225 1073 extollatur.
1258 1015 1430 1089 Ipsius
1455 1016 1585 1069 enim
1606 1030 1781 1069 sumus
1809 1014 2107 1084 ﬁgmentum
2126 1052 2143 1075 ,

550 1111 707 1163 creati
734 1112 787 1163 in
810 1109 1009 1164 Christo
1028 1108 1156 1165 Iesu
1175 1111 1228 1163 in
1249 1106 1483 1177 operibus
1512 1106 1654 1160 bonis
1708 1103 1923 1175 (liphes.
1971 1119 2005 1158 ιι
2032 1145 2045 1168 ,
2078 1103 2143 1158 8-

552 1201 667 1269 10).
692 1200 814 1254 Πειιο
839 1200 1068 1270 quodam
1095 1200 1254 1255 modo
1274 1212 1392 1253 sors
1417 1197 1626 1253 occulta
1644 1204 1726 1251 est
1747 1196 1989 1249 voluntas
2018 1193 2140 1259 Dei;

547 1293 601 1345 in
652 1292 888 1347 humano
914 1308 1113 1363 genere
1139 1307 1257 1347 sors
1289 1301 1374 1347 est
1396 1331 1410 1354 ,
1441 1305 1559 1345 sors
1581 1289 1805 1345 veniens
1834 1288 1904 1343 de
1930 1287 2024 1341 Dei
2052 1301 2146 1341 oc-

545 1384 690 1439 culta
711 1384 985 1439 voluntate
1005 1426 1018 1449 ,
1049 1384 1188 1454 apud
1220 1398 1375 1454 quem
1415 1398 1521 1437 non
1560 1391 1643 1437 est
1681 1382 1931 1452 iniquitas
1962 1379 2139 1453 (Rom.

545 1490 601 1529 ix
630 1516 645 1538 ,
680 1475 768 1545 14)
802 1491 817 1529 :
846 1490 951 1529 non
981 1475 1122 1531 enim
1154 1475 1244 1531 ille
1270 1490 1528 1544 personas
1558 1475 1748 1545 accipit
1766 1515 1783 1541 ,
1811 1472 1908 1528 sed
1932 1472 2140 1528 occulta

547 1564 693 1621 illius
718 1565 923 1634 justitia
954 1565 1045 1622 tibi
1066 1582 1185 1622 sors
1211 1575 1315 1622 est.

619 1657 709 1711 14.
738 1656 995 1713 Attendat
1022 1658 1203 1728 itaque
1255 1657 1499 1712 Charitas
1545 1656 1765 1723 Vestra,
1814 1656 1995 1712 videte
2039 1655 2141 1712 hoc

545 1745 722 1814 ipsum
766 1746 1218 1817 quemadmodum
1258 1747 1503 1803 llrmetur
1542 1746 1612 1801 ab
1654 1747 1899 1815 apostolo
1956 1747 2138 1801 Petro.

546 1837 679 1891 Cum
705 1837 888 1893 Simon
917 1839 1009 1894 ille
1032 1855 1219 1911 magus
1244 1840 1541 1910 baptizatus
1566 1855 1595 1893 a
1624 1838 1873 1909 Philippo
1899 1840 2143 1896 adhzere-

548 1936 633 1986 ret
660 1927 709 1982 ei
734 1969 751 1990 ,
775 1926 1003 1984 credens
1030 1930 1300 1984 miraculis
1329 1930 1525 1985 divinis
1562 1929 1715 1986 laetis
1750 1931 1801 1987 in
1850 1942 2141 2001 conSpectu

546 2032 680 2083 suo;
712 2028 975 2074 venerunt
1002 2020 1241 2090 Apostoli
1271 2020 1336 2074 ad
1366 2020 1659 2077 Samariam
1684 2061 1700 2085 ,
1732 2021 1820 2075 ubi
1842 2021 2143 2077 crediderat

546 2110 709 2165 etiam
735 2120 790 2165 et
815 2112 929 2180 ipse
959 2126 1143 2182 magus
1166 2153 1181 2179 ,
1215 2120 1269 2167 et
1296 2112 1384 2167 ubi
1416 2111 1513 2167 fuit
1533 2112 1860 2181 baptizatus,
1890 2122 1943 2168 et
1968 2114 2140 2181 impo-

546 2210 774 2256 suerunt
798 2202 1039 2271 Apostoli
1069 2218 1258 2258 manus
1280 2204 1589 2259 hominibus
1612 2203 1928 2287 baptieatis,
1961 2214 2015 2259 et
2046 2220 2141 2260 ae-

542 2302 803 2363 ceperunt
826 2292 1082 2363 Spiritum
1110 2304 1354 2349 sanctum
1375 2338 1390 2362 ,
1421 2304 1475 2350 et
1512 2308 1794 2365 coeperunt
1837 2296 2031 2367 linguis
2062 2299 2139 2353 lo-

542 2382 655 2454 qui.
684 2380 993 2447 Admiratus
1014 2392 1096 2437 est
1126 2384 1213 2438 ille
1234 2427 1249 2449 ,
1282 2394 1334 2440 et
1350 2384 1749 2455 obstupefactus
1779 2394 1925 2441 tanto
1957 2387 2139 2441 divino

544 2473 818 2539 miraculo,
846 2473 987 2544 quod
1003 2475 1069 2529 ad
1094 2476 1483 2545 impositionem
1508 2477 1862 2533 humanarum
1883 2494 2137 2535 manuum

542 2568 689 2621 venit
713 2568 943 2636 Spiritus
969 2580 1217 2635 sanctus,
1243 2578 1293 2625 et
1316 2570 1556 2640 implevit
1584 2571 1866 2637 homines;
1896 2581 1951 2628 et
1988 2572 2136 2628 desi-

540 2656 749 2713 deravit
790 2659 982 2725 istam,
1038 2676 1144 2715 non
1196 2662 1466 2730 gratiam,
1514 2662 1607 2718 sed
1645 2664 1979 2734 potentiam;
2031 2681 2137 2720 non

543 2748 686 2806 unde
713 2749 1067 2815 liberaretur,
1100 2751 1195 2806 sed
1226 2753 1365 2808 unde
1395 2754 1748 2810 extolleretur
1777 2774 1790 2809 :
1820 2765 1875 2810 at
1902 2756 1993 2811 ubi
2036 2756 2134 2812 de-

543 2839 799 2895 sideravit
819 2839 951 2904 hoc,
983 2849 1039 2896 et
1058 2842 1296 2912 implevit
1321 2846 1567 2913 superbia
1589 2861 1683 2901 cor
1703 2846 1841 2917 ejus,
1866 2856 1921 2903 et
1943 2847 2135 2903 diabo-

540 2928 639 2983 lica
664 2930 910 2999 impietas
936 2940 991 2987 et
1017 2933 1283 2989 ce'situdo
1326 2933 1623 3006 dejicienda
1649 2978 1663 3002 ,
1707 2939 1781 2991 ait
1814 2940 2084 3009 Apostolis
2118 2957 2132 2993 :

541 3020 808 3087 Quantam
855 3022 1017 3077 vultis
1056 3025 1337 3093 pecuniam
1369 3040 1401 3080 a
1432 3042 1518 3083 me
1563 3027 1839 3098 accipere,
1870 3038 1927 3084 ut
1970 3041 2027 3086 et
2066 3031 2134 3088 ad

540 3127 783 3169 mearum
827 3115 1223 3186 impositionem
1275 3134 1531 3175 manuum
1578 3121 1845 3191 accipiant
1888 3121 2136 3179 homines

541 3204 800 3273 Spiritum
829 3209 1114 3263 sanctum?
1144 3210 1243 3276 Qui
1288 3211 1563 3280 quaerebat
1590 3214 1861 3269 smeularia
1884 3257 1900 3283 ,
1949 3215 2039 3287 qui
2079 3218 2135 3273 in

541 3296 769 3351 circuitu
808 3298 1117 3367 accolebat,
1149 3304 1373 3371 pecunia
1418 3306 1622 3373 putavit
1666 3322 1825 3375 posse
1864 3323 1924 3363 se
1952 3324 2135 3365 emere

538 3387 739 3451 donum
770 3388 887 3444 Dei.
917 3388 1016 3456 Qui
1045 3405 1104 3446 se
1137 3394 1342 3462 putavit
1376 3396 1600 3463 pecunia
1635 3411 1948 3466 comparare
1968 3398 2137 3468 Spiri-

539 3489 651 3547 tum
677 3490 917 3535 sanetum
938 3522 954 3547 ,
986 3484 1146 3537 etiam
1175 3485 1464 3554 Apostolus
1487 3501 1680 3542 avaros
1708 3488 2000 3545 arbitratus
2026 3499 2130 3559 est,

536 3569 676 3622 sicut
699 3583 815 3624 erat
844 3570 959 3641 ipse
986 3572 1179 3642 impius
1199 3559 1255 3629 et
1280 3576 1561 3646 superbus.
1592 3574 1857 3634 Continuo
1891 3579 2085 3637 Petrus
2115 3601 2129 3638 :

543 3659 773 3728 Pecunia
802 3670 921 3726 tua,
950 3665 1153 3735 inquit,
1198 3676 1361 3720 tecum
1396 3669 1463 3722 sit
1504 3669 1558 3723 in
1602 3670 1968 3740 perditionem,
2014 3674 2134 3744 quia

537 3752 837 3806 existimasti
854 3752 1045 3808 donum
1071 3755 1171 3811 Dei
1190 3759 1403 3826 pecunia
1436 3762 1743 3830 comparari.
1782 3759 1905 3817 Non
1939 3774 2012 3817 est
2046 3765 2135 3819 tibi

537 3862 649 3901 sors
670 3864 827 3916 neque
847 3868 968 3920 pars
987 3852 1042 3911 in
1072 3853 1175 3921 ﬁde
1205 3855 1301 3907 hac
1332 3854 1467 3925 (Act.
1495 3871 1585 3911 vm
1605 3898 1621 3925 ,
1652 3859 1846 3930 15-21)
1871 3876 1886 3925 ;
1924 3860 1975 3914 id
2005 3868 2088 3916 est
2113 3902 2130 3929 ,

538 3954 646 3993 non
684 3942 922 4010 pertines
946 3943 1012 3997 ad
1051 3944 1206 3999 istam
1248 3947 1506 4015 gratiam,
1550 3964 1709 4019 quam
1749 3951 1916 4022 gratis
1944 3968 2133 4008 omnes

536 4030 828 4100 accipimus
848 4074 863 4101 ,
893 4035 1015 4104 quia
1054 4036 1277 4104 pecunia
1308 4046 1357 4093 te
1389 4048 1542 4108 putas
1569 4054 1751 4097 emere
1786 4042 1927 4112 quod
1967 4045 2132 4114 gratis

535 4122 713 4176 datur.
739 4124 817 4177 Ex
840 4140 906 4179 eo
931 4136 1106 4181 autem
1135 4128 1274 4198 quod
1302 4134 1467 4199 gratis
1496 4130 1686 4200 datur,
1722 4148 1840 4190 sors
1869 4145 2129 4194 vocatur:

538 4212 662 4268 Non
687 4226 759 4269 est
780 4218 869 4271 tibi
886 4235 996 4273 sors
1037 4236 1196 4291 neque
1234 4238 1359 4291 pars
1384 4224 1437 4277 in
1459 4223 1563 4293 ﬁde
1598 4225 1712 4279 hac.
1744 4225 1845 4283 Ista
1886 4228 2032 4295 dixi,
2065 4245 2133 4285 ne

536 4322 597 4357 ex
610 4320 1012 4375 pavesceremus
1039 4312 1179 4381 quod
1206 4314 1310 4377 ait,
1342 4312 1407 4369 In
1434 4316 1665 4371 manibus
1684 4318 1784 4372 tuis
1806 4330 1965 4374 sortes
1986 4338 2129 4378 mete.

535 4396 664 4471 Quae
686 4407 811 4453 sunt
830 4400 973 4455 enim
998 4403 1208 4458 sortes?
1231 4404 1523 4462 llzcrcditas
1544 4406 1822 4464 Ecclesiae.
1843 4410 2133 4483 Quousque

538 4498 621 4543 est
652 4490 932 4547 haireditas
959 4493 1246 4549 Ecclesiae?
1273 4497 1412 4552 inter
1435 4514 1571 4568 quos
1601 4500 1736 4555 lines
1766 4501 1821 4555 ‘?
1859 4503 2039 4574 Usque
2064 4505 2131 4560 ad

535 4595 727 4650 omnes
757 4580 889 4637 lines
918 4600 933 4635 :
960 4583 1100 4639 dabo
1120 4585 1213 4639 tibi
1243 4597 1430 4657 gentes
1456 4588 1824 4646 hmreditatem
1872 4600 2043 4657 tuam,
2078 4603 2131 4649 et

537 4671 933 4744 possessionem
981 4682 1123 4729 tuam
1172 4677 1307 4733 ﬁnes
1354 4686 1510 4735 terra:
1544 4680 1721 4749 (Psal.
1767 4699 1842 4747 ιι,
1887 4684 1966 4755 8).
2012 4684 2131 4740 Non

539 4762 668 4817 mihi
700 4778 827 4834 ergo
854 4767 1127 4835 promittat
1155 4770 1315 4825 homo
1344 4775 1526 4827 nescio
1551 4788 1712 4843 quam
1760 4776 2076 4843 particulam
2114 4795 2129 4832 :

541 4854 681 4908 Deus
712 4870 861 4910 meus
883 4898 897 4921 ,
932 4857 999 4910 In
1020 4860 1249 4914 manibus
1280 4863 1377 4916 tuis
1396 4874 1551 4918 sortes
1577 4881 1719 4919 meae.
1744 4866 1860 4920 Jam
1902 4869 2132 4923 sufﬁciat

537 4942 795 5014 Gharitati
833 4946 1078 5003 Vestrae:
1125 4952 1266 5021 quod
1308 4963 1510 5018 restat,
1554 4956 1606 5010 in
1652 4959 1872 5014 nomine
1918 4961 2129 5015 Domini

536 5037 768 5108 crastina
796 5038 883 5094 die
910 5040 1025 5109 ipso
1055 5041 1339 5112 adjuvante
1370 5046 1675 5103 reddemus.

1178 5150 1348 5190 senuo
1398 5153 1480 5201 ιιι,

611 5235 835 5287 ιιιιιιιτυε
866 5237 1097 5278 PROXlIIA
1131 5241 1217 5280 DIE
1237 5244 1363 5283 Ροετ
1393 5244 1721 5286 ευιιειιιοιιειι
1752 5249 2055 5290 διειιιιοιιειι.

960 5313 1037 5368 De
1082 5317 1183 5384 line
1222 5319 1445 5389 ejusdem
1478 5321 1693 5377 Psalmi.

609 5406 661 5471 1.
696 5405 849 5473 Quod
877 5407 942 5462 de
969 5408 1179 5464 Psalmo
1207 5421 1406 5478 restat,
1435 5414 1576 5469 unde
1602 5416 1736 5471 duos
1776 5418 1885 5486 jam
1922 5432 2133 5474 sermo-

534 5512 632 5569 nes
649 5496 951 5562 habuimus,
980 5498 1252 5568 aliquanto
1276 5512 1359 5557 est
1378 5506 1606 5575 amplius
1630 5524 1786 5576 quam
1803 5510 1955 5563 tertia
1983 5526 2128 5578 pars.

535 5599 592 5645 et
626 5588 871 5645 videmus
910 5591 1063 5647 nobis
1106 5594 1268 5651 hodie
1299 5598 1538 5654 debitum
1580 5616 1701 5656 esse
1729 5603 2124 5671 complendum.

538 5678 691 5750 Unde
714 5689 837 5749 peto
860 5679 1188 5741 Charitatem
1219 5685 1464 5761 Vestram
1489 5732 1503 5759 ,
1530 5700 1589 5746 ut
1615 5691 1847 5748 libenter
1889 5693 2132 5751 habeatis

590 5790 608 5837 ί
637 5799 741 5841 tis.
763 5799 875 5865 Reg.
904 5802 955 5843 et
978 5796 1145 5859 Vatic.,
1164 5795 1344 5862 afﬁnes.

1732 349 1791 404 S.
1820 342 2189 408 AUGUSTINI
2228 341 2532 402 EI‘ISCOPI

2222 496 2228 504 .
2256 472 2355 514 nos
2384 459 2437 515 in
2466 460 2641 516 verbis
2667 460 2783 533 ejus
2810 463 3141 535 planioribus
3185 482 3292 523 non
3338 466 3611 524 immorari
3638 511 3651 532 .
3681 479 3739 523 ut
3774 484 3837 524 ea

3740 351 3845 411 248

2255 563 2353 606 nos
2380 559 2631 618 teneant,
2659 568 2885 623 quorum
2899 565 2982 611 est
3006 559 3299 615 necessitas
3316 560 3640 629 exponendi.
3676 559 3843 615 Multa

2252 642 2395 696 enim
2426 652 2549 697 sunt
2583 643 2777 699 animis
2800 645 3037 703 ﬁdelium
3065 659 3256 720 sponte
3276 654 3631 716 occurrentia,
3666 651 3834 705 multa

2252 746 2371 801 qua:
2401 731 2548 787 brevi
2577 734 2940 793 admonitione
2970 754 3104 811 opus
3136 741 3368 796 habent:
3403 742 3644 813 quscdam
3675 760 3840 809 vero,

2251 831 2306 876 et
2330 837 2390 876 ea
2413 825 2618 879 rariora
2646 867 2660 890 ,
2690 828 2883 898 quibus
2919 829 3271 887 insudandum
3298 842 3407 900 cst,
3437 844 3497 888 ut
3524 837 3730 905 possint
3757 836 3841 890 in-

2252 914 2439 985 telligi.
2466 915 2538 972 Ut
2566 934 2693 990 ergo
2724 928 2932 991 tempus
2961 921 3194 979 sul’liciat
3223 924 3425 982 viribus
3455 935 3511 982 et
3550 928 3748 981 nostris
3790 939 3841 981 et

2250 1008 2470 1075 vestris,
2507 1009 2685 1068 videte
2715 1027 2871 1083 quam
2902 1023 3085 1085 aperta
3128 1024 3257 1070 sunt
3290 1016 3437 1085 haec;
3466 1026 3520 1073 ct
3559 1020 3841 1074 nobiscum

2251 1100 2429 1167 potius
2454 1102 2729 1171 agnoscite
2752 1144 2768 1168 .
2790 1115 2847 1160 et
2877 1105 2929 1159 in
2964 1105 3049 1160 his
3083 1106 3361 1162 nobiscum
3384 1106 3549 1162 Deum
3585 1107 3839 1162 laudate:

2247 1197 2304 1243 et
2333 1190 2377 1244 si
2409 1202 2528 1246 orat
2548 1192 2825 1261 Psalmus,
2854 1204 3045 1262 orate;
3068 1197 3185 1252 etsi
3210 1198 3372 1268 gemit
3392 1239 3406 1261 .
3431 1197 3669 1269 gemite;
3706 1209 3762 1253 et
3797 1200 3841 1253 si

2247 1284 2577 1352 gratulatur,
2607 1287 2874 1357 gaudete;
2901 1297 2957 1344 et
2989 1290 3036 1345 si
3076 1298 3291 1360 sperat,
3330 1300 3580 1361 sperate;
3610 1299 3668 1346 et
3699 1292 3745 1346 si
3781 1292 3847 1346 ti-

2249 1382 2393 1438 met,
2426 1374 2626 1429 timete.
2657 1376 2847 1431 Omnia
2868 1379 3010 1434 enim
3051 1395 3171 1451 qua:
3214 1379 3303 1436 hic
3344 1381 3647 1452 conscripta
3672 1392 3803 1436 sunt
3826 1422 3840 1445 ,

2246 1464 2523 1533 speculum
2548 1477 2786 1522 nostrum
2810 1478 2956 1525 sunt.

2316 1552 2373 1609 Ξ.
2402 1553 2552 1627 [vers.
2586 1556 2700 1630 16.]
2731 1558 2872 1614 Erue
2896 1576 2975 1615 me
2997 1560 3062 1616 de
3083 1561 3318 1618 manibus
3363 1562 3683 1618 inimicorum
3713 1579 3844 1618 meo-

2245 1662 2393 1713 rum,
2417 1656 2462 1700 et
2481 1664 2514 1700 a
2540 1650 2951 1721 persequentibus
2985 1667 3065 1708 me
3093 1667 3115 1709 ε
3144 1652 3386 1709 dicamus
3418 1652 3522 1708 hoc
3542 1695 3559 1719 ,
3589 1662 3646 1707 et
3671 1669 3845 1709 unus-

2244 1738 2469 1809 quisque
2494 1738 2563 1795 de
2583 1738 2810 1797 inimicis
2837 1740 3113 1799 suisdicat
3153 1744 3290 1811 hoc;
3321 1744 3520 1800 bonum
3546 1754 3629 1801 est
3653 1747 3801 1801 enim
3821 1788 3840 1813 ,

2244 1836 2301 1882 et
2323 1842 2481 1885 orare
2506 1829 2765 1886 debemus
2797 1840 2856 1887 ut
2885 1848 2982 1890 nos
3009 1833 3151 1890 Deus
3172 1844 3324 1905 eruat
3357 1834 3424 1891 de
3461 1836 3708 1892 manibus
3735 1837 3843 1892 ini-

2246 1919 2510 1977 micorum
2550 1932 2877 1978 nostrorum.
2922 1924 3027 1980 Sed
3067 1926 3399 1998 intelligendi
3432 1937 3558 1984 sunt
3596 1926 3841 1997 inimici.

2244 2026 2342 2083 pro
2364 2014 2555 2084 quibus
2583 2015 2844 2072 orandum
2868 2018 2976 2085 sit,
3000 2027 3054 2074 et
3085 2029 3271 2074 contra
3297 2034 3430 2090 quos
3452 2020 3712 2075 orandum
3746 2021 3840 2076 sit.

2245 2106 2452 2163 Inimici
2504 2110 2782 2175 homines,
2827 2112 3248 2183 qualescumque
3288 2112 3517 2177 iuerint,
3559 2129 3668 2168 non
3714 2126 3844 2169 sunt

2244 2197 2369 2253 odio
2396 2197 2663 2266 habendi;
2705 2216 2773 2256 ne
2797 2217 2918 2256 cum
2957 2202 3072 2257 odit
3098 2203 3269 2257 malus
3295 2217 3456 2273 quem
3485 2204 3684 2273 patitur
3722 2219 3841 2259 ma-

2250 2289 2360 2345 lum
2384 2334 2400 2358 ,
2436 2291 2545 2346 sint
2571 2292 2678 2348 duo
2718 2294 2864 2349 mali.
2914 2295 3105 2364 Diligat
3148 2295 3320 2351 bonus
3354 2304 3408 2351 et
3432 2310 3590 2367 quem
3637 2296 3843 2367 patitur

2244 2382 2475 2450 malum,
2502 2393 2556 2438 ut
2579 2386 2663 2440 vel
2693 2401 2830 2440 unus
2852 2387 2920 2441 sit
2943 2388 3133 2442 malus.
3159 2388 3238 2443 llli
3270 2388 3469 2443 inimici
3497 2397 3623 2443 sunt
3648 2398 3843 2445 contra

2242 2488 2376 2544 quos
2407 2476 2670 2530 orandum
2701 2489 2815 2544 est,
2844 2477 3088 2533 diabolus
3112 2489 3168 2534 et
3204 2480 3375 2549 angeli
3403 2480 3523 2549 ejus
3552 2496 3567 2534 :
3597 2478 3698 2550 ipsi
3738 2496 3841 2534 no-

2242 2564 2325 2619 bis
2354 2565 2600 2621 invident
2628 2583 2852 2637 regnum
2876 2569 3135 2624 caelorum
3163 2611 3178 2635 .
3218 2570 3319 2639 ipsi
3349 2569 3538 2626 nolunt
3556 2577 3617 2625 ut
3644 2584 3842 2626 ascen-

2243 2654 2435 2711 damus
2469 2656 2612 2711 unde
2656 2656 2735 2711 illi
2778 2657 2971 2728 dejecti
3018 2668 3145 2716 sunt
3175 2679 3187 2714 :
3217 2660 3287 2714 ab
3335 2659 3418 2717 bis
3460 2675 3677 2717 oremus
3720 2663 3840 2716 erui

2242 2747 2477 2801 animam
2508 2758 2766 2805 nostram.
2789 2749 2922 2805 Nam
2948 2760 3004 2807 et
3026 2750 3241 2823 quando
3284 2752 3567 2808 adversum
3608 2766 3710 2807 nos
3738 2752 3838 2807 bo~

2240 2837 2414 2892 mines
2441 2838 2752 2907 incitantur,
2779 2855 2905 2896 vasa
2937 2840 3171 2911 ipsorum
3197 2843 3351 2898 liunt.
3386 2842 3617 2899 Proinde
3640 2843 3842 2899 Paulus

2239 2931 2512 3000 apostolus
2539 2931 2835 2988 admonens
2857 2948 2955 2988 nos
2995 2949 3160 3004 quam
3187 2937 3329 2991 cauti
3354 2948 3478 2991 esse
3504 2943 3691 2991 contra
3733 2935 3842 2990 ini~

2239 3021 2409 3078 mices
2461 3021 2787 3091 debeamus,
2849 3025 2923 3079 ait
2969 3026 3140 3081 servis
3185 3027 3277 3081 Dei
3317 3026 3407 3097 qui
3452 3025 3830 3083 tribulationes

2238 3112 2609 3183 patiebantur,
2669 3116 2850 3186 utique
2907 3114 3295 3182 seditionibus,
3350 3116 3784 3187 improbitatibus
3818 3161 3836 3184 ,

2239 3204 2534 3260 inimicitiis
2564 3204 2841 3261 hominum
2873 3227 2887 3262 :
2924 3207 3045 3262 Non
3069 3218 3143 3265 est
3170 3211 3308 3265 vobis
3334 3196 3625 3264 colluctaiio
3654 3211 3842 3265 adver-

2237 3312 2323 3349 sus
2348 3311 2550 3350 carnem
2574 3306 2622 3352 et
2644 3300 2971 3370 sanguinem,
2998 3300 3051 3355 id
3071 3310 3153 3357 est
3175 3344 3191 3367 ,
3224 3316 3330 3356 non
3363 3301 3625 3357 adversus
3656 3303 3839 3358 homi-

2238 3402 2333 3441 nes
2354 3427 2370 3454 ,
2398 3387 2487 3441 sed
2537 3388 2775 3445 adversus
2822 3391 3074 3463 principes
3098 3401 3145 3448 et
3196 3402 3463 3463 potestates
3517 3404 3566 3449 et
3614 3403 3835 3451 rectores

2236 3480 2415 3533 mundi
2436 3479 2652 3551 (Ephes.
2677 3498 2731 3538 vt
2758 3526 2773 3549 ,
2809 3482 2917 3557 12).
2950 3484 3114 3557 Cujus
3146 3486 3511 3542 mundiicmli
3539 3497 3594 3542 et
3622 3498 3785 3543 terra:
3813 3489 3839 3540 ἳ

2237 3572 2411 3627 Absit.
2446 3574 2613 3641 Hujus
2654 3576 2837 3631 mundi
2873 3587 3053 3633 rector
3078 3593 3182 3633 non
3209 3588 3290 3633 est
3320 3579 3419 3634 nisi
3449 3579 3693 3635 Creator.
3725 3578 3835 3634 Sed

2237 3680 2394 3734 quem
2445 3666 2573 3722 dicit
2634 3668 2949 3724 mundum?
2995 3670 3282 3726 Amatores
3333 3672 3538 3727 mundi.
3588 3671 3835 3743 Denique

2236 3755 2421 3823 addit,
2444 3767 2502 3812 et
2521 3760 2772 3829 exponit,
2801 3760 2955 3828 Quod
2982 3760 3102 3816 dico
3139 3761 3322 3817 mundi
3343 3804 3358 3827 ,
3388 3763 3703 3817 tenebrarum
3732 3763 3831 3817 ha-

2236 3861 2371 3899 rum.
2399 3846 2633 3913 Quarum
2656 3850 2840 3921 utique
2879 3851 3221 3906 tenebrarum
3248 3892 3265 3917 ,
3297 3852 3399 3905 nisi
3440 3852 3741 3909 inﬁdelium
3778 3860 3835 3908 et

2238 3936 2524 4006 impiorum
2545 3939 2570 3991 ?
2598 3938 2731 3994 Nam
2762 3956 2828 3995 ex
2857 3942 3036 4010 impiis
3062 3950 3117 3997 et
3152 3942 3457 3999 inﬁdelibus
3488 3958 3609 3999 cum
3650 3957 3835 4000 essent

2237 4025 2361 4082 facti
2387 4028 2457 4099 pii
2486 4039 2540 4085 et
2563 4030 2767 4100 ﬁdeles,
2788 4034 2865 4087 sic
2890 4047 2985 4088 eos
3008 4032 3294 4104 alloquitur
3331 4033 3471 4089 idem
3506 4037 3781 4104 apostolus
3813 4077 3829 4104 ,

2238 4118 2435 4175 Fuistis
2451 4123 2583 4177 enim
2602 4123 2878 4197 aliquando
2909 4125 3124 4180 tenebrte
3141 4168 3156 4189 ,
3180 4142 3313 4179 nunc
3338 4136 3505 4181 autem
3534 4127 3624 4181 tua:
3641 4128 3695 4181 in
3718 4127 3831 4182 Do-

2237 4211 2377 4265 mino
2403 4209 2512 4282 (Id.
2537 4227 2573 4266 v
2593 4254 2607 4277 ,
2636 4212 2717 4283 8).
2750 4214 3024 4269 Adversus
3044 4216 3366 4286 spiritualia,
3399 4216 3569 4286 inquit
3588 4257 3602 4281 ,
3637 4218 3830 4287 nequi-

2240 4301 2327 4355 tia:
2348 4301 2398 4356 in
2421 4303 2733 4360 caelestibus
2758 4343 2775 4370 ,
2803 4304 3065 4361 adversus
3089 4305 3366 4361 diabolum
3394 4315 3448 4363 et
3472 4306 3588 4377 ejus
3608 4308 3831 4377 angelos

2237 4391 2505 4449 dimicatis
2532 4393 2641 4466 (ld.
2666 4410 2716 4448 VI
2744 4436 2758 4458 .
2784 4393 2872 4467 12)
2904 4413 2918 4450 :
2948 4395 3132 4451 hostes
3160 4405 3371 4454 vestros
3390 4412 3496 4452 non
3522 4396 3714 4453 videtis
3733 4440 3749 4464 ,
3778 4409 3832 4452 ct

2238 4484 2469 4539 vincitis.
2494 4483 2636 4539 Erue
2668 4502 2749 4539 me
2776 4487 2838 4539 de
2876 4487 3107 4542 manibus
3135 4487 3453 4544 inimicorum
3497 4506 3727 4545 meorum
3743 4508 3764 4559 ;
3784 4504 3829 4545 et

2236 4591 2269 4629 α
2296 4576 2701 4647 persequentibus
2721 4593 2821 4631 me.

2305 4671 2364 4725 5.
2406 4667 2556 4742 [vers.
2606 4668 2720 4744 17.]
2759 4669 2977 4725 Itlustra
3032 4671 3214 4743 faciem
3262 4681 3401 4727 tuam
3438 4690 3589 4744 super
3630 4690 3831 4731 senum

2238 4770 2379 4837 tuum
2398 4801 2416 4828 ,
2441 4760 2641 4815 salvum
2660 4778 2740 4815 me
2758 4765 2842 4833 [ac
2868 4762 2922 4816 in
2947 4772 3036 4817 tua
3061 4763 3431 4819 misericordia.
3465 4764 3727 4837 Superius
3752 4767 3833 4822 dio

2235 4830 2489 4908 cebamus
2507 4852 2582 4922 (a)
2606 4894 2622 4920 ,
2652 4852 2697 4907 si
2725 4830 2971 4908 meminit
3000 4854 3265 4910 hesterna;
3286 4830 3661 4925 disputationis
3688 4858 3830 4913 Cha-

2235 4945 2370 4999 ritas
2400 4943 2589 4999 Vestra
2611 4985 2628 5011 ,
2660 4944 2985 5015 quicumque
3008 4945 3263 5013 affuistis,
3300 4946 3551 5016 quoniam
3595 4947 3673 5003 illi
3712 4946 3830 5002 ma-

2236 5036 2381 5090 xime
2426 5044 2822 5105 persequuntur
2860 5035 3157 5091 Ecelesiam
3194 5039 3284 5108 qui
3320 5028 3603 5093 christiani
3642 5040 3833 5094 nolunt

2235 5126 2374 5181 bene
2397 5124 2596 5180 vivere.
2630 5125 2732 5180 Per
2756 5125 2855 5180 hos
2886 5128 3027 5181 enim
3056 5129 3410 5198 approbrium
3450 5127 3610 5184 habet
3638 5126 3831 5186 Eccle-

2240 5220 2317 5273 sia
2336 5259 2352 5285 ,
2381 5226 2436 5273 et
2457 5217 2526 5273 ab
2545 5217 2631 5272 his
2651 5218 2958 5274 inimicitias
2982 5221 3212 5276 sustinet
3241 5241 3254 5277 :
3286 5220 3499 5293 quando
3523 5226 3831 5293 corripiun-

2238 5318 2324 5362 tur
2342 5349 2357 5373 ,
2386 5309 2602 5378 quando
2622 5309 2763 5363 male
2787 5310 2967 5365 vivere
3014 5328 3121 5366 non
3175 5314 3587 5381 permittuntur,
3616 5316 3832 5384 quando

2236 5415 2356 5455 cum
2381 5402 2457 5455 eis
2480 5400 2561 5454 vel
2592 5401 2757 5456 verbo
2783 5403 2988 5473 agitur,
3021 5403 3123 5473 ipsi
3170 5406 3305 5459 mala
3344 5406 3395 5459 in
3424 5407 3536 5462 suis
3577 5407 3834 5464 cordibus

2237 5490 2564 5545 meditantur
2585 5534 2603 5557 ,
2632 5501 2686 5546 et
2707 5494 3020 5562 erumpendi
3049 5497 3385 5551 occasionem
3416 5497 3718 5567 requirunt.
3749 5500 3835 5555 ln-

2238 5592 2321 5639 tcr
2346 5583 2443 5637 hos
2468 5594 2553 5639 est
2574 5600 2793 5654 gemens
2824 5587 2923 5643 iste
2944 5630 2959 5652 ,
2993 5598 3048 5643 et
3091 5593 3135 5643 si
3180 5590 3427 5645 volumus
3456 5606 3553 5646 nos
3594 5608 3785 5650 sumus
3814 5612 3831 5660 ;

2237 5676 2489 5746 quoniam
2520 5676 2701 5747 plures
2726 5687 2847 5732 sunt
2883 5679 3018 5749 ipsi,
3051 5689 3107 5736 et
3144 5682 3283 5736 inter
3309 5682 3705 5740 multitudinem
3734 5700 3832 5741 eo-

2304 5807 2377 5874 (u)
2410 5816 2455 5859 tu
2481 5814 2721 5874 superiori
2741 5826 2990 5877 sermone,
3016 5828 3063 5864 ιι.
3088 5814 3121 5864 2
3144 5822 3195 5865 et
3223 5828 3363 5883 seqq.
