4008 6326
271 346 377 403 269

276 474 394 513 rum
415 459 499 514 vix
545 471 807 530 apparent
833 463 994 532 boni,
1019 471 1267 535 tanquam
1305 479 1467 535 grana
1499 467 1551 521 in
1592 483 1752 537 area,
1795 471 1862 525 de

277 550 471 623 quibus
494 562 669 608 tamen
708 557 941 625 purgatis
973 555 1165 611 horrea
1210 557 1462 626 replenda
1498 569 1623 614 sunt
1658 561 1866 616 Domini

277 642 495 710 (Matth.
520 658 575 697 lit
599 685 614 709 ,
650 644 746 709 i2;
777 643 904 699 Lac.
932 662 1008 714 ιιι,
1039 647 1155 712 l7).
1191 647 1332 718 Ergo
1360 649 1497 703 inter
1525 650 1621 706 hos
1644 667 1870 720 gemens

277 735 380 788 iste
399 735 476 788 ait
499 753 514 789 :
545 734 761 790 lllustra
784 740 965 808 [aciem
992 750 1129 793 tuam
1151 756 1302 808 super
1321 756 1516 794 servum
1538 751 1700 796 tuum.
1724 741 1869 797 Con-

276 822 419 880 fusio
446 826 590 880 enim
635 829 880 898 qumdam
919 839 1169 899 putatur,
1208 845 1328 885 cum
1356 847 1542 886 omnes
1577 832 1868 887 Christiani

273 916 561 984 dicuntur,
594 927 649 973 et
686 922 775 989 qui
822 920 958 976 bene
1005 921 1221 987 vivunt,
1253 931 1309 975 et
1341 923 1428 990 qui
1467 923 1604 976 male
1642 924 1867 990 vivunt,

272 1023 466 1065 omnes
493 1025 600 1065 uno
629 1012 942 1068 charactere
970 1013 1274 1083 signantur,
1296 1029 1483 1069 omnes
1501 1014 1565 1067 ad
1599 1031 1757 1068 unum
1787 1017 1868 1068 al-

274 1107 389 1154 tare
410 1101 690 1169 accedunt,
722 1117 911 1158 omnes
939 1103 1126 1158 eodem
1148 1104 1410 1174 baptismo
1431 1105 1736 1170 abluuntur,
1754 1122 1870 1159 om-

274 1206 374 1246 nes
397 1192 638 1248 eamdem
667 1195 963 1250 orationem
988 1195 1307 1250 dominicam
1330 1197 1601 1265 proferunt
1634 1236 1651 1262 ,
1681 1212 1869 1251 omnes

274 1282 469 1337 iisdem
503 1285 774 1355 mysteriis
811 1285 1148 1340 celebrandis
1179 1286 1463 1343 intersunt.
1508 1287 1729 1354 Quando
1757 1288 1866 1340 dis-

280 1383 580 1427 cernuntur
610 1375 698 1444 qui
731 1384 983 1444 gemant,
1006 1384 1060 1430 et
1081 1391 1178 1446 pro
1209 1379 1224 1408 ¹
1249 1377 1440 1446 quibus
1464 1387 1729 1447 gematur,
1767 1378 1866 1433 nisi

285 1463 522 1519 illustret
547 1465 636 1520 ille
657 1466 848 1522 faciem
875 1483 1026 1522 suam
1054 1484 1216 1537 super
1239 1484 1453 1524 servum
1484 1485 1641 1523 suum
1664 1470 1685 1523 ?
1729 1470 1865 1537 Quid

274 1565 550 1625 estergo,
606 1555 823 1612 lllustra
870 1557 1054 1627 [aciem
1095 1567 1234 1612 tuam
1264 1575 1417 1628 super
1461 1574 1658 1612 servum
1683 1558 1867 1611 tuum?

273 1648 549 1719 Appareat
569 1650 688 1720 quia
717 1650 963 1718 pertineo
988 1650 1054 1706 ad
1079 1660 1130 1706 te
1154 1692 1168 1716 ,
1197 1666 1302 1707 nec
1329 1651 1410 1706 sic
1433 1651 1576 1706 dicat
1612 1661 1667 1707 et
1722 1651 1868 1706 chri-

271 1738 484 1792 stianus
513 1738 709 1810 impius
724 1741 847 1810 quia
876 1741 1108 1810 pertinet
1135 1741 1200 1795 ad
1230 1751 1301 1803 te.
1340 1757 1406 1796 ne
1432 1743 1548 1796 sine
1586 1757 1744 1797 causa
1776 1743 1868 1797 tibi

272 1830 328 1885 in
349 1831 458 1886 alio
487 1834 690 1902 psalmo
716 1832 944 1888 dixerim
969 1852 984 1889 :
1015 1832 1209 1888 Judica
1229 1851 1329 1901 me,
1356 1833 1524 1900 Dens,
1561 1845 1606 1888 et
1642 1834 1871 1889 discerne

271 1937 484 1976 causam
524 1939 691 1976 meam
741 1923 806 1977 de
844 1933 990 1994 gente
1031 1940 1132 1977 non
1161 1933 1336 1978 sancta
1375 1923 1550 1993 (Psal.
1596 1940 1701 1978 χιιι
1726 1965 1742 1991 ,
1788 1923 1865 1993 1).

271 2013 426 2080 Quod
456 2013 524 2068 ibi
551 2013 718 2080 dixit,
746 2013 993 2069 Discerne
1017 2031 1224 2068 causam
1245 2032 1445 2080 meam;
1471 2015 1572 2070 hoc
1599 2017 1729 2071 dicit
1759 2017 1866 2083 hic,

271 2101 494 2158 Illustra
520 2105 704 2176 [aciem
727 2115 865 2158 tuam
906 2122 1058 2174 super
1077 2122 1276 2159 servum
1298 2116 1459 2159 tuum.
1488 2107 1552 2160 Et
1579 2114 1756 2162 tamen
1799 2122 1870 2162 ne

271 2207 328 2251 et
355 2197 470 2266 ipse
506 2196 816 2265 superbiat,
858 2205 913 2251 et
948 2198 1097 2267 quasi
1141 2212 1201 2252 se
1242 2196 1540 2267 jnstiticare
1580 2198 1822 2251 videatur
1849 2237 1865 2264 ,

269 2288 548 2359 adjungit,
570 2298 625 2343 et
641 2289 714 2343 ait
738 2331 752 2356 ,
782 2288 997 2344 Salvum
1026 2306 1104 2343 me
1137 2292 1220 2360 fac
1256 2290 1309 2343 in
1341 2298 1431 2342 tua
1466 2290 1818 2342 misericordia
1839 2306 1859 2345 :

269 2382 377 2438 hoc
397 2390 514 2448 est,
555 2397 660 2436 non
703 2383 754 2436 in
796 2397 911 2438 mea
951 2382 1188 2452 justitia,
1221 2397 1330 2436 non
1365 2382 1416 2435 in
1447 2383 1581 2436 meis
1613 2381 1817 2436 meritis
1841 2423 1857 2448 ,

269 2472 365 2528 sed
394 2474 444 2527 in
469 2485 556 2528 tua
585 2475 971 2539 misericordia;
994 2491 1100 2530 non
1122 2474 1245 2545 quia
1269 2490 1366 2544 ego
1389 2489 1504 2528 sum
1536 2474 1746 2543 dignus,
1771 2472 1868 2528 sed

266 2567 393 2635 quia
417 2577 471 2620 tu
497 2567 804 2622 misericors
829 2582 907 2622 es.
931 2566 1046 2621 Noli
1080 2582 1166 2621 me
1190 2566 1375 2619 audire
1405 2565 1696 2620 secundum
1723 2563 1866 2634 judi-

265 2659 491 2714 ciariam
535 2659 876 2715 severitatem
901 2701 916 2726 ,
971 2658 1065 2714 sed
1095 2657 1393 2714 secundum
1427 2656 1867 2712 misericordissi-

267 2767 413 2806 mam
444 2751 756 2806 bonitatem.
788 2750 1002 2805 Salvum
1025 2766 1104 2804 me
1128 2753 1210 2821 [ac
1230 2751 1282 2801 in
1305 2758 1391 2802 tua
1412 2749 1783 2801 misericordia.

339 2841 397 2895 4.
425 2837 578 2913 [vers.
605 2838 717 2913 18.]
748 2837 983 2906 Domine,
1003 2855 1100 2892 non
1120 2838 1425 2908 confundar,
1451 2838 1689 2905 quoniam
1713 2837 1862 2890 inro-

265 2934 377 2987 cavi
405 2943 454 2986 te
487 2947 506 2987 :
539 2947 784 3001 magnam
814 2946 1028 2986 causam
1060 2929 1211 2998 dixit,
1243 2928 1366 2983 Non
1389 2928 1705 3002 confundar,
1739 2946 1869 3001 quo-

267 3025 408 3078 niam
429 3023 650 3077 invocavi
674 3032 740 3076 te.
771 3022 861 3077 Vis
883 3032 938 3076 ut
965 3020 1320 3076 confundatur
1354 3023 1442 3090 qui
1470 3021 1732 3075 invocavit
1771 3020 1866 3075 te?

268 3115 365 3169 Vis
391 3123 450 3170 ut
474 3114 685 3170 dicatur
709 3131 722 3167 :
756 3111 857 3170 Ubi
884 3121 968 3168 est
987 3113 1054 3168 de
1078 3128 1183 3182 quo
1207 3111 1586 3183 praesumpsit?
1614 3111 1742 3178 Quis
1768 3127 1865 3166 au-

267 3213 377 3260 tem
421 3205 580 3260 etiam
629 3205 865 3275 ipsorum
916 3203 1203 3273 impiorum
1251 3219 1358 3256 non
1409 3202 1619 3256 invocat
1659 3203 1864 3258 Deum?

266 3296 381 3354 Nisi
409 3311 537 3367 ergo
565 3295 782 3366 proprio
809 3294 969 3350 modo
999 3295 1230 3364 quodam
1259 3294 1484 3359 diceret,
1514 3292 1751 3348 Invocavi
1780 3304 1828 3348 te
1846 3336 1860 3356 ,

263 3388 358 3460 qui
389 3403 494 3443 non
522 3387 689 3457 possit
714 3387 1016 3442 communis
1045 3400 1165 3442 esse
1192 3401 1314 3442 cum
1344 3387 1542 3451 multis,
1573 3387 1720 3441 nullo
1743 3401 1864 3441 mo-

267 3480 342 3535 do
371 3477 438 3534 de
467 3479 567 3534 hac
595 3479 930 3533 invocatione
958 3487 1158 3532 tantam
1186 3477 1486 3532 mercedem
1506 3477 1728 3532 auderet
1752 3477 1866 3532 exi-

265 3585 419 3642 gere.
453 3551 820 3641 Responderet
839 3569 980 3626 enim
1011 3569 1085 3622 illi
1116 3568 1257 3624 Deus
1277 3567 1670 3637 quodammodo
1699 3569 1751 3622 in
1774 3583 1866 3622 co-

264 3664 544 3736 gitatione,
576 3673 630 3718 et
658 3663 860 3718 diceret
891 3680 908 3717 :
939 3662 1075 3728 Quid
1096 3678 1125 3715 a
1154 3676 1242 3716 me
1262 3661 1399 3730 petis
1423 3668 1481 3713 ut
1506 3676 1612 3715 non
1639 3659 1867 3715 confun-

267 3754 460 3810 daris?
497 3753 713 3823 Quare?
753 3754 886 3821 Quia
928 3752 1186 3808 invocasti
1234 3752 1356 3806 me?
1395 3751 1584 3807 Nonne
1630 3751 1868 3822 quotidie

269 3847 553 3914 homines,
584 3856 644 3901 ut
670 3847 922 3916 impleant
970 3844 1106 3900 forte
1141 3843 1401 3898 adulteria
1447 3858 1564 3914 quae
1608 3844 1866 3914 concupi-

265 3951 446 4006 scunt,
476 3940 727 3995 invocant
749 3938 870 3993 me?
901 3952 1077 4011 nonne
1106 3935 1344 4006 quotidie
1371 3935 1639 4003 homines,
1666 3942 1722 3990 ut
1751 3949 1865 3989 mo-

268 4035 479 4089 riantur
515 4033 590 4094 illi
628 4047 658 4086 a
688 4032 882 4102 quibus
909 4036 1223 4100 exapectant
1266 4026 1666 4093 haereditatem,
1713 4027 1866 4082 invo-

267 4132 396 4181 cant
422 4124 544 4179 me?
574 4138 751 4178 nonne
775 4121 1009 4194 quntidie
1036 4120 1281 4175 homines
1311 4121 1401 4189 qui
1439 4118 1680 4174 fraudem
1718 4118 1867 4188 cogi-

273 4224 409 4278 tant,
440 4225 496 4270 ut
517 4231 631 4270 eam
663 4227 921 4284 prospero
946 4212 1097 4267 exitu
1127 4211 1453 4280 compleant,
1477 4210 1725 4265 invocant
1745 4210 1868 4264 me?

268 4306 409 4374 Quid
441 4320 570 4376 ergo
596 4312 679 4361 est
701 4304 843 4375 quod
872 4320 969 4374 pro
991 4318 1177 4373 magna
1209 4301 1457 4357 mercede
1483 4301 1674 4371 exigis,
1703 4310 1760 4354 ut
1780 4301 1868 4355 di-

269 4415 364 4454 cas
397 4416 411 4451 :
455 4399 574 4452 Non
609 4397 1180 4468 confundar,quoniam
1214 4394 1442 4447 invocavi
1479 4402 1526 4447 te
1547 4394 1573 4446 .9
1619 4394 1870 4448 lnvocant

268 4489 486 4561 quidem
528 4488 638 4555 illi,
689 4487 784 4542 sed
834 4502 939 4540 non
984 4488 1235 4539 invocant
1279 4494 1350 4539 te.
1405 4483 1622 4538 lnvocas
1661 4481 1866 4549 Deum,

269 4581 486 4653 quando
509 4581 560 4634 in
587 4590 636 4634 te
662 4593 821 4633 vocas
851 4578 1036 4634 Deum.
1070 4577 1181 4632 lloc
1204 4585 1284 4630 est
1311 4575 1452 4630 enim
1481 4577 1626 4629 illum
1657 4575 1873 4630 invoca-

271 4689 354 4738 re,
385 4673 534 4726 illum
566 4672 618 4727 in
646 4680 696 4727 te
721 4685 934 4735 vocare,
958 4668 1192 4741 quodam
1228 4667 1387 4722 modo
1412 4683 1535 4723 eum
1567 4667 1618 4722 in
1649 4665 1867 4724 domum

269 4765 454 4821 cordis
472 4765 544 4818 tui
567 4764 812 4818 invitare.
839 4761 954 4818 Non
979 4771 1156 4817 autem
1179 4760 1404 4816 auderes
1433 4767 1636 4813 tantum
1661 4769 1867 4829 patrem

272 4859 508 4914 familias
538 4859 797 4922 invitare,
839 4857 939 4911 nisi
969 4869 1156 4910 nosses
1189 4854 1238 4908 ei
1281 4853 1640 4908 habitaculum
1667 4867 1873 4922 prmpa-

271 4968 413 5007 mre.
444 4949 499 5005 Si
524 4951 662 5005 enim
690 4950 781 5003 tibi
812 4949 955 5002 dicat
981 4949 1121 5002 Deus
1149 4964 1164 5000 :
1199 4947 1338 5002 Ecce
1363 4946 1618 5000 invocasti
1650 4961 1756 5010 me,
1779 4959 1872 4999 ve-

270 5046 364 5099 nio
386 5043 453 5097 ad
475 5053 547 5105 te,
565 5058 670 5109 quo
699 5039 949 5096 intrabo?
973 5039 1173 5094 Tantas
1193 5037 1380 5093 sordes
1406 5037 1746 5091 conscientiae
1767 5044 1872 5089 tua:

270 5133 594 5190 sustinebo?
629 5132 687 5188 Si
721 5147 934 5186 servum
965 5146 1140 5186 meum
1183 5129 1236 5183 in
1266 5129 1482 5183 domum
1517 5137 1659 5181 tuam
1690 5126 1874 5181 invita-

272 5245 383 5293 res,
427 5241 604 5280 nonne
635 5224 781 5293 prius
807 5239 924 5278 eam
967 5221 1224 5276 mundare
1250 5219 1509 5276 curares?
1542 5219 1757 5274 lnvocas
1785 5233 1872 5273 me

273 5321 326 5372 in
372 5335 467 5372 eor
494 5329 640 5370 tuum
667 5358 681 5380 ,
731 5325 786 5371 et
825 5316 1040 5386 plenum
1071 5324 1153 5368 est
1195 5313 1415 5382 rapinis.
1444 5313 1561 5380 Quo
1599 5312 1874 5366 invocatur

274 5415 418 5467 Deus
446 5412 657 5479 plenum
683 5418 768 5462 est
794 5405 1157 5477 blasphemiis,
1185 5405 1400 5475 plenum
1443 5411 1526 5456 est
1550 5401 1825 5456 adulteriis
1848 5440 1865 5470 ,

275 5503 493 5574 plenum
523 5509 606 5555 est
633 5497 930 5562 fraudibus,
953 5497 1169 5567 plenum
1199 5505 1281 5549 est
1318 5495 1472 5548 malis
1497 5493 1873 5562 concupiscen-

277 5596 393 5660 tiis,
424 5602 478 5647 et
508 5592 730 5645 invocas
769 5590 890 5644 me!
933 5590 1008 5643 De
1039 5587 1228 5642 talibus
1255 5585 1487 5656 denique
1511 5584 1637 5656 quid
1666 5583 1742 5639 ait
1769 5583 1875 5639 alio

274 5689 397 5756 loco
427 5682 707 5756 psalmus?
730 5680 1011 5750 ,Dominum
1040 5697 1139 5735 non
1163 5680 1517 5735 invocaverunt
1544 5677 1716 5753 (Psal.
1741 5692 1834 5732 xttt
1855 5718 1872 5747 ,

342 5842 358 5891 ι
384 5847 511 5905 uss,
537 5850 567 5888 α
586 5835 781 5901 axibus.

1391 352 1790 412 ENARRATIO
1828 356 1895 415 ΙΝ
1934 359 2255 422 PSALMUM
2294 367 2458 424 XXX.

3464 393 3570 448 250

1977 477 2031 543 ὅ,
2053 487 2204 547 etut,
2222 481 2300 552 6).
2325 485 2584 556 Etutique
2605 490 2998 564 invocavcntnt,
3026 516 3124 556 nec
3152 510 3326 560 tamen
3355 502 3568 561 invoca-

1974 583 2186 626 verunt.
2222 575 2458 632 Breviter
2485 580 2635 643 dico,
2669 588 2916 652 quoniam
2951 602 3069 646 nata
3097 605 3179 648 est
3219 609 3475 665 quzcstto,
3511 613 3566 652 ιιι

1978 668 2179 716 tantam
2227 669 2526 723 mercedem
2555 673 2731 742 exigat
2771 675 2928 731 homo
2956 682 3192 751 allegatis
3220 702 3379 739 unum
3416 691 3558 741 meri-

1977 760 2086 807 tum
2107 796 2120 816 ,
2153 755 2378 812 dicendo
2398 800 2411 821 ,
2438 762 2553 827 quia
2587 765 2811 820 invocavi
2840 779 2922 834 te;
2950 789 3066 825 cum
3100 775 3374 831 videamus
3401 795 3428 831 a
3459 791 3564 834 tam

1977 846 2156 900 multis
2183 851 2335 903 malis
2365 851 2596 907 invocari
2631 856 2830 922 Deum,
2863 870 2982 915 nata
3010 874 3095 916 est
3121 869 3346 934 quaestio
3379 885 3392 919 :
3427 871 3568 924 unde

1977 951 2083 992 non
2107 943 2484 997 transeundum
2515 957 2613 1000 est.
2641 948 2767 1002 Dico
2795 965 2923 1021 ergo
2951 954 3181 1010 breviter
3213 958 3411 1012 homini
3435 977 3561 1012 avu-

1976 1043 2075 1080 ro:
2111 1030 2326 1085 lnvocas
2358 1035 2564 1090 Deum?
2588 1038 2761 1104 Quare
2785 1043 3000 1098 invocas
3025 1048 3234 1103 Deum?
3267 1049 3329 1106 Ut
3355 1052 3446 1105 det
3477 1055 3566 1106 ini-

1976 1116 2029 1171 hi
2059 1119 2284 1175 lucrum.
2308 1123 2538 1180 Lucrum
2565 1131 2942 1199 crgoinvocas,
2968 1152 3071 1191 non
3099 1140 3283 1193 Deum.
3308 1142 3437 1209 Quia
3463 1143 3564 1200 hoc

1976 1209 2178 1263 lucrum
2209 1215 2347 1282 quod
2377 1221 2727 1286 concupiscis,
2760 1240 2864 1278 non
2899 1237 3049 1295 potes
3096 1230 3292 1286 habere
3324 1250 3416 1302 per
3444 1250 3564 1288 ser-

1976 1317 2097 1357 vum
2122 1313 2290 1372 tuum,
2324 1322 2426 1362 non
2455 1320 2606 1380 potes
2635 1313 2830 1371 habere
2859 1333 2955 1388 per
2981 1321 3230 1376 colonum
3264 1333 3428 1388 tuum,
3467 1342 3560 1395 per

1973 1393 2220 1449 clientem
2257 1407 2434 1465 tuum,
2484 1418 2579 1473 per
2627 1407 2855 1462 amicum
2909 1420 3093 1478 tuum,
3145 1428 3241 1483 per
3281 1419 3560 1474 satellitem

1977 1493 2156 1550 tuum;
2183 1488 2398 1543 invocas
2421 1491 2607 1559 Deum,
2633 1497 2933 1553 ministrum
2958 1501 3088 1556 lucri
3113 1504 3184 1556 tui
3217 1503 3347 1560 facis
3369 1507 3556 1561 Deum:

1977 1576 2124 1629 viltiit
2168 1576 2262 1632 tibi
2297 1580 2454 1636 Deus.
2487 1582 2581 1638 Vis
2610 1585 2858 1644 invocare
2899 1591 3100 1646 Deum?
3145 1594 3321 1650 Gratis
3350 1597 3558 1652 invoca.

1973 1666 2176 1730 Avare,
2208 1683 2274 1722 an
2319 1686 2504 1737 parum
2537 1683 2618 1729 est
2645 1677 2775 1741 tibi,
2823 1681 2866 1732 si
2910 1689 2960 1735 te
2990 1682 3208 1752 impleat
3242 1687 3354 1754 ipse
3385 1688 3564 1742 Deus?

1974 1754 2116 1810 Deus
2139 1758 2182 1812 si
2209 1759 2275 1813 ad
2302 1769 2352 1816 te
2381 1764 2556 1818 veniat
2589 1767 2704 1821 sine
2742 1782 2875 1823 auro
2899 1779 2951 1825 et
2979 1784 3219 1843 argento,
3248 1792 3354 1830 non
3386 1779 3466 1833 vis
3495 1779 3563 1833 il-

1973 1845 2275 1915 lum?Quid
2302 1866 2427 1921 ergo
2450 1854 2540 1907 tibi
2571 1854 2638 1910 de
2668 1856 2751 1912 his
2771 1874 2889 1928 quae
2918 1861 3044 1917 fecit
3074 1863 3211 1935 Deus
3240 1867 3453 1935 sulIicit,
3479 1869 3565 1924 cui

1973 1936 2115 1994 Deus
2153 1940 2266 2009 ipse
2305 1957 2410 1997 non
2443 1944 2674 2000 sufficit?
2711 1949 2900 2006 Merito
2934 1968 3062 2023 ergo
3100 1967 3252 2026 rogat
3289 1958 3407 2023 iste,
3444 1959 3566 2014 Non

1972 2031 2281 2100 confundar,
2307 2035 2546 2101 quoniam
2585 2037 2813 2093 invocavi
2857 2051 2921 2096 te.
2954 2043 3201 2100 lnvoeate
3244 2047 3522 2104 Dominum
3543 2091 3561 2117 ,

1971 2118 2206 2188 fratres,
2250 2124 2295 2178 si
2340 2141 2446 2180 non
2480 2127 2640 2186 vultis
2679 2131 2954 2186 confundi.
3001 2133 3381 2192 Confusionem
3419 2141 3562 2194 enim

1971 2211 2254 2279 quamdam
2299 2215 2447 2270 timet
2496 2217 2616 2284 iste,
2645 2219 2713 2274 de
2741 2237 2843 2291 qua
2885 2224 2936 2277 in
2977 2226 3340 2294 superioribus
3370 2230 3562 2285 Psalmi

1971 2299 2179 2356 loculus
2208 2313 2289 2358 est
2317 2304 2415 2359 :Iu
2447 2315 2514 2372 te,
2553 2308 2790 2377 Domine,
2814 2315 3034 2383 speravi,
3072 2333 3173 2370 non
3199 2321 3487 2389 confundar
3509 2323 3562 2374 in

1969 2401 2233 2448 tetanum.
2272 2396 2404 2451 Nam
2435 2408 2493 2452 ιιι
2537 2401 2716 2456 sciatis
2744 2405 2866 2471 quia
2897 2405 3050 2459 istam
3083 2406 3446 2464 confusionem
3491 2413 3560 2465 ti-

1970 2492 2112 2544 met.
2157 2485 2282 2554 quid
2317 2487 2552 2555 addidit,
2580 2506 2702 2546 cum
2733 2493 2990 2560 dixisset,
3031 2495 3153 2551 Non
3197 2501 3486 2570 confundar
3507 2503 3562 2555 in

1969 2581 2230 2641 azternum,
2253 2577 2491 2646 quoniam
2512 2581 2738 2635 invocavi
2759 2592 2804 2635 te
2822 2585 2848 2636 Ρ
2871 2583 3184 2641 Erubescant
3213 2589 3376 2659 impii,
3406 2601 3451 2643 et
3473 2591 3564 2644 de-

1969 2662 2219 2718 ducantur
2232 2668 2282 2720 in
2296 2668 2549 2737 infernum
2570 2688 2584 2725 :
2601 2672 2912 2728 confusione
2926 2677 3104 2746 utique
3117 2677 3201 2731 illa
3217 2679 3267 2732 in
3279 2689 3560 2736 aeternum.

2040 2755 2090 2810 5.
2137 2755 2288 2829 [vers.
2321 2758 2432 2831 19.]
2463 2759 2613 2814 Muta
2641 2763 2918 2833 efﬁciantur
2943 2766 3078 2820 labia
3111 2768 3308 2834 dolosa,
3340 2787 3455 2841 qua:
3479 2773 3561 2827 lo-

1967 2855 2190 2914 quuntur
2209 2847 2448 2903 adversus
2464 2852 2664 2923 justum
2689 2855 3023 2925 iniquitatem,
3042 2859 3095 2912 in
3122 2861 3357 2929 superbia
3381 2871 3428 2915 et
3449 2879 3562 2917 con-

1968 2945 2180 3006 (emptu.
2208 2938 2391 2996 Justus
2417 2942 2517 2996 iste
2545 2943 2787 3000 Christus
2813 2955 2896 3001 est
2925 2966 2940 3004 :
2973 2951 3137 3003 multa
3161 2949 3295 3006 labia
3318 2953 3551 3023 loquun-

1968 3033 2055 3081 tur
2081 3028 2336 3084 adversus
2365 3046 2488 3086 eum
2516 3033 2850 3103 iniquitatem
2873 3037 2926 3092 in
2956 3040 3205 3109 superbia
3234 3049 3290 3096 et
3311 3055 3558 3100 contem-

1967 3128 2084 3190 ptu.
2114 3122 2290 3188 Quare
2329 3124 2380 3178 in
2415 3128 2662 3196 superbia
2694 3136 2750 3182 et
2776 3133 3127 3202 contemptu?
3156 3133 3290 3201 Quia
3317 3127 3559 3192 contem-

1967 3214 2166 3282 ptibilis
2195 3219 2436 3286 superbis
2460 3222 2725 3290 apparuit,
2754 3224 2842 3294 qui
2870 3234 2975 3279 tam
3000 3226 3216 3283 humilis
3243 3232 3404 3285 venit.
3437 3231 3555 3287 Non

1969 3305 2050 3360 vis
2076 3315 2139 3360 ut
2165 3318 2539 3365 contemnatur
2561 3312 2629 3366 ab
2657 3314 2736 3368 eis
2763 3315 2850 3383 qui
2875 3315 3108 3372 honores
3127 3329 3328 3386 amant,
3359 3322 3446 3376 ille
3466 3325 3556 3392 qui

1970 3406 2143 3453 tantas
2169 3402 2520 3456 contumelias
2551 3405 2790 3474 accepit?
2827 3405 2942 3461 Non
2991 3409 3072 3462 vis
3101 3419 3158 3464 ut
3184 3422 3559 3468 contemnatur

1967 3489 2034 3542 ab
2063 3489 2142 3543 his
2172 3491 2259 3559 qui
2308 3507 2402 3560 pro
2444 3507 2639 3564 magno
2683 3496 2880 3552 habent
2925 3499 3081 3553 istam
3129 3501 3312 3570 vitam,
3347 3504 3434 3558 ille
3463 3507 3552 3575 qui

1969 3588 2206 3635 mortuus
2234 3583 2350 3637 est?
2378 3584 2493 3639 Non
2524 3585 2604 3640 vis
2623 3596 2681 3641 ut
2705 3599 3076 3646 contemnatur
3100 3593 3166 3649 ab
3190 3594 3268 3649 eis
3288 3595 3378 3666 qui
3404 3599 3554 3667 quasi

1969 3672 2327 3729 damnationis
2368 3685 2594 3731 mortem
2634 3681 2808 3734 crucis
2829 3685 2843 3713 ι
2877 3690 3083 3753 turpem
3114 3695 3320 3754 putant,
3349 3689 3439 3743 illc
3468 3693 3558 3760 qui

1969 3763 2407 3820 cruciﬁxuscst?
2447 3766 2562 3822 Non
2594 3768 2676 3823 vis
2720 3781 2776 3824 ut
2802 3783 3175 3830 contemnatur
3208 3793 3238 3830 a
3278 3778 3556 3844 divitibus,

1970 3853 2059 3908 ille
2082 3855 2171 3923 qui
2199 3871 2484 3925 pauperem
2512 3860 2672 3912 vitam
2710 3863 2874 3930 gessit
2905 3863 2956 3917 in
2999 3867 3196 3921 mundo
3217 3908 3231 3933 ,
3265 3883 3384 3922 cum
3417 3880 3562 3924 esset

1969 3957 2180 4000 creator
2207 3948 2430 4002 mundi?
2459 3951 2646 4004 Omnia
2678 3953 2776 4007 ista
2799 3954 2917 4024 qua:
2942 3969 3122 4011 amant
3148 3959 3413 4027 homines,
3437 3964 3560 4032 quia

1972 4038 2141 4092 noluit
2175 4039 2261 4093 illa
2292 4039 2486 4096 habere
2511 4043 2756 4098 Christus
2775 4087 2790 4112 ,
2821 4057 2877 4100 ut
2903 4063 3008 4103 non
3037 4050 3284 4116 habendo
3309 4055 3562 4110 ostende-

1970 4137 2055 4184 ret
2093 4133 2504 4200 contemnenda,
2547 4138 2801 4206 nonquia
2831 4139 2890 4192 in-
2925 4150 3183 4208 potestate
3227 4158 3332 4197 non
3381 4145 3562 4200 habuit

1972 4223 2329 4292 possidenda;
2361 4241 2549 4282 omnes
2586 4228 2672 4297 qui
2703 4240 2883 4284 ainant
2926 4231 3043 4287 haec
3063 4274 3079 4299 ,
3110 4244 3460 4291 contemnunt
3497 4239 3563 4292 il-

1973 4314 2104 4368 lum.
2129 4314 2197 4369 Et
2214 4315 2535 4387 quicumque
2551 4319 2775 4375 voluerit
2796 4336 3071 4378 servorum
3095 4327 3208 4394 ejus
3229 4330 3377 4396 sequi
3401 4331 3563 4384 vesti-

1972 4406 2055 4475 gia
2083 4406 2268 4475 ipsius,
2296 4417 2354 4461 ut
2377 4409 2610 4478 ambulet
2633 4420 2686 4465 et
2715 4412 2828 4480 ipse
2858 4414 2908 4466 in
2938 4429 2998 4468 ea
3027 4415 3343 4485 humilitate,
3377 4420 3428 4472 in
3460 4436 3562 4489 qua

1973 4496 2158 4551 didicit
2213 4498 2515 4554 ambulasse
2567 4501 2846 4556 Dominum
2896 4519 3074 4572 suum,
3126 4510 3485 4564 contemnitur
3510 4513 3563 4565 in

1972 4587 2188 4642 Christo
2237 4592 2388 4658 quasi
2438 4591 2735 4646 membrum
2778 4593 2973 4649 Christi
3009 4606 3102 4650 :et
3146 4613 3267 4652 cum
3314 4611 3472 4669 caput
3511 4612 3568 4657 et

1975 4681 2211 4734 membra
2234 4691 2666 4748 contemnuntur,
2694 4693 2833 4738 totus
2861 4686 2973 4753 ipse
2999 4685 3242 4744 Christus
3264 4693 3565 4745 contemni-

1976 4776 2084 4833 tur,
2114 4770 2235 4840 quia
2269 4780 2410 4824 totus
2430 4773 2544 4840 ipse
2564 4773 2740 4842 justus
2765 4784 2847 4828 est
2872 4786 3031 4844 caput
3055 4787 3109 4831 et
3133 4793 3347 4850 corpus.
3379 4783 3443 4836 Et
3466 4799 3565 4837 ne-

1974 4874 2127 4914 cesse
2148 4870 2230 4914 est
2255 4870 2313 4914 ut
2337 4871 2709 4918 contemnatur
2740 4873 2879 4919 totus
2911 4868 3022 4937 ipse
3047 4870 3290 4948 Christus
3317 4889 3344 4926 a
3373 4889 3567 4944 super-

1983 4950 2066 5006 bis
2086 4962 2139 5005 et
2165 4951 2360 5020 impiis,
2399 4962 2455 5005 ut
2483 4953 2576 5006 ﬁat
2604 4954 2710 5008 illis
2735 4956 2875 5025 quod
2905 4958 3098 5012 dicitur
3129 4977 3143 5013 :
3175 4961 3321 5014 Muta
3343 4965 3567 5033 efﬁciam-

1977 5050 2060 5095 tur
2097 5042 2229 5095 labia
2268 5045 2480 5111 dolosa,
2519 5060 2634 5113 qua:
2676 5045 2952 5117 loquuntur
2977 5051 3214 5105 adversus
3239 5053 3436 5122 justum
3466 5057 3567 5109 ini-

1976 5137 2234 5206 quitatem,
2266 5136 2318 5190 in
2348 5138 2581 5208 superbia
2602 5148 2649 5192 et
2681 5150 2991 5210 contemptu.
3021 5142 3245 5207 Quando
3270 5146 3571 5201 cflicientur

1979 5237 2123 5282 muta
2152 5228 2286 5283 labia
2315 5229 2456 5283 ista?
2487 5229 2542 5283 In
2583 5230 2685 5286 hoc
2712 5233 2949 5286 saeculo?
2987 5233 3269 5303 Nunquam
3290 5239 3334 5290 ³.
3379 5238 3566 5306 Quoti—

1980 5321 2068 5376 die
2115 5320 2349 5375 clamant
2393 5331 2579 5376 contra
2627 5323 2984 5392 Christianos,
3025 5327 3257 5382 maxime
3309 5327 3570 5395 humiles;

1980 5414 2219 5485 quotidie
2238 5413 2628 5484 blasphemant,
2652 5416 2885 5485 quotidie
2908 5418 3101 5472 latrant
3126 5436 3139 5473 :
3161 5431 3358 5488 augent
3375 5422 3569 5492 linguis

1981 5507 2095 5564 suis
2121 5522 2331 5580 poenas,
2358 5508 2551 5578 quibus
2574 5509 2713 5578 apud
2740 5508 2942 5566 inferos
2971 5511 3170 5579 sitiant,
3194 5523 3249 5568 et
3274 5529 3424 5586 aquae
3455 5515 3569 5570 stil-

2048 5706 2064 5737 ι
2090 5713 2209 5758 Vox.
2229 5719 2406 5765 crucis,
2432 5720 2523 5756 non
2541 5714 2786 5768 reperitur
2809 5709 2858 5756 in
2881 5714 2988 5757 Mss.

2046 5769 2066 5797 ⁸
2088 5769 2226 5817 Corb.
2261 5775 2342 5818 bis.
2377 5782 2406 5818 a
2441 5767 2656 5820 secunda
2692 5783 2835 5820 manu
2875 5771 3039 5834 habet,
3073 5767 3122 5821 in
3156 5772 3244 5827 hac
3288 5775 3464 5835 secula
3486 5789 3571 5829 tte-

1984 5841 2145 5894 quam.
