2004 3159
209 242 264 271 tam
282 240 341 269 sine
353 245 435 268 causa
449 236 613 266 desiderent.
634 233 692 264 Non
707 241 772 270 ergo
785 239 856 261 nunc
869 236 942 259 muta
955 228 1012 258 efﬁ-

209 287 320 317 ciuntur
328 285 398 313 labia
408 284 532 312 istorum.
544 281 597 311 Sed
610 280 736 318 quando?
748 278 861 313 Quando
870 276 1012 305 traducem

209 339 258 361 eos
276 339 310 360 ex
321 331 436 359 adverso
451 329 605 365 iniquitates
617 334 730 359 eorum;
748 325 815 353 sicut
828 324 925 352 dicitur
938 323 966 350 in
975 321 1011 350 li-

212 378 260 407 bro
270 376 415 413 Sapientia!
428 384 437 404 :
449 374 523 403 Tunc
536 373 637 402 stabunt
645 373 711 409 justi
725 372 752 399 in
763 379 856 406 magna
867 368 1012 413 constantia

214 412 335 450 advorsus
346 429 390 449 eos
403 420 446 456 qui
457 428 485 448 se
495 421 703 456 angustaoemnt.
714 416 787 445 Tunc
801 417 884 444 dicent
893 414 933 443 illi
948 421 959 442 :
972 412 1011 442 Hi

211 470 272 496 sunt
283 474 347 502 quos
359 465 498 501 aliquando
510 464 645 492 habuimus
654 464 681 491 in
694 462 774 490 risum
788 466 812 489 et
823 463 850 488 in
860 459 1011 488 similitudi-

212 519 269 539 nem
276 511 432 548 improprii.
444 509 577 544 Quomodo
586 508 726 545 compntati
732 512 790 535 sunt
800 507 866 534 inter
873 506 942 541 ﬁlios
947 504 1009 538 Dei,

209 561 235 585 et
251 557 318 585 inter
328 561 427 585 sanctos
441 564 498 583 sors
514 555 617 583 illorum
631 554 687 582 est!
704 552 762 581 Nos
777 552 913 584 inarmati,
930 551 1009 578 vitam

209 602 315 630 illmm
326 600 514 629 cstimabnmus
526 600 653 628 insaniam
663 598 741 634 (Sap.
757 606 784 632 v,
801 596 866 634 1-5).
880 596 955 624 Tunc
968 594 1010 624 ef-

210 646 335 675 ﬁciuntur
346 646 417 674 labia
434 652 529 674 eorum
543 649 615 672 muta
625 665 633 678 ,
648 644 693 680 qui
715 644 861 679 loquuntur
880 641 1009 669 adversus

206 692 310 729 justum
331 691 509 728 iniquitatem,
522 691 550 720 in
563 689 687 727 superbia
696 689 761 718 etin
775 692 942 723 contemptu.
955 686 1010 714 Mo-

208 739 245 767 do
251 738 323 766 enim
337 737 430 767 dicunt
440 737 519 766 nobis
532 745 542 766 :
557 737 607 765 Ubi
614 740 657 765 est
665 736 736 764 Deus
744 734 852 763 vester?
862 733 930 767 Quid
939 732 991 760 coli
1000 746 1007 750 -

209 784 264 813 Iis?
276 784 347 819 Quid
360 784 475 813 videtis?
487 784 603 812 Creditis
612 804 620 816 ,
633 786 662 812 et
678 782 805 811 laboratis
820 788 828 808 :
848 785 952 808 certum
964 782 1007 806 est

208 830 280 866 quod
300 830 444 864 laboratis,
459 830 591 858 incertum
604 834 646 857 est
659 828 731 865 quod
750 826 875 863 speratis.
893 824 1007 860 Quando

208 875 312 915 venerit
324 880 427 905 certum
442 875 513 911 quod
526 881 677 911 speramus,
690 878 764 902 muta
774 872 925 901 efﬁcientur
936 870 1006 899 labia

208 920 313 949 dolosa.

244 967 271 995 6.
288 966 364 1003 [rem
374 966 433 1004 ω]
448 966 564 995 Proinde
573 965 634 995 vide
643 965 707 1002 quid
715 964 846 1001 sequitur,
857 964 919 999 quia
932 968 1005 990 muta

209 1011 363 1041 elﬁcientur
381 1013 451 1041 labia
464 1013 568 1045 dolosa,
582 1019 644 1047 qua:
662 1011 807 1046 loquuntur
818 1009 948 1036 adversus
959 1007 1006 1042 ju-

207 1064 279 1087 stum
293 1060 472 1095 iniquitatem,
485 1060 511 1087 in
524 1058 649 1095 superbia
661 1063 690 1086 et
702 1060 868 1093 contempto.
884 1054 1007 1083 Attendit

206 1104 259 1134 iste
272 1105 369 1142 quisic
381 1106 476 1143 gemit,
492 1105 558 1133 vidit
571 1105 640 1133 bona
655 1104 701 1132 Dei
717 1104 789 1131 intus
809 1103 835 1130 in
849 1101 956 1137 spiritu,
971 1100 1006 1128 vi-

206 1152 246 1181 dit
266 1152 325 1181 htec
336 1152 406 1181 bona
420 1161 482 1189 qua:
496 1152 523 1181 in
541 1152 649 1180 occulto
659 1151 794 1184 videntur,
807 1149 855 1177 sed
869 1149 904 1177 ab
916 1148 1006 1183 impiis

206 1206 260 1226 non
279 1198 415 1226 videntur.
438 1198 509 1227 Vidit
523 1205 571 1226 eos
586 1202 728 1233 propterea
741 1196 812 1231 loqui
826 1194 955 1223 adversus
966 1193 1007 1228 ju-

204 1248 277 1271 stunt
289 1244 454 1279 iniquitatem
469 1244 496 1271 in
509 1243 633 1280 superbia
646 1247 674 1270 et
683 1245 849 1277 contemptu,
860 1240 922 1276 quia
935 1239 1005 1266 bona

209 1288 288 1325 hujus
302 1289 393 1318 surculi
407 1289 500 1317 videre
512 1293 622 1322 norunt,
632 1287 703 1316 bona
718 1290 807 1314 autem
821 1285 903 1313 futuri
914 1284 1005 1313 smculi

206 1343 257 1363 nec
270 1336 389 1372 cogitare
410 1335 509 1363 sciunt.
522 1334 576 1363 Sed
591 1339 621 1363 ut
640 1333 843 1363 commendaret
861 1332 918 1368 ipsa
933 1331 1003 1359 bona

206 1380 289 1409 futuri
309 1382 401 1409 cuicuii
422 1380 593 1414 hominibtts,
612 1387 680 1416 quos
698 1379 775 1415 jubet
795 1378 927 1410 tolerare,
949 1384 1005 1416 non

205 1436 298 1457 altiore
312 1428 465 1462 praesentia,
479 1426 642 1456 exclamavit
654 1430 681 1454 et
690 1425 811 1453 addidit:
825 1424 910 1459 Quam
922 1423 1005 1451 uu-lta

206 1473 344 1501 multitudo
356 1473 498 1501 dulcedinis
510 1477 578 1507 luat,
599 1471 726 1499 Domine!
747 1470 796 1498 llic
810 1469 891 1497 homo
907 1467 1005 1504 impius

205 1518 229 1547 si
242 1517 314 1547 dicat
327 1528 335 1546 :
349 1518 401 1547 Ubi
416 1524 457 1546 est
476 1519 527 1546 ista
539 1516 681 1546 multitudo
698 1514 866 1544 dulcedinis?
889 1521 1004 1549 respon-

207 1563 300 1592 debo:
317 1564 457 1598 Quomodo
476 1563 523 1591 tibi
542 1562 683 1591 ostendam
704 1560 901 1589 multitudinem
924 1558 1006 1594 hujus

206 1609 366 1643 dulcedinis,
379 1609 425 1646 qui
440 1609 556 1645 palatum
575 1608 610 1636 de
629 1607 705 1636 febre
717 1605 864 1643 iniquitatis
877 1604 1000 1641 perdidi-

206 1656 262 1683 sti?
275 1654 326 1684 Mel
340 1655 363 1683 si
379 1663 431 1683 non
448 1663 552 1688 nosses,
567 1661 648 1690 quam
667 1653 737 1682 bene
750 1655 858 1688 saperet
876 1658 930 1679 non
950 1650 1006 1678 cla-

206 1708 311 1734 mores,
326 1700 376 1728 nisi
390 1706 536 1736 gustasses.
551 1699 673 1728 Palalum
694 1697 785 1727 cordis
805 1705 860 1725 non
873 1696 958 1724 habes
970 1694 1005 1723 nd

206 1745 267 1774 hac
293 1745 363 1774 bona
386 1746 536 1782 gustanda:
563 1745 627 1781 quid
653 1744 700 1773 tibi
728 1743 841 1772 faciam!
864 1741 1006 1778 Quomodo

207 1792 366 1821 ostendam?
379 1792 437 1820 Non
450 1797 492 1821 est
504 1792 547 1820 cui
561 1792 600 1828 (ιι)
619 1792 711 1819 dicere
724 1797 733 1818 ξ
749 1789 872 1823 (instate,
886 1794 911 1817 et
924 1788 1007 1817 uidete

206 1839 329 1875 quoniam
341 1840 427 1868 suavis
445 1844 481 1868 est
495 1839 638 1875 Dominus(
650 1838 722 1866 Psal.
738 1846 835 1869 xxxiii.
853 1837 901 1874 9).
922 1837 1006 1870 Quam

207 1885 287 1913 multo
299 1885 436 1913 multitudo
448 1884 589 1912 dulcedinis
598 1889 658 1915 tute.
674 1884 793 1918 Domine,
807 1891 884 1919 quam
896 1882 1006 1910 abscon-

209 1930 270 1958 disti
284 1930 428 1958 timentibus
446 1930 490 1958 te!
501 1930 570 1964 Quid
585 1935 628 1958 est
640 1929 803 1958 abscondisti
819 1928 889 1956 illis?
906 1927 1005 1957 Serva-

209 1977 243 2003 sti
258 1976 322 2008 illis.
338 1983 392 2003 non
404 1976 518 2011 negasti,
538 1980 568 2003 ut
579 1976 629 2004 soli
647 1975 681 2002 ad
695 1983 755 2003 eam
771 1974 926 2010 perveniant
948 1973 1008 2010 (bo-

209 2030 273 2050 num
286 2025 327 2050 est
345 2022 416 2050 enim
430 2021 500 2058 quod
521 2021 602 2057 justis
624 2026 651 2049 ct
665 2021 754 2056 impiis
775 2028 828 2048 non
844 2024 933 2055 potest
945 2026 1007 2049 esse

207 2067 385 2103 commune);
409 2072 438 2095 ut
461 2068 580 2095 timcnno
592 2067 759 2103 perveniant.
779 2066 912 2100 Quamdiu
933 2065 1006 2094 enim

208 2113 298 2142 adhuc
312 2113 418 2148 timent,
436 2113 555 2141 nundum
569 2117 597 2141 et
612 2113 662 2148 ipsi
676 2116 876 2148 pervenerunt:
891 2110 939 2140 sed
951 2119 1009 2140 cre-

208 2160 276 2188 dunt
289 2168 319 2188 se
330 2164 517 2196 perventuros.
528 2164 578 2188 eta
591 2159 686 2187 timore
700 2158 838 2194 incipiunt.
852 2158 921 2186 Nihil
934 2157 1007 2186 enim

208 2206 314 2235 dulcius
325 2211 367 2235 est
386 2206 586 2234 immortalitate
604 2206 742 2242 sapientiae
753 2227 761 2240 ,
781 2204 829 2233 sed
844 2205 949 2234 initium
962 2212 1008 2232 sa-

209 2251 317 2288 pientiae
339 2252 421 2280 timor
439 2252 544 2280 Domini
571 2251 671 2289 (Prov.
692 2259 712 2285 ι,
727 2252 759 2285 'l;
777 2250 853 2279 Psal.
877 2255 922 2284 ex,
938 2250 1007 2286 l0).

211 2299 295 2334 Quam
308 2298 462 2327 abscondisti
476 2299 619 2327 timentibus
635 2302 669 2327 te.

245 2345 274 2372 7.
294 2344 431 2381 Perfecisti
439 2349 524 2372 autent
536 2344 696 2380 sperantibus
710 2344 737 2371 in
751 2348 775 2371 te
788 2343 814 2371 in
826 2347 961 2379 conspectu
973 2342 1008 2378 βυ

211 2391 303 2418 Horum
314 2391 455 2418 hominum.
465 2391 535 2424 Non,
548 2390 686 2419 Perfecisti
700 2391 728 2419 in
737 2395 882 2425 conspectu
892 2390 1008 2418 ﬁliorum

210 2436 367 2470 hominum;
383 2436 430 2464 sed
441 2456 449 2470 ,
467 2436 626 2472 sperantibus
636 2437 663 2463 in
677 2441 702 2463 te
711 2436 737 2463 in
750 2439 885 2472 conspectu
895 2435 1008 2470 ﬁliorum

210 2482 342 2512 lmminum
353 2490 363 2510 :
377 2481 404 2509 id
418 2486 469 2514 cst,
485 2482 526 2510 eis
540 2482 672 2517 perfeciin
685 2481 853 2510 dulcedinem
866 2485 949 2514 tuam,
962 2481 1008 2516 qui

210 2533 321 2563 sperant
343 2528 369 2556 in
385 2533 411 2556 te
432 2528 459 2556 in
478 2533 623 2563 conspectu
644 2527 758 2556 ﬁliorum
776 2527 926 2555 hominum.
940 2526 1009 2561 Quo-

210 2574 292 2601 modo
306 2573 371 2602 dicit
385 2574 537 2602 Dominus:
553 2573 604 2607 Qui
619 2582 658 2600 me
675 2574 803 2609 negaverit
815 2581 902 2600 coram
922 2572 1009 2600 Itami-

211 2623 295 2654 nibus,
305 2620 401 2656 negabo
411 2626 435 2648 et
452 2629 497 2657 ego
510 2620 582 2648 illum
592 2629 678 2648 coram
692 2619 772 2648 Patre
784 2628 839 2648 meo
854 2620 961 2656 (Matth.
976 2627 1007 2653 ι,

211 2667 270 2701 33).
285 2667 356 2702 Ergo
380 2667 402 2694 si
424 2674 517 2702 speras
539 2667 565 2694 in
590 2666 703 2694 Domino
716 2687 723 2699 ,
749 2673 841 2693 coram
856 2665 1009 2693 hominibus

211 2720 290 2748 spera
304 2721 312 2739 :
329 2720 362 2740 ne
375 2712 444 2741 forte
456 2712 606 2740 abscondas
619 2712 704 2747 ipsam
716 2719 791 2747 spem
806 2716 877 2739 tuam
889 2711 915 2739 in
926 2710 1008 2739 corde

212 2762 269 2791 tuo,
282 2762 311 2786 et
325 2758 420 2787 timeas
432 2757 564 2792 conﬁteri,
577 2764 639 2786 cum
655 2757 701 2786 tibi
719 2764 767 2794 pro
779 2757 889 2785 crimine
902 2756 1011 2793 obiicia-

213 2808 257 2832 tur
270 2804 332 2840 quia
345 2804 507 2833 christianus
514 2811 554 2832 es.
564 2803 612 2832 Cui
623 2809 712 2832 autem
723 2803 803 2831 modo
812 2802 938 2839 obiicitur
946 2803 1009 2839 quia

211 2854 374 2883 christianus
392 2854 453 2883 est?
471 2852 537 2882 Tam
553 2852 630 2890 pauci
649 2859 703 2881 non
717 2851 857 2881 christiani
876 2857 1011 2880 remanse-

243 2911 282 2943 (α)
293 2909 409 2941 5ιὼωύ.,
415 2906 511 2943 possim.

800 175 830 205 S.
851 171 1036 203 AUGUSTINI
1056 171 1209 200 EPlSCOPl

1808 177 1865 206 252

1067 233 1140 264 runt,
1155 235 1185 258 ut
1197 230 1237 258 eis
1249 230 1333 267 magis
1343 232 1486 268 objiciatur
1496 233 1557 269 quia
1569 233 1707 264 diriuiani
1720 243 1774 264 non
1786 244 1861 271 sunt,

1063 284 1143 313 quam
1161 278 1212 313 ipsi
1231 278 1349 307 audeant
1363 279 1499 317 aliquibus
1515 281 1633 318 ohjicere
1645 283 1706 319 quia
1720 283 1861 313 christiani

1063 328 1137 351 sunt.
1151 322 1253 352 Tamen
1263 323 1325 353 dico
1338 326 1415 354 vobis
1424 347 1432 360 ,
1444 326 1542 355 fratres
1555 327 1619 360 mei.
1634 327 1732 365 incipe,
1743 329 1861 365 quicum-

1062 375 1117 404 que
1127 376 1172 397 mo
1188 369 1276 403 audis,
1290 371 1381 400 vivere
1392 373 1529 408 quomodo
1540 374 1712 410 christiauus,
1726 381 1753 405 et
1764 377 1825 405 vide
1838 378 1862 408 si

1063 420 1117 442 non
1133 414 1179 442 tibi
1194 415 1337 451 obiiciatur
1352 422 1380 445 et
1392 425 1408 446 a
1425 418 1591 455 christianis,
1607 421 1654 449 sed
1669 424 1787 455 nomine.
1805 433 1864 453 non

1061 458 1127 506 vita,
1143 467 1198 487 non
1213 461 1342 491 moribus.
1356 461 1442 492 Nemo
1454 465 1537 494 sentit
1549 466 1599 495 nisi
1611 468 1657 502 qui
1668 472 1795 506 expertus
1805 480 1858 502 est.

1061 504 1133 541 Ergo
1144 506 1264 542 intende,
1278 507 1384 537 intuere
1397 510 1469 545 quod
1484 511 1571 541 audis.
1587 512 1633 542 Vis
1646 504 1738 545 vivere
1747 523 1777 547 ut
1789 519 1860 548 chri-

1060 550 1250 598 stianusirvls
1268 553 1345 589 sequi
1366 556 1477 590 vestigia
1503 557 1607 585 Domini
1631 560 1689 588 tui?
1711 562 1860 598 Objiciatur

1061 595 1121 645 tibi,
1139 597 1330 645 erubescistet
1349 600 1532 630 erubescendo
1544 603 1667 633 dimittis.
1677 595 1759 635 .Viani
1774 610 1860 645 perdi~

1060 641 1133 687 disti.
1153 641 1257 672 Videris
1274 644 1323 672 tibi
1336 646 1419 674 corde
1432 648 1580 677 credidisse
1599 651 1633 678 ad
1647 641 1795 687 justitiam.
1809 656 1859 685 sed

1060 686 1217 738 perdidisti;
1232 697 1280 738 ore
1292 690 1427 738 confessio
1443 693 1471 719 ﬁt
1484 693 1516 720 ad
1531 696 1644 723 salutem
1657 697 1744 733 (Rom.
1758 708 1787 735 x,
1800 701 1858 738 10).

1059 732 1088 760 Si
1097 740 1162 769 ergo
1172 734 1213 762 vis
1225 735 1365 764 ambulare
1376 737 1445 765 viam
1463 739 1585 773 Domini,
1605 732 1686 771 etiam
1702 745 1728 772 in
1747 732 1858 782 conspe-

1058 783 1104 806 ctu
1118 779 1257 809 hominum
1274 788 1352 818 spera
1367 783 1394 810 in
1409 784 1503 818 Deum,
1518 786 1545 813 id
1560 792 1612 821 est,
1626 789 1681 817 noli
1696 779 1858 821 erubescere

1058 824 1093 853 de
1105 832 1153 863 spe
1164 831 1218 855 tua.
1229 827 1371 862 Quomodo
1382 830 1446 857 vivit
1459 832 1484 859 in
1498 833 1580 861 corde
1595 839 1649 869 tuo,
1665 836 1704 865 sic
1717 838 1818 867 habitet
1830 840 1857 869 in

1058 881 1107 901 ore
1120 877 1167 902 tuo
1181 883 1189 902 :
1204 875 1265 911 quia
1279 884 1332 904 non
1352 877 1409 905 sine
1425 886 1505 906 causa
1524 880 1629 916 signum
1642 891 1720 911 suum
1735 884 1858 915 Christus

1058 918 1085 946 in
1100 918 1188 966 fronte
1205 921 1283 949 nobis
1297 921 1341 957 ﬁgi
1355 923 1450 956 voluit,
1468 929 1593 960 tauquam
1607 928 1634 955 in
1647 929 1712 957 sede
1728 932 1855 966 pudoris,

1058 971 1093 1014 tte
1110 965 1211 994 Christi
1223 967 1368 1014 opprobria
1382 969 1546 999 christianos
1558 973 1709 1002 erubescat.
1726 976 1781 1004 lloc
1792 985 1858 1014 ergo

1058 1009 1085 1037 in
1099 1016 1246 1047 conspectu
1262 1011 1401 1042 hominum
1417 1016 1438 1042 si
1453 1015 1566 1050 feceris,
1583 1018 1606 1045 si
1625 1019 1688 1047 inde
1699 1028 1790 1049 coram
1806 1009 1858 1051 ho-

1058 1055 1174 1084 minibus
1184 1064 1237 1084 non
1248 1057 1399 1093 erubueris,
1413 1061 1434 1087 si
1448 1062 1473 1088 in
1485 1068 1629 1098 conspectu
1642 1065 1756 1094 filiorum
1768 1067 1859 1096 homi-

1058 1108 1122 1129 num
1137 1110 1187 1129 ncc
1201 1111 1249 1131 ore
1258 1111 1307 1132 nec
1317 1103 1394 1134 factis
1402 1106 1536 1135 Christum
1552 1111 1707 1145 negaveris;
1720 1119 1798 1148 spera
1810 1115 1858 1143 tibi

1061 1148 1152 1184 perlici
1166 1149 1333 1178 dulcedinem
1349 1152 1406 1180 Dei.

1093 1194 1120 1222 8.
1142 1194 1228 1232 [νενε.
1252 1196 1322 1234 21.]
1342 1197 1409 1232 Quid
1437 1200 1578 1235 sequitur?
1602 1201 1748 1231 Abscondcs
1768 1213 1811 1233 eos
1830 1206 1859 1233 in

1057 1240 1203 1268 abscondito
1218 1241 1301 1270 vultus
1314 1243 1360 1271 tui.
1373 1244 1465 1278 Qualis
1478 1251 1519 1273 est
1532 1247 1605 1274 locus
1620 1247 1690 1276 iste?
1705 1249 1762 1278 Non
1778 1250 1857 1287 dixit,

1057 1287 1214 1316 Abscondes
1235 1296 1283 1317 eos
1307 1290 1333 1318 in
1357 1291 1427 1319 ctelo
1451 1297 1495 1319 tuo
1513 1302 1520 1320 :
1536 1301 1589 1320 non
1606 1294 1684 1328 dixit,
1701 1297 1858 1327 Abscoudes

1057 1340 1105 1361 eos
1125 1333 1151 1361 in
1173 1335 1320 1370 paradiso:
1347 1344 1401 1365 non
1422 1337 1500 1372 dixit,
1513 1338 1671 1369 Abscondcs
1687 1349 1734 1370 eos
1755 1342 1781 1370 in
1796 1343 1859 1372 sinu

1058 1377 1183 1407 Abrahae.
1199 1379 1289 1408 Multis
1303 1381 1376 1409 enim
1390 1381 1514 1411 ﬁdelibus
1524 1383 1562 1420 (α)
1578 1384 1738 1414 local'utura
1750 1394 1860 1416 sancto~

1057 1431 1118 1451 rum
1134 1424 1161 1452 in
1173 1424 1319 1461 Scripturis
1332 1426 1432 1456 sanctis
1450 1429 1538 1464 posita
1552 1435 1624 1457 sunt.
1643 1431 1758 1460 Vilcscat
1772 1437 1858 1462 totum

1057 1468 1185 1504 quidquid
1205 1475 1303 1506 printer
1322 1471 1407 1500 Deum
1427 1477 1479 1502 est.
1499 1473 1551 1508 Qui
1574 1483 1623 1503 nos
1643 1481 1732 1505 tuetur
1746 1478 1772 1506 in
1797 1479 1860 1508 loco

1057 1515 1120 1543 vita:
1136 1515 1225 1552 hujus,
1239 1516 1298 1552 ipse
1313 1522 1373 1553 post
1394 1519 1472 1547 istam
1493 1520 1574 1548 vitam
1595 1522 1630 1550 sit
1652 1522 1727 1552 locus
1748 1513 1859 1555 noster“:

1056 1560 1118 1596 quia
1129 1567 1157 1588 et
1171 1562 1221 1589 iste
1234 1563 1355 1599 psalmus
1371 1564 1423 1592 hoc
1437 1565 1462 1593 ei
1485 1565 1523 1594 ait
1541 1569 1665 1603 superius
1682 1578 1690 1597 :
1710 1569 1775 1598 Esto
1796 1572 1861 1600 mihi

1056 1606 1086 1634 in
1104 1605 1188 1634 Deum
1208 1613 1383 1643 protectorem,
1398 1614 1423 1638 et
1436 1611 1462 1639 in
1475 1611 1579 1640 domum
1599 1614 1703 1651 refugit'.
1718 1615 1789 1651 Ergo
1802 1617 1860 1646 eri-

1058 1660 1119 1681 mus
1139 1653 1166 1681 in
1179 1654 1252 1682 vultu
1275 1654 1323 1683 Dei
1342 1655 1504 1686 absconditi.
1519 1658 1585 1694 Quis
1606 1660 1681 1688 sinus
1695 1662 1777 1691 estin
1791 1663 1860 1691 facie

1059 1697 1117 1731 Dei.
1131 1706 1147 1726 a
1169 1706 1212 1727 me
1234 1701 1398 1736 exspectatis
1420 1702 1533 1731 audire?
1554 1699 1738 1740 Purgatecor,
1754 1712 1783 1736 ut
1800 1708 1860 1743 ipse

1058 1743 1201 1778 illuminet,
1215 1749 1244 1772 et
1254 1752 1334 1781 quem
1347 1746 1478 1776 invocatis
1490 1747 1582 1777 intret.
1603 1749 1669 1778 Esto
1679 1751 1775 1779 domus
1786 1753 1858 1789 ejus.

1058 1792 1087 1817 et
1099 1790 1152 1817 erit
1172 1790 1269 1819 domus
1290 1794 1354 1819 tua:
1371 1792 1474 1821 habitet
1495 1794 1522 1822 in
1546 1799 1582 1826 te.
1595 1800 1624 1823 et
1643 1801 1671 1824 tu
1685 1796 1816 1826 habitab'ts
1830 1798 1860 1828 in

1058 1842 1103 1863 eo.
1116 1835 1146 1863 Si
1160 1843 1223 1864 eum
1242 1835 1270 1865 in
1283 1836 1337 1865 hoc
1350 1837 1449 1867 saaon
1471 1841 1611 1876 exceperis
1630 1842 1712 1871 corde
1733 1849 1789 1877 tuo,
1812 1844 1860 1875 ille

1058 1886 1119 1917 post
1133 1881 1184 1910 hoc
1197 1882 1325 1911 naculum
1339 1884 1455 1921 excipiet
1474 1889 1501 1914 te
1519 1886 1594 1915 vultu
1615 1896 1677 1917 suo.
1701 1890 1858 1927 Abscoudes,

1059 1928 1155 1965 inquit,
1170 1937 1223 1957 eos.
1239 1930 1312 1959 Ubii
1334 1931 1369 1959 In
1390 1932 1539 1962 abscondito
1553 1935 1637 1964 vultus
1647 1937 1697 1966 tul.
1716 1937 1739 1965 Α
1752 1944 1858 1969 cont-r-

1059 1974 1159 2002 bations
1179 1976 1312 2004 laminam
1325 1985 1336 2005 .'
1357 1978 1393 2005 ibi
1410 1979 1483 2007 enim
1506 1988 1559 2008 non
1579 1982 1783 2019 conturbantur,
1796 1993 1860 2014 cum

1058 2020 1278 2056 abscondantur;
1303 2022 1331 2050 in
1345 2022 1503 2053 abscondito
1516 2026 1606 2055 vultus
1628 2027 1668 2056 tui
1681 2036 1736 2057 non
1747 2034 1860 2058 contur-

1060 2066 1167 2095 bantur.
1181 2067 1263 2097 Putas
1278 2073 1320 2097 est
1333 2069 1474 2108 quisquam
1496 2072 1533 2100 ita
1556 2073 1617 2102 felix
1638 2075 1666 2102 in
1681 2074 1732 2104 hoc
1746 2077 1858 2113 mundo,

1061 2116 1090 2139 ut
1100 2119 1162 2158 cum
1177 2114 1392 2148 cmperitaudire
1405 2117 1548 2152 opprobria
1559 2117 1708 2155 hominum,
1718 2127 1860 2158 propterea

1059 2157 1131 2194 quod
1145 2157 1253 2187 Christo
1263 2161 1355 2194 servit,
1369 2160 1454 2197 fugiat
1465 2162 1500 2190 ad
1511 2163 1594 2192 Deum
1605 2165 1697 2198 corde.
1709 2171 1736 2195 et
1750 2157 1861 2203 incipiat

1059 2212 1135 2239 spem
1151 2205 1250 2234 habere
1264 2206 1291 2234 in
1305 2207 1447 2237 dulcedine
1468 2208 1563 2245 ipsius,
1579 2215 1607 2240 et
1622 2219 1638 2239 a
1658 2213 1861 2243 conturbatione

1061 2250 1212 2287 hominum,
1222 2259 1238 2279 a
1254 2252 1351 2288 quibus
1364 2253 1438 2282 audit
1451 2255 1606 2291 opprobria,
1622 2257 1704 2287 intret
1716 2258 1742 2288 in
1757 2260 1861 2290 vultum

1063 2297 1108 2325 Dei
1121 2305 1183 2325 cum
1201 2299 1364 2327 conscientia
1378 2300 1447 2327 sua?
1464 2300 1549 2329 Intrat
1562 2302 1651 2337 plane,
1666 2305 1713 2333 sed
1727 2306 1751 2333 si
1764 2305 1863 2336 habeat

1060 2350 1121 2371 cum
1136 2351 1191 2379 quo
1206 2344 1297 2378 intret,
1317 2344 1344 2372 id
1364 2349 1417 2379 est,
1429 2346 1452 2375 si
1467 2355 1521 2375 non
1543 2349 1578 2377 sit
1596 2357 1710 2378 onerosa
1724 2351 1779 2386 ipsa
1793 2360 1861 2380 con-

1060 2389 1181 2421 scientia.
1196 2389 1219 2417 si
1239 2397 1292 2418 non
1307 2390 1345 2418 illi
1361 2390 1440 2419 faciat
1460 2394 1592 2423 sarcinam
1607 2396 1745 2431 grandem,
1762 2397 1795 2425 ad
1810 2407 1860 2427 an-

1060 2439 1164 2469 gustam
1173 2433 1293 2470 ianuam.
1303 2436 1448 2466 Abscondes
1458 2446 1522 2474 ergo
1533 2448 1574 2467 eos
1584 2440 1610 2467 in
1621 2442 1768 2470 abscondito
1777 2444 1862 2471 cultus

1039 2502 1041 2505 .
1061 2480 1107 2512 tui,
1121 2489 1138 2507 a
1153 2480 1346 2509 conturbatione
1356 2482 1499 2511 hominum.
1512 2483 1634 2522 Proteges
1648 2495 1690 2515 eos
1703 2488 1730 2515 in
1741 2489 1862 2516 taberna-

1061 2525 1118 2553 culo
1129 2530 1181 2560 tuo,
1189 2534 1206 2553 a
1215 2527 1414 2557 contradictione
1424 2529 1580 2566 linguarum.
1590 2532 1739 2568 Aliquando
1750 2534 1864 2563 abscon-

1061 2570 1110 2599 dcs
1122 2579 1170 2600 eos
1184 2571 1212 2600 in
1224 2572 1383 2601 abscondito
1395 2574 1485 2602 vultus
1499 2576 1548 2610 tui,
1563 2584 1577 2604 a
1592 2579 1797 2608 conturbatione
1812 2581 1863 2608 ho-

1062 2617 1179 2651 minum;
1193 2622 1223 2646 ut
1233 2626 1342 2653 prorsus
1353 2619 1379 2647 iu
1388 2620 1427 2648 eis
1435 2622 1604 2650 conturbatio
1612 2623 1727 2652 humana
1735 2625 1863 2661 deinceps

1062 2671 1122 2691 esse
1144 2672 1197 2692 non
1222 2664 1329 2699 possit:
1350 2665 1528 2695 sedduterim
1542 2675 1602 2696 cum
1617 2671 1820 2706 peregrinantur
1834 2672 1864 2699 in

1062 2709 1115 2738 hoc
1135 2709 1245 2744 saeculo,
1256 2710 1319 2746 quia
1338 2710 1437 2740 multas
1455 2714 1593 2747 patiuntur
1606 2714 1708 2752 linguas
1728 2718 1865 2746 contradi<

1062 2760 1155 2784 centes
1175 2756 1220 2791 qui
1237 2756 1283 2801 tibi
1298 2757 1432 2791 serviunt,
1449 2759 1514 2793 quid
1533 2760 1572 2788 eis
1585 2760 1670 2790 lacis?
1685 2762 1806 2800 Protcgrs
1821 2774 1865 2795 eos

1062 2800 1090 2829 in
1103 2801 1266 2830 tabernaculo
1281 2806 1335 2830 tuo.
1349 2802 1426 2836 Quod
1441 2808 1483 2832 est
1497 2805 1718 2836 tabernaculum?
1739 2809 1863 2840 Ecclesia

1064 2848 1142 2885 hujus
1167 2848 1316 2883 temporis;
1349 2849 1551 2880 tabernaculum
1579 2853 1638 2882 ideo
1667 2854 1776 2891 dicitur.
1801 2865 1862 2894 quia

1098 2905 1135 2937 (tt)
1147 2907 1225 2936 Pone,
1238 2903 1385 2932 manubiis.
