4008 6320
234 336 351 398 253

238 454 417 512 adhuc
448 455 503 512 in
530 454 631 512 hae
659 463 801 514 terra
825 452 1214 528 peregrinatur.
1247 452 1674 513 Tabernaculum
1695 452 1841 509 enim

243 544 606 603 habitaculum
650 557 735 605 est
781 547 1006 606 militum
1037 548 1091 605 in
1135 547 1477 620 expeditione
1517 547 1839 618 positorum.

239 637 360 709 ipsa
386 639 642 696 dicuntur
669 642 1029 697 tabernacula.
1054 637 1254 696 Domus
1279 654 1389 695 non
1410 648 1495 695 est
1526 640 1842 696 tabernacu-

240 727 375 786 lum.
436 730 619 801 Pugna
665 730 721 785 in
765 728 1107 801 expeditione
1151 728 1502 803 peregrinus;
1553 738 1614 784 ut
1661 728 1841 785 salvus

235 817 411 876 factus
439 816 491 875 in
523 818 890 886 tabernaculo,
918 817 1189 891 gloriosus
1217 818 1493 889 recipiaris
1521 819 1573 874 in
1595 818 1834 875 domum.

236 909 356 967 Erit
383 911 527 965 enim
557 912 609 966 in
635 910 778 968 celo
805 911 998 967 domus
1027 920 1116 966 tua
1154 918 1373 978 aeterna,
1402 911 1449 968 si
1496 910 1660 966 modo
1697 911 1838 967 bene

233 1000 292 1056 in
331 1000 437 1058 hoc
465 1001 814 1058 tabernaculo
837 1002 1060 1058 vixeris.
1094 1000 1239 1074 Ergo
1275 1003 1331 1058 in
1361 1001 1465 1059 hoc
1489 1002 1837 1060 tabernaculo

234 1101 492 1164 proteges
528 1108 623 1151 eos
660 1109 692 1149 a
737 1094 1158 1152 contradictione
1185 1093 1512 1166 linguarum.
1548 1093 1830 1151 Contradio

230 1193 363 1239 cunt
405 1185 597 1255 lingua:
625 1184 847 1254 multas;
890 1186 1120 1244 diversae
1165 1184 1419 1255 bzereses,
1450 1186 1661 1241 diversa
1691 1184 1837 1241 schi-

230 1284 406 1331 smata
452 1286 777 1347 personant;
830 1276 1023 1349 lingua:
1048 1276 1229 1336 multa:
1255 1275 1627 1333 contradicunt
1656 1277 1831 1332 veraci

229 1365 537 1424 doctrinm:
572 1377 628 1423 tu
652 1384 812 1425 curre
847 1367 915 1427 ad
944 1368 1341 1427 tabernaculum
1388 1370 1504 1436 Dei,
1538 1371 1831 1427 Ecclesiam

227 1461 549 1518 catholicam
575 1470 720 1528 tene,
760 1478 791 1517 a
817 1461 1002 1535 regula
1030 1463 1271 1521 veritatis
1305 1464 1412 1519 noli
1444 1463 1745 1531 discedere,
1775 1473 1834 1520 et

231 1551 533 1621 protegeris
583 1551 638 1609 in
682 1551 1027 1609 tabernaculo
1073 1567 1109 1608 ι
1164 1553 1588 1609 contradictione
1628 1553 1834 1625 lingua-

225 1656 369 1695 rum.

297 1734 352 1790 9.
385 1731 538 1807 [να-ε.
563 1732 678 1809 9.2.]
702 1733 1006 1791 Benedictus
1033 1733 1300 1799 Dominus,
1329 1737 1567 1808 quoniam
1588 1737 1832 1807 miri/ica-

223 1826 295 1881 rit
322 1828 722 1882 misericordiam
761 1844 907 1882 suam
945 1829 998 1882 in
1024 1829 1224 1883 civitate
1262 1829 1671 1884 circumstantia.
1698 1830 1830 1897 Quae

222 1926 311 1974 est
336 1919 528 1975 civitas
550 1918 1011 1974 circumstantim?
1037 1919 1095 1973 ln
1135 1935 1236 1973 una
1267 1918 1449 1975 Judma
1477 1920 1704 1990 populus
1734 1919 1827 1974 Dei

225 2020 346 2068 erat
366 2011 595 2081 positus,
615 2008 773 2082 quasi
810 2010 863 2067 in
895 2010 1075 2067 medio
1129 2012 1350 2078 mundo,
1388 2011 1475 2067 ubi
1516 2012 1829 2067 dicebantur

220 2104 412 2160 laudes
437 2104 569 2172 Deo,
598 2104 757 2177 eique
781 2104 1041 2160 sacrificia
1065 2104 1453 2171 offerebantur,
1482 2104 1571 2159 ubi
1595 2105 1826 2173 pr0phc-

219 2196 294 2251 tia
319 2210 428 2250 non
456 2193 707 2253 cessabat
728 2195 971 2252 canendo
1015 2194 1213 2261 futura,
1242 2210 1361 2266 quae
1393 2194 1554 2249 modo
1580 2194 1825 2249 videmus

220 2284 432 2357 impleri
462 2305 476 2341 :
507 2287 609 2341 iste
636 2285 867 2357 populus
911 2288 1063 2357 quasi
1114 2287 1168 2341 in
1198 2284 1376 2341 medio
1406 2285 1643 2356 gentium
1684 2294 1820 2339 erat.

216 2376 460 2432 Attendit
498 2375 757 2448 propheta
803 2376 926 2444 istc,
978 2388 1032 2433 et
1076 2377 1206 2431 vidit
1257 2375 1486 2431 futuram
1529 2376 1821 2431 Ecclesiam

218 2469 314 2524 Dei
348 2471 400 2525 in
420 2470 671 2525 omnibus
692 2468 940 2540 gentibus
971 2486 985 2524 :
1017 2478 1072 2525 et
1097 2470 1221 2540 quia
1272 2483 1463 2524 omnes
1503 2476 1690 2540 gentes
1711 2468 1821 2523 cir-

213 2574 339 2613 cum
380 2560 612 2632 undique
661 2568 835 2625 erant,
879 2576 1000 2631 qua:
1043 2559 1095 2615 in
1142 2559 1321 2615 medio
1362 2560 1632 2631 ponebant
1659 2574 1820 2615 unam

212 2662 427 2721 gentem
455 2652 794 2717 Iudaeorum;
821 2653 917 2709 has
940 2652 1174 2724 undique
1199 2654 1610 2708 circumstantes
1630 2662 1820 2723 gentes

212 2744 503 2813 appellavit
522 2745 793 2800 civitatem
812 2746 1249 2802 circumstantize.
1270 2745 1560 2801 Miriﬁcasti
1575 2744 1817 2819 quidem,

212 2833 459 2901 Domine,
492 2834 920 2892 misericordiam
967 2846 1112 2894 tuam
1146 2838 1197 2892 in
1228 2838 1444 2894 civitate
1480 2838 1814 2904 Jerusalem;

211 2928 285 2984 ibi
317 2944 509 2998 passus
536 2938 621 2985 est
664 2928 931 2997 Christus,
975 2929 1047 2987 ibi
1092 2932 1410 2996 resurrexit,
1458 2929 1530 2987 ibi
1578 2929 1820 2989 ascendit

211 3020 267 3075 in
297 3021 517 3086 omium,
570 3019 642 3077 ibi
681 3022 849 3079 multa
874 3021 1140 3077 mirabilia
1168 3022 1292 3077 iecit
1324 3040 1337 3077 :
1366 3021 1459 3076 scd
1504 3021 1674 3094 major
1701 3022 1818 3077 laus

210 3120 302 3167 tua
331 3118 436 3178 est,
459 3112 585 3183 quia
606 3112 901 3169 miriﬁcasti
940 3112 1367 3168 misericordiam
1400 3121 1545 3169 tuam
1592 3114 1646 3168 in
1684 3111 1816 3167 civi-

212 3211 321 3259 tate
340 3201 782 3271 cireumstantiac,
813 3202 867 3259 id
896 3212 1003 3270 est,
1036 3203 1089 3259 in
1132 3204 1384 3258 omnibus
1415 3203 1665 3274 gentibus
1708 3201 1817 3258 dil-

207 3292 393 3350 i'udisti
418 3294 841 3351 misericordiam
866 3303 1033 3350 tuam.
1064 3285 1179 3351 Nec
1200 3304 1535 3365 unguentum
1578 3303 1727 3351 tuum
1759 3294 1815 3349 in

206 3385 299 3441 illa
327 3385 648 3455 Jerusalem,
678 3388 831 3459 quasi
855 3387 911 3443 in
940 3402 1067 3444 vase
1111 3388 1366 3453 tenuisti;
1423 3384 1519 3442 sed
1562 3395 1814 3459 tanquam

205 3478 484 3533 contracto
505 3490 653 3545 vase,
679 3488 1011 3550 unguentum
1037 3494 1133 3549 per
1148 3471 1405 3535 mundum
1428 3477 1678 3537 diffusum
1707 3487 1812 3547 est,

204 3582 267 3624 ut
324 3569 647 3639 impleretur
698 3570 842 3642 quod
889 3571 1085 3626 dicitur
1130 3570 1184 3627 in
1236 3568 1527 3643 Scripturis
1571 3570 1813 3627 sanctis:

208 3658 539 3731 Unguentum
560 3660 780 3728 effusum
802 3672 878 3717 est
900 3679 1081 3717 nomen
1101 3671 1246 3717 tuum
1277 3661 1446 3734 (Cant.
1479 3677 1517 3728 t,
1536 3661 1619 3736 2).
1646 3663 1711 3718 Et
1738 3664 1811 3718 ita

203 3752 504 3807 mirilicasti
527 3753 948 3809 misericordiam
970 3764 1113 3809 tuam
1140 3754 1193 3809 in
1215 3753 1429 3809 civitate
1455 3753 1811 3810 circumstan-

203 3842 315 3896 tiaa.
371 3841 630 3898 Ascendit
680 3844 825 3899 enim
870 3845 923 3899 in
973 3844 1189 3912 celum,
1241 3843 1396 3899 sedet
1434 3844 1504 3898 ad
1529 3845 1810 3900 dexteram

203 3933 402 4000 Patris,
425 3944 543 4004 post
554 3934 745 3991 decem
764 3936 879 3991 dies
893 3936 1039 3991 misit
1056 3934 1312 4006 Spiritum
1325 3945 1566 3991 sanctum
1588 3935 1726 4006 (Act.
1746 3934 1807 4008 t):

201 4025 411 4095 impleti
432 4037 557 4082 sunt
587 4026 787 4096 Spiritu
816 4037 1003 4084 sancto
1026 4027 1295 4099 discipuli,
1319 4036 1597 4101 cmpcrunt
1616 4026 1809 4097 pricdi-

204 4130 330 4171 care
361 4115 622 4188 magnaiia
657 4116 891 4184 Christi;
942 4116 1185 4187 lapidati,
1232 4118 1420 4182 occisi,
1471 4116 1635 4187 fugati
1684 4127 1809 4173 sunt

201 4208 319 4279 (Id.
349 4206 488 4283 vttt).
519 4209 585 4264 Et
610 4225 732 4265 cum
761 4208 886 4266 inde
909 4220 1159 4282 tauquam
1188 4226 1255 4265 ex
1277 4225 1384 4264 uno
1406 4210 1528 4264 loco
1554 4200 1807 4280 fugaran-

202 4310 311 4379 tur,
342 4296 494 4372 quasi
519 4300 659 4372 ligna
700 4301 941 4357 ardentia
985 4303 1108 4372 igne
1139 4299 1346 4367 divino,
1390 4308 1559 4357 totam
1615 4300 1805 4356 silvam

200 4394 390 4449 mundi
420 4409 703 4449 accensam
735 4394 945 4451 fervore
970 4395 1203 4467 Spiritus
1233 4402 1287 4450 ct
1323 4394 1526 4449 lumine
1563 4395 1806 4450 veritatis

201 4485 605 4559 impleverunt:
639 4496 695 4543 et
734 4487 1039 4542 miriﬁcavit
1086 4487 1343 4543 Dominus
1380 4485 1805 4543 misericordiam

198 4594 353 4635 suam
382 4578 436 4633 in
470 4578 685 4634 civitate
713 4577 1150 4635 circumstantiae.

274 4670 359 4726 i0.
391 4667 544 4743 [rem
574 4668 693 4744 ελ]
740 4668 854 4741 Ego
900 4671 1010 4724 dixi
1058 4671 1112 4725 in
1151 4670 1334 4725 ecstasi
1369 4686 1481 4724 mea
1504 4684 1526 4726 :
1552 4666 1803 4727 recorda—

196 4762 327 4815 mini
357 4762 568 4816 titulum
607 4760 827 4825 Psalmi,
884 4776 1013 4817 ecce
1060 4770 1145 4816 est
1184 4760 1275 4815 illa
1315 4759 1556 4817 ecstasis.
1613 4759 1804 4816 Videte

195 4853 325 4925 quid
368 4855 515 4911 dicat
543 4872 557 4909 :
601 4853 712 4926 Ego
741 4855 885 4923 dixi,
910 4854 1101 4924 inquit,
1139 4854 1193 4907 in
1227 4854 1425 4915 ecstasi
1450 4866 1596 4908 mea:
1619 4851 1803 4924 Proje—

196 4958 312 5002 rtus
339 4963 453 5001 sum
470 4964 501 5000 α
519 4943 651 5018 [acie
676 4946 937 5001 oculorum
963 4955 1184 4999 tuorum.
1218 4943 1275 4997 in
1305 4960 1499 5015 pavore
1522 4959 1644 4999 meo
1665 4944 1796 5008 dixi,

196 5035 300 5093 hoc
320 5044 425 5104 est,
454 5035 565 5091 dixi
597 5037 652 5091 in
692 5038 872 5092 θεειαεὶ
900 5054 1029 5090 mea.
1057 5035 1197 5091 Vidit
1239 5052 1298 5091 se
1326 5044 1608 5106 paventem
1656 5036 1797 5090 intus

197 5132 386 5187 nescio
439 5146 542 5201 qua
599 5130 940 5186 tribulatione
968 5146 1179 5199 magna,
1232 5130 1370 5183 sicut
1410 5146 1515 5183 non
1563 5128 1793 5184 desunt:

193 5222 427 5278 attendit
450 5237 546 5277 eor
565 5237 721 5277 Suum
750 5221 997 5290 pavidum
1030 5232 1081 5275 et
1111 5220 1395 5290 trepidum,
1427 5229 1484 5274 et
1512 5220 1585 5274 ait
1616 5234 1629 5274 :
1663 5219 1798 5274 Ρω-

184 5316 356 5388 jactus
382 5331 492 5369 sum
520 5332 550 5368 a
571 5315 703 5384 facie
723 5315 987 5368 oculorum
1014 5324 1233 5367 tuorum.
1263 5311 1318 5368 Si
1349 5313 1400 5367 in
1429 5313 1563 5367 facie
1595 5323 1679 5367 tua
1702 5326 1794 5367 es—

192 5421 335 5472 sem,
366 5423 472 5464 non
491 5409 570 5464 sic
599 5408 881 5470 timerem;
915 5409 957 5460 si
987 5423 1072 5461 me
1093 5406 1423 5471 attenderes,
1454 5422 1561 5461 non
1589 5408 1668 5463 sic
1692 5414 1794 5460 tre:

194 5499 461 5571 pidlrem.
487 5498 592 5555 Sed
619 5499 870 5568 quoniam
897 5497 1026 5553 dicit
1048 5498 1099 5552 in
1126 5499 1233 5551 alio
1273 5499 1497 5567 psalmo,
1550 5496 1613 5552 Si
1657 5492 1793 5550 dice-

191 5588 329 5654 bant,
375 5601 543 5647 motus
597 5600 672 5644 est
716 5605 804 5659 pes
832 5605 991 5655 meus,
1049 5589 1391 5643 misericordia
1418 5600 1526 5656 tua,
1552 5586 1789 5669 Domine,

190 5683 467 5751 adiurabat
504 5698 584 5735 me
625 5680 803 5750 (Psal.
831 5697 977 5745 xcut,
1002 5680 1113 5751 18);
1159 5682 1414 5736 continuo
1452 5692 1508 5738 et
1551 5681 1638 5738 hic
1676 5682 1786 5738 ait:

196 5773 323 5839 ιάιο
348 5776 600 5833 exaudiri
646 5791 817 5831 vorem
859 5775 1100 5829 arationis
1154 5791 1296 5831 mete.
1329 5776 1462 5844 Quia
1506 5775 1785 5833 confessus

1350 335 1749 399 ENARRATIO
1785 333 1852 393 ιΝ
1888 336 2212 399 ΡδΑωιωί
2242 342 2410 402 XXX.

3440 364 3548 427 256

1956 466 2097 547 sum,
2120 457 2243 526 quia
2254 458 2386 527 dixi,
2416 460 2684 535 Proiectus
2698 483 2810 522 sum
2829 485 2861 523 α
2875 472 3007 541 facie
3028 474 3295 533 oculorum
3319 489 3545 547 tuorum;

1950 546 2072 617 quia
2097 564 2204 606 non
2235 552 2500 622 superbus
2526 558 2730 626 exstiti,
2774 561 2870 617 sed
2915 578 3010 618 cor
3039 582 3218 622 meum
3271 546 3541 638 accusavi,

1946 646 2003 692 et
2050 637 2103 694 in
2144 641 2489 703 tribulatione
2532 664 2649 704 mea
2702 648 2939 709 titubans
2977 657 3044 711 ad
3096 669 3148 713 te
3198 637 3544 719 exclamavi:

1944 729 2209 786 exaudisti
2239 736 2537 792 orationem
2561 756 2758 796 meam.
2793 740 3073 814 impletum
3113 759 3195 805 est
3224 766 3355 822 ergo
3393 757 3538 825 quod

1940 824 2311 918 commendavi
2355 827 2425 883 de
2470 830 2562 887 illo
2610 834 2837 904 psalmo.
2887 838 3042 905 Quod
3088 844 3231 899 enim
3271 855 3375 911 est,
3417 824 3543 918 Ego

1941 911 2051 967 dixi
2091 913 2143 969 in
2176 920 2355 972 ecstasi
2393 936 2506 975 mea
2531 924 2841 997 :Projectus
2887 946 3001 983 sum
3035 948 3067 985 a
3104 933 3238 1001 facie
3279 911 3540 994 oculortim

1940 1014 2143 1061 tuorum
2158 1023 2181 1072 ,°
2218 1011 2321 1065 hoc
2348 1019 2432 1067 est
2454 1012 2510 1067 in
2537 1014 2630 1069 illo
2656 1017 2880 1087 psalmo,
2911 1021 2974 1075 Si
2995 1022 3242 1093 dicebam,
3270 1025 3444 1083 Motus
3471 1040 3543 1085 est

1938 1114 2027 1167 pes
2054 1116 2209 1155 meus.
2241 1100 2307 1157 Et
2335 1104 2480 1176 quod
2528 1116 2613 1162 est
2642 1108 2697 1163 in
2730 1110 2839 1178 illo,
2876 1112 3231 1173 Misericordia
3275 1129 3380 1181 tua.
3426 1121 3539 1177 Do-

1937 1190 2089 1257 mine,
2108 1192 2380 1259 adjuvabat
2402 1212 2483 1251 me
2494 1214 2516 1263 ;
2540 1196 2643 1253 hoc
2664 1210 2745 1255 est
2768 1202 2818 1256 in
2837 1201 2964 1271 isto,
2986 1204 3113 1261 Ideo
3129 1210 3402 1277 exaudiui,
3423 1210 3538 1269 Do-

1937 1287 2088 1347 mine,
2117 1298 2287 1337 vocent
2313 1287 2557 1342 orationis
2589 1306 2733 1346 metr.
2768 1294 2999 1351 Attende
3041 1297 3174 1353 illud
3224 1300 3278 1355 in
3322 1302 3486 1358 Petro
3524 1321 3537 1357 :

1936 1373 2083 1429 videt
2110 1375 2390 1432 Dominum
2417 1379 2777 1439 ambulantem
2806 1385 2859 1440 in
2909 1388 3083 1457 aquis,
3126 1403 3273 1459 putat
3297 1393 3527 1463 phanta-

1935 1480 2071 1520 sma.
2106 1468 2383 1526 Exclamat
2405 1472 2677 1538 Dominus,
2704 1476 2819 1548 Ego
2840 1494 2983 1545 sum,
3012 1482 3119 1536 noli
3148 1485 3356 1540 timere.
3380 1488 3529 1542 Con-

1938 1556 2051 1611 lidit
2076 1558 2290 1626 Petrus,
2328 1573 2383 1617 et
2418 1563 2569 1632 dicit,
2598 1566 2654 1621 Si
2684 1576 2737 1622 tu
2767 1583 2846 1633 es,
2888 1570 3013 1639 iube
3040 1588 3127 1629 me
3168 1578 3352 1631 venire
3377 1580 3444 1633 ad
3479 1588 3530 1634 te

1935 1662 2097 1719 super
2121 1666 2289 1720 aquas
2320 1669 2336 1707 :
2368 1653 2492 1711 hinc
2522 1658 2692 1727 probo
2710 1661 2755 1715 si
2782 1670 2836 1715 tu
2862 1678 2941 1725 es.
2966 1665 3009 1718 si
3036 1666 3089 1719 in
3117 1668 3282 1722 verbo
3310 1680 3401 1723 tuo
3429 1686 3527 1739 po-

1936 1748 2092 1831 tuero
2117 1742 2257 1813 quod
2287 1752 2340 1800 tu
2364 1756 2538 1816 potes.
2590 1751 2679 1807 Ait
2709 1751 2820 1821 ille,
2854 1753 3006 1809 Veni.
3040 1758 3105 1811 Et
3130 1759 3147 1791 ι
3192 1761 3411 1815 verbum
3447 1763 3525 1831 ju-

1934 1830 2109 1921 bentis
2135 1833 2273 1891 facta
2319 1845 2402 1892 est
2442 1849 2678 1910 potestas
2713 1843 2999 1901 audientis.
3037 1848 3189 1917 Veni,
3239 1830 3530 1921 inququt

1933 1919 2249 1980 descendit:
2281 1929 2445 1998 erepit
2486 1930 2587 1998 ire,
2642 1931 2755 1989 ibat
2809 1935 3140 2007 intrepidus,
3194 1919 3443 2012 tanquam
3474 1948 3526 2000 in

1933 2012 2026 2068 illo
2046 2029 2269 2088 sperans
2298 2038 2312 2075 :
2347 2020 2532 2076 videns
2558 2021 2736 2105 autem
2765 2036 2981 2081 ventqu
3022 2030 3279 2098 validum,
3330 2034 3521 2089 timuit.

1932 2103 2046 2176 Ego
2071 2107 2180 2163 dixi
2215 2109 2267 2164 in
2308 2113 2489 2166 ecstasi
2532 2103 2644 2168 mea
2666 2131 2685 2171 :
2706 2113 2973 2187 Projectus
2998 2137 3111 2174 sum
3132 2139 3164 2174 a
3202 2123 3333 2190 facie
3351 2129 3527 2181 oculo-

1930 2215 2042 2252 rum
2071 2209 2291 2257 tuorum.
2350 2204 2418 2260 Et
2458 2221 2580 2263 cum
2608 2206 2862 2278 erupisset
2888 2212 3078 2284 mergi.
3108 2214 3377 2282 clamavit,
3417 2218 3522 2273 Do-

1930 2290 2096 2357 ntine,
2127 2306 2312 2361 pereo.
2344 2292 2407 2350 Et
2432 2295 2588 2353 .lesns
2616 2302 2895 2371 porrigens
2940 2304 2989 2359 ci
3037 2321 3275 2375 manum,
3328 2308 3523 2366 levavit

1926 2397 2050 2437 eum
2078 2385 2284 2452 dicens,
2335 2386 2556 2445 Modica:
2602 2391 2748 2459 ﬁdei,
2792 2412 2958 2465 quare
2998 2394 3251 2454 dubitasti
3306 2400 3520 2470 (Matth.

1927 2488 2038 2539 xlv,
2065 2472 2285 2547 26-32)?
2310 2477 2422 2533 Dixi
2446 2496 2574 2551 ergo
2603 2482 2654 2537 in
2684 2498 2885 2555 pavore
2924 2501 3067 2553 meo,
3097 2486 3366 2560 Projectus
3402 2508 3517 2546 sum

1924 2578 1957 2616 a
1987 2562 2117 2634 [acie
2139 2566 2403 2623 oculorum
2432 2579 2631 2624 tuorum
2659 2588 2679 2627 :
2699 2581 2753 2628 et
2772 2583 3023 2645 tanquam
3043 2576 3153 2646 jam
3182 2581 3356 2648 perire
3386 2582 3518 2637 inei-

1927 2653 2120 2723 pientis
2166 2658 2215 2711 iu
2246 2659 2403 2725 mari,
2442 2662 2717 2731 exaudiui,
2766 2664 3006 2734 Domine,
3058 2684 3225 2724 vocent
3276 2673 3522 2729 orationis

1923 2761 2067 2802 metu.
2096 2746 2367 2804 Exaudiin
2394 2761 2595 2819 autem,
2637 2769 2753 2807 cum
2780 2757 3053 2812 clamarem
3098 2760 3168 2813 ad
3208 2770 3274 2816 te.
3305 2763 3523 2819 Clamor

1923 2838 1989 2895 ad
2024 2838 2188 2894 Deum
2221 2857 2327 2896 non
2355 2852 2434 2897 est
2455 2860 2607 2911 voce,
2639 2846 2735 2901 sed
2778 2848 2965 2905 corde.
2992 2850 3141 2906 Multi
3186 2852 3408 2909 silentes
3439 2854 3519 2908 la-

1921 2929 2047 2999 biis,
2069 2933 2231 2988 corde
2256 2936 2621 2993 clamaverunt
2644 2955 2661 2994 :
2682 2937 2841 2997 multi
2882 2956 2975 2996 ore
2996 2950 3316 3014 strepentes,
3355 2947 3519 3002 corde

1920 3038 2114 3079 averso
2146 3025 2278 3080 nihil
2318 3026 2606 3096 impetrare
2654 3041 2958 3099 potuerunt.
3013 3033 3070 3089 Si
3115 3050 3242 3103 ergo
3292 3038 3515 3105 clamas,

1921 3107 2091 3163 clama
2118 3109 2281 3177 intus,
2312 3111 2401 3166 ubi
2429 3113 2575 3168 audit
2619 3115 2778 3170 Dens.
2808 3115 2940 3171 Cum
2984 3118 3292 3187 clamarem,
3324 3123 3515 3194 inquit,

1921 3201 1987 3256 ad
2017 3208 2089 3267 te,
2119 3204 2382 3259 exaudisti
2410 3220 2596 3261 vocem
2625 3208 2881 3263 orationis
2910 3226 3065 3266 mete.

1995 3294 2080 3347 ll.
2106 3290 2257 3365 [vers.
2284 3292 2403 3369 24.]
2444 3295 2563 3352 Jam
2591 3313 2722 3367 ergo
2760 3310 3019 3369 expertus
3043 3304 3168 3373 quid
3199 3320 3298 3360 nos
3335 3305 3515 3363 horta-

1920 3384 2047 3440 tur?
2074 3384 2280 3457 Diligite
2312 3387 2604 3455 Dominum,
2654 3407 2826 3446 omnes
2876 3394 3039 3449 sancti
3062 3397 3193 3465 ejus.
3240 3397 3513 3469 Tanquam

1916 3476 2145 3541 diceret,
2165 3477 2381 3534 Credite
2423 3481 2576 3547 mihi,
2621 3497 2722 3553 ego
2765 3498 2885 3537 sum
2910 3496 3192 3553 expertus;
3226 3488 3384 3544 habui
3415 3493 3514 3545 tri-

1918 3564 2256 3634 bulationes;
2286 3569 2545 3635 invocavi,
2574 3579 2627 3625 et
2653 3562 2761 3626 non
2784 3588 2903 3629 sum
2955 3574 3241 3645 deceptus;
3292 3582 3513 3651 speravi

1918 3657 1972 3713 in
2002 3659 2195 3727 Deum,
2242 3671 2428 3719 etnon
2477 3679 2596 3720 sum
2641 3663 2895 3721 confusus
2928 3684 2943 3720 :
2971 3667 3321 3738 cogitationes
3362 3687 3514 3728 meas

1919 3751 2256 3820 illuminavit,
2312 3756 2725 3825 trepidationem
2778 3770 2952 3812 meam
3006 3758 3255 3815 ﬁrmavit.
3305 3760 3514 3834 Diligitc

1918 3840 2216 3912 Dominum,
2248 3862 2421 3900 omnes
2442 3847 2605 3902 sancti
2630 3849 2739 3919 ejus
2766 3863 2787 3904 .'
2810 3848 2861 3903 id
2890 3858 2991 3916 est,
3015 3866 3110 3905 vos
3131 3852 3151 3883 ⁸
3176 3852 3377 3925 diligite
3404 3854 3511 3908 Do-

1915 3934 2143 4001 minum,
2189 3938 2277 4006 qui
2318 3952 2423 3992 non
2467 3937 2683 4009 diligitis
2732 3939 3011 4004 mundum,
3060 3941 3163 3997 hoc
3209 3954 3311 4009 est,
3338 3963 3511 4000 omnes

1914 4028 2077 4080 sancti
2116 4030 2245 4096 ejus.
2295 4026 2429 4082 Nam
2456 4028 2543 4082 cui
2570 4029 2692 4085 dico
2742 4040 2797 4085 ut
2834 4030 3017 4101 diligat
3063 4033 3367 4103 Dominum,
3419 4039 3510 4106 qui

1914 4117 2087 4171 adhuc
2113 4118 2286 4190 diligit
2323 4120 2815 4191 amphitheatrum?
2842 4120 2935 4175 Cui
2958 4123 3079 4177 dico
3110 4134 3167 4179 ut
3195 4126 3377 4196 diligat
3404 4129 3508 4181 Do-

1914 4212 2141 4273 minum,
2171 4212 2258 4283 qui
2289 4210 2463 4267 adhuc
2496 4212 2668 4284 diligit
2701 4212 2944 4279 minium,
2989 4216 3077 4287 qui
3118 4218 3291 4273 adhuc
3339 4219 3511 4289 diligit

1914 4304 2301 4374 pantomimum
2332 4304 2431 4374 (a),
2460 4304 2550 4374 qui
2576 4302 2753 4358 adhuc
2797 4304 2969 4375 diligit
3009 4307 3372 4376 vinolentiam,
3417 4312 3507 4381 qui

1911 4397 2086 4451 adhuc
2115 4396 2288 4467 diligit
2312 4411 2535 4466 pompas
2572 4397 2776 4463 saeculi,
2811 4408 2865 4453 et
2890 4400 3154 4455 vanitates
3192 4415 3400 4467 omnes,
3451 4414 3507 4457 et

1910 4486 2146 4545 insanias
2174 4490 2496 4546 mendaces?
2525 4490 2619 4546 Cui
2645 4491 2766 4546 dico
2794 4509 2809 4546 :
2841 4491 2994 4548 Disce
3034 4508 3139 4547 non
3179 4493 3417 4564 diligere,
3448 4508 3506 4553 ut

1909 4579 2087 4635 discas
2107 4579 2367 4652 diligere;
2396 4590 2662 4647 avertere,
2710 4589 2766 4636 ut
2812 4584 3174 4649 converteris;
3232 4584 3413 4654 (unde,
3448 4598 3508 4643 ut

1910 4673 2205 4746 implearis.
2236 4674 2451 4749 Diligite
2472 4677 2770 4742 Dominum,
2795 4696 2966 4735 omnes
2990 4684 3153 4735 sancti
3168 4685 3297 4753 ejus.

1984 4768 2071 4825 l2.
2104 4768 2354 4836 Quoniam
2401 4775 2655 4825 ueritatem
2720 4773 2940 4838 requiret
2998 4773 3267 4829 Dominus.
3326 4776 3501 4833 Nostis

1906 4862 2030 4932 quia
2053 4854 2212 4917 modo
2238 4862 2388 4917 multi
2416 4863 2641 4919 malefici
2658 4862 2679 4895 ³
2708 4864 2983 4930 videntur;
3008 4866 3176 4921 nostis
3195 4867 3317 4937 quia
3342 4870 3499 4924 modo

1908 4954 1960 5009 in
1990 4956 2102 5009 suis
2146 4953 2465 5011 vanitatibus
2522 4958 2856 5012 extolluntur
2889 4973 2903 5011 :
2933 4960 3212 5014 veritatem
3260 4963 3502 5031 requiret

1906 5047 2181 5101 Dominus.
2215 5046 2283 5100 Et
2304 5047 2540 5101 retribuet
2564 5048 2640 5101 his
2672 5050 2757 5119 qui
2783 5050 3097 5103 abundanter
3120 5052 3313 5123 faciunt
3332 5071 3500 5122 super.

1905 5138 2061 5194 (tiam.
2094 5138 2253 5196 Ferte
2280 5140 2454 5196 donec
2480 5141 2735 5203 eﬂ‘eratis,
2759 5142 2979 5197 tolerate
3022 5143 3193 5199 donec
3223 5147 3450 5199 carcatis
3484 5162 3497 5201 :

1903 5246 2128 5287 necesse
2170 5240 2253 5286 est
2300 5232 2443 5286 enim
2490 5242 2547 5288 ut
2600 5232 2855 5288 Dominus
2892 5235 3170 5289 veritatem
3199 5237 3497 5305 requirens,

1938 5412 1984 5477 ut
2012 5417 2145 5473 Lov.,
2184 5419 2237 5461 Et
2275 5413 2340 5461 ad
2379 5412 2591 5462 verbum.
2620 5415 2769 5460 At-Et‘.
2809 5416 2861 5460 et
2898 5419 3005 5460 Mss.
3039 5418 3208 5461 carent
3245 5412 3498 5477 particula,

1898 5474 1984 5570 ‘di
2006 5547 2131 5592 λιες..
2155 5535 2211 5589 id
2227 5543 2313 5594 est,
2338 5535 2416 5593 illi
2434 5535 2636 5597 diiiqitr.
2662 5544 2755 5583 etc.
2992 5596 2997 5597 ν
3027 5596 3035 5597 ί
3164 5595 3188 5597 __
3210 5594 3227 5597 ,
3369 5577 3390 5597 ,ι

1900 5632 1917 5676 η.
1964 5601 1985 5635 ³
2008 5599 2226 5650 Nonnulli
2261 5592 2323 5649 ex
2344 5592 2713 5676 mitiquioribus;
2746 5607 2871 5657 Mss,
2896 5596 3037 5648 multi
3074 5594 3308 5661 ntatiﬁtrs
3333 5593 3498 5649 riden-

1896 5667 2035 5785 ωἲίι)
2066 5722 2401 5781 Pantomimos,
2418 5722 2635 5786 saltator,
2671 5724 2753 5786 qui
2781 5737 2860 5772 mo
2874 5735 2945 5769 ‘es
2966 5720 3231 5786 utall‘ectus
3248 5719 3493 5786 tinosliItet

1898 5783 2047 5851 gestu
2073 5787 2395 5849 exprimebat.
2422 5785 2537 5850 vide
2555 5783 2638 5835 lib.
2665 5783 2782 5838 ide
2803 5788 3018 5836 Doctrina
3042 5784 3237 5845 t'hrist.,
3257 5797 3300 5834 c.
3318 5784 3401 5835 25.
