4008 6322
420 362 530 419 255

418 473 677 532 retribuat
704 470 788 529 his
813 468 902 541 qui
933 467 1265 523 abundanter
1296 464 1494 520 iaciunt
1516 459 1844 532 superbiam.
1889 455 2009 511 Iam

418 558 1033 629 dicturuSeszQuando
1086 550 1641 620 retribuetiQuando
1692 548 1827 603 vult.
1877 546 2015 616 Quia

418 658 680 713 retribuet
702 664 880 708 certus
901 653 1007 718 sis;
1038 649 1105 705 de
1141 646 1493 705 retributione
1544 660 1649 699 non
1685 643 1919 704 dubites,
1945 640 2015 694 de

421 761 661 817 tempore
692 761 797 799 non
825 746 1021 799 audeas
1049 742 1159 797 Deo
1186 740 1313 794 dare
1336 736 1639 793 consilium.
1670 734 1896 791 Prorsus
1922 745 2015 783 ve-

423 840 632 893 ritatem
669 838 925 906 requiret,
957 841 1012 889 et
1039 833 1298 888 retribuet
1337 830 1421 886 his
1448 830 1539 899 qui
1568 826 1903 881 abundanter
1933 822 2013 875 fa-

424 930 571 981 ciunt
594 927 918 994 superbiam.
964 924 1244 994 Aliquibus
1272 930 1326 977 et
1353 920 1439 975 hic
1464 918 1745 983 retribuet,
1782 924 1838 971 et
1875 913 2013 967 vidi-

427 1035 550 1074 mus
598 1028 651 1072 et
696 1018 981 1073 didicimus
1034 1017 1155 1086 quia
1205 1012 1471 1069 retribuit.
1519 1009 1730 1065 Etenim
1798 1005 2016 1075 quantis

424 1113 767 1166 humiliantur
788 1111 877 1181 qui
903 1110 1068 1165 Deum
1092 1109 1300 1173 timent,
1332 1107 1375 1159 si
1398 1103 1602 1158 forteiu
1632 1102 1809 1171 aliqua
1836 1098 2013 1167 digni-

422 1212 532 1258 tate
560 1202 715 1271 hujus
755 1201 933 1256 saeculi
962 1197 1299 1261 refulserant,
1332 1193 1595 1249 humiliati
1644 1206 1754 1246 non
1798 1187 2013 1245 cecide-

422 1302 569 1359 runt,
601 1292 723 1361 quia
755 1292 922 1345 Deum
942 1288 1009 1344 de
1038 1288 1201 1343 corde
1246 1300 1354 1341 non
1379 1284 1760 1340 excluserunt:
1788 1277 2012 1333 altitudo

422 1381 656 1451 ipsorum
690 1382 831 1435 Deus
849 1389 957 1435 est.
1011 1376 1330 1432 llumiliatus
1357 1375 1638 1429 videbatur
1665 1370 1766 1425 Job
1806 1367 2014 1438 perdita

431 1472 730 1527 substantia
751 1485 864 1531 sua,
903 1468 1119 1538 perditis
1140 1467 1259 1522 filiis
1276 1468 1408 1532 suis,
1439 1464 1661 1533 perditis
1680 1477 1800 1531 qua:
1824 1473 2014 1515 serva-

424 1562 532 1626 bat,
557 1562 777 1632 perditis
794 1561 985 1631 quibus
996 1558 1262 1624 servabat;
1279 1555 1664 1612 remansitsine
1682 1550 2013 1613 inmeditate,

418 1656 637 1727 et,quod
653 1663 736 1711 est
754 1655 978 1716 tristius,
997 1652 1114 1707 sine
1127 1650 1339 1706 hmrcde
1355 1649 1410 1720 (J
1414 1649 1475 1702 ob
1493 1648 1528 1721 ι)
1550 1664 1565 1712 ;
1579 1646 1837 1701 remansit
1848 1642 1914 1696 ad
1926 1655 2015 1696 so.

419 1746 528 1802 lam
554 1761 795 1809 uxorem,
825 1761 930 1800 non
947 1758 1097 1798 suam
1125 1740 1557 1805 consolatricem,
1585 1736 1680 1792 sed
1702 1734 1896 1789 diaboli
1919 1748 2016 1802 po-

421 1839 528 1893 tius
547 1824 861 1907 adjutricem
890 1834 1000 1906 (Id.
1029 1850 1087 1899 ιι,
1106 1833 1162 1905 9)
1190 1848 1205 1886 ε
1232 1832 1540 1886 humiliatus
1566 1827 1864 1890 videbatur;
1893 1825 2016 1880 vide

424 1933 471 1987 si
488 1931 652 1987 miser
669 1930 838 1985 factus
854 1937 956 1993 est,
975 1927 1097 1982 vide
1121 1927 1284 1980 sinon
1301 1922 1484 1979 eratin
1509 1918 1821 1976 abscondito
1842 1918 2016 1972 vultus

425 2024 541 2078 Dei.
563 2021 771 2089 Nudus,
791 2021 885 2087 ait,
905 2020 1006 2073 exii
1027 2019 1089 2073 de
1100 2026 1243 2071 utero
1260 2016 1435 2069 matris
1453 2028 1593 2078 mete,
1612 2012 1777 2066 nudus
1795 2018 2018 2064 reuertar
2046 2054 2049 2057 λ

420 2114 475 2167 in
514 2122 699 2166 terram
728 2126 748 2165 :
785 2110 1036 2164 Dominus
1089 2108 1262 2170 dedit,
1299 2106 1550 2160 Dominus
1594 2101 1838 2166 abstulit;
1886 2101 2016 2153 sicut

424 2204 643 2258 Domino
670 2202 880 2273 placuit,
904 2201 977 2255 ita
1004 2203 1194 2271 factum
1228 2188 1299 2252 est
1326 2212 1345 2252 :
1370 2198 1435 2250 sit
1461 2211 1640 2249 nomen
1680 2192 1888 2247 Domini
1934 2193 2022 2245 be—

421 2297 679 2350 nedictum
705 2293 814 2367 (Id.
843 2292 1019 2364 1,21).
1070 2291 1191 2346 Ista:
1232 2304 1459 2360 gemmas
1514 2286 1689 2341 laudis
1724 2285 1819 2339 Dei
1874 2281 2015 2337 unde

421 2387 584 2442 sunt?
628 2386 819 2441 Videte
871 2384 1004 2439 foris
1050 2397 1361 2454 pauperem,
1421 2379 1563 2435 intus
1603 2378 1843 2433 divitem.
1896 2375 2015 2430 ista:

421 2494 647 2548 gemmae
670 2476 841 2532 laudis
869 2476 963 2531 Dei
990 2475 1198 2529 exirent
1214 2473 1282 2528 de
1306 2474 1420 2543 ejus
1440 2487 1552 2535 ore,
1579 2470 1678 2524 nisi
1706 2469 2015 2523 thesaurum

422 2568 649 2624 haberet
676 2568 728 2622 iu
754 2567 955 2622 corde?
983 2565 1083 2634 Qui
1111 2555 1303 2620 divites
1333 2578 1455 2619 esse
1493 2562 1670 2626 vultis,
1702 2559 1837 2615 tales
1876 2558 2016 2611 divi-

423 2662 526 2715 tias
551 2659 934 2730 concupiscite,
967 2674 1097 2729 quas
1114 2673 1213 2713 nec
1236 2659 1287 2711 in
1317 2656 1593 2726 naufragio
1613 2652 1838 2725 potestis
1860 2653 2020 2707 amit-

422 2762 556 2809 tere.
588 2754 729 2824 Ergo
756 2752 890 2808 tales
927 2751 1141 2822 quando
1170 2749 1538 2815 humiliantur,
1568 2748 1733 2802 nolite
1780 2760 1875 2801 eos
1923 2760 2042 2813 pu-.

425 2854 541 2901 tare
564 2847 813 2901 miseros.
847 2844 1066 2909 Erratis,
1098 2857 1202 2897 non
1233 2841 1380 2899 scitis
1402 2839 1529 2911 quid
1574 2839 1717 2894 intus
1760 2836 2025 2891 habeant.

426 2937 504 2992 Ex
529 2937 686 2992 vobis
729 2934 1013 3005 eonjicitis,
1056 2933 1146 3004 qui
1170 2932 1428 2987 mundum
1473 2929 1712 2999 diligitis,
1757 2927 1881 2999 quia
1922 2939 2022 2981 vos

425 3043 546 3082 cum
571 3028 691 3081 talia
721 3026 967 3097 perditis,
1016 3025 1197 3079 miseri
1230 3023 1538 3078 remanetis.
1571 3021 1800 3076 Prorsus
1851 3017 2019 3073 nolite

427 3118 529 3174 hoc
561 3106 748 3187 putare
761 3116 1009 3188 ghabent
1036 3116 1177 3170 intus
1215 3129 1322 3185 quo
1347 3110 1630 3183 gaudeant.
1678 3110 1910 3165 laterior
1936 3116 2022 3164 est

425 3210 732 3266 dominator
771 3223 981 3270 eorum,
1014 3208 1237 3263 interior
1265 3214 1349 3261 est
1377 3214 1557 3273 pastor
1608 3212 1664 3259 et
1714 3202 2024 3257 consolator

426 3302 685 3371 ipsorum.
715 3300 820 3370 Ipsi
845 3308 970 3355 sunt
995 3298 1087 3371 qui
1122 3298 1261 3352 male
1289 3296 1507 3361 cadunt,
1543 3297 1630 3366 qui
1671 3308 1822 3366 spem
1867 3307 2021 3348 suam

427 3393 483 3447 in
521 3391 625 3447 hoc
664 3390 864 3447 saeculo
913 3396 1137 3461 ponunt.
1166 3388 1418 3444 Aufertur
1452 3386 1596 3457 quod
1625 3384 1824 3440 nitebat
1866 3384 2017 3449 forts,

428 3484 566 3541 nihil
610 3490 856 3541 remanet
900 3483 1040 3538 intus
1094 3482 1195 3536 nisi
1237 3480 1412 3535 fumus
1464 3478 1618 3533 malm
1657 3476 2019 3533 conscientiae.

428 3578 582 3635 Unde
605 3592 664 3633 se
691 3575 1035 3631 consolentur
1062 3588 1169 3629 non
1196 3572 1417 3637 habent,
1446 3585 1552 3625 non
1585 3568 1789 3625 habent
1808 3583 1915 3638 quo
1940 3567 2020 3621 fo-

428 3681 520 3725 ras
546 3676 763 3747 exeant,
815 3671 921 3722 no'n
968 3665 1166 3720 habent
1212 3678 1320 3735 quo
1364 3662 1504 3717 intro
1542 3661 1785 3726 redeant,
1822 3658 2022 3714 deserti

430 3776 627 3832 pompa
652 3759 919 3826 saeculari,
952 3757 1141 3813 inanes
1166 3756 1335 3828 gratia
1384 3754 1668 3825 spirituali,
1695 3768 1823 3810 vere
1848 3752 2024 3807 humi-

430 3855 648 3910 liantur.
674 3852 743 3908 Et
766 3852 950 3907 multis
980 3849 1104 3905 facit
1145 3850 1283 3905 Deus
1311 3848 1409 3903 ista
1427 3848 1480 3902 in
1507 3847 1609 3901 isto
1636 3853 1900 3915 tempore,
1927 3840 2025 3898 sed

430 3961 539 4000 non
562 3944 831 4000 omnibus.
863 3941 919 3997 Si
951 3943 1093 3997 enim
1126 3939 1327 3996 nemini
1357 3937 1580 4003 faceret,
1606 3936 1758 4008 quasi
1803 3950 1909 3990 non
1938 3934 2023 3989 vi-

429 4035 650 4091 deretur
668 4034 888 4105 vigilare
918 4031 1096 4087 divina
1123 4028 1453 4101 providentia
1485 4046 1497 4082 :
1523 4028 1568 4084 si
1588 4026 1835 4082 omnibus
1879 4026 2023 4081 face-

432 4135 537 4195 ret,
570 4139 676 4180 non
705 4131 1012 4180 servaretur
1040 4121 1215 4177 divina
1240 4118 1515 4191 patientia.
1538 4118 1617 4173 Tu
1650 4126 1848 4181 tamen,
1875 4116 2031 4179 chris

433 4218 628 4282 stiane,
659 4216 888 4271 tolerare
932 4213 1187 4281 didicisti,
1232 4227 1339 4267 non
1369 4209 1655 4265 vindictam
1701 4209 2022 4265 retribuere.

432 4307 717 4366 Vindieari
756 4307 859 4373 vis,
912 4305 1243 4363 Christiane“!
1296 4300 1546 4360 Nondum
1588 4300 1886 4356 vindicatus
1945 4308 2029 4356 est

432 4400 700 4456 Christus.
725 4400 807 4454 An
838 4407 895 4454 tu
924 4413 1111 4469 passus
1130 4412 1191 4452 es
1209 4395 1531 4466 improbum,
1559 4405 1615 4450 et
1644 4393 1733 4449 ille
1763 4409 1872 4449 non
1899 4407 2025 4464 pas-

434 4506 528 4548 sus
548 4491 670 4547 est?
693 4490 881 4547 Nonne
907 4491 1054 4560 prior
1080 4505 1177 4560 pro
1199 4498 1252 4544 te
1279 4502 1469 4560 passus
1510 4494 1615 4552 est,
1653 4488 1743 4557 qui
1787 4503 1895 4542 non
1928 4486 2029 4541 ba-

436 4586 599 4641 bebat
625 4599 789 4655 quare
809 4583 1118 4653 pateretur?
1158 4582 1291 4638 Nam
1340 4582 1394 4637 in
1440 4591 1497 4637 te
1536 4579 1811 4637 tribulatio
1837 4578 2028 4635 fornax

434 4676 667 4732 aurificis
683 4685 766 4731 est
792 4674 856 4748 (si
886 4684 1060 4730 tamen
1078 4687 1264 4727 aurum
1290 4672 1385 4739 sis,
1401 4680 1455 4727 et
1476 4673 1586 4727 uon'
1606 4669 1814 4742 palea),
1834 4681 1893 4725 ut
1913 4684 2039 4730 sor-_

436 4771 591 4825 dibus
614 4783 820 4832 careas,
854 4783 959 4823 non
989 4769 1041 4821 in
1072 4767 1308 4822 cinerem
1338 4766 1687 4819 convertaris.

510 4863 595 4918 l3.
628 4860 777 4934 [νινε.
806 4858 925 4931 25.]
957 4858 1164 4930 Diligite
1188 4856 1481 4921 Dominum,
1511 4872 1684 4910 omnes
1706 4858 1870 4910 sancti
1886 4856 1994 4925 ejus
2012 4871 2032 4911 :

436 4953 673 5025 quoniam
716 4951 973 5006 veritatem
1013 4950 1228 5019 requiret
1268 4946 1549 5013 Dominus,
1597 4955 1643 5001 et
1680 4946 1917 5002 retribuet
1954 4946 2034 5000 his

435 5046 523 5118 qui
560 5045 876 5099 abundanter
911 5043 1107 5114 faciunt
1146 5041 1453 5112 superbiam.
1492 5038 1598 5095 Sed
1637 5038 1849 5110 quando
1876 5039 2034 5093 retri-

439 5137 608 5192 buet?
635 5136 679 5191 0
711 5136 758 5191 si
796 5134 955 5189 modo
988 5134 1345 5189 retribueret!
1376 5132 1535 5186 modo
1562 5146 1656 5187 eos
1680 5131 1921 5186 volebam
1951 5131 2035 5185 vi-

438 5231 570 5286 dere
604 5228 912 5284 humiliatos
949 5236 1107 5298 atque
1143 5234 1459 5295 prostratos.
1486 5224 1679 5280 Audite
1706 5224 1831 5296 quid
1858 5224 2039 5295 sequi-

441 5328 528 5377 tur
558 5337 575 5375 :
614 5320 836 5375 Viriliter
870 5320 1019 5390 agite.
1047 5318 1222 5373 Nolite
1250 5318 1417 5372 lassas
1447 5332 1637 5371 manus
1660 5317 1711 5370 in
1743 5315 2038 5371 tribulatio-

443 5413 599 5468 nibus
636 5412 904 5475 dimittere
934 5451 950 5477 ,
992 5426 1098 5464 non
1141 5418 1326 5463 nutent
1362 5423 1533 5479 genua
1573 5416 1771 5463 vestra.
1818 5406 2041 5462 Viriliter

443 5504 611 5574 agite,
649 5510 694 5556 et
736 5505 1048 5571 confortetur
1092 5516 1180 5553 cor
1221 5508 1437 5553 vestrum
1464 5516 1484 5552 :
1509 5498 1577 5552 ad
1617 5497 1961 5567 perpetienda
1986 5507 2038 5553 et

446 5591 719 5649 toleranda
766 5592 942 5647 omnia
987 5591 1126 5647 mala
1168 5589 1325 5660 hujus
1362 5589 1544 5646 saeculi
1582 5588 1911 5644 confortatur
1946 5602 2041 5644 cor

448 5697 703 5741 vestrum.
742 5683 847 5741 Sed
887 5682 976 5755 qui
1021 5692 1147 5738 sunt
1187 5683 1378 5759 quibus
1416 5682 1530 5738 haec
1570 5680 1700 5736 dicit
1728 5680 2039 5752 Propheta:

456 5777 680 5835 Viriliter
694 5780 824 5849 agite
845 5818 859 5847 ,
891 5786 938 5831 et
957 5779 1266 5849 confert-etut
1286 5791 1381 5832 cor.
1398 5776 1658 5833 vestrum?
1681 5774 1938 5848 numquid
1960 5773 2044 5834 his

1595 350 1651 409 S.
1694 338 2057 405 AUGUSTINI
2097 339 2402 401 EPISCOPI

3604 341 3718 399 256

2122 456 2214 525 qui
2259 457 2487 529 diligunt
2525 457 2824 514 mundum?
2865 457 3001 514 Non.
3040 457 3151 515 Sed
3187 457 3378 531 quibus
3408 457 3583 525 dicit,
3619 471 3715 513 au-

2121 549 2233 605 dite
2259 568 2273 604 :
2302 549 2487 605 Omnes
2513 551 2600 619 qui
2625 550 2838 621 speratis
2859 552 2910 606 in
2932 548 3178 610 Domino.

2530 765 2612 827 IN
2655 764 2913 827 PSALM
2923 764 3037 825 ΠΜ
3078 759 3303 823 XXXI

2658 884 3059 942 ENARRATIO
3098 884 3139 938 l.

2568 997 2682 1069 Ipsi
2706 998 2872 1052 David
2894 998 3257 1069 intelligentia.

2198 1114 2249 1167 1.
2283 1110 2434 1185 [vers.
2468 1109 2545 1185 1.]
2586 1111 2689 1183 Ipsi
2719 1111 2883 1167 David
2913 1109 3277 1180 intelligentia
3296 1150 3310 1175 ,
3341 1123 3445 1179 qua
3468 1106 3724 1179 intelligi-

2120 1213 2207 1259 tur
2227 1220 2331 1259 non
2355 1204 2559 1260 meritis
2585 1220 2803 1274 operum
2821 1246 2836 1271 ,
2866 1203 2958 1258 sed
2984 1203 3151 1273 gratia
3183 1200 3275 1257 Dei
3296 1201 3567 1257 hominem
3588 1199 3721 1255 libe-

2118 1295 2259 1359 rari,
2293 1294 2633 1350 conﬁtentem
2665 1304 2879 1365 peccata
2904 1309 3021 1349 sua.
3529 1294 3533 1299 ’

2189 1387 2244 1441 2.
2281 1385 2432 1458 [vers.
2458 1386 2541 1460 2.]
2584 1386 2730 1442 Beati
2755 1403 2970 1459 quorum
2996 1387 3219 1441 remissae
3244 1395 3362 1441 sunt
3389 1384 3679 1455 iniquitates
3703 1424 3728 1451 ,

2119 1487 2166 1533 et
2209 1495 2423 1547 quorum
2466 1488 2595 1532 tecta
2636 1488 2752 1532 sunt
2789 1487 2993 1549 peccata
3032 1492 3051 1532 :
3089 1486 3144 1532 et
3166 1491 3390 1548 quorum
3418 1484 3635 1544 peccata
3668 1475 3721 1528 in

2118 1569 2439 1624 oblivionem
2488 1568 2645 1623 ducta
2689 1578 2833 1624 sunt.
2886 1567 3071 1622 Beatus
3110 1568 3185 1622 vir
3215 1569 3298 1623 cui
3325 1583 3426 1622 non
3453 1568 3724 1637 imputavit

2119 1658 2369 1713 Dominus
2415 1670 2673 1730 peccatum
2694 1701 2727 1728 ,,
2752 1676 2845 1715 nec
2880 1669 2953 1715 est
2979 1659 3033 1714 in
3068 1675 3155 1713 ore
3181 1659 3290 1730 ejus
3313 1657 3462 1713 dolus
3493 1673 3513 1712 :
3538 1671 3638 1712 nec
3668 1656 3722 1711 in

2119 1766 2215 1806 ore
2235 1766 2333 1805 suo
2352 1750 2513 1807 habet
2536 1752 2950 1807 ostentationem
2972 1750 3192 1822 iustitia:
3212 1793 3229 1817 ,
3252 1764 3375 1806 cum
3397 1746 3725 1806 conscientia

2119 1843 2235 1913 ejus
2261 1843 2492 1913 peccatis
2521 1844 2676 1915 plena
2702 1850 2807 1899 est.
2871 1866 2873 1869 τ

2190 1935 2245 1990 5.
2277 1935 2428 2006 [vers.
2455 1934 2535 2007 3.]
2577 1934 2828 2001 Quoniam
2851 1934 3004 2001 tacui,
3029 1935 3423 1988 inveteraverunt
3442 1947 3555 1987 ossa
3571 1945 3724 1988 mea:

2120 2029 2371 2098 quoniam
2421 2042 2527 2083 non
2576 2028 2769 2097 protuli
2813 2042 2908 2082 ore
2947 2025 3347 2082 confessionem
3391 2023 3457 2079 ad
3489 2024 3725 2078 salutem

2125 2119 2299 2190 (Rom.
2330 2136 2396 2185 x,
2433 2120 2520 2189 ιο)
2542 2160 2557 2186 ,
2589 2118 2764 2174 omnis
2796 2118 3161 2179 firmitasmea
3192 2116 3246 2170 in
3269 2114 3576 2169 infirmitate
3596 2122 3729 2167 cort-

2120 2211 2318 2268 senuit.
2366 2213 2406 2265 Λ
2447 2210 2716 2265 clamando
2757 2227 2835 2264 me
2876 2218 2981 2263 tota
3022 2208 3104 2263 die
3129 2222 3292 2262 :cum
3322 2220 3497 2262 essem
3528 2205 3728 2275 impius

2121 2315 2280 2375 atque
2322 2302 2706 2372 blasphemus,
2759 2299 3042 2356 clamando
3085 2307 3273 2354 contra
3318 2296 3526 2363 Deum,
3572 2295 3730 2366 quasi

2123 2396 2419 2452 defendens
2443 2402 2500 2448 et
2524 2408 2789 2449 excusans
2815 2400 3029 2462 peccata
3054 2405 3192 2445 mea.

2193 2489 2247 2543 4.
2280 2487 2432 2560 [vers.
2461 2484 2540 2557 4.]
2594 2484 2847 2552 Quoniam
2875 2484 2957 2537 die
2988 2499 3048 2536 ac
3073 2489 3217 2536 nocte
3245 2488 3452 2552 gravata
3476 2487 3550 2534 est
3576 2491 3743 2548 super

2123 2597 2203 2635 me
2237 2596 2416 2633 manus
2446 2586 2533 2630 tua
2563 2594 2582 2631 :
2608 2577 2861 2648 quoniam
2890 2575 3137 2630 continua
3169 2572 3459 2628 afﬂictione
3488 2568 3729 2640 flagello-

2122 2688 2240 2727 rum
2286 2680 2495 2725 tuorum
2517 2711 2532 2735 ,
2578 2668 2856 2722 Conversus
2894 2683 3005 2721 sum
3037 2668 3092 2720 in
3130 2681 3360 2720 wrumna
3386 2679 3497 2717 mea
3524 2663 3574 2728 ¹,
3605 2661 3733 2721 dum

2123 2765 2459 2835 conﬁgeretur
2495 2762 2663 2832 spina.
2692 2760 2852 2815 Miser
2877 2759 3046 2815 factus
3070 2775 3189 2813 sum
3221 2756 3594 2828 cognoscendo
3624 2756 3731 2811 mi-

2123 2856 2319 2911 seriam
2347 2870 2519 2909 meam
2546 2894 2562 2920 ,
2594 2859 2948 2922 compunctus
2976 2850 3114 2905 mala
3139 2849 3487 2905 conscientia.

2196 2949 2253 3003 5.
2281 2945 2431 3018 [vers.
2463 2945 2543 3018 5.]
2589 2945 2667 3015 (a)
2696 2943 2972 2999 Peccatum
2998 2960 3165 2997 meum
3184 2943 3393 3013 cognovi
3414 2982 3430 3008 ,
3458 2948 3502 2995 et
3523 2940 3734 3011 injusti-

2126 3042 2249 3098 tiam
2272 3059 2437 3096 meam
2463 3058 2565 3096 non
2590 3040 2771 3113 operui
2798 3054 2818 3095 :
2846 3040 2898 3095 id
2925 3047 3007 3095 est
3027 3081 3043 3105 ,
3073 3038 3386 3108 iniustitiam
3417 3052 3590 3093 meam
3620 3051 3731 3092 non

2122 3134 2408 3191 occultavi.
2446 3133 2572 3188 Dixi
2602 3152 2622 3188 :
2649 3131 3000 3188 Pronuntiabo
3024 3132 3292 3187 adversum
3318 3148 3397 3187 me
3424 3131 3735 3203 iujustitiam

2124 3242 2290 3281 nteant
2335 3225 2575 3280 Domino.
2623 3225 2739 3279 Dixi
2787 3243 2801 3280 :
2852 3222 3252 3291 Pronuntiabo,
3292 3238 3399 3279 non
3442 3221 3731 3278 adversum

2128 3317 2295 3373 Deum
2319 3359 2335 3384 ,
2366 3318 2505 3373 sicut
2531 3318 2581 3371 in
2610 3318 2847 3373 clamore
2876 3316 3168 3387 impietatis
3196 3315 3411 3387 quando
3438 3314 3605 3380 tacui,
3633 3313 3732 3369 sed

2125 3408 2409 3465 adversum
2431 3424 2518 3464 me
2543 3407 2853 3477 iniustitiam
2880 3423 3053 3463 meam
3080 3407 3326 3463 Domino.
3351 3403 3421 3459 Et
3449 3417 3501 3459 tu
3528 3403 3732 3459 remisi-

2126 3501 2191 3554 sti
2216 3499 2526 3570 impietatem
2554 3500 2722 3553 cordis
2750 3499 2847 3553 mei
2871 3516 2889 3554 :
2919 3498 3141 3553 audiens
3169 3511 3356 3552 vocem
3379 3494 3736 3553 confessionis

2127 3592 2181 3647 in
2202 3591 2365 3647 corde
2381 3631 2398 3657 ,
2420 3598 2703 3661 antequam
2730 3605 2863 3645 voce
2891 3589 3240 3659 proferretur.

2200 3683 2254 3739 6.
2298 3681 2449 3756 [veru
2517 3681 2596 3755 6.]
2641 3681 2748 3736 Pro
2787 3684 2882 3735 hac
2908 3680 3069 3735 orabit
3094 3679 3161 3733 ad
3187 3688 3234 3733 te
3257 3680 3420 3735 omnis
3447 3685 3651 3733 sanctus
3678 3679 3736 3733 in

2138 3786 2362 3847 tempore
2397 3784 2683 3847 opportuno
2728 3791 2747 3831 :
2790 3790 2886 3845 pro
2922 3776 3021 3829 hac
3059 3773 3333 3844 impietate
3365 3772 3541 3829 cordis
3574 3771 3649 3826 ad
3682 3781 3736 3827 te

2128 3870 2307 3925 orabit
2348 3868 2526 3923 omnis
2568 3876 2823 3922 sanctus-
2852 3866 2969 3921 Non
3012 3866 3153 3920 enim
3194 3864 3397 3920 meritis
3422 3864 3535 3919 suis
3564 3864 3735 3918 sancti

2130 3970 2319 4027 erunt,
2352 3959 2447 4016 sed
2474 3960 2871 4030 opportunitate
2896 3958 3172 4028 temporis,
3195 3957 3299 4012 hoc
3320 3955 3477 4013 estin
3500 3956 3736 4013 adventu

2130 4056 2247 4125 eius
2273 4055 2361 4126 qui
2389 4068 2487 4109 nos
2514 4069 2545 4108 a
2573 4054 2804 4124 peccatis
2824 4052 3070 4108 redemit.
3100 4049 3454 4106 Verumtamen
3476 4049 3530 4104 in
3546 4050 3736 4107 diluvio

2131 4162 2381 4218 aquarum
2407 4145 2717 4208 multarum,
2747 4144 2815 4197 ad
2839 4160 2952 4197 eum
2978 4159 3077 4197 non
3102 4141 3577 4214 appropinquabant
3602 4155 3623 4195 :
3644 4156 3739 4196 vc.

2132 4250 2433 4295 rumtamen
2465 4251 2624 4292 nemo
2653 4236 2940 4291 arbitretur
2964 4276 2981 4302 ,
3011 4249 3133 4291 cum
3165 4242 3387 4303 repente
3422 4233 3543 4287 linis
3570 4247 3741 4287 vene-

2133 4332 2236 4397 rit,
2278 4329 2417 4384 sicut
2454 4327 2507 4383 in
2544 4326 2733 4383 diebus
2773 4325 2920 4393 Noe,
2962 4340 3244 4381 remanere
3276 4323 3625 4379 confessionis
3653 4323 3738 4378 lo-

2133 4438 2256 4478 cum
2277 4462 2292 4490 ,
2326 4436 2423 4491 per
2447 4434 2606 4490 quam
2634 4418 3018 4489 pr0pinquetur
3044 4418 3109 4472 ad
3138 4418 3329 4472 Deum.

2206 4517 2260 4570 7.
2307 4512 2457 4586 [vers.
2496 4511 2578 4584 7.]
2644 4510 2721 4565 Tu
2759 4511 2884 4564 mihi
2924 4527 2976 4565 es
3010 4511 3262 4581 refugium
3296 4527 3327 4562 a
3362 4525 3599 4579 pressura
3626 4522 3743 4577 quia

2135 4604 2469 4663 circumdedit
2507 4620 2589 4659 me
2617 4617 2637 4658 :
2668 4610 2723 4658 tu
2751 4600 2878 4657 mihi
2907 4616 2965 4657 es
2990 4600 3251 4672 refugium
3280 4616 3311 4655 a
3341 4615 3588 4671 pressura
3619 4616 3743 4669 pec-

2134 4708 2377 4754 catorum
2400 4735 2419 4765 ,
2443 4712 2562 4768 quae
2584 4694 2934 4752 circumdedit
2961 4709 3054 4749 cor
3074 4710 3274 4749 meum.
3298 4693 3586 4749 Exsultatio
3607 4710 3740 4761 mea,

2136 4790 2328 4845 redime
2363 4804 2444 4843 me
2479 4804 2512 4841 a
2552 4783 2980 4842 circumdantibus
3024 4802 3104 4839 me
3130 4800 3150 4840 :
3181 4784 3233 4840 in
3266 4794 3318 4840 te
3346 4784 3476 4839 mihi
3507 4792 3589 4839 est
3614 4799 3746 4855 gan-

2136 4880 2284 4935 dium
2305 4920 2321 4946 ,
2366 4878 2572 4935 redime
2605 4892 2694 4933 me
2718 4876 2787 4932 ab
2813 4891 2875 4931 ea
2903 4876 3113 4931 tristitia
3138 4918 3154 4942 ,
3181 4891 3339 4947 quam
3369 4874 3496 4930 mihi
3525 4886 3743 4945 peccata

2138 4986 2259 5027 mea
2284 4969 2504 5025 faciunt.

2212 5064 2265 5119 8.
2310 5060 2461 5135 [vers.
2502 5059 2582 5134 8.]
2627 5057 2709 5133 (ὁ)
2763 5059 3061 5132 Responsio
3090 5058 3184 5114 Dci
3218 5075 3232 5113 :
3264 5056 3584 5112 Intellectum
3614 5058 3747 5113 dabo

2143 5156 2270 5221 tibi,
2308 5165 2355 5210 et
2393 5164 2613 5210 statuam
2658 5164 2705 5207 te
2745 5155 2799 5208 in
2825 5154 2907 5208 cia
2940 5155 3035 5206 hac
3059 5168 3159 5218 qua
3184 5151 3430 5222 gradieris
3458 5153 3499 5207 ².
3530 5151 3746 5207 Intelle-

2142 5259 2286 5303 ctum
2326 5247 2465 5303 dabo
2504 5246 2598 5301 tibi
2640 5256 2763 5317 post
2788 5245 3181 5302 confessionem
3206 5287 3221 5309 ,
3255 5254 3311 5298 ut
3338 5260 3443 5298 non
3471 5246 3691 5300 recedas
3718 5263 3747 5300 a

2144 5342 2228 5396 via
2256 5355 2360 5411 qua
2390 5339 2734 5412 ingredieris,
2765 5354 2832 5392 ne
2869 5347 2972 5392 tuae
3003 5337 3279 5407 potestatis
3306 5351 3423 5391 esse
3451 5337 3602 5391 velis.
3641 5337 3749 5392 0b-

2146 5532 2242 5642 na;
2256 5529 2610 5641 Ριξξι-ἰαῗόιί
2635 5530 2813 5579 omisso
2842 5541 2966 5589 mea,
2993 5532 3273 5578 constanter
3297 5526 3479 5578 habent
3499 5527 3551 5579 in
3574 5542 3762 5582 crum-

2244 5606 2277 5642 ι.
2327 5605 2401 5642 ec.
2541 5626 2554 5640 .

2244 5606 2277 5651 t,
2299 5605 2401 5642 sec.
2427 5605 2554 5641 Lxx.

2214 5654 2237 5687 ³
2262 5650 2366 5702 Mss.
2394 5654 2442 5703 in
2467 5653 2556 5702 hac
2580 5658 2633 5703 et
2652 5666 2704 5703 tn
2724 5659 2886 5705 Enarr.
2912 5663 3041 5715 seq.,
3064 5650 3371 5715 ingrediaris.

2215 5715 2293 5842 εει
