4008 6382
236 454 337 512 257

241 567 449 634 ﬁmiabo
481 570 634 636 super
677 576 724 620 te
762 565 934 620 oculos
963 580 1096 619 uicos
1123 561 1233 617 :‘ita
1261 576 1422 631 super
1443 569 1493 614 te
1520 559 1709 614 faciam
1737 558 1830 612 ﬁr-

241 674 376 713 mam
409 657 746 712 dilectionem
774 671 967 710 meam.

311 751 364 805 9.
401 749 562 821 [t'ers.
595 750 674 822 9.]
710 749 884 803 Nolite
913 765 1018 802 esse
1042 747 1170 800 sicut
1197 762 1351 816 equus
1397 754 1443 797 et
1473 745 1641 797 mulus
1666 783 1680 809 ,
1715 744 1829 811 qui-

244 841 330 893 bus
370 858 470 894 non
511 850 582 894 est
619 840 920 893 intellectus.
963 838 1085 893 Ideo
1126 838 1288 905 seipsi
1325 851 1510 904 regere
1534 836 1740 888 volunt.
1773 834 1839 886 Et

245 948 346 985 vox
381 933 660 1002 Propheta:
696 950 708 984 :
743 930 807 984 In
840 932 981 1002 freno
1005 939 1051 983 et
1077 946 1219 982 camo
1250 928 1488 981 maxillas
1518 942 1690 978 eorum
1720 941 1839 978 con-

245 1025 448 1093 stringe.
485 1024 625 1092 Ergo
658 1023 738 1076 lac
781 1021 1096 1087 illis,Deus,
1142 1019 1281 1089 quod
1325 1019 1382 1071 ﬁt
1411 1031 1550 1088 equo
1574 1026 1627 1071 et
1658 1014 1835 1081 mulo,

245 1125 300 1169 ut
336 1115 508 1184 pomis
533 1129 628 1169 eos
653 1129 810 1184 cogas
835 1114 972 1168 ferre
999 1112 1235 1182 regimen
1266 1119 1413 1164 tuum
1435 1151 1450 1176 ,
1477 1109 1565 1180 qui
1592 1125 1691 1161 non
1719 1123 1840 1177 pro-

247 1209 492 1276 piuquanl
520 1207 587 1258 ad
618 1214 684 1258 te.

318 1296 404 1350 10.
450 1294 600 1367 [νει-δ.
649 1294 761 1367 10.]
807 1292 974 1347 Multa
1012 1292 1216 1363 ﬂagella
1245 1290 1519 1362 peccatoris
1549 1304 1568 1342 :
1609 1289 1835 1343 multum

247 1387 540 1457 ﬂagellatur
562 1426 577 1450 ,
616 1387 707 1456 qui
748 1401 852 1439 non
896 1385 1158 1439 conlitens
1190 1384 1298 1438 Deo
1329 1390 1544 1451 peccata
1574 1395 1668 1434 sua
1693 1421 1708 1444 ,
1756 1395 1842 1434 se-

252 1480 424 1548 ipsum
445 1478 545 1531 sibi
564 1487 830 1531 rectorem
850 1489 970 1531 esse
992 1475 1120 1528 vult.
1147 1474 1449 1545 Sperantem
1469 1480 1636 1524 autem
1655 1472 1709 1524 in
1732 1469 1842 1523 Do-

248 1572 384 1625 mino
428 1570 772 1624 misericordia
815 1567 1146 1622 circumdabit
1191 1583 1210 1620 :
1256 1566 1344 1636 qui
1382 1574 1559 1620 autem
1585 1574 1764 1634 sperat
1791 1562 1842 1616 in

247 1663 477 1718 Domino
500 1703 515 1726 ,
539 1670 589 1715 et
619 1661 667 1715 ei
696 1675 757 1716 se
781 1659 960 1716 subdit
989 1656 1278 1729 regendum
1300 1699 1314 1724 ,
1345 1655 1711 1711 misericordia
1743 1652 1846 1708 eir-

246 1751 524 1809 cumdabit
548 1766 692 1806 eum.

322 1846 410 1900 Η.
459 1843 607 1917 [rem
651 1840 762 1915 1L]
808 1842 1075 1897 Lattamini
1118 1842 1168 1894 in
1201 1839 1451 1904 Domino,
1481 1847 1528 1893 et
1561 1837 1808 1892 multata
1831 1877 1845 1901 ,

249 1936 373 2010 justi
402 1952 420 1990 :
452 1933 735 1998 iretamini,
765 1942 821 1988 et
846 1933 1128 1998 exsultate,
1153 1931 1302 2000 justi,
1337 1945 1442 1984 non
1477 1930 1529 1983 in
1554 1928 1726 1992 vobis,
1753 1926 1848 1982 sed

253 2030 309 2084 in
350 2026 593 2081 Domino.
618 2025 684 2078 Et
712 2024 1021 2096 gloriamini,
1050 2039 1222 2077 omnes
1248 2023 1370 2075 recti
1396 2021 1547 2075 corde
1578 2035 1596 2074 :
1625 2029 1679 2074 et
1707 2020 1756 2073 in
1785 2033 1850 2073 eo

250 2115 553 2188 gloriamini
598 2130 821 2182 omnes,
870 2113 958 2184 qui
1006 2113 1342 2169 intellexistis
1388 2122 1591 2167 rectum
1632 2124 1751 2166 esse
1778 2109 1852 2164 illi

253 2207 408 2263 subdi
429 2247 442 2272 ,
473 2217 531 2262 ut
559 2207 772 2262 caeteris
797 2204 1178 2278 przeleramini.

813 2337 1205 2394 ENARRATIO
1247 2337 1309 2391 ll.

807 2469 978 2510 SERMO
1006 2470 1074 2508 AD
1101 2467 1302 2508 PLEBEI
1311 2489 1326 2504 ο

331 2571 384 2623 1.
431 2568 676 2622 Psalmus
716 2568 733 2598 ¹
780 2565 964 2636 gratia:
1012 2565 1102 2619 Dei
1146 2574 1198 2619 et
1238 2562 1629 2633 justiﬁeationis
1663 2568 1859 2614 nostrae

257 2662 424 2716 nullis
451 2657 876 2730 prmccdentibus
903 2655 1106 2711 meritis
1136 2655 1351 2713 nostris.
1384 2654 1476 2708 sed
1505 2652 1861 2722 praeveniente

259 2768 360 2808 nos
386 2749 748 2806 misericordia
768 2748 977 2803 Domini
1007 2747 1099 2802 Dei
1117 2747 1306 2810 nostri,
1331 2742 1737 2799 commendatus
1750 2757 1861 2795 ma—

259 2845 408 2898 xime
446 2857 540 2897 ore
571 2840 868 2912 apostolico
887 2881 903 2905 ,
933 2838 1072 2893 sicut
1100 2839 1406 2908 praecedens
1434 2835 1575 2889 hunc
1603 2834 1861 2904 psalmum

260 2935 422 2989 lectio
464 2932 712 2986 omnibus
750 2930 1047 2996 intimavit,
1094 2945 1124 2983 a
1169 2939 1351 2984 nostra
1396 2928 1651 2982 tenuitate
1677 2940 1862 2980 susce-

262 3035 386 3094 ptus
427 3032 511 3079 est
545 3037 665 3076 cum
699 3020 886 3077 Vestra
917 3021 1186 3076 Charitate
1211 3019 1537 3074 tractandus.
1567 3017 1720 3074 Unde
1751 3017 1863 3085 pri-

262 3131 414 3170 mum
467 3113 827 3168 inﬁrmitatem
872 3127 1046 3167 meam
1094 3111 1425 3166 orationibus
1475 3109 1667 3164 vestris
1714 3122 1865 3162 com-

264 3206 461 3261 mendo
487 3247 502 3273 ,
542 3205 685 3260 sicut
718 3203 850 3258 dicit
884 3203 1200 3273 Apostolus,
1229 3211 1281 3256 ut
1308 3203 1453 3256 detur
1478 3202 1602 3255 mihi
1627 3215 1788 3254 sermo
1811 3200 1866 3254 in

261 3299 527 3368 apertionc
569 3298 672 3352 oris
711 3296 811 3351 mei
852 3295 1068 3366 (Ep/tes.
1112 3311 1164 3350 vl
1185 3337 1200 3362 ,
1235 3295 1323 3365 l9)
1349 3337 1364 3361 ,
1398 3294 1475 3350 sic
1505 3294 1649 3362 loqui
1679 3293 1863 3359 vobis,

264 3390 714 3463 quemadmodum
746 3400 800 3446 et
823 3388 954 3444 mihi
986 3389 1167 3444 dicere
1197 3388 1551 3458 periculosum
1577 3401 1680 3439 non
1704 3386 1792 3448 sit,
1815 3393 1869 3439 et

267 3485 419 3539 vobis
445 3481 629 3537 audire
657 3481 890 3537 salutare
920 3481 1009 3535 sit.
1041 3481 1248 3549 Anceps
1275 3480 1415 3534 enim
1443 3480 1653 3532 animus
1682 3478 1867 3529 huma-

266 3589 411 3641 nus,
458 3585 513 3628 et
551 3573 813 3628 ﬂuctuans
849 3572 989 3627 inter
1029 3571 1417 3626 confessionem
1461 3569 1782 3624 inﬁrmitatis
1817 3577 1870 3622 et

266 3666 546 3723 audaciam
576 3665 1010 3741 praesumptionis
1031 3707 1046 3729 ,
1083 3664 1396 3734 plerumque
1419 3662 1543 3716 hinc
1567 3669 1726 3731 atque
1747 3659 1871 3715 inde

265 3758 617 3813 contunditur
637 3797 657 3825 ,
700 3766 754 3811 et
777 3757 850 3812 ita
877 3756 1169 3827 impellitur
1195 3764 1252 3808 ut
1279 3755 1326 3809 ei
1357 3755 1411 3808 in
1435 3752 1725 3824 quamlibet
1754 3767 1871 3821 par-

270 3861 378 3908 tem
427 3851 620 3906 cadere
662 3847 1010 3919 praecipitium
1058 3847 1146 3901 sit.
1197 3845 1254 3901 Si
1294 3846 1436 3900 enim
1476 3859 1534 3899 se
1573 3843 1867 3898 inﬁrmitati

270 3943 504 4014 propria:
541 3941 684 3995 omni
706 3956 774 3995 ex
813 3947 967 4010 parte
1003 3937 1316 4004 donaverit,
1346 3947 1399 3991 et
1424 3936 1477 3990 in
1505 3934 1642 3990 hanc
1668 3934 1872 4004 cogita-

273 4041 472 4090 tionem
514 4048 574 4088 se
611 4031 985 4095 inclinaverit,
1033 4038 1090 4084 ut
1128 4029 1302 4093 dicat,
1343 4027 1466 4098 quia
1507 4025 1873 4094 misericordia

275 4126 370 4180 Dei
418 4124 666 4180 omnibus
714 4122 1081 4193 peccatoribus
1110 4162 1126 4187 ,
1173 4121 1227 4176 in
1276 4119 1597 4190 quibuslibet
1643 4117 1874 4188 peccatis

274 4215 742 4288 perseverantibus
765 4256 780 4281 ,
818 4221 1023 4269 tantum
1059 4211 1401 4268 credentibus
1422 4211 1545 4280 quia
1572 4209 1710 4264 Deus
1738 4208 1844 4263 libe
1863 4237 1876 4248 -

276 4319 381 4376 rat,
413 4309 556 4363 Deus
580 4306 824 4378 ignoscit,
852 4305 923 4359 ita
956 4304 1010 4359 in
1037 4303 1143 4357 ﬁne
1169 4310 1349 4372 parata
1371 4309 1453 4358 est
1477 4308 1536 4355 ut
1563 4313 1722 4355 nemo
1751 4313 1873 4369 per-

275 4412 367 4458 eat
400 4400 634 4457 ﬁdelium
665 4398 1003 4469 iniquorum;
1036 4395 1088 4451 id
1117 4404 1234 4462 est,
1266 4408 1426 4450 nemo
1470 4401 1652 4463 pereat
1690 4406 1876 4447 eorum

277 4495 367 4564 qui
414 4493 513 4548 sibi
557 4491 778 4556 dicunt,
825 4487 1044 4557 Quidvis
1069 4486 1297 4552 faciam,
1329 4484 1654 4556 quibuslibet
1679 4483 1878 4538 facino-

279 4588 428 4640 ribus
470 4592 522 4638 et
563 4583 775 4653 ﬂagitiis
815 4581 1092 4650 inquiner,
1121 4576 1509 4649 quantumlibet
1538 4589 1750 4645 peccem
1771 4616 1786 4640 ,
1815 4574 1878 4629 li-

281 4679 434 4732 berat
458 4689 543 4730 me
572 4674 712 4728 Deus
733 4660 1099 4728 misericordia
1119 4685 1236 4732 sua,
1278 4669 1403 4739 quia
1432 4666 1633 4723 credidi
1656 4667 1708 4720 in
1731 4681 1875 4721 eum.

280 4771 382 4838 Qui
428 4782 558 4836 ergo
597 4767 726 4821 dicit
769 4765 1035 4820 neminem
1087 4765 1260 4832 perire
1302 4761 1514 4825 talium,
1559 4759 1879 4830 cogitatione

284 4862 423 4918 mala
462 4860 745 4914 inclinatur
772 4859 822 4911 in
855 4856 1220 4926 impunitatem
1255 4865 1629 4922 peccatorum;
1657 4858 1710 4905 et
1743 4851 1880 4904 Deus

272 4937 374 5006 ille
417 4953 593 5018 justus
625 4990 640 5013 ,
690 4949 775 5002 cui
829 4957 1074 5001 cantatur
1118 4942 1480 4999 misericordia
1525 4949 1580 4995 et
1622 4940 1879 5009 judicium

284 5042 462 5111 (Psal.
494 5055 523 5095 c
544 5081 559 5105 ,
589 5040 641 5109 l)
667 5079 682 5104 ,
716 5053 820 5092 non
851 5038 962 5092 sola
989 5034 1375 5099 misericordia,
1401 5032 1495 5087 sed
1521 5041 1575 5086 et
1596 5031 1877 5102 judicium,

286 5135 490 5190 invenit
514 5131 782 5186 hominem
815 5131 952 5184 male
981 5129 1134 5183 dese
1167 5135 1571 5197 praesumentem
1593 5165 1608 5192 ,
1638 5133 1691 5180 et
1715 5124 1780 5178 ad
1804 5125 1883 5177 in-

287 5229 505 5282 teritum
551 5239 707 5279 suum
753 5221 1115 5276 misericordia
1159 5220 1251 5275 Dei
1293 5219 1595 5272 abutentem
1630 5258 1644 5282 ,
1693 5227 1749 5271 et
1789 5233 1881 5271 ne-

286 5334 440 5374 cesse
477 5328 556 5372 est
590 5327 647 5372 ut
672 5317 904 5370 damnet.
936 5315 1080 5368 Talis
1109 5315 1286 5382 itaque
1315 5312 1562 5381 cogitatio
1589 5310 1883 5379 prircipitat

288 5411 562 5464 hominem
610 5426 623 5463 :
670 5424 769 5476 qua
806 5407 1027 5476 quisque
1055 5405 1266 5459 territus
1287 5405 1306 5435 ³
1329 5445 1344 5466 ,
1372 5403 1417 5456 si
1441 5418 1501 5456 se
1525 5404 1575 5456 in
1606 5402 1879 5456 audaciam

287 5500 575 5571 quamdam
624 5499 1050 5569 prwsumptionis
1075 5497 1332 5560 erexerit,
1363 5504 1415 5549 et
1453 5495 1518 5549 de
1545 5495 1654 5548 suis
1682 5495 1882 5549 viribus

286 5594 599 5663 justitiaque
637 5590 1072 5668 praesumpserit,
1113 5598 1167 5643 et
1205 5588 1538 5657 preposuerit
1574 5585 1752 5641 animo
1778 5587 1880 5641 im-

348 5731 364 5760 ¹
394 5729 511 5777 Huic
527 5728 740 5776 sermoni
767 5725 933 5775 titulus
963 5726 1011 5774 in
1036 5732 1151 5785 Reg.
1171 5731 1268 5785 ,Ms.
1305 5721 1530 5785 prazﬁxus
1552 5724 1644 5785 iste
1669 5729 1745 5771 est
1769 5735 1781 5772 :
1813 5731 1883 5771 m-

290 5790 408 5853 cipit
433 5790 500 5853 de,
521 5788 708 5853 Psalmo
729 5787 970 5838 tricesimo
993 5787 1043 5846 l,
1069 5781 1255 5837 habitus
1291 5781 1447 5835 sermo
1467 5785 1517 5835 in
1539 5781 1707 5844 quinta
1737 5786 1882 5846 ferta,

290 5849 348 5903 ιη’
364 5850 562 5900 basilica
585 5849 826 5899 Restituto.

356 5938 377 5967 ³
401 5935 643 5996 £dd.,qua
665 5931 864 5996 quisque
887 5935 1098 5988 terretur.
1132 5938 1186 5982 At
1212 5931 1378 5993 plures
1393 5939 1520 5993 κείν»,
1543 5929 1756 5982 territus.

1322 444 1726 502 ENARRATIO
1765 444 1828 501 IN
1868 441 2192 500 PSALMUM
2223 441 2416 498 XXXI.

3417 450 3542 508 ’858

1948 554 2098 624 plere
2134 555 2392 624 justitiam
2414 596 2427 621 ,
2472 564 2524 611 et
2561 559 2738 613 omnia
2765 575 2884 630 qute
2909 552 3290 633 prtecipiuntur
3314 563 3368 620 in
3397 565 3542 636 Lege

1943 646 2013 699 ita
2051 645 2223 700 lacere
2261 656 2317 698 nt
2346 647 2396 699 in
2431 647 2575 702 nullo
2601 649 2861 718 oﬁ‘endat,
2889 663 3048 722 atque
3075 654 3126 707 in
3155 641 3418 722 potestate
3436 672 3541 712 sua

1943 750 2002 790 se
2045 736 2241 790 habere
2274 739 2431 791 vitam
2455 753 2611 793 suam
2635 783 2649 805 ,
2683 750 2739 794 ut
2768 744 2985 798 omnino
3015 760 3274 815 nusquam
3300 747 3538 812 labatur,

1944 844 2206 899 nusquam
2234 830 2444 885 deﬁciat
2467 873 2479 895 ,
2507 849 2765 903 nusquam
2791 836 3011 900 titubet,
3047 853 3304 906 nusquam
3327 839 3544 908 caliget,

1946 922 2155 992 sibique
2203 923 2305 976 hoc
2350 925 2578 992 tribuat,
2626 934 2680 979 et
2724 928 3025 995 potentatui
3066 929 3356 984 voluntatis
3385 921 3494 983 suae
3530 948 3543 983 :

1945 1012 2106 1066 etiam
2135 1013 2178 1066 si
2202 1013 2340 1068 forte
2363 1015 2664 1083 impleverit
2689 1018 2865 1072 omnia
2888 1036 3006 1089 qute
3025 1022 3166 1088 justa
3190 1022 3438 1075 videntur
3458 1037 3548 1076 co-

1947 1119 2061 1156 ram
2110 1104 2280 1158 oculis
2317 1105 2590 1160 hominum
2618 1150 2632 1174 ,
2677 1109 2746 1162 ita
2789 1120 2844 1163 ut
2875 1111 3000 1164 nihil
3035 1112 3336 1166 inveniatur
3361 1114 3413 1166 in
3441 1113 3546 1166 vita

1947 1193 2064 1261 ejus
2091 1235 2105 1258 ,
2148 1194 2286 1262 quod
2333 1197 2499 1264 possit
2538 1198 2856 1266 reprehendi
2896 1199 2964 1254 ab
3005 1200 3349 1270 hominibus,
3379 1202 3546 1272 ipsam

1947 1288 2421 1356 przesumptianm
2491 1289 2944 1362 jactationemque
3010 1295 3274 1362 superbia:
3330 1295 3548 1348 damnat

1951 1375 2108 1429 Deus.
2132 1377 2266 1444 Quid
2300 1379 2458 1448 igitur
2485 1380 2571 1447 ﬁt,
2597 1382 2638 1436 si
2668 1398 2726 1437 se
2757 1384 2917 1438 homo
2941 1385 3350 1454 justiﬁeaverit,
3396 1397 3450 1442 et
3478 1388 3547 1441 de

1951 1464 2153 1535 justitia
2195 1482 2291 1522 sua
2335 1472 2775 1541 praesumpserit?
2815 1473 2986 1528 Cadit.
3033 1473 3087 1530 Si
3124 1478 3471 1532 considerans
3496 1488 3552 1532 et

1950 1559 2190 1626 cogitans
2230 1559 2590 1616 inﬁrmitatem
2623 1579 2771 1618 suam
2803 1575 2857 1620 et
2887 1582 3215 1635 praesumens
3243 1568 3309 1623 de
3336 1570 3550 1625 miseri-

1950 1648 2130 1702 cordia
2162 1649 2291 1716 Dei,
2323 1652 2618 1724 neglexerit
2645 1655 2804 1708 vitam
2834 1671 2982 1711 suam
3010 1659 3270 1714 mundare
3299 1676 3328 1714 a
3358 1676 3552 1730 pecca-

1952 1737 2022 1792 tis
2043 1739 2153 1792 suis
2174 1782 2188 1806 ,
2215 1749 2270 1795 et
2297 1755 2356 1795 se
2383 1744 2525 1797 omni
2551 1747 2760 1816 gurgite
2783 1747 3100 1817 ﬂagitiorum
3127 1751 3478 1817 demerserit;
3500 1763 3557 1809 et

1954 1828 2068 1898 ipse
2099 1830 2258 1884 cadit.
2292 1831 2647 1905 Praesumptio
2671 1837 2735 1891 de
2758 1837 2992 1906 justitia,
3015 1842 3165 1910 quasi
3188 1843 3406 1897 dextera
3433 1851 3554 1900 est:

1955 1923 2207 1992 cogitatio
2249 1925 2579 1995 impunitatis
2620 1917 2994 1998 peccatorum,
3025 1933 3174 2001 quasi
3205 1934 3419 1989 sinistra
3449 1944 3555 1990 est.

1956 2012 2251 2068 Audiamus
2279 2015 2295 2044 ¹
2342 2030 2528 2070 vocem
2571 2018 2663 2072 Dei
2703 2018 2970 2074 dicentem
2999 2023 3153 2078 nobis
3185 2040 3198 2076 :
3233 2023 3316 2077 Ne
3341 2025 3561 2079 declines

1956 2102 2011 2156 in
2051 2105 2312 2159 dexteram
2354 2115 2440 2160 aut
2479 2109 2738 2162 sinistram
2779 2111 2960 2183 (Prov.
2993 2129 3077 2180 tv,
3107 2114 3220 2186 27).
3253 2115 3329 2172 Ne
3359 2132 3560 2186 praesu-

1959 2209 2076 2249 mas
2112 2196 2180 2250 ad
2211 2213 2431 2268 regnum
2462 2199 2530 2254 de
2553 2201 2758 2269 justitia
2791 2213 2905 2270 tua,
2939 2220 3006 2260 ne
3031 2221 3322 2274 praesumas
3347 2208 3410 2263 ad
3438 2225 3560 2279 pec-

1960 2286 2187 2342 candum
2229 2288 2295 2344 de
2339 2291 2704 2347 misericordia
2748 2294 2861 2349 Dei.
2907 2296 2990 2351 Ab
3017 2306 3239 2368 utroque
3267 2309 3319 2353 te
3348 2309 3563 2356 revocat

1961 2387 2286 2448 przcceptum
2327 2381 2562 2436 divinum
2589 2401 2604 2443 ;
2651 2392 2705 2438 et
2732 2378 2798 2438 ab
2827 2384 2913 2438 illa
2943 2386 3250 2454 altitudine,
3280 2398 3334 2442 et
3363 2388 3431 2442 ab
3457 2390 3560 2445 ista

1963 2467 2341 2537 profunditate.
2397 2472 2527 2526 llluc
2601 2473 2645 2527 si
2699 2474 3039 2541 ascenderis,
3091 2478 3550 2548 przecipitaberis;

1964 2560 2066 2615 hac
2085 2561 2130 2614 si
2162 2561 2339 2630 lapsus
2365 2563 2526 2618 lueris
2547 2607 2561 2629 ,
2593 2565 2939 2635 demergeris.
2967 2565 3080 2632 Ne,
3105 2567 3313 2637 inquit,
3342 2571 3563 2625 declines

1964 2651 2018 2704 in
2057 2651 2313 2706 dexteram
2356 2664 2443 2707 aut
2483 2656 2760 2710 sinistram.
2793 2655 2992 2712 lterum
3018 2658 3139 2713 dico
3163 2660 3306 2729 quod
3333 2661 3568 2717 breviter

1967 2741 2126 2796 ﬁxum
2167 2759 2355 2799 omnes
2395 2746 2573 2800 animo
2621 2749 2887 2803 teneatis:
2933 2749 3012 2804 Ne
3056 2765 3350 2819 prarsumas
3391 2751 3457 2806 ad
3481 2768 3568 2807 re-

1967 2850 2126 2904 gnum
2157 2836 2222 2890 de
2243 2837 2447 2916 justitia
2482 2847 2569 2892 tua
2592 2881 2606 2904 ,
2639 2855 2705 2894 ne
2735 2856 3028 2910 praesumus
3053 2842 3117 2896 ad
3149 2844 3472 2912 peccandum
3500 2843 3570 2900 de

1969 2927 2335 2982 misericordia
2383 2929 2501 2983 Dei.
2549 2930 2917 3001 Respondebis
2963 2950 2976 2985 :
3018 2932 3153 3001 Quid
3184 2949 3314 3002 ergo
3339 2933 3571 2990 faciam?

1970 3017 2214 3074 Psalmus
2242 3020 2341 3075 iste
2367 3021 2522 3076 docet
2544 3038 2641 3077 nos
2674 3040 2686 3077 :
2720 3040 2828 3094 quo
2857 3025 3092 3095 perlecto
3120 3036 3282 3097 atque
3308 3035 3532 3082 tractato
3550 3069 3568 3092 .

1969 3109 2202 3165 arbitror
2243 3111 2525 3182 adjuvante
2573 3115 2937 3170 misericordia
2967 3116 3208 3183 Domini,
3239 3117 3446 3172 visuros
3469 3133 3572 3174 nos

1971 3204 2110 3257 viam
2155 3204 2239 3258 vel
2284 3205 2371 3259 ubi
2408 3205 2517 3275 jam
2559 3207 2894 3262 ambulemus
2917 3248 2933 3272 ,
2963 3209 3047 3264 vel
3075 3225 3230 3278 quam
3267 3219 3449 3265 tenere
3471 3210 3572 3266 de-

1971 3298 2215 3352 beamus.
2256 3298 2629 3370 Unusquisque
2656 3315 2751 3369 pro
2778 3301 2994 3355 modulo
3025 3316 3122 3355 suo
3146 3301 3359 3366 audiat;
3387 3313 3441 3357 et
3469 3302 3572 3358 sic-

1973 3398 2032 3443 ut
2067 3389 2167 3443 sibi
2208 3391 2452 3444 conseius
2493 3390 2647 3444 fuerit
2672 3433 2685 3456 ,
2730 3393 2800 3444 ita
2843 3392 2926 3447 vel
2962 3391 3141 3447 doleat
3187 3391 3568 3463 corrigendus,

1971 3481 2057 3534 vel
2102 3482 2330 3551 gaudeat
2371 3483 2764 3552 approbandus.
2811 3482 2866 3538 Si
2909 3499 2968 3538 se
3002 3483 3244 3550 deviasse
3268 3484 3568 3552 invenerit,

1974 3573 2160 3629 redeat
2202 3584 2255 3628 ut
2283 3575 2336 3628 in
2363 3577 2442 3629 via
2471 3575 2709 3629 ambulet
2737 3593 2750 3628 :
2783 3576 2826 3629 si
2856 3591 2915 3631 se
2942 3576 2994 3630 in
3022 3577 3105 3631 via
3135 3576 3429 3643 invenerit,
3457 3592 3572 3630 am-

1974 3665 2121 3720 bulet
2164 3675 2219 3719 ut
2260 3667 2556 3735 perveniat.
2602 3664 2773 3721 Nemo
2813 3666 2884 3720 sit
2923 3669 3186 3736 superbus
3209 3676 3357 3721 extra
3389 3667 3527 3722 viam
3552 3708 3569 3735 ,

1975 3773 2134 3812 nemo
2165 3758 2314 3828 piger
2343 3758 2394 3811 in
2425 3757 2525 3812 via.

2046 3849 2100 3903 2.
2131 3849 2281 3903 llunc
2307 3857 2482 3903 autem
2513 3848 2773 3919 psalmum
2801 3849 2866 3906 ad
2886 3865 3008 3906 eam
3034 3851 3253 3921 gratiam
3278 3849 3571 3920 pertinere,

1977 3955 2082 4010 qua
2132 3940 2404 3995 christiani
2461 3954 2676 4007 sumus,
2719 3949 2944 3997 testatus
2996 3951 3078 3997 est
3118 3941 3390 4011 apostolus
3432 3941 3573 3996 Pau-

1979 4029 2063 4084 lus
2105 4047 2117 4081 :
2169 4029 2309 4084 unde
2353 4030 2520 4099 ipsam
2567 4030 2850 4085 lectionem
2922 4030 3073 4086 vobis
3130 4032 3232 4102 legi
3286 4032 3571 4087 voluimus.

1981 4121 2093 4177 lloc
2117 4121 2249 4176 dixit
2274 4121 2580 4192 Apostolus,
2609 4137 2733 4177 cum
2754 4123 3156 4179 commendaret
3172 4124 3429 4196 justitiam
3454 4141 3575 4195 qua:

1979 4227 2046 4267 ex
2075 4211 2179 4267 ﬁde
2208 4220 2328 4277 est,
2383 4211 2639 4267 adversus
2675 4227 2771 4268 eos
2815 4215 2903 4284 qui
2947 4214 3242 4283 gloriantur
3279 4215 3346 4270 de
3369 4215 3573 4285 justitia

1981 4319 2103 4374 quze
2127 4316 2211 4359 est
2233 4319 2300 4359 ex
2324 4304 2593 4375 operibus,
2626 4304 2726 4359 hoc
2764 4304 2838 4359 ait
2867 4323 2881 4358 :
2919 4305 3056 4371 Quid
3096 4322 3215 4376 ergo
3241 4305 3464 4360 dicemus
3487 4307 3573 4362 in-

1982 4395 2176 4449 uenisse
2196 4394 2452 4448 Abraham
2481 4404 2674 4464 patrem
2695 4405 2920 4449 nostrum
2944 4398 3216 4449 secundum
3237 4412 3440 4450 carnem
3461 4398 3486 4450 .7
3511 4397 3573 4451 Si

1982 4489 2116 4543 enim
2155 4487 2415 4541 Abraham
2457 4503 2519 4540 ea:
2542 4487 2777 4557 Operibus
2799 4488 3115 4558 justi/ianus
3143 4498 3236 4553 est,
3267 4487 3413 4540 liabet
3461 4488 3575 4556 qlo-

1983 4581 2112 4633 rium
2135 4622 2149 4646 ,
2179 4580 2267 4632 sed
2294 4596 2393 4632 non
2420 4579 2488 4631 ad
2515 4577 2677 4631 Deum
2717 4579 2893 4648 (Rom.
2926 4595 2995 4642 tv,
3032 4580 3081 4644 l,
3106 4579 3186 4649 2).
3215 4580 3433 4633 Avertat
3463 4584 3576 4648 ipse

1985 4675 2127 4728 Deus
2156 4690 2182 4725 a
2213 4673 2366 4727 nobis
2411 4673 2567 4726 talem
2613 4673 2857 4742 gloriam,
2899 4683 2952 4726 et
3017 4671 3144 4725 illud
3183 4672 3356 4741 potius
3395 4672 3577 4725 audia-

1984 4779 2103 4818 mus
2132 4781 2146 4816 :
2178 4763 2276 4828 Qui
2301 4765 2568 4834 gloriatur,
2598 4764 2650 4814 in
2669 4760 2886 4815 Domino
2912 4763 3154 4832 glorietur
3181 4762 3221 4830 (Ι
3249 4763 3363 4816 Cor.
3394 4779 3432 4825 t,
3456 4764 3572 4832 3|).

1984 4853 2130 4908 Multi
2161 4853 2302 4907 enim
2331 4853 2622 4923 gloriantur
2651 4851 2718 4907 de
2745 4853 3016 4922 operibus,
3047 4861 3101 4906 et
3145 4853 3350 4908 invenis
3377 4853 3575 4908 multos

1985 4961 2221 5018 paganos
2257 4956 2533 5016 propterea
2564 4945 2703 4999 nolle
2731 4945 2842 5000 ﬁeri
2873 4945 3191 4999 christianos
3212 4988 3226 5011 ,
3257 4945 3378 5016 quia
3417 4947 3568 5016 quasi

1987 5037 2259 5094 sufﬁciunt
2284 5039 2382 5092 sibi
2412 5038 2480 5092 de
2509 5037 2646 5092 bona
2669 5038 2774 5092 vita
2805 5053 2921 5092 sua.
2949 5039 3090 5093 Bene
3115 5039 3289 5093 vivere
3317 5049 3452 5109 opus
3472 5051 3583 5106 est,

1987 5132 2062 5185 ait
2093 5148 2107 5185 :
2139 5128 2261 5200 quid
2291 5129 2419 5183 mihi
2445 5138 2806 5199 praicepturus
2834 5140 2915 5183 est
2944 5128 3226 5183 Christus?
3253 5129 3474 5185 Utbene
3501 5135 3578 5184 vi-

1986 5222 2145 5277 vam?
2187 5222 2304 5277 Jam
2342 5223 2476 5277 bene
2523 5223 2645 5277 vivo
2694 5241 2708 5276 :
2759 5222 2884 5291 quid
2939 5220 3068 5277 mihi
3119 5223 3462 5278 necessarius“
3492 5235 3577 5280 est

1987 5316 2232 5370 Christus
2255 5315 2278 5369 ?
2301 5315 2512 5370 Nullum
2541 5315 2884 5369 homicidium
2911 5356 2925 5381 ,
2957 5315 3157 5368 nullum
3187 5316 3413 5381 furtum,
3458 5318 3579 5370 nul-

1987 5408 2092 5463 lam
2120 5409 2356 5478 rapinam
2397 5407 2552 5473 facio,
2594 5423 2682 5463 res
2709 5408 2910 5461 alienas
2938 5423 3044 5462 non
3065 5408 3407 5478 concupisco,
3435 5409 3581 5462 nullo

1989 5499 2251 5553 adulterio
2292 5500 2649 5554 centaminor.
2681 5498 2811 5552 Nam
2838 5498 3140 5553 inveniatur
3167 5499 3362 5568 aliquid
3394 5499 3444 5553 in
3473 5501 3580 5553 vita

1990 5605 2107 5645 mea
2133 5589 2273 5660 quod
2303 5588 2750 5659 reprehendatur,
2789 5599 2840 5643 et
2872 5589 2962 5658 qui
2990 5587 3579 5657 reprehenderitlaciat

1990 5683 2356 5736 christianum.
2393 5681 2559 5735 Habet
2595 5681 2838 5750 gloriam,
2873 5681 2964 5735 sed
2994 5694 3099 5733 non
3145 5679 3211 5733 ad
3241 5679 3428 5734 Deum.
3463 5679 3581 5735 Non

1989 5783 2166 5828 autem
2194 5773 2271 5828 sic
2298 5783 2447 5842 pater
2473 5779 2657 5826 noster
2690 5771 2979 5826 Abraham.
3010 5769 3135 5826 llaec
3173 5770 3314 5826 enim
3360 5780 3581 5826 senten-

2056 5926 2076 5959 ι
2101 5926 2289 5992 Aliquot
2313 5900 2741 5991 mandat-nm
