4008 6318
477 411 579 469 959

479 539 547 582 tia
576 526 873 594 Scriptum.
919 521 984 576 ad
1025 520 1124 574 hoc
1151 517 1262 572 vult
1292 515 1642 571 intentionem
1674 520 1912 566 nostram
1937 506 2070 562 diri-

478 638 624 692 gere.
666 629 800 687 Quia
851 617 994 671 enim
1023 613 1273 676 fatemur,
1303 619 1359 664 et
1383 610 1496 678 ipsa
1525 617 1607 662 est
1649 604 1778 659 lides
1808 611 1989 657 nostra
2008 599 2078 654 de

479 720 668 766 sancto
693 706 998 762 l'atriarcha
1019 746 1031 766 ,
1061 703 1152 773 qui
1183 701 1379 772 placuit
1421 701 1530 753 Deo
1555 741 1569 764 ,
1601 704 1659 750 ut
1688 695 1928 748 dicamus
1953 706 2078 746 eum

483 816 532 859 et
564 803 873 857 noverimus
914 797 978 850 ad
1014 798 1183 850 Deum
1215 793 1414 847 habere
1458 790 1718 861 gloriam,
1757 788 1830 840 ait
1853 786 2082 854 Aposto-

485 897 567 948 lus
599 912 613 948 :
647 895 804 948 Certe
833 899 1015 944 notum
1038 895 1122 940 est
1146 885 1298 939 nobis
1316 893 1368 938 et
1385 881 1744 946 manifestum,
1773 878 1894 947 quia
1911 874 2081 929 Abrae

487 987 607 1037 ham
641 984 707 1037 ad
740 985 903 1036 Deum
933 980 1092 1033 habet
1118 977 1342 1047 gloriam
1375 993 1387 1027 :
1421 981 1476 1029 at
1501 973 1545 1026 si
1575 986 1638 1026 ex
1658 968 1911 1038 operibus
1928 963 2084 1035 justi-

487 1080 675 1130 tieatns
694 1084 776 1129 est
795 1072 1082 1136 Abraham,
1099 1070 1260 1122 habet
1278 1067 1523 1136 gloriam,
1547 1061 1638 1117 sed
1665 1058 1854 1115 nonad
1881 1060 2080 1111 Deum:

486 1166 554 1218 ad
589 1167 752 1219 Deum
780 1171 958 1216 autem
993 1161 1147 1214 habet
1172 1159 1425 1228 gloriam;
1458 1169 1564 1209 non
1595 1167 1722 1220 ergo
1743 1166 1807 1204 ex
1834 1147 2085 1217 operibus

483 1259 807 1329 justilicatus
855 1265 955 1310 est.
986 1253 1041 1308 Si
1086 1266 1214 1321 ergo
1245 1265 1350 1303 non
1393 1262 1460 1302 ex
1489 1244 1740 1314 Operibus
1764 1237 2086 1310 justificatus

489 1327 574 1406 est
600 1349 890 1410 Abraham,
915 1345 1053 1399 unde
1074 1341 1396 1413 justiticatus
1418 1346 1501 1392 est
1521 1337 1543 1388 ’ἒ
1570 1335 1842 1402 Sequitur,
1877 1341 1931 1384 et
1958 1327 2088 1382 dicit

489 1441 630 1494 unde
660 1457 672 1492 :
708 1437 845 1503 Quid
875 1436 1010 1488 eui-rt
1058 1432 1329 1500 Scriptura
1357 1427 1522 1480 dicit?
1549 1424 1599 1478 itl
1626 1432 1740 1485 est,
1773 1419 1926 1476 Unde
1959 1418 2086 1470 dicit

486 1532 758 1599 Scriptura
787 1525 1132 1596 justiﬁcatum
1158 1517 1470 1575 Abraham?
1498 1515 1720 1568 Credidit
1741 1522 1908 1565 mitem
1928 1508 2090 1562 Abra-

489 1598 765 1684 hamDeo,
786 1627 831 1670 rt
854 1623 1144 1684 reputatum
1174 1621 1245 1664 est
1269 1610 1345 1664 illi
1375 1608 1443 1661 ad
1462 1606 1718 1679 justitiam
1740 1602 1918 1671 (Rom.
1938 1615 2011 1664 Iv,
2030 1598 2086 1664 ὃς

491 1714 621 1768 Gen.
649 1729 738 1774 xv,
768 1712 842 1778 6).
868 1710 1009 1778 Ergo
1037 1723 1103 1761 ex
1133 1706 1234 1758 fide
1260 1702 1583 1773 justiﬁeatus
1605 1706 1692 1752 est
1723 1694 2014 1749 Abraham.

564 1808 617 1860 ’5.
651 1803 766 1858 Jam
794 1801 884 1870 qui
911 1798 1059 1852 audit
1087 1839 1101 1862 ,
1147 1811 1251 1849 non
1278 1810 1343 1848 ex
1384 1791 1667 1861 operibus,
1700 1786 1793 1839 sed
1832 1799 1899 1838 ex
1945 1782 2086 1846 ﬁde;

491 1899 741 1952 observet
763 1895 907 1948 illam
935 1891 1265 1960 voraginem,
1299 1887 1365 1941 de
1384 1902 1486 1956 qua
1517 1885 1724 1937 loeutus
1750 1895 1868 1934 sum
1892 1896 1904 1932 :
1927 1877 2091 1932 Vides

492 2006 622 2059 ergo
643 2029 658 2052 ,
709 1988 829 2056 quia
861 2001 924 2040 ex
971 1984 1108 2047 fide,
1142 1995 1246 2035 non
1277 1995 1342 2032 ex
1369 1975 1625 2047 Operibus
1649 1971 1968 2043 justificatus
2008 1975 2094 2024 est

495 2081 803 2141 Abraham;
835 2075 1026 2129 faciam
1057 2087 1185 2142 ergo
1207 2068 1466 2140 quidquid
1499 2066 1640 2126 volo,
1675 2064 1798 2134 quia
1819 2060 1922 2116 etsi
1952 2059 2091 2114 bona

493 2187 662 2243 opera
689 2185 793 2223 non
828 2167 1088 2231 habuero,
1123 2172 1176 2218 et
1207 2172 1412 2216 tantum
1463 2157 1743 2212 credidero
1789 2154 1840 2207 in
1887 2153 2089 2218 Deum,

487 2266 787 2334 deputatur
813 2259 942 2314 mihi
973 2257 1039 2311 ad
1058 2255 1343 2327 justitiam.
1370 2252 1426 2307 Si
1463 2251 1606 2305 dixit
1641 2257 1696 2302 et
1723 2246 1980 2311 decrevit,
2009 2244 2091 2297 la-

496 2371 628 2426 psus
657 2355 938 2409 demersus
965 2358 1050 2404 est
1082 2365 1095 2402 :
1120 2348 1166 2403 si
1193 2344 1369 2400 adhuc
1388 2343 1586 2414 cogitat
1611 2349 1665 2394 et
1683 2340 1923 2402 fluctuat,
1951 2335 2094 2408 peri-

495 2448 730 2502 clitatur.
785 2441 1062 2511 Scriptura
1110 2447 1289 2493 autem
1332 2435 1426 2490 Dei
1481 2446 1744 2501 verasque
1767 2429 2091 2494 intellectus,

497 2555 604 2594 non
623 2538 793 2592 solum
828 2533 1266 2605 periclitantema
1293 2527 1530 2600 periculo
1559 2525 1768 2586 liberat,
1798 2521 1892 2578 sed
1922 2530 1976 2577 et
1995 2520 2093 2576 de-

499 2643 736 2683 mersum
757 2643 786 2678 a
818 2623 1082 2695 profundo
1111 2622 1305 2676 elevat.
1338 2617 1656 2689 Respondeo
1683 2629 1814 2684 ergo
1840 2624 2092 2682 tanquam

496 2731 683 2776 contra
717 2717 1053 2787 Apostolum,
1099 2722 1155 2768 et
1199 2712 1321 2767 dico
1356 2711 1422 2766 de
1465 2710 1581 2778 ipso
1617 2706 1920 2768 Abraham,
1949 2701 2093 2772 quod

499 2812 803 2866 invenimus
821 2807 978 2862 etiam
1013 2806 1063 2859 in
1092 2802 1328 2873 Epistula
1354 2801 1573 2855 alterius
1607 2797 1855 2867 apostoli,
1883 2794 1974 2865 qui
2001 2808 2095 2847 vo-

501 2903 643 2956 lebat
663 2899 932 2968 corrigere
954 2896 1224 2959 homines,
1257 2893 1346 2962 qui
1365 2891 1506 2946 male
1530 2890 1907 2944 intellexerant
1933 2885 2093 2938 istum

502 2989 828 3062 apostolum.
861 2969 1093 3044 Jacobus
1121 2986 1263 3040 enim
1301 2985 1354 3038 in
1383 2982 1618 3052 Epistula
1648 2994 1766 3047 sua,
1788 2984 1978 3034 contra
1999 2991 2095 3032 eos

495 3085 589 3155 qui
618 3083 870 3138 nolebant
899 3081 1034 3136 bene
1065 3076 1276 3150 cperari
1299 3075 1368 3130 de
1402 3075 1514 3129 sola
1547 3072 1650 3128 ﬁde
1676 3078 2092 3143 praesumentes,

499 3178 669 3247 ipsius
719 3174 948 3231 Abt-abre
1005 3187 1169 3242 Opera
1223 3166 1644 3231 commendavit,
1688 3164 1843 3233 cujus
1900 3162 2096 3217 Paulus

495 3268 662 3324 ﬁdem
694 3285 707 3320 :
733 3275 787 3320 et
827 3279 932 3319 non
961 3273 1083 3317 sunt
1113 3262 1212 3315 sibi
1244 3258 1451 3314 adversi
1474 3254 1736 3325 Apostoli.
1760 3253 1894 3308 Dicit
1915 3262 2093 3305 autem

500 3373 636 3429 cpus
663 3357 909 3411 omnibus
960 3362 1143 3407 notum
1163 3391 1178 3414 ,
1207 3350 1476 3404 Abraham
1508 3348 1674 3402 ﬁlium
1715 3362 1866 3400 suum
1899 3343 2094 3398 immo—

501 3450 720 3506 landum
772 3448 909 3517 Deo,
926 3445 1118 3499 obtulit
1154 3441 1361 3512 (Jacobi
1406 3457 1463 3506 n,
1495 3439 1615 3510 2|).
1647 3438 1891 3507 Magnum
1922 3451 2056 3504 opus
2077 3478 2092 3499 ,

508 3541 606 3597 sed
664 3558 728 3594 ex
810 3538 933 3592 ﬁde.
1000 3534 1185 3591 Laudo
1244 3531 1818 3605 superazdiﬁcationem
1878 3529 2091 3597 operis,

501 3633 595 3689 sed
649 3632 804 3686 video
841 3629 966 3684 ﬁdei
1015 3627 1421 3682 fundamentum
1455 3642 1469 3677 :
1502 3623 1660 3677 laudo
1709 3621 1936 3675 fructum
1968 3619 2095 3673 boni

497 3722 713 3792 operis,
743 3719 834 3774 sed
869 3721 920 3772 in
966 3718 1070 3771 fide
1095 3730 1326 3786 agnoseo
1359 3712 1615 3768 radicem.
1668 3711 1723 3766 Si
1767 3720 1945 3765 autem
1993 3708 2097 3762 hoc

500 3821 697 3884 pnetcr
714 3809 874 3864 ﬁdem
905 3820 1104 3862 rectam
1133 3809 1330 3859 laceret
1354 3802 1643 3864 Abraham,
1677 3801 1804 3854 nihil
1835 3799 1910 3853 illi
1939 3798 2098 3868 prodo

503 3911 650 3956 esset
676 3899 1062 3969 qualecumque
1110 3893 1238 3948 illud
1279 3909 1412 3963 opus
1441 3901 1605 3947 esset.
1646 3891 1876 3944 Rursum
1922 3889 1968 3943 si
2019 3889 2098 3943 sic

501 4001 711 4046 teneret
740 3988 897 4044 fidem
943 3986 1236 4050 Abraham,
1273 3994 1330 4038 nt
1374 3999 1496 4038 cum
1531 3983 1580 4037 ei
1626 3982 1765 4036 Deus
1810 3982 2099 4048 imperaret

500 4083 698 4138 offerre
723 4082 826 4136 sibi
877 4078 1265 4134 immolandum
1307 4076 1470 4129 ﬁlium
1509 4090 1698 4141 suum,
1729 4073 1931 4126 diceret
1956 4069 2096 4141 apud

499 4175 888 4243 semetipsum,
934 4171 1050 4227 Non
1098 4170 1270 4232 facio,
1318 4177 1373 4222 et
1416 4178 1592 4222 tamen
1641 4167 1807 4221 credo
1835 4167 1956 4235 quia
2009 4181 2097 4220 me

498 4267 668 4323 etiam
719 4271 1154 4318 contemnentem
1205 4262 1354 4330 jussa
1400 4275 1502 4312 sua
1527 4259 1718 4312 liberat
1761 4257 1932 4323 Deus;
1965 4256 2097 4310 ﬁdes

502 4357 622 4412 sine
646 4355 902 4426 operibus
947 4361 1158 4408 mortua
1197 4360 1374 4416 esset,
1407 4359 1461 4402 et
1509 4359 1757 4418 tanquam
1793 4345 1943 4401 radix
1981 4346 2099 4400 sine

503 4452 680 4506 fructu
707 4449 903 4503 sterilis
931 4455 1090 4516 atque
1117 4443 1261 4498 arida
1294 4451 1616 4498 remaneret.

577 4545 630 4598 4.
660 4540 795 4608 Quid
841 4538 1019 4610 ergo?
1072 4537 1337 4592 Debemus
1392 4535 1534 4588 nulla
1576 4549 1737 4602 opera
1784 4546 2097 4602 pra:ponerc

505 4633 652 4698 ﬁdei,
686 4631 739 4686 id
772 4639 863 4685 est
899 4639 958 4684 ut
985 4638 1110 4683 ante
1159 4627 1318 4682 ﬁdem
1351 4667 1366 4690 ,
1398 4625 1676 4694 quisquam
1705 4623 1914 4678 dicatur
1961 4622 2096 4677 bene

503 4721 804 4794 operatus?
843 4721 919 4775 Ea
969 4719 1112 4776 enim
1169 4719 1282 4789 ipsa
1310 4732 1470 4788 opera
1521 4732 1640 4786 quae
1685 4714 1933 4769 dicuntur
1971 4723 2096 4770 ante

509 4817 689 4876 fidem.
715 4813 961 4885 quamvis
991 4812 1270 4866 videantur
1296 4808 1602 4864 hominibus
1640 4807 1941 4874 laudabilia,
1976 4808 2092 4861 ina-

502 4910 592 4964 nia
622 4917 766 4962 sunt.
795 4904 871 4960 lta
898 4904 1029 4958 mihi
1073 4902 1319 4958 videntur
1345 4916 1483 4966 esse,
1520 4911 1580 4955 ut
1630 4916 1836 4970 magna;
1863 4899 2003 4955 vires
2043 4910 2099 4957 et

508 5013 697 5054 cursus
721 4997 1035 5052 celerrimus
1055 5003 1251 5066 prmtcr
1278 4995 1437 5048 viam.
1462 4993 1631 5048 Nemo
1657 5009 1785 5063 ergo
1821 5002 2099 5064 computet

504 5090 646 5147 bona
682 5102 842 5158 opera
871 5101 965 5141 sua
995 5092 1119 5140 ante
1149 5083 1307 5139 ﬁdem
1343 5100 1358 5139 :
1387 5083 1475 5137 ubi
1503 5083 1635 5136 fides
1663 5099 1768 5138 non
1813 5092 1928 5137 erat
1949 5124 1965 5148 ,
1999 5082 2095 5137 bo—

502 5195 632 5238 num
659 5191 922 5248 opusnon
950 5182 1085 5231 erat.
1118 5175 1322 5230 Bonum
1350 5175 1493 5227 enim
1518 5187 1654 5239 Opus
1691 5174 1916 5229 intentio
1945 5174 2091 5240 facit,

502 5269 854 5326 intentionem
894 5266 1028 5322 fides
1075 5264 1276 5336 dirigit.
1319 5263 1435 5319 Non
1485 5263 1641 5319 valde
1685 5263 1928 5320 attendas
1971 5265 2096 5334 quid

503 5365 666 5420 homo
689 5362 864 5426 faciat,
898 5359 992 5414 sed
1009 5357 1137 5429 quid
1161 5373 1284 5412 cum
1317 5356 1441 5411 facit
1465 5357 1706 5425 aspiciat,
1732 5372 1837 5425 quo
1867 5356 2097 5412 lacertos

501 5457 716 5526 Optima:
771 5450 1173 5523 gubernationis
1222 5449 1434 5519 dirigat.
1481 5448 1588 5503 Fac
1642 5450 1782 5502 enim
1823 5448 2096 5503 hominem

500 5551 702 5620 optime
744 5546 1042 5617 gubernare
1067 5542 1246 5598 navim
1271 5583 1287 5608 ,
1335 5551 1389 5596 et
1415 5540 1716 5612 perdidisse
1762 5556 1868 5611 quo
1894 5542 2092 5605 tendit;

500 5639 625 5710 quid
651 5639 794 5693 valet
816 5639 937 5708 quia
962 5646 1292 5691 artemonem
1315 5635 1517 5706 Optime
1538 5643 1717 5700 tenet,
1745 5636 1946 5704 cptime
1972 5650 2093 5689 mo-

500 5739 609 5795 vet,
651 5730 743 5785 dat
772 5745 981 5800 proram
1027 5727 1295 5788 fluctibus.
1345 5735 1500 5783 cavet
1527 5741 1596 5782 ne
1621 5726 2094 5798 latera‘inﬂigan-

562 5885 579 5918 ⁸
604 5882 827 5949 Plen‘que
851 5890 978 5945 uss,
998 5877 1157 5932 lateri.

1690 400 1746 452 S.
1783 403 1824 452 Α
1835 396 1919 452 UG
1930 391 2150 451 US'f'INI
2194 389 2500 447 EPISCOPI

3669 385 3776 440 260

2186 515 2304 570 tur;
2338 505 2497 559 tantis
2523 511 2605 558 est
2631 502 2864 569 viribus,
2898 511 2956 557 ut
2982 502 3300 574 detorqueat
3328 500 3505 555 navim
3545 515 3656 569 quo
3684 516 3774 554 ve-

2186 597 2277 662 lit,
2311 606 2472 667 atque
2514 593 2656 650 unde
2685 595 2852 649 velit:
2887 604 2940 648 et
2975 594 3182 649 dicatur
3208 594 3278 658 ei,
3311 591 3598 662 Usqueqno
3615 591 3694 657 is;
3725 601 3780 645 et

2186 688 2349 753 dicat,
2378 686 2570 743 Nescio
2601 705 2614 740 :
2645 695 2736 742 aut
2782 701 2888 740 non
2927 685 3100 751 dicat,
3130 684 3355 750 Nescio;
3383 684 3477 739 sed
3504 682 3667 747 dicat,
3697 681 3780 737 Ad

2189 780 2339 833 illum
2367 789 2578 849 portum
2607 792 2694 840 eo,
2721 778 2892 833 necin
2922 789 3156 848 portum,
3179 777 3272 831 sed
3295 777 3346 830 in
3371 791 3496 830 saxa
3525 773 3780 829 festinet?

2187 871 2377 926 Nonne
2427 872 2528 926 iste
2569 881 2769 941 quanto
2820 870 2921 925 sibi
2955 869 3164 924 videtur
3204 870 3260 924 in
3292 870 3410 922 navi
3437 865 3780 939 gubernanda

2189 963 2379 1032 agilior
2407 971 2460 1017 et
2501 961 2797 1029 efficacior,
2830 969 2978 1015 tanto
3017 960 3365 1030 periculosius
3417 974 3536 1014 eam
3570 960 3648 1012 sic
3685 973 3787 1028 gu-

2191 1055 2401 1119 bernat,
2426 1063 2483 1109 ut
2511 1055 2575 1108 ad
2604 1054 2933 1126 naufragium
2959 1053 3295 1124 properando
3325 1052 3615 1122 perducat?
3639 1052 3787 1108 Talis

2191 1157 2274 1202 est
2295 1155 2347 1202 et
2372 1147 2461 1217 qui
2488 1147 2687 1217 optime
2709 1148 2877 1201 currit
2902 1159 3098 1216 prmter
3118 1146 3281 1200 viam.
3309 1145 3494 1200 Nonne
3517 1159 3646 1216 ergo
3666 1155 3788 1199 erat

2193 1239 2384 1294 melius
2415 1249 2468 1293 et
2499 1239 2862 1306 tolerabilius,
2895 1249 2953 1293 ut
3002 1249 3146 1293 esset
3175 1240 3500 1309 gubernator
3549 1239 3639 1294 ille
3681 1239 3785 1293 ali-

2193 1342 2393 1404 quanto
2419 1332 2719 1400 invalidior,
2747 1342 2805 1387 ut
2828 1347 2948 1386 eum
2975 1333 3157 1387 labore
3183 1341 3238 1386 et
3263 1333 3438 1401 aliqua
3465 1331 3784 1388 difﬁcultate

2191 1423 2548 1493 gubernacula
2579 1431 2810 1494 regeret,
2862 1434 2917 1478 et
2969 1433 3145 1478 tamen
3181 1433 3388 1479 rectum
3434 1425 3786 1496 debitumque

2194 1530 2408 1570 eursnm
2438 1524 2684 1581 teneret;
2717 1530 3036 1586 rursumque
3069 1516 3158 1570 ille
3182 1515 3383 1586 pigrius
3409 1516 3571 1570 etiam
3599 1527 3654 1570 et
3680 1517 3786 1570 im-

2196 1606 2459 1671 becillius,
2495 1615 2670 1662 tamen
2698 1607 2749 1661 in
2790 1607 2874 1661 via
2898 1606 3216 1671 ambularet,
3244 1623 3400 1678 quam
3422 1615 3618 1679 praeter
3644 1607 3787 1663 viam

2195 1697 2404 1752 fortiter
2427 1699 2706 1754 curreret?
2731 1698 2974 1770 Optimus
2992 1714 3120 1770 ergo
3147 1699 3234 1754 ille
3255 1698 3344 1768 qui
3371 1709 3426 1755 et
3449 1701 3589 1755 viam
3615 1709 3787 1765 tenet,

2195 1799 2251 1846 et
2279 1791 2416 1846 bene
2462 1789 2533 1844 ibi
2575 1790 2810 1845 ambulat
2841 1809 2852 1842 :
2885 1792 3160 1861 sequentis
3195 1800 3373 1846 autem
3405 1792 3541 1863 spei,
3563 1793 3656 1863 qui
3686 1793 3792 1849 etsi

2195 1884 2522 1953 aliquantum
2568 1883 2864 1949 claudicat,
2913 1897 3020 1938 non
3053 1883 3272 1938 omnino
3297 1891 3354 1937 ut
3378 1892 3542 1948 erret,
3575 1893 3669 1938 aut
3695 1899 3789 1940 re-

2195 1984 2412 2032 maneat
2438 1978 2478 2042 ¹,
2527 1976 2622 2032 sed
2671 1976 3007 2048 progreditur
3053 1977 3154 2033 etsi
3209 1977 3486 2048 paulatim.
3536 1977 3793 2034 Fortasse

2197 2069 2339 2123 enim
2368 2067 2692 2138 sperandum
2744 2077 2847 2134 est,
2876 2083 3001 2123 eum
3041 2083 3147 2140 quo
3189 2068 3362 2124 tendit
3385 2068 3548 2123 etiam
3579 2069 3786 2126 tardius

2198 2168 2599 2229 perventurum.

2269 2248 2322 2304 5.
2353 2250 2513 2319 Ergo,
2539 2249 2760 2314 fratres,
2787 2264 2852 2305 ex
2880 2249 2986 2305 fide
3019 2249 3343 2320 justillcatus
3367 2258 3450 2307 est
3475 2251 3747 2308 Abraham
3772 2269 3790 2307 :

2197 2340 2292 2396 sed
2322 2340 2366 2395 si
2398 2339 2554 2394 ﬁdem
2583 2355 2747 2410 opera
2778 2356 2885 2395 non
2922 2350 3348 2410 prazeesserunt,
3383 2350 3563 2396 tamen
3605 2352 3797 2399 secuta

2198 2441 2343 2487 sunt.
2376 2431 2640 2503 Numquid
2672 2433 2814 2487 enim
2838 2431 2974 2487 fides
3007 2441 3094 2486 tua
3121 2431 3321 2487 sterilis
3357 2432 3494 2488 erit?
3517 2433 3573 2488 Si
3597 2435 3798 2490 sterilis

2198 2538 2305 2580 non
2333 2539 2412 2589 es,
2439 2524 2635 2578 sterilis
2664 2538 2770 2578 non
2799 2531 2884 2578 est
2907 2523 3044 2593 ipsa.
3082 2523 3296 2593 Aliquid
3320 2523 3445 2577 mali
3487 2523 3789 2592 credidisti,

2197 2625 2252 2671 et
2277 2617 2398 2688 igne
2423 2615 2638 2670 malitia:
2669 2624 2774 2670 tua:
2819 2616 3058 2671 radicem
3099 2624 3202 2670 tua:
3243 2615 3368 2671 ﬁdei
3411 2618 3795 2672 concremasti.

2199 2707 2347 2762 Tene
2375 2722 2504 2777 ergo
2530 2707 2687 2762 ﬁdem
2717 2715 3055 2776 cperaturus.
3085 2705 3190 2762 Sed
3218 2705 3353 2761 dicis
3377 2747 3393 2774 ,
3441 2707 3557 2761 Non
3587 2706 3694 2762 hoe
3722 2709 3800 2764 ait

2199 2798 2472 2869 apostolus
2490 2797 2701 2852 Paulus.
2721 2797 2834 2852 lino
2856 2797 2956 2852 hoc
2972 2797 3044 2852 ait
3062 2797 3258 2853 Paulus
3273 2799 3548 2867 apostolus
3573 2817 3587 2852 :
3614 2797 3796 2864 Fides,

2201 2891 2410 2961 inquit,
2461 2905 2574 2962 qua:
2619 2907 2709 2960 per
2750 2891 3068 2945 dilectionem
3097 2900 3341 2961 operatur
3371 2890 3512 2962 (Gal.
3539 2891 3698 2963 v,6);
3744 2902 3802 2949 et

2200 2985 2307 3039 alio
2343 2984 2463 3039 loco
2492 3001 2504 3037 :
2539 2984 2816 3039 Plenitudo
2865 3000 2986 3055 ergo
3018 2984 3162 3054 legis,
3212 2983 3437 3037 charitas
3470 2983 3643 3044 (Rara.
3677 3001 3799 3052 xm,

2202 3075 2318 3146 {0);
2350 3083 2405 3129 et
2428 3074 2531 3130 alio
2563 3075 2680 3128 loco
2715 3092 2728 3128 :
2760 3073 2938 3128 Omnis
2957 3075 3091 3128 enim
3125 3074 3208 3128 lea:
3237 3075 3291 3128 in
3321 3090 3421 3128 uno
3449 3092 3676 3130 sermone
3699 3077 3802 3130 im-

2201 3165 2385 3237 pletur,
2408 3166 2460 3218 in
2485 3181 2542 3219 eo
2566 3164 2701 3236 quod
2720 3165 2962 3234 scriptam
2987 3174 3062 3219 est
3080 3181 3100 3219 :
3126 3164 3319 3237 Diliges
3339 3167 3627 3236 proximum
3655 3176 3800 3222 tuum

2205 3266 2446 3326 tanquam
2468 3256 2680 3324 tcipsum
2708 3255 2848 3326 (Gal.
2870 3272 2924 3320 ν,
2954 3256 3066 3323 Η).
3099 3256 3232 3311 Vide
3257 3257 3301 3310 si
3331 3270 3434 3312 non
3464 3258 3574 3312 vult
3593 3266 3646 3314 te
3663 3273 3800 3328 ope-

2201 3349 2424 3418 rari'qui
2454 3349 2585 3402 dicit
2617 3365 2630 3404 :
2666 3346 2787 3402 Non
2835 3348 3171 3416 adulterabis,
3206 3347 3328 3402 Non
3356 3349 3682 3403 homicidium
3709 3349 3800 3420 fa-

2201 3440 2322 3503 cies,
2355 3437 2474 3493 Non
2498 3439 2895 3508 concupisces,et
2911 3439 2956 3492 si
2980 3438 3117 3506 quod
3141 3448 3212 3494 est
3232 3439 3378 3492 aliud
3403 3439 3721 3507 mandatum,
3744 3440 3800 3495 in

2202 3530 2296 3583 hoc
2319 3547 2546 3584 sermone
2560 3531 2927 3601 recapitulalur
2951 3548 2963 3584 :
2989 3529 3182 3602 Diliges
3211 3531 3500 3602 proximum
3519 3541 3658 3585 tuum
3681 3541 3804 3587 tan-

2200 3637 2353 3690 quam
2385 3620 2598 3690 teipmm
2630 3621 2871 3675 :dilectio
2897 3621 3116 3690 proximi
3145 3620 3336 3674 malum
3362 3639 3465 3676 non
3507 3633 3748 3691 operatur
3779 3641 3802 3679 :

2204 3711 2480 3766 Plenitudo
2530 3721 2698 3765 autem
2739 3713 2862 3783 legis
2882 3755 2897 3780 ,
2950 3713 3172 3766 Charitas
3204 3713 3397 3786 (Rom.
3427 3729 3544 3781 xm,
3578 3714 3633 3777 9,
3663 3714 3734 3770 10
3755 3716 3798 3785 ).

2203 3804 2469 3874 Numquid
2500 3803 2734 3858 eharitas
2765 3805 3030 3873 permittit
3056 3804 3256 3875 aliquid
3299 3805 3424 3859 mali
3458 3814 3510 3860 te
3541 3803 3718 3860 facere
3744 3805 3798 3863 ei

2202 3912 2360 3965 quem
2384 3897 2595 3966 diligis?
2621 3895 2725 3950 Sed
2759 3897 2898 3950 forte
2926 3894 3298 3950 tantummodo
3325 3897 3449 3950 mali
3481 3896 3610 3952 nihil
3641 3897 3796 3966 facis,

2203 4005 2310 4043 non
2341 3989 2498 4042 etiam
2532 3988 2731 4058 aliquid
2762 3987 2907 4042 boni.
2955 3987 3170 4058 Ergone
3200 3989 3220 4020 ⁹
3260 3987 3493 4043 charitas
3534 3989 3801 4059 permittit

2208 4089 2260 4134 te
2307 4095 2412 4133 non
2469 4089 2721 4148 prazstare
2773 4079 3028 4149 quidquid
3067 4089 3216 4149 potes
3265 4080 3314 4134 ei
3364 4095 3523 4151 quem
3567 4079 3744 4149 diligis
3772 4080 3804 4136 τ

2204 4170 2389 4225 Nonne
2414 4171 2497 4224 illa
2538 4180 2618 4224 est
2643 4169 2872 4224 Charitas
2894 4187 3013 4240 qua:
3039 4180 3159 4224 orat
3197 4171 3360 4226 etiam
3391 4186 3491 4243 pro
3516 4171 3748 4226 inimicis
3773 4170 3826 4235 ?_

2205 4263 2346 4332 Ergo
2369 4262 2568 4316 deserit
2593 4262 2824 4315 amicum
2845 4301 2861 4325 ,
2891 4262 2978 4330 qui
3003 4261 3139 4315 bene
3165 4269 3313 4331 Optat
3334 4261 3586 4317 inimico?
3615 4259 3801 4332 Itaque

2203 4353 2246 4406 si
2277 4351 2406 4406 ﬁdes
2427 4351 2543 4406 sine
2569 4352 2853 4406 dilectione
2881 4352 2986 4416 sit,
3019 4352 3137 4406 sine
3164 4367 3328 4421 opere
3351 4353 3474 4407 erit.
3504 4352 3580 4407 Ne
3613 4363 3797 4408 autem

2204 4444 2367 4496 multa
2399 4441 2603 4511 cogites
2622 4441 2688 4495 de
2717 4455 2880 4510 opere
2923 4441 3079 4506 ﬁdei,
3108 4441 3244 4496 adde
3271 4442 3340 4496 illi
3371 4457 3522 4513 spem
3565 4453 3620 4498 et
3655 4442 3800 4498 dile-

2206 4536 2461 4596 etionem,
2490 4542 2544 4586 et
2574 4533 2680 4586 noli
2719 4533 2953 4603 cogitare
2981 4533 3105 4604 quid
3133 4535 3395 4603 opereris.
3434 4533 3548 4605 Ipsa
3577 4533 3800 4591 dilectio

2206 4632 2397 4671 vacare
2425 4633 2528 4671 non
2567 4626 2758 4686 potest.
2808 4617 2950 4683 Quid
2995 4616 3137 4671 enim
3182 4618 3250 4672 de
3278 4633 3547 4689 quoquam
3579 4618 3802 4678 homine

2205 4710 2364 4763 etiam
2398 4709 2536 4764 male
2565 4719 2836 4778 operatur,
2873 4709 2974 4763 nisi
3022 4709 3218 4764 amor?
3258 4710 3330 4764 Da
3364 4711 3490 4766 mihi
3518 4722 3801 4770 vacantem

2203 4815 2441 4854 amorem
2471 4810 2524 4853 et
2564 4801 2695 4854 nihil
2724 4810 3062 4869 operantem.
3093 4800 3315 4871 Flagitia
3336 4842 3351 4866 ,
3382 4802 3641 4857 adulteria
3662 4845 3678 4868 ,
3711 4803 3800 4858 fa.

2205 4892 2408 4955 cinora,
2444 4891 2752 4957 homicidia,
2784 4891 3020 4947 luxurias
3048 4907 3259 4960 omnes,
3289 4908 3468 4949 nonne
3486 4909 3639 4950 amor
3659 4910 3798 4964 cpe-

2203 4983 2378 5037 ratnr?
2403 4983 2573 5052 Purga
2601 4997 2731 5052 ergo
2755 4997 2994 5038 amorem
3025 4991 3172 5039 tuum
3203 5002 3219 5038 :
3249 4999 3441 5055 aquam
3464 4986 3717 5042 fluentem
3745 4987 3801 5043 in

2203 5075 2463 5138 cloacam,
2485 5083 2738 5129 converte
2773 5074 2839 5128 ad
2873 5072 3084 5129 hortum
3115 5093 3132 5142 ε,
3155 5076 3341 5146 quales
3371 5075 3599 5145 impetus
3632 5076 3802 5133 habe-

2206 5165 2296 5219 bat
2320 5165 2387 5220 ad
2411 5165 2688 5230 mundum,
2715 5165 2846 5219 tales
2865 5164 3131 5221 habeatad
3151 5167 3412 5221 artificem
3434 5167 3635 5223 mundi.
3661 5167 3804 5225 Num

2203 5259 2354 5313 vobis
2383 5255 2576 5311 dicitur
2600 5274 2613 5309 :
2638 5256 2778 5310 Nihil
2809 5257 3032 5311 ametis?
3058 5256 3230 5311 Absit.
3257 5257 3421 5328 Pigri,
3451 5258 3670 5325 mortui,
3699 5258 3801 5314 de-

2206 5348 2457 5414 testandi,
2503 5347 2685 5402 miseri
2729 5347 2880 5402 eritis
2903 5387 2917 5412 ,
2949 5349 2992 5402 si
3040 5347 3172 5402 nihil
3215 5352 3430 5404 ametis.
3464 5350 3673 5412 Amate,
3704 5351 3801 5406 sed

2206 5441 2330 5510 quid
2353 5440 2543 5493 ametis
2566 5439 2760 5493 videte.
2798 5441 2962 5492 Amor
2993 5439 3104 5507 Dei,
3129 5455 3282 5495 amor
3306 5441 3533 5511 proximi
3559 5481 3573 5503 ,
3615 5441 3802 5496 chari-

2207 5544 2288 5586 tas
2309 5532 2507 5586 dicitur
2537 5549 2550 5585 :
2572 5547 2727 5585 amor
2751 5531 2958 5596 mundi,
2982 5547 3135 5587 amor
3156 5532 3316 5603 hujus
3343 5533 3522 5588 smcull
3543 5574 3558 5600 ,
3588 5534 3798 5605 cupidi-

2205 5635 2285 5680 tas
2313 5624 2523 5679 dicitur.
2570 5621 2844 5694 Cupiditas
2883 5624 3210 5692 refrenetur,
3252 5625 3486 5682 charitas
3513 5627 3799 5688 excitetur.

2241 5758 2284 5826 ,ι
2310 5759 2384 5806 Sic
2400 5755 2587 5826 aliquot
2618 5763 2722 5806 Mss.
2745 5756 2830 5806 alii
2857 5771 2992 5818 vero,
3019 5757 3208 5812 cumino
3230 5767 3281 5812 ut
3313 5761 3513 5812 timeat.
3539 5760 3634 5812 add
3658 5797 3673 5824 ,
3698 5774 3802 5813 om-

2200 5824 2314 5870 nino
2333 5824 2488 5877 errat,
2507 5825 2589 5867 aut
2615 5825 2842 5869 reimmct.

2269 5878 2372 5933 ’lta
2397 5891 2500 5930 uss.
2527 5888 2583 5930 At
2606 5881 2739 5942 cdd.,
2765 5890 3007 5945 Ergonec.
