4008 6322
291 399 387 454 261

292 515 407 582 Ipsa
438 515 579 570 enim
609 514 848 571 eharitas
875 513 1013 571 bene
1061 512 1333 584 operantis
1359 512 1515 568 datei
1545 528 1694 582 Spem
1725 511 1878 565 bona:

294 608 654 661 Conscienlizn.
686 609 847 676 Spem
871 607 1014 662 enim
1039 607 1176 678 gerit
1195 605 1331 660 bona
1353 604 1678 659 conscientia
1709 621 1724 658 :
1754 616 1888 670 quo-

295 699 454 751 tnodo
499 699 636 753 mala
678 698 1008 753 conscientia
1062 708 1171 753 tota
1227 697 1279 751 in
1331 697 1704 766 desperatione
1760 702 1882 758 est,

297 791 369 844 sic
402 791 538 844 bona
576 791 905 845 conscientia
947 800 1054 844 tota
1087 791 1138 844 in
1171 804 1288 856 spe.
1335 788 1399 842 Et
1420 797 1576 842 erunt
1617 785 1714 840 tria
1747 785 1884 848 lucc,

292 880 359 933 de
390 880 584 950 quibus
613 880 743 934 dicit
770 880 1097 948 Apostolus,
1155 877 1333 944 Fides,
1367 879 1516 950 Spes,
1547 877 1782 931 Charitas
1823 875 1840 945 (
1866 874 1886 929 l

291 970 414 1026 Cor.
446 988 571 1034 xm,
603 973 714 1038 l3).
746 972 810 1026 Et
837 973 942 1026 alio
968 972 1086 1026 loco
1114 970 1228 1040 ipsa
1253 971 1387 1033 tria,
1418 969 1511 1023 sed
1539 985 1635 1039 pro
1662 982 1758 1036 spe
1789 967 1888 1020 bo-

296 1079 418 1116 nam
461 1064 842 1138 conscientiam
875 1064 1052 1131 posuit
1095 1081 1108 1117 :
1159 1060 1306 1116 Finis
1334 1062 1465 1115 enim
1497 1059 1735 1129 prwcepti
1765 1068 1837 1110 est
1870 1095 1886 1122 ,

293 1155 449 1210 dixit.
477 1154 611 1222 Quid
638 1163 721 1208 est
767 1154 884 1208 ﬁnis
911 1154 1204 1223 praecepti?
1232 1153 1350 1220 Qtto
1380 1152 1727 1223 perﬁciuntur
1753 1165 1891 1220 prte-

294 1255 471 1315 cepta,
505 1261 610 1300 non
637 1261 744 1316 quo
782 1255 1193 1300 consumuntur.
1236 1245 1406 1298 Aliter
1447 1243 1589 1298 enim
1622 1242 1847 1296 dicimus
1872 1282 1887 1308 ,

298 1337 508 1393 Finitus
555 1347 638 1392 est
679 1339 860 1399 cibus;
910 1339 1066 1393 aliter
1090 1337 1347 1401 dicimus,
1386 1335 1558 1390 Finita
1588 1343 1671 1389 est
1711 1334 1889 1389 tunica

296 1446 418 1501 quas
459 1431 740 1485 texebatur
769 1447 783 1485 :
816 1429 997 1485 ﬁuitttr
1035 1431 1188 1485 cibus
1217 1441 1274 1485 ut
1306 1444 1410 1484 non
1434 1431 1541 1493 sit;
1585 1429 1765 1482 ﬁnitur
1809 1439 1891 1481 tuo

297 1524 416 1578 nica
450 1530 508 1576 ut
526 1521 762 1591 perfecta
803 1522 874 1576 sit
904 1539 917 1576 :
947 1529 1002 1576 et
1029 1521 1116 1576 ltic
1155 1522 1275 1575 ﬁnis
1319 1521 1532 1585 dicitur,
1566 1528 1619 1573 et
1651 1519 1742 1572 ibi.
1774 1517 1890 1573 Non

295 1628 426 1683 ergo
450 1613 536 1667 hic
557 1612 716 1667 ﬁnem
739 1614 991 1683 pratcepti
1018 1613 1171 1679 dixit,
1199 1627 1307 1682 quo
1332 1612 1484 1681 quasi
1509 1619 1726 1680 pereant
1757 1625 1892 1679 pm:-

295 1713 490 1774 cepta;
525 1703 618 1759 sed
657 1718 763 1774 quo
790 1704 1157 1773 perlieiantur,
1207 1712 1262 1757 et
1291 1711 1748 1765 consummentur,
1787 1716 1889 1754 non

295 1805 703 1849 consumantur.
734 1793 883 1849 Finis
917 1809 1044 1863 ergo
1071 1803 1290 1864 propter
1311 1793 1388 1864 (α)
1420 1794 1516 1847 tria
1549 1793 1637 1847 illa
1673 1810 1685 1847 :
1722 1792 1888 1857 Finis,

297 1886 493 1956 inquit,
526 1885 766 1957 prmeepti
792 1895 864 1940 est
887 1885 1113 1940 charitas
1133 1885 1197 1938 de
1215 1885 1364 1938 corde
1388 1902 1536 1956 puro,
1569 1894 1615 1939 et
1635 1888 1895 1940 eonsrien~

297 1979 370 2030 tia
409 1977 575 2041 bona,
626 1987 672 2030 et
699 1977 802 2045 fide
842 1993 943 2031 non
976 1978 1100 2046 ﬁcta
1130 1977 1173 2044 (Ι
1199 1975 1331 2031 Tim.
1367 1991 1406 2040 ι,
1438 1977 1519 2047 5).
1551 1977 1653 2030 Pro
1679 1991 1773 2045 spe
1794 1976 1893 2030 bo-

298 2082 420 2122 nam
442 2068 824 2122 conscientiam
855 2067 1050 2137 posuit.
1077 2067 1168 2121 llle
1192 2067 1333 2122 enim
1357 2079 1556 2136 sperat,
1582 2069 1670 2138 qni
1698 2069 1890 2121 bonam

299 2158 682 2212 conscientiam
707 2157 867 2229 gerit.
900 2160 1068 2224 Quem
1102 2172 1230 2212 vero
1249 2158 1435 2228 pungit
1459 2158 1595 2212 mala
1615 2157 1894 2213 conscien-

300 2251 394 2315 tia,
421 2251 647 2306 retrahit
690 2265 749 2306 se
773 2265 804 2305 a
833 2265 951 2322 Spe,
981 2260 1034 2304 et
1063 2264 1170 2305 non
1203 2250 1302 2305 sibi
1332 2239 1512 2319 sperat
1536 2249 1636 2304 nisi
1663 2249 1890 2304 damna-

299 2341 523 2395 tionem.
570 2340 638 2396 Ut
662 2355 790 2411 ergo
814 2349 995 2412 speret
1024 2355 1279 2412 regnum,
1313 2339 1510 2395 habeat
1535 2329 1727 2395 bonam
1758 2355 1890 2394 eon~

297 2432 576 2487 scientiam
602 2449 617 2499 ;
651 2442 706 2487 et
731 2441 788 2486 ut
816 2431 1012 2488 habeat
1030 2433 1224 2487 bonam
1254 2432 1657 2499 conscientiam,
1685 2431 1890 2500 credat,

296 2532 355 2578 et
378 2535 656 2593 operetur.
681 2525 834 2593 Quod
851 2524 1022 2580 credit
1046 2525 1165 2580 ﬁdei
1195 2535 1297 2586 est,
1320 2524 1460 2594 quod
1488 2533 1740 2595 operatur
1765 2523 1894 2579 cha-

296 2614 472 2668 ritatis
501 2624 602 2668 est.
631 2614 724 2669 lllo
752 2630 883 2686 ergo
922 2615 1040 2669 loco
1074 2631 1103 2670 a
1139 2614 1243 2670 ﬁde
1262 2615 1425 2686 cmpit
1455 2615 1770 2684 Apostolus,
1801 2613 1895 2668 Fi-

297 2705 406 2769 des,
427 2704 581 2776 Spes,
605 2704 840 2760 Charitas
864 2720 883 2759 :
911 2706 1019 2761 alio
1044 2705 1163 2761 loco
1188 2706 1257 2758 ab
1284 2706 1397 2774 ipsa
1417 2704 1678 2760 charitate
1703 2704 1888 2775 carpit,

297 2795 537 2849 Charitas
557 2795 620 2848 de
641 2795 796 2848 corde
823 2812 968 2865 puro,
1003 2804 1051 2848 et
1075 2795 1379 2849 conscientia
1406 2794 1558 2860 bona,
1590 2804 1637 2849 et
1666 2794 1770 2862 fide
1783 2811 1887 2850 non

295 2884 436 2953 ﬁcta.
470 2883 626 2938 Modo
655 2900 750 2938 nos
777 2900 806 2936 a
835 2884 1012 2940 medio
1037 2883 1321 2954 coepimus,
1350 2883 1419 2938 ab
1455 2883 1569 2953 ipsa
1604 2882 1887 2938 conscien-

297 2975 369 3029 tia
395 2983 449 3028 et
495 2989 614 3043 spe.
658 2974 761 3043 Qui
786 2975 900 3028 vult
919 3014 938 3038 ,.
964 2975 1216 3045 inquam,
1245 2973 1443 3028 habere
1482 2973 1677 3028 bonam
1707 2988 1890 3043 spem,

298 3064 498 3120 habeat
521 3066 716 3120 bonam
737 3065 1156 3130 conscientiam;
1183 3073 1241 3118 ut
1267 3072 1446 3119 autem
1477 3063 1674 3119 habeat
1696 3064 1891 3119 bonam

295 3149 683 3213 conscientiam
708 3199 722 3221 ,
753 3156 959 3223 credat,
986 3165 1044 3212 et
1085 3165 1358 3227 operetur.
1383 3156 1427 3211 A
1456 3156 1632 3211 medio
1659 3156 1797 3213 imus
1825 3156 1896 3214 ad

296 3245 509 3301 initium
538 3257 594 3302 et
624 3247 784 3302 tinem
811 3266 827 3302 :
857 3245 1082 3315 credat,
1109 3256 1164 3302 et
1191 3255 1466 3316 operetur.
1498 3245 1652 3314 Quod
1681 3247 1889 3316 credit,

298 3337 421 3393 ﬁdei
463 3348 544 3392 est
575 3355 588 3392 :
616 3337 758 3406 quod
785 3347 1060 3410 operatur,
1089 3335 1362 3392 eharitatis
1391 3345 1494 3392 est.

369 3430 422 3484 6.
453 3429 732 3497 Quomodo
780 3443 909 3499 ergo
947 3428 1074 3484 dicit
1100 3429 1388 3498 Apostolus
1411 3428 1689 3498 justiﬁcari
1714 3429 1894 3485 homi-

295 3535 444 3585 nem,
486 3519 602 3574 sine
647 3521 905 3588 operibus
949 3535 1014 3574 ex
1044 3518 1344 3590 ﬁde(Rom.
1371 3535 1449 3585 ιιι,
1477 3519 1746 3590 9.8);cum
1786 3521 1895 3574 alio

296 3613 417 3664 loco
437 3610 580 3665 dicat
614 3629 626 3664 :
661 3608 817 3664 Fides
855 3625 970 3678 qute
1000 3627 1090 3679 per
1128 3609 1448 3664 dilectionem
1495 3619 1734 3680 operatur
1748 3609 1890 3678 (Cal.

296 3715 352 3765 v,
387 3699 480 3769 ti)?
502 3699 618 3754 Non
641 3715 769 3769 ergo
789 3699 1046 3755 Jacobum
1067 3699 1366 3770 apostolum
1388 3700 1574 3766 Paulo,
1603 3700 1695 3756 sed
1716 3700 1892 3771 ipsum

296 3789 522 3845 Paulum
570 3790 671 3860 ipsi
707 3789 874 3844 Paulo
919 3806 1272 3860 opponamus,
1301 3801 1357 3846 et
1383 3791 1626 3846 dicamus
1655 3792 1704 3847 ei
1737 3809 1750 3846 :
1783 3792 1895 3847 Hac

297 3897 398 3938 uos
439 3881 839 3952 quodammodo
893 3883 1156 3952 permittis
1202 3883 1416 3953 impune
1466 3897 1723 3953 peccare,
1771 3899 1895 3938 cum

295 3973 452 4041 dicis,
490 3975 814 4028 Arbitrantur
843 3973 1128 4044 justi/icari
1160 3973 1418 4028 hominem
1459 3991 1548 4045 per
1595 3974 1749 4043 [idem
1777 3975 1894 4029 sine

295 4064 531 4134 operibus
554 4081 574 4119 :
599 4075 652 4119 et
678 4065 778 4120 hac
801 4064 955 4130 dicis,
987 4063 1144 4118 Fides
1171 4081 1285 4136 qua:
1304 4082 1393 4136 per
1416 4065 1732 4120 dilectionem
1773 4082 1896 4135 ope—

301 4170 468 4210 ratur.
511 4157 791 4225 Quomodo
839 4162 940 4211 hac
982 4157 1134 4227 quasi
1175 4171 1396 4213 securus
1440 4159 1528 4219 ﬁo,
1557 4159 1600 4211 si
1640 4167 1893 4228 operatus

301 4265 404 4303 non
435 4248 588 4302 fuero
619 4267 632 4302 :
665 4250 764 4306 hac
803 4261 979 4304 autem
1025 4265 1123 4304 nec
1169 4265 1342 4320 spem,
1374 4267 1473 4305 nec
1522 4253 1689 4321 ipsam
1735 4252 1893 4305 ﬁdem

297 4343 484 4396 videor
524 4342 723 4398 habere
769 4342 988 4406 bonam,
1014 4342 1114 4396 nisi
1144 4352 1396 4412 aperatus
1434 4342 1588 4397 fuero
1622 4359 1718 4414 per
1764 4345 1898 4398 dile—

295 4433 566 4487 ctionem?
595 4432 846 4504 Teipsum
876 4433 1057 4499 audio,
1081 4433 1357 4502 Apostole.
1389 4433 1548 4489 Certe
1574 4434 1730 4490 ﬁdem
1766 4436 1895 4490 mihi

300 4525 387 4578 hic
414 4527 530 4580 sine
558 4528 813 4596 operibus
845 4527 925 4580 vis
952 4527 1334 4582 commendare
1363 4543 1377 4580 :
1405 4541 1541 4596 opus
1561 4537 1740 4582 autem
1770 4527 1894 4582 ﬁdei

296 4617 518 4672 dilectio
541 4628 658 4684 est;
687 4634 806 4689 qua:
845 4617 1063 4674 dilectio
1090 4632 1282 4673 vacare
1308 4632 1415 4673 non
1463 4627 1658 4688 potest,
1689 4619 1790 4674 nisi
1838 4630 1894 4674 et

298 4710 428 4764 mali
452 4711 579 4763 nihil
607 4719 878 4779 operetur,
897 4720 950 4766 et
976 4710 1234 4782 quidquid
1261 4719 1438 4782 potest
1466 4712 1592 4766 boni
1618 4721 1890 4782 operetur.

297 4801 437 4867 Quid
465 4804 608 4857 enim
641 4804 764 4856 l'acit
789 4802 1040 4858 dilectio?
1068 4803 1326 4859 Declinaa
1344 4805 1499 4870 malo,
1521 4815 1570 4859 et
1605 4808 1688 4879 [ac
1712 4805 1899 4859 bonum

300 4890 488 4959 (Psat.
532 4908 712 4958 xxxvi,
746 4894 861 4963 37).
915 4894 1062 4950 Hane
1107 4909 1235 4965 ergo
1279 4895 1438 4950 ﬁdem
1488 4895 1605 4951 sine
1643 4897 1896 4966 operibus

296 4983 676 5050 commendas;
703 4995 758 5039 et
791 4987 898 5039 alio
940 4987 1058 5040 loco
1099 4985 1235 5040 dicis
1263 5005 1278 5042 :
1306 4986 1420 5041 Etsi
1455 4987 1608 5056 [idem
1655 4987 1895 5057 habeam,

297 5077 370 5130 ita
392 5087 446 5128 ut
467 5089 659 5132 montes
683 5079 1004 5147 transferant,
1023 5080 1319 5135 charitatem
1344 5091 1513 5135 autem
1539 5099 1638 5136 non
1660 5083 1894 5151 habeam,

300 5170 432 5222 nihil
459 5169 584 5223 mihi
636 5173 837 5240 prodest
861 5173 909 5244 (l
939 5172 1056 5228 Cor.
1075 5189 1188 5241 XIII,
1214 5172 1307 5246 2).
1339 5175 1479 5246 Ergo
1502 5175 1547 5230 si
1575 5175 1703 5230 nihil
1732 5176 1896 5246 prod-

297 5271 384 5316 est
424 5262 554 5316 ﬁdes
596 5263 712 5317 sine
751 5263 1048 5329 charitate,
1096 5265 1329 5320 charitas
1382 5274 1558 5321 autem
1608 5267 1694 5322 ubi
1743 5268 1900 5325 fuerit

301 5367 525 5408 necesse
551 5361 628 5407 est
658 5361 715 5406 ut
756 5366 1030 5424 operetur,
1070 5355 1205 5411 ﬁdes
1253 5356 1363 5428 ipsa
1412 5371 1511 5427 per
1556 5356 1897 5414 dilectionem

301 5453 576 5512 operatur.
609 5443 891 5509 Quomodo
932 5460 1062 5516 ergo
1095 5447 1474 5516 justiﬁcabitur
1519 5447 1679 5505 ltomo
1705 5466 1800 5522 per
1830 5450 1897 5506 ﬁ-

305 5535 424 5587 dem
448 5534 563 5600 sine
592 5535 880 5606 operibus?
909 5537 1214 5610 Respondet
1237 5541 1351 5611 ipse
1374 5540 1660 5613 Apostolus
1703 5560 1717 5598 :
1766 5543 1899 5601 Pro-

303 5633 485 5686 pterea
514 5625 617 5694 hoc
644 5625 738 5680 tibi
759 5624 900 5692 dixi,
912 5643 946 5683 ο
963 5628 1145 5695 homo,
1163 5645 1230 5684 ne
1245 5631 1393 5703 quasi
1421 5631 1489 5689 de
1504 5632 1758 5703 operibus
1788 5636 1893 5692 tuis

303 5729 628 5785 (resumere
675 5717 949 5789 videreris,
975 5731 1029 5776 et
1079 5723 1270 5779 merito
1311 5738 1535 5796 operum
1581 5733 1794 5784 tuorum
1842 5736 1896 5785 te

361 5871 434 5938 (α)
461 5878 622 5931 Forte,
648 5873 902 5936 pra'cepti.

1392 396 1788 455 ENARRATIO
1830 395 1895 452 ΙΝ
1935 395 2262 452 PSALMUM
2305 395 2500 452 XXXI.

3473 401 3583 458 262

1991 508 2264 578 accepisse
2309 509 2432 565 ﬁdei
2477 510 2734 579 gratiam.
2784 509 2902 566 Noli
2954 526 3082 584 ergo
3141 525 3466 583 prmsumcre
3514 517 3584 571 de

1992 600 2244 670 operibus
2263 610 2388 657 ante
2415 600 2594 656 ﬁdem.
2617 600 2840 657 Noveris
2865 602 2986 674 quia
3013 613 3347 672 peccatorem
3375 613 3428 660 te
3450 605 3585 662 ﬁdes

1992 690 2216 756 invenit,
2249 693 2350 746 etsi
2381 703 2433 748 te
2458 692 2592 746 ﬁdes
2615 692 2735 747 data
2764 691 2888 747 fecit
2918 693 3142 761 justum,
3174 694 3393 764 impium
3431 695 3583 752 inve-

1992 785 2068 839 nit
2090 800 2246 855 quem
2279 785 2480 841 faceret
2515 785 2740 855 justum.
2771 786 3023 851 Creaenti,
3049 788 3236 856 inquit,
3265 805 3316 842 in
3345 804 3460 841 eum
3501 790 3588 856 qui

1981 874 2234 948 justi/ient
2252 876 2484 946 impium,
2499 879 2770 947 deputatur
2789 877 2917 944 ﬁdes
2937 879 3045 948 ejus
3064 879 3132 930 ad
3139 879 3166 948 j
3173 881 3392 933 ustitiam
3407 880 3586 949 (Rom.

1990 980 2065 1033 tv,
2098 967 2178 1036 5).
2207 967 2263 1022 Si
2295 966 2618 1037 iustiﬁcatur
2662 969 2878 1038 impius,
2911 983 2976 1023 ex
3008 969 3172 1040 impio
3200 969 3258 1024 ﬁt
3299 970 3474 1040 justus
3503 970 3588 1027 :si

1991 1071 2060 1111 ex
2087 1058 2255 1127 impio
2279 1058 2456 1128 justus
2487 1059 2566 1126 ﬁt,
2591 1075 2709 1130 qua:
2740 1069 2864 1115 sunt
2890 1075 3051 1129 Opera
3082 1062 3399 1130 impiorum?
3419 1062 3593 1118 Jactet

1992 1149 2154 1203 etiam
2205 1149 2398 1220 impius
2443 1166 2608 1219 opera
2655 1165 2772 1218 sua,
2819 1161 2875 1207 et
2923 1152 3102 1206 dicat:
3138 1153 3216 1208 Do
3243 1155 3587 1224 pauperibus,

1993 1238 2124 1291 nihil
2148 1237 2304 1294 alicui
2334 1237 2540 1298 aufero.
2567 1255 2675 1294 non
2701 1257 2927 1294 uxorem
2957 1242 3187 1296 alienam
3237 1243 3583 1312 concupisco,

1993 1345 2101 1383 non
2127 1345 2444 1399 quemquam
2494 1331 2700 1396 occido,
2731 1332 2859 1386 nulli
2900 1331 3138 1387 fraudem
3185 1333 3341 1402 facio,
3369 1335 3588 1404 deposi-

1994 1428 2104 1473 tum
2146 1420 2285 1488 apud
2335 1436 2421 1475 me
2465 1421 2612 1475 nullo
2665 1431 2800 1476 teste
2844 1435 3198 1491 rcpt'mseulo;
3244 1425 3359 1479 luce
3407 1428 3588 1482 omnia

1994 1511 2136 1565 dicat
2167 1529 2183 1566 ε
2211 1527 2392 1581 ιιυςιιιο
2424 1523 2597 1567 utrum
2629 1513 2747 1582 pius
2772 1515 2862 1581 sit,
2885 1529 2950 1568 au
2981 1516 3189 1582 impius.
3227 1516 3293 1570 Et
3319 1518 3590 1586 quomodo

1993 1615 2110 1654 sum
2158 1600 2373 1670 impius,
2424 1605 2614 1673 tnquit,
2669 1607 2766 1657 ista
2815 1604 3052 1660 faciens?
3078 1606 3358 1672 Quomodo
3397 1608 3492 1670 illi,
3521 1607 3590 1662 de

1994 1691 2188 1759 quibus
2213 1690 2412 1745 dictmn
2441 1702 2524 1746 est
2557 1710 2571 1746 :
2602 1691 2674 1747 Et
2703 1693 2980 1747 servierunt
3010 1705 3254 1748 creatura:
3274 1697 3590 1767 potiusquant

1992 1779 2241 1845 Creatori,
2272 1783 2357 1851 qui
2382 1792 2455 1836 est
2484 1781 2772 1836 benedictus
2808 1784 2860 1836 in
2885 1783 3072 1837 secula
3098 1783 3207 1853 (Id.
3239 1799 3278 1852 ι,
3441 1786 3591 1854 Quo-

1994 1869 2157 1924 modo
2183 1886 2242 1925 es
2266 1872 2493 1942 impius?
2522 1872 2658 1939 Quid
2689 1873 2734 1926 si
2761 1872 2827 1926 de
2852 1871 2934 1926 his
2959 1873 3243 1929 omnibus‘
3274 1874 3430 1930 bonis
3457 1891 3590 1946 ope-

1994 1962 2163 2025 ribus,
2191 1971 2284 2016 aut
2324 1962 2450 2015 illud
2481 1977 2665 2031 speras
2689 1962 2832 2032 quod
2875 1964 3198 2034 sperandum
3227 1975 3333 2033 est,
3359 1965 3454 2022 sed
3483 1982 3591 2022 non

1991 2050 2062 2103 ab
2091 2051 2182 2105 illo
2207 2065 2238 2102 a
2269 2067 2375 2121 quo
2425 2051 2748 2121 sperandum
2793 2061 2905 2120 est;
2931 2063 3026 2108 aut
3069 2054 3173 2109 hoc
3214 2069 3418 2125 speras,
3448 2057 3590 2128 quod

1993 2139 2315 2209 sperandum
2362 2156 2468 2196 non
2520 2151 2622 2207 est,
2674 2143 2835 2196 etiam
2879 2143 2948 2196 ab
2996 2143 3090 2198 illo
3127 2159 3156 2198 a
3212 2160 3319 2214 quo
3390 2157 3592 2204 atterna

1992 2229 2101 2285 vita
2147 2231 2409 2299 speranda
2459 2232 2574 2286 est?
2605 2232 2708 2286 Pro
2748 2232 2901 2287 bonis
2940 2234 3191 2302 aperibus
3220 2237 3446 2304 sperasti
3479 2247 3592 2292 ter-

1993 2335 2178 2374 renam
2223 2320 2508 2390 quamdam
2540 2319 2870 2384 felicitatem,
2901 2323 3095 2392 impius
3123 2339 3199 2378 es.
3236 2325 3353 2378 Non
3377 2335 3460 2380 est
3488 2326 3594 2384 ista

1998 2424 2210 2465 merces
2249 2410 2392 2466 ﬁdei.
2452 2411 2588 2465 Cara
2632 2426 2721 2467 res
2774 2422 2858 2467 est
2915 2413 3069 2480 ﬁdes,
3111 2415 3198 2468 vili
3250 2415 3392 2470 illam
3433 2417 3594 2471 addi-

1995 2502 2173 2556 xisti’.
2197 2501 2396 2570 Impius
2420 2518 2547 2572 ergo
2574 2519 2654 2570 es,
2679 2511 2734 2557 et
2783 2504 2929 2560 nulla
2981 2514 3108 2560 sunt
3145 2507 3244 2561 ista
3272 2523 3434 2577 opera
3478 2517 3593 2564 tua.

1997 2591 2211 2647 Moveas
2255 2593 2380 2648 licet
2412 2593 2465 2648 in
2505 2593 2660 2648 bonis
2705 2594 2956 2664 operibus
2991 2593 3245 2663 lacertos,
3277 2605 3332 2652 et
3361 2599 3594 2656 videaris

1996 2682 2176 2737 navim
2222 2684 2424 2753 optime
2469 2685 2790 2754 gubernare,
2824 2685 2877 2739 in
2925 2700 3054 2740 saxa
3103 2687 3342 2741 festinas.
3369 2687 3505 2756 Quid
3545 2689 3594 2746 si

1999 2772 2142 2842 quod
2166 2772 2488 2842 sperandum
2539 2783 2622 2829 est
2645 2789 2854 2844 speras,
2884 2776 2937 2830 id
2985 2785 3068 2831 est
3109 2778 3268 2831 vitam
3313 2789 3592 2848 attentam,

1999 2865 2095 2920 sed
2144 2880 2250 2922 nou
2281 2881 2313 2921 a
2344 2867 2570 2921 Domino
2623 2862 2736 2923 Deo
2786 2883 2885 2938 per
2922 2869 3105 2924 Jesnm
3158 2871 3452 2939 Christum,
3498 2890 3595 2943 per

1995 2971 2155 3026 quem
2185 2958 2358 3011 solum
2383 2957 2540 3012 datur
2567 2960 2671 3012 vita
2698 2970 2929 3028 arterua;
2953 2963 3046 3015 sed
3070 2975 3224 3033 putas
3247 2973 3298 3018 te
3327 2965 3393 3019 ad
3423 2968 3587 3022 vitam

1993 3055 2249 3101 asternatu
2293 3063 2450 3117 posse
2491 3051 2767 3117 perxenite
2813 3067 2905 3119 per
2933 3053 3177 3106 militiam
3209 3056 3351 3120 caeli,
3386 3072 3481 3125 per
3505 3073 3598 3113 so-

1996 3137 2101 3192 Iesu
2131 3149 2185 3194 et
2213 3141 2415 3208 lunam,
2437 3157 2530 3210 per
2559 3153 2850 3211 potestates
2870 3146 3031 3209 aeris,
3049 3156 3097 3200 et
3131 3150 3314 3214 maris,
3339 3157 3394 3201 et
3415 3159 3600 3219 terra),

1996 3241 2051 3284 ει
2077 3231 2353 3286 siderum?
2380 3232 2576 3301 Impius
2625 3249 2704 3287 es.
2737 3233 2910 3290 Crede
2947 3236 3000 3289 in
3047 3251 3168 3290 eum
3213 3239 3300 3306 qui
3341 3239 3598 3309 justifies".

1997 3319 2242 3391 impium,
2297 3332 2355 3376 ut
2399 3324 2606 3392 possint
2650 3333 2705 3378 et
2736 3323 2873 3378 bona
2921 3339 3086 3394 opera
3134 3336 3220 3380 tua
3270 3343 3390 3383 csse
3430 3346 3601 3400 opera

1997 3411 2156 3466 bona.
2177 3412 2311 3468 Nam
2343 3429 2441 3468 nec
2474 3413 2612 3468 bona
2642 3414 2726 3467 illa
2759 3414 3158 3484 appellaverim,
3193 3419 3446 3486 quamdiu
3485 3437 3601 3478 non

1997 3505 2067 3560 de
2110 3505 2288 3561 radice
2331 3506 2469 3560 bona
2514 3508 2827 3575 procedunt.
2856 3507 2999 3574 Quid
3028 3518 3109 3562 est
3140 3509 3274 3564 hoc?
3300 3513 3407 3566 Aut
3429 3511 3600 3569 vitam.

1999 3597 2350 3666 temporalem
2377 3597 2444 3651 ab
2469 3604 2672 3652 aeterno
2715 3597 2825 3652 Deo
2869 3612 3078 3668 speras,
3101 3609 3194 3654 aut
3238 3601 3399 3657 vitam
3439 3611 3600 3658 acter-

1997 3702 2120 3742 uam
2138 3703 2168 3740 a
2191 3687 2526 3743 dmmonibus
2545 3702 2735 3757 speras
2758 3705 2774 3742 :
2799 3688 2850 3742 in
2872 3689 3106 3758 qualibet
3127 3699 3275 3760 parte
3300 3691 3492 3762 impius
3513 3707 3594 3748 es.

1998 3777 2218 3850 Corrige
2240 3777 2605 3849 ﬁdetn,dirige
2631 3777 2792 3833 ﬁdem
2804 3778 2846 3844 ³,
2869 3779 3040 3851 dirige
3069 3782 3210 3836 viam
3243 3801 3258 3837 :
3290 3793 3342 3838 et
3360 3784 3414 3838 si.
3429 3784 3604 3842 habes

1997 3868 2171 3924 bonos
2199 3869 2381 3939 pedes,
2409 3868 2620 3923 ambula
2636 3869 2749 3940 jam
2775 3883 3015 3939 securus,
3038 3885 3216 3940 curre,
3239 3874 3377 3928 viam
3407 3883 3597 3932 tenes:

1998 3969 2199 4031 quanto
2243 3963 2433 4016 melius
2480 3963 2802 4026 cucurreris,
2833 3971 2986 4017 tanto
3024 3963 3230 4020 facilius
3276 3968 3583 4038 pervenies.

1997 4052 2104 4109 Sed
2157 4055 2292 4110 forte
2335 4054 2603 4110 claudicas
2649 4055 3004 4127 aliquantum.
3054 4057 3254 4114 Saltem
3286 4075 3318 4116 a
3346 4060 3432 4117 via
3477 4063 3588 4118 noli

2000 4146 2284 4212 recedere;
2311 4148 2412 4201 etsi
2461 4148 2684 4212 tardius,
2735 4158 3090 4218 perventurus
3130 4166 3190 4206 es
3219 4169 3232 4206 :
3263 4152 3374 4210 noli
3419 4170 3600 4210 rema-

2005 4253 2157 4303 nere,
2193 4240 2301 4292 noli
2333 4247 2476 4293 retro
2503 4239 2767 4307 converti,
2796 4241 2905 4295 noli
2933 4240 3171 4298 deviare.

2076 4328 2127 4382 7.
2162 4328 2299 4395 Quid
2333 4331 2494 4400 ergo?
2524 4331 2624 4397 Qui
2664 4339 2787 4385 sunt
2817 4331 2991 4386 beati?
3022 4331 3136 4386 Non
3166 4333 3218 4387 in
3248 4333 3443 4404 quibus
3487 4351 3605 4393 non

2001 4421 2264 4474 invenerit
2304 4421 2445 4476 Deus
2490 4432 2953 4491 peceatumznam
2993 4423 3044 4478 in
3089 4425 3339 4480 omnibus
3370 4425 3596 4484 invenit.

2003 4513 2201 4565 Utnues
2226 4512 2369 4566 enim
2399 4523 2776 4581 peccaverunt,
2805 4522 2858 4566 et
2884 4523 3042 4582 egent
3064 4514 3234 4584 gloria
3264 4514 3359 4570 Dei
3389 4516 3604 4589 (ld.ttt,

2001 4601 2118 4665 25).
2151 4601 2206 4657 Si
2236 4617 2366 4673 ergo
2410 4603 2461 4657 in
2493 4603 2741 4658 omnibus
2793 4615 3006 4672 peccata
3033 4605 3394 4674 inveniuntur,
3423 4624 3605 4666 remst.

2002 4705 2093 4748 net
2122 4704 2179 4749 ut
2204 4710 2310 4748 non
2340 4695 2446 4749 sint
2473 4696 2636 4762 beati,
2670 4696 2772 4750 nisi
2801 4712 3029 4766 quorum
3071 4700 3293 4754 remissa
3323 4712 3448 4756 sunt
3470 4718 3599 4773 pec-

2003 4797 2142 4840 cata.
2178 4787 2289 4841 lloc
2317 4803 2444 4856 ergo
2471 4788 2759 4857 Apostolus
2789 4790 2866 4842 sic
2893 4791 3289 4846 commendavit
3316 4811 3332 4848 :
3366 4794 3595 4850 Credidit

1999 4876 2259 4931 Abraham
2300 4879 2434 4943 Deo,
2466 4889 2515 4932 et
2562 4888 2853 4947 reputatum
2881 4889 2953 4933 est
2978 4881 3023 4933 ei
3048 4881 3117 4934 ad
3151 4883 3434 4951 justitiam.
3465 4885 3530 4940 Et
3553 4889 3600 4944 ei

1998 4969 2089 5040 qui
2116 4980 2357 5037 operatur
2394 4968 2468 5040 (id
2499 4978 2602 5035 est,
2635 4969 2703 5024 de
2731 4970 2984 5040 operibus
3011 4976 3306 5041 pra-sumit,
3329 4982 3384 5029 et
3411 4993 3598 5036 eorum

1999 5060 2191 5114 merito
2206 5060 2304 5114 sibi
2331 5059 2460 5114 dicit
2483 5060 2660 5113 datam
2689 5074 2809 5116 esse
2834 5063 3057 5130 gratiam
3089 5061 3256 5131 ﬁdei),
3290 5081 3480 5122 merces
3497 5083 3601 5125 non

2001 5151 2286 5220 imputatur
2326 5152 2605 5204 secundum
2651 5152 2890 5222 gratiam,
2919 5155 3008 5207 sed
3054 5155 3330 5210 secundum
3377 5158 3601 5216 debitum

2001 5241 2113 5313 (Id.
2144 5259 2216 5308 ιν,
2249 5242 2303 5309 5,
2326 5240 2405 5310 4).
2429 5242 2564 5306 Quid
2597 5253 2677 5295 est
2706 5241 2830 5310 hoc,
2859 5243 2958 5297 nisi
2984 5245 3160 5316 quod‘
3189 5263 3396 5304 merces
3419 5262 3598 5307 nostra

1999 5335 2167 5408 gratia
2225 5335 2483 5390 vocatur?
2512 5335 2567 5389 Si
2597 5335 2764 5405 gratia
2794 5345 2898 5401 est,
2926 5337 3090 5405 gratis
3114 5338 3289 5394 datur.
3326 5342 3461 5409 Quid
3492 5357 3593 5406 est.

2005 5425 2172 5497 gratis
2218 5424 2407 5479 datur?
2445 5425 2622 5481 Gratis
2677 5434 2907 5482 constat.
2956 5427 3096 5482 Nihil
3149 5430 3272 5486 boni
3307 5429 3513 5502 fecisti,
3541 5445 3597 5490 et

2065 5520 2082 5546 ⁸
2097 5514 2241 5588 fdd_.,
2267 5522 2387 5588 Ecce
2410 5515 2709 5588 qttomodoes
2725 5514 2921 5588 impius.
2942 5518 3107 5588 Abest,
3132 5527 3281 5588 Ecce,
3305 5536 3333 5570 a
3503 5525 3600 5588 sed

2001 5588 2066 5647 ex
2093 5577 2153 5626 iis
2173 5577 2281 5647 duo
2303 5577 2488 5628 habent
2517 5579 2588 5628 sic
2613 5593 2624 5628 :
2652 5577 2893 5640 quomodo
2914 5592 2966 5630 es
2988 5577 3119 5644 pius,
3141 5580 3224 5647 qui
3258 5577 3320 5635 de
3343 5584 3419 5635 his
3451 5577 3604 5638 omni;

2000 5636 2106 5698 bus,
2136 5645 2232 5687 etc.
2665 5636 2677 5640 '

2065 5697 2476 5771 idemitem.
2501 5697 2773 5771 «temta-

2067 5759 2088 5827 ξ
2108 5767 2160 5827 ιη
2181 5759 2284 5811 uss.
2309 5761 2474 5827 deest,
2498 5761 2656 5827 dirige
2669 5762 2838 5827 fidem.

2064 5822 2087 5852 ⁸
2107 5824 2537 5898 κεεθῃιοηιξες.
2563 5822 2618 5898 et'
2634 5822 2787 5887 colu,
2811 5823 2936 5886 quid
2953 5830 3024 5878 est
3057 5825 3182 5880 hoc?
3207 5836 3389 5882 tterces
3419 5837 3602 5898 nostra,

2005 5893 2122 5950 etc.,
2141 5885 2336 5945 omisso,
2359 5883 2453 5936 nisi
2475 5883 2619 5946 q'twd.
