4008 6318
428 395 535 452 265

428 506 587 559 datur
631 501 724 559 tibi
774 497 1018 556 remissio
1052 503 1429 567 peccatorum.
1466 488 1829 545 Attenduntur
1853 500 2016 556 opera

432 609 540 663 tua,
566 605 621 651 et
643 593 992 650 inveniuntur
1021 588 1201 644 omnia
1230 586 1391 641 mala.
1424 583 1481 639 Si
1512 581 1652 653 quod
1678 580 1902 635 debetur
1919 577 2023 633 illis

433 688 703 761 operibus,
740 687 877 741 Deus
920 682 1191 748 redderet,
1221 680 1402 749 utique
1451 676 1729 729 damnaret
1764 691 1775 727 :
1807 672 2025 741 Stipen-

433 784 579 837 dium
606 782 748 835 enim
789 770 992 849 peccati
1036 789 1181 829 mors
1210 771 1385 846 (Rom.
1416 785 1491 836 vr,
1517 768 1635 839 9.5).
1667 766 1816 821 Malis
1842 763 2025 834 operi-

439 875 536 929 bus
563 872 688 945 quid
718 872 964 932 debetur,
981 867 1084 923 nisi
1105 862 1414 921 damnatio?
1441 861 1602 915 Bonis
1618 856 1743 929 quid
1770 856 2029 911 debetur?

440 971 682 1042 Regnum
729 967 1010 1023 ctelorum.
1036 962 1116 1017 Tu
1163 969 1340 1015 autem
1381 957 1434 1011 in
1466 954 1618 1009 malis
1661 951 1913 1022 operibus
1940 948 2025 1042 in-

441 1039 629 1117 ventus
653 1075 712 1116 es
741 1078 754 1114 :
786 1059 833 1114 si
870 1055 1124 1112 reddatur
1152 1051 1246 1107 tibi
1271 1048 1412 1121 quod
1458 1047 1700 1109 debetur,
1729 1039 2030 1113 puniendus

441 1169 523 1208 es.
572 1150 712 1219 Quid
759 1163 887 1219 ergo
933 1146 1025 1201 ﬁt?
1077 1143 1194 1199 Non
1240 1141 1337 1195 tibi
1388 1139 1528 1193 Deus
1575 1135 1752 1190 reddit
1797 1131 2029 1187 debitam

439 1258 692 1315 poenam,
746 1240 842 1295 sed
912 1237 1078 1292 donat
1144 1230 1435 1287 indebilam
1485 1226 1743 1298 gratiam.
1794 1221 2034 1315 Debebat

442 1314 749 1398 vindictam,
794 1332 887 1386 dat
928 1325 1331 1398 indulgentiam.
1380 1321 1576 1407 Incipis
1633 1332 1761 1388 ergo
1808 1330 1931 1372 esse
1976 1314 2031 1368 in

442 1427 545 1483 ﬁde
576 1443 670 1496 per
698 1422 1108 1493 indulgentiam;
1138 1420 1248 1489 jam
1276 1415 1408 1471 ﬁdes
1431 1416 1522 1469 illa
1552 1418 1825 1480 assumpta
1859 1423 1953 1478 spe
1979 1414 2035 1462 et

439 1519 725 1573 dilectione
771 1514 955 1583 incipit
1002 1511 1141 1567 bene
1182 1505 1395 1579 operari
1428 1523 1443 1559 :
1471 1503 1565 1559 sed
1604 1517 1705 1557 nec
1754 1511 1881 1556 tunc
1917 1498 2034 1568 glo-

440 1609 615 1676 rieris,
646 1616 701 1664 et
753 1605 980 1662 extollas
1006 1611 1058 1658 te
1084 1620 1096 1656 :
1122 1608 1395 1655 memento
1423 1611 1454 1650 a
1482 1610 1587 1666 quo
1613 1595 1665 1648 in
1692 1594 1779 1647 via
1827 1589 2033 1660 positus

442 1706 547 1765 sis;
581 1708 849 1754 memento
880 1695 1003 1766 quia
1047 1702 1103 1748 et
1127 1692 1271 1747 sanis
1298 1687 1521 1761 pedibus
1544 1695 1599 1741 et
1640 1682 1911 1739 velocibus
1944 1695 2033 1736 er-

445 1794 632 1857 rabas;
659 1797 932 1846 memento
974 1786 1095 1856 quia
1123 1784 1228 1840 etsi
1253 1780 1561 1852 languebas,
1591 1786 1649 1833 et
1674 1777 1725 1831 in
1761 1775 1844 1829 via
1875 1772 2037 1829 senti-

441 1884 594 1937 vivus
635 1881 872 1952 jacebas,
904 1879 1110 1933 levatus
1138 1889 1197 1929 es
1229 1874 1279 1927 in
1319 1871 1639 1942 jnmentum,
1670 1876 1723 1922 et
1752 1864 2037 1936 perductus

441 1975 496 2029 in
524 1972 788 2046 stabulum
812 1969 963 2041 (Luc.
989 1984 1044 2035 x,
1073 1966 1189 2037 30).
1214 1964 1279 2019 Ei
1300 1972 1491 2028 autent,
1522 1959 1711 2029 inquit,
1735 1957 1822 2029 qui
1846 1970 2033 2046 opera-

445 2076 544 2130 tur,
575 2080 762 2118 merces
795 2078 895 2116 non
938 2061 1216 2130 imputatur
1254 2052 1529 2108 secundum
1570 2049 1806 2121 gratiam,
1837 2045 1926 2100 sed
1952 2061 2035 2099 se-

441 2154 665 2207 cundant
708 2151 946 2206 debitum.
987 2148 1045 2203 Si
1093 2146 1174 2202 vis
1217 2160 1338 2201 esse
1376 2142 1582 2195 alienus
1610 2154 1639 2193 a
1666 2136 1855 2209 gratia,
1893 2136 2036 2206 jacta

443 2245 631 2301 merita
678 2255 785 2299 tua.
819 2243 912 2299 llle
957 2249 1135 2294 autem
1171 2236 1318 2291 videt
1358 2231 1485 2305 quid
1516 2232 1587 2286 sit
1628 2230 1682 2284 in
1709 2239 1782 2294 te,
1810 2237 1866 2283 et
1890 2226 2037 2280 novit

440 2335 566 2407 quid
595 2336 678 2391 cui
700 2336 715 2366 ¹
733 2334 942 2388 debeat.
962 2330 1029 2384 Ei
1056 2344 1170 2382 vero
1198 2326 1283 2398 qui
1312 2341 1412 2377 non
1442 2329 1698 2391 operatur,
1721 2317 1880 2389 quid?
1898 2315 2036 2371 Ecce

444 2442 584 2496 pone
638 2424 870 2495 aliquem
922 2420 1142 2489 impium
1196 2426 1554 2487 peccatorem,
1605 2425 1712 2465 non
1754 2418 2033 2478 operatur.

441 2519 577 2585 Quid
606 2516 817 2572 autem?
842 2514 1026 2570 Credit
1054 2522 1231 2565 autem
1251 2510 1270 2540 ¹
1303 2509 1355 2562 in
1386 2522 1507 2562 eum
1529 2504 1618 2575 qui
1637 2501 1896 2573 justiﬁeat
1926 2500 2031 2553 im-

443 2610 607 2682 pium.
643 2610 719 2664 Ex
744 2624 809 2664 eo
854 2606 995 2663 enim
1026 2604 1146 2675 quia
1197 2618 1305 2656 non
1351 2608 1599 2670 operatur
1636 2598 1794 2661 bene,
1842 2592 2036 2663 impius

444 2712 528 2760 est
555 2721 568 2757 :
597 2702 698 2757 etsi
739 2701 878 2756 bona
907 2698 1148 2753 videatur
1171 2694 1365 2761 facere,
1386 2701 1585 2757 tamen,
1615 2691 1737 2760 quia
1764 2690 1879 2744 sine
1906 2686 2031 2755 ﬁde,

443 2809 544 2849 nec
573 2793 710 2848 bona
731 2789 970 2845 vocanda
996 2798 1138 2842 sunt.
1156 2784 1387 2841 Credenti
1411 2792 1582 2837 autem
1607 2782 1659 2835 in
1688 2797 1802 2834 eum
1825 2780 1911 2851 qui
1936 2778 2037 2848 ju-

442 2884 627 2950 sti/icat
652 2883 883 2951 impium,
914 2878 1187 2947 deputatur
1221 2876 1347 2944 ﬁdes
1371 2874 1482 2944 ejus
1508 2872 1576 2925 ad
1595 2869 2037 2943 justitiam;sicut

441 2983 485 3028 et
517 2971 683 3026 Dauid
708 2970 850 3034 dicit,
883 2965 1240 3022 beatitudinem
1261 2963 1497 3028 hominis,
1530 2963 1613 3016 cui
1655 2961 1794 3014 Deus
1831 2968 2035 3029 accepto

442 3067 536 3134 fert
567 3062 821 3135 justitiam
858 3060 968 3113 sine
1008 3058 1240 3129 operibus
1266 3055 1444 3125 (Rom.
1473 3070 1546 3121 tv,
1577 3053 1633 3121 5,
1663 3052 1743 3123 6).
1766 3050 2035 3106 Justitiam

443 3165 624 3209 autem
670 3151 869 3221 quam?
902 3148 1070 3216 Fidei,
1101 3162 1261 3219 quam
1305 3146 1442 3201 bona
1473 3160 1636 3216 opera
1667 3159 1774 3198 non
1803 3156 2033 3213 praeces-

440 3250 645 3309 serunt,
669 3243 759 3297 sed
783 3257 937 3312 quam
970 3242 1107 3295 bona
1134 3253 1296 3309 Opera
1322 3244 1745 3308 consequuntur.

482 3335 568 3390 '8.
598 3331 860 3388 lnteudite
886 3346 1015 3402 ergo
1056 3346 1152 3384 vos
1182 3345 1196 3384 :
1228 3328 1466 3400 alioquin
1512 3327 1652 3381 male
1694 3323 2036 3396 intelligendo

442 3428 703 3499 projicitis
732 3442 825 3481 vos
871 3428 925 3480 in
954 3425 1098 3479 illam
1142 3423 1449 3494 voraginem
1479 3421 1694 3490 impune
1730 3419 1983 3489 peccandi
2017 3436 2032 3474 :

440 3530 496 3577 et
540 3536 639 3591 ego
674 3520 809 3574 liber
832 3533 973 3583 sum,
1003 3518 1140 3571 sicut
1179 3516 1294 3585 ipse
1342 3514 1632 3584 Apostolus
1670 3513 1738 3567 ab
1781 3512 2030 3567 omnibus

444 3610 585 3665 male
625 3607 1040 3679 intelligentibus
1090 3606 1227 3661 liber
1255 3604 1372 3659 fuit.
1401 3604 1656 3659 Libenter
1702 3603 1843 3657 enim
1889 3601 2031 3657 male

442 3702 841 3765 intellexerunt,
868 3714 936 3754 ne
963 3699 1099 3753 bona
1138 3712 1298 3768 opera
1322 3702 1692 3765 sequerentur.
1723 3694 1896 3749 Nolite
1916 3708 2036 3750 esse

442 3793 512 3847 de
538 3805 762 3847 numero
788 3790 992 3855 talium,
1026 3790 1234 3843 fratres.
1251 3787 1454 3842 Dicitur
1481 3786 1533 3841 in
1554 3784 1782 3856 quodam
1802 3784 2032 3855 psalmo,

449 3884 520 3938 de
546 3882 777 3953 quodam
809 3880 1025 3935 homine
1057 3879 1169 3945 tali,
1203 3878 1255 3932 id
1282 3887 1365 3933 est
1391 3877 1459 3933 de
1487 3878 1576 3931 tali
1625 3892 1841 3949 genere,
1884 3878 2037 3948 quasi

450 3975 521 4031 de
550 3990 656 4029 uno
679 3992 692 4028 :
720 3957 919 4038 Noluit,
942 3972 1131 4042 inquit,
1162 3971 1438 4041 intelligere
1456 3978 1512 4023 ut
1534 3968 1654 4023 bene
1672 3976 1839 4040 agere‘t
1863 3968 2032 4041 (Psal.

447 4082 615 4134 xxxv,
637 4067 717 4138 ι).
741 4066 855 4121 Neu
888 4065 1087 4121 dictum
1118 4073 1217 4129 est,
1240 4063 1358 4118 Non
1399 4066 1571 4134 potuit
1591 4064 1904 4135 intelligere.
1931 4064 2037 4121 Vos

443 4176 574 4230 ergo
593 4169 803 4230 oportet
826 4168 880 4214 ut
902 4158 1074 4213 velitis
1095 4156 1411 4228 intelligere,
1426 4166 1484 4211 ut
1503 4158 1643 4213 bene
1658 4158 1847 4227 agatis.
1870 4156 2036 4213 Intel-

447 4253 617 4307 lectus
634 4251 778 4306 enim
809 4250 959 4305 vobis
988 4264 1094 4303 non
1120 4247 1293 4304 deerit
1312 4246 1646 4303 manifestus.
1662 4247 1791 4316 Quis
1818 4257 1901 4304 est
1919 4264 2036 4303 ma-

448 4344 670 4399 nifestus
699 4341 1035 4397 intellectus?
1058 4339 1229 4395 Nemo
1247 4339 1415 4411 jactet
1447 4340 1585 4395 bona
1611 4353 1775 4410 Opera
1798 4356 1892 4395 sua
1912 4348 2038 4396 ante
2076 4350 2079 4353 ‘

452 4434 632 4500 ﬁdem,
663 4448 821 4489 nemo
849 4434 917 4487 sit
941 4433 1089 4503 piger
1115 4433 1167 4487 in
1191 4432 1345 4489 bonis
1377 4432 1628 4502 operibus
1655 4442 1869 4503 accepta
1901 4433 2033 4489 ﬁde.

455 4526 552 4580 Dat
600 4526 739 4579 Deus
775 4539 903 4594 ergo
932 4523 1312 4595 indulgentiam
1343 4524 1592 4579 omnibus
1616 4524 1814 4595 impiis,
1842 4536 1893 4580 et
1918 4541 2013 4581 eos

446 4616 705 4686 justiﬁeat
727 4631 792 4669 ex
820 4614 941 4670 ﬁde.

518 4708 571 4763 9.
601 4705 760 4779 [uers.
790 4707 842 4769 1,
864 4704 958 4778 2.]
984 4704 1127 4759 Beati
1161 4704 1182 4737 ³
1212 4722 1425 4775 quorum
1460 4706 1685 4762 remissa:
1708 4717 1824 4761 sunt
1848 4707 2036 4778 iniqui-

446 4811 593 4866 tates,
634 4808 680 4852 et
704 4815 919 4868 quorum
961 4806 1089 4851 tecta
1115 4806 1233 4852 sunt
1257 4806 1483 4865 peccata.
1508 4797 1697 4852 Beatus
1722 4800 1798 4852 vir
1824 4801 1907 4853 cui
1935 4816 2038 4854 non

444 4890 706 4960 imputavit
748 4888 996 4942 Dominus
1023 4898 1302 4959 peccatum,
1326 4906 1417 4943 nec
1436 4899 1507 4943 est
1531 4890 1584 4943 in
1621 4907 1707 4944 ore
1734 4892 1843 4962 ejus
1867 4890 2032 4946 dolus.

445 4982 562 5037 Jtnn
592 4981 837 5035 Psaltnus
867 4981 1069 5050 incipit,
1093 4988 1147 5034 et
1171 4980 1358 5050 incipit
1383 4981 1697 5036 intellectus.
1728 4981 2037 5037 Intellectus

447 5087 579 5141 ergo
608 5071 690 5125 vel
718 5060 1061 5140 intelligentia
1087 5070 1199 5139 ipsa
1230 5080 1341 5138 est,
1378 5080 1434 5125 ut
1459 5072 1672 5127 noveris
1698 5087 1798 5127 nec
1818 5062 2037 5142 jactare

450 5178 501 5221 te
528 5164 725 5220 debere
761 5164 828 5219 dc
855 5164 1060 5219 meritis
1088 5165 1211 5231 tuis,
1242 5179 1341 5219 nec
1365 5179 1689 5234 praesumere
1712 5165 1779 5220 de
1807 5167 2039 5235 impuni-

457 5270 564 5314 tate
595 5260 817 5329 peccati.
850 5256 1045 5310 l’salmi
1073 5256 1216 5311 enim
1244 5258 1429 5311 titulus
1459 5258 1526 5311 ita
1559 5267 1677 5312 est:
1714 5257 1849 5312 Huic
1871 5257 2039 5311 David

447 5352 747 5406 intellectus.
767 5340 1164 5419 In‘telligentiw‘
1190 5359 1409 5403 vocatur
1440 5350 1679 5420 psalmus
1706 5350 1825 5405 iste.
1856 5350 2037 5407 Prima

509 5468 523 5497 ¹
554 5471 711 5522 Forte,
735 5469 781 5513 et
802 5461 898 5522 cui,
920 5460 1017 5520 vel,
1038 5461 1232 5525 cuique.
1288 5468 1347 5509 Μ.

506 5530 527 5596 ξ
551 5532 688 5596 Forte
712 5538 817 5596 pro,
840 5532 1015 5581 mitem,
1034 5522 1328 5596 legendum,
1340 5529 1526 5596 tamen.
1590 5530 1645 5596 at.

509 5589 529 5620 ⁸
552 5586 623 5636 Sic
656 5585 845 5635 in‘ttss.
882 5585 1118 5649 superiori
1167 5585 1433 5647 praefationi
1469 5587 1701 5649 proxime,
1727 5586 2039 5649 coniungitur

442 5650 593 5699 altera
618 5650 785 5697 isthtec
802 5647 966 5697 Psalmi
982 5648 1036 5695 51
1060 5649 1319 5709 expositio.
1345 5657 1400 5697 At
1418 5648 1467 5695 in
1490 5649 1623 5709 prius
1645 5648 1788 5697 editis
1804 5650 1865 5696 ab
1888 5647 1962 5699 Er.
1989 5655 2043 5699 et

436 5712 552 5817 L‘ov.
579 5709 847 5819 {pprgtsgoc
865 5709 969 5779 loco
1002 5710 1285 5771 interposita
1321 5715 1482 5758 Enan‘.
1520 5710 1574 5770 1,
1597 5722 1741 5774 quam
1767 5710 1923 5760 habes
1952 5722 2038 5759 su-

438 5787 471 5819 o
500 5784 543 5819 a.
628 5786 632 5805 τ
657 5806 667 5818 .
788 5805 801 5818 .
1802 5816 1805 5817 ν

474 5783 543 5825 ra,
579 5782 667 5818 N’l.
693 5782 801 5819 Ζῧῧ.
1802 5816 1805 5817 ,

438 5787 667 5884 pri,
693 5787 871 5894 ﬁlia,
892 5842 893 5845 ‘
913 5831 1038 5883 Huic
1077 5832 1233 5886 David
1269 5834 1553 5899 intellectus,
1587 5833 1698 5885 edd.
1734 5816 1915 5887 omnes.
1946 5832 2033 5887 ha-

1638 377 1697 435 S.
1736 370 2108 433 AUGUSTINI
2145 367 2446 427 EPlSCOPl

3614 365 3727 425 966

2132 498 2261 553 ergo
2310 480 2678 553 intelligentia.
2712 490 2768 535 ut
2793 491 2846 537 te
2875 480 3088 538 noveris
3117 489 3477 552 peccatorem.
3508 478 3720 537 Conse-

2130 590 2301 647 quens
2326 575 2669 645 intelligentia
2687 584 2790 638 est,
2818 584 2876 629 ut
2901 589 3023 629 cum
3044 590 3110 629 ex
3136 573 3239 629 ﬁde
3260 588 3356 642 per
3378 572 3727 628 dilectionem

2132 670 2269 725 bene
2298 668 2525 737 cmperis
2554 666 2786 737 operari,
2814 682 2882 722 ne
2913 665 3016 722 hoc
3036 665 3241 721 viribus
3266 665 3387 731 tuis,
3422 664 3516 719 sed
3542 665 3732 734 gratia:

2134 762 2227 817 Dei
2254 761 2615 831 deputaveris.
2648 760 2723 815 lta
2766 775 2870 814 non
2901 759 3003 814 erit
3026 758 3182 814 dolus
3214 758 3265 813 in
3292 757 3456 814 corde
3480 767 3597 821 tuo,
3626 758 3731 811 hoc

2135 864 2218 910 est
2239 856 2291 909 in
2316 868 2411 909 ore
2447 853 2702 909 interiore
2752 861 2880 919 tuo;
2912 867 3012 907 nec
3039 851 3181 906 aliud
3218 851 3269 905 in
3297 851 3449 905 labiis
3478 850 3724 911 habebis.

2134 943 2274 998 aliud
2305 945 2357 998 in
2398 945 2741 1013 cogitatione.
2776 942 2894 997 Non
2935 945 3042 998 eris
3065 942 3134 998 de
3178 942 3279 996 illis
3324 941 3630 1007 Pharisteis,
3661 942 3733 996 de

2134 1035 2331 1105 quibus
2343 1035 2543 1090 dictum
2557 1044 2667 1089 est:
2685 1034 2891 1090 Similes
2903 1033 3019 1088 estis
3044 1032 3379 1088 monumentis
3391 1033 3670 1097 deolbatis;
3700 1048 3735 1083 η

2138 1128 2263 1196 {oris
2284 1128 2488 1196 quidem
2511 1128 2767 1197 apparetis
2789 1126 3073 1179 hominibus
3087 1125 3235 1195 justi,
3248 1126 3384 1177 intus
3405 1134 3571 1178 autent
3596 1122 3735 1194 pleni

2135 1219 2255 1273 estis
2273 1218 2391 1273 dolo
2419 1227 2466 1273 et
2489 1218 2752 1289 iniquitate
2782 1202 2994 1289 (natm.
3014 1231 3172 1280 uin,
3193 1214 3313 1287 27).
3334 1214 3433 1282 Qui
3455 1228 3586 1286 ergo
3607 1229 3738 1269 cum

2137 1311 2205 1363 sit
2235 1310 2445 1378 iniquus
2483 1308 2686 1378 justum
2718 1322 2776 1364 se
2804 1306 3117 1379 praetendit,
3134 1320 3310 1360 nonne
3346 1305 3567 1360 dolosas
3612 1300 3737 1361 est!

2136 1399 2253 1453 Non
2283 1400 2376 1455 ille
2399 1398 2695 1454 Natbanael
2738 1408 2857 1464 est,
2889 1397 2956 1452 de
2982 1411 3090 1468 quo
3112 1395 3371 1452 Dominus
3393 1397 3524 1452 dicit
3555 1414 3569 1450 :
3603 1394 3741 1452 Ecce

2137 1507 2249 1545 vere
2270 1490 2508 1545 Israelita
2530 1490 2585 1543 in
2611 1505 2711 1560 quo
2730 1488 2883 1543 dolus
2912 1506 3013 1543 non
3043 1488 3151 1543 est?
3170 1486 3326 1544 Unde
3353 1498 3533 1543 autem
3566 1489 3618 1544 in
3641 1488 3736 1543 illo

2137 1581 2464 1638 Nathanaele
2501 1579 2657 1635 dolus
2700 1594 2805 1634 non
2852 1580 3002 1634 erat?
3045 1577 3174 1633 Cum
3217 1595 3366 1643 esses,
3405 1578 3598 1649 inquit,
3638 1578 3734 1633 sub

2095 1708 2104 1717 -
2138 1673 2316 1727 arbore
2336 1671 2442 1741 ﬁci,
2458 1670 2560 1724 uidi
2580 1679 2626 1725 te
2646 1668 2824 1741 (Joan.
2844 1685 2885 1737 ι,
2903 1670 2995 1737 47,
3010 1669 3123 1741 48).
3140 1669 3253 1725 Sub
3276 1668 3469 1733 arbore
3486 1669 3571 1724 ﬁci
3596 1680 3734 1733 erat,

2138 1763 2238 1818 sub
2247 1761 2552 1818 conditione
2561 1762 2738 1818 carnis
2757 1769 2891 1816 erat.
2907 1760 2964 1816 Si
2976 1761 3079 1816 sub
3089 1760 3395 1816 conditione
3404 1761 3581 1816 carnis
3599 1772 3739 1828 erat,

2138 1856 2260 1924 quia
2282 1853 2551 1922 impietate
2574 1851 2880 1922 propaginis
2902 1852 3210 1915 tenebatur;
3234 1851 3336 1908 sub
3355 1851 3444 1906 illa
3464 1852 3659 1907 arbore
3672 1853 3738 1906 li-

2138 1944 2185 1998 ci
2228 1953 2363 2007 erat,
2396 1943 2450 1998 in
2475 1958 2580 2014 qua
2607 1944 2840 2013 gemitur
2870 1943 2922 1998 in
2946 1942 3051 1997 alio
3090 1944 3297 2014 psalmo
3320 1961 3336 1999 :
3362 1942 3491 1999 Ecce
3528 1945 3662 1999 enim
3685 1946 3741 2000 in

2137 2036 2400 2107 iniquitate
2437 2046 2707 2106 conceptus
2743 2035 3041 2109 sum(Psal.
3059 2052 3109 2102 L,
3125 2036 3201 2107 7).
3222 2036 3327 2092 Sed
3355 2037 3483 2093 vidit
3498 2054 3622 2094 eum
3651 2040 3741 2095 ille

2138 2126 2229 2197 qui
2268 2128 2413 2181 venit
2446 2142 2567 2181 cum
2604 2126 2795 2197 gratia.
2822 2126 2960 2195 Quid
3004 2136 3106 2190 est,
3143 2128 3282 2183 Vidit
3305 2130 3464 2185 eum?
3494 2129 3743 2186 Misenus

2138 2226 2223 2272 est
2264 2218 2402 2288 ejus.
2436 2217 2578 2289 Ergo
2601 2217 2871 2274 hominem
2917 2218 3034 2274 sine
3073 2218 3200 2274 dolo
3244 2219 3323 2275 sic
3359 2222 3738 2287 commendat,

2138 2318 2200 2364 ut
2245 2310 2470 2381 gratiam
2505 2325 2655 2365 suam
2687 2311 2738 2364 in
2764 2310 2857 2365 illo
2899 2311 3259 2367 commendet.
3312 2311 3441 2367 Cum
3474 2330 3607 2369 esses
3645 2314 3742 2368 sub

2138 2399 2317 2454 arbore
2343 2400 2446 2469 ﬁci,
2476 2400 2578 2455 uidi
2607 2411 2672 2455 te.
2696 2400 2813 2455 Vidi
2827 2410 2892 2466 te,
2915 2399 3042 2471 quid
3055 2417 3304 2473 magnum
3327 2412 3431 2471 est,
3452 2405 3553 2461 nisi
3584 2406 3745 2461 intel-

2138 2492 2273 2562 ligas
2300 2491 2477 2562 aliquo
2520 2491 2681 2547 modo
2700 2489 2938 2547 dictum?
2975 2492 3113 2561 Quid
3156 2508 3406 2564 magnum
3445 2504 3528 2549 est
3555 2496 3747 2552 videre

2140 2582 2411 2638 hominem
2457 2583 2556 2638 sub
2584 2583 2776 2639 arbore
2797 2582 2984 2640 ﬁci?Si
3008 2599 3114 2639 non
3134 2585 3357 2641 vidisset
3379 2586 3479 2640 sub
3508 2587 3605 2641 ista
3636 2586 3744 2643 ﬁcu

2138 2688 2307 2744 genus
2345 2676 2639 2729 humanum
2675 2673 2943 2741 Christus,
2971 2684 3062 2731 aut
3098 2691 3466 2732 aresceremus
3494 2679 3742 2741 omnino,

2138 2776 2251 2834 aut,
2288 2767 2557 2838 quomodo
2607 2766 2880 2834 Pharisaai,
2935 2768 2989 2822 in
3027 2767 3221 2838 quibus
3284 2767 3438 2823 dolus
3491 2776 3625 2833 erat,
3687 2770 3746 2826 id

2138 2868 2243 2926 est,
2283 2859 2639 2930 justiﬁeabant
2678 2875 2738 2915 se
2767 2860 2964 2927 verbis,
3010 2858 3163 2915 factis
3189 2868 3370 2915 autem
3398 2862 3523 2915 mali
3559 2871 3743 2929 erant,

2138 2950 2261 3006 folia
2276 2949 2388 3006 sola
2414 2951 2777 3007 invenirentur
2795 2952 2848 3005 in
2865 2950 3037 3018 nobis,
3056 2965 3163 3005 non
3184 2949 3407 3005 fructus.
3425 2951 3557 3006 Nam
3575 2951 3744 3008 talem

2138 3042 2385 3099 arborem
2414 3043 2499 3098 lici
2534 3044 2747 3119 quando
2767 3044 3172 3113 viditCltristus,
3199 3044 3561 3112 maledixit,et
3575 3047 3742 3101 aruit.

2139 3134 2328 3201 Video,
2353 3134 2543 3204 inquit,
2560 3134 2673 3191 sola
2704 3132 2917 3201 folia,id
2935 3143 3018 3189 est
3044 3135 3156 3190 sola
3177 3135 3357 3201 verba,
3388 3136 3589 3207 absque
3626 3137 3743 3192 l'rn-

2138 3238 2230 3283 ctu
2252 3230 2487 3284 :Arescat
2504 3227 2952 3301 (Mattb.xxt,l9),
2971 3230 3163 3300 inquit,
3177 3240 3236 3285 ut
3262 3245 3360 3286 nec
3384 3231 3503 3286 folia
3524 3231 3743 3288 habeat.

2142 3321 2335 3390 thuid
2378 3330 2434 3376 et
2472 3321 2634 3377 verba
2674 3322 2843 3377 tollit?
2868 3321 3047 3377 Arbor
3091 3322 3241 3377 arida
3284 3324 3428 3379 enim
3470 3339 3569 3380 nec
3611 3322 3746 3383 folia

2139 3423 2317 3483 potest
2345 3413 2561 3469 habere.
2589 3413 2678 3469 Sic
2704 3428 2835 3484 ergo
2857 3422 3014 3470 erant
3052 3414 3246 3484 Judaei,
3276 3416 3533 3473 Pharisaei
3578 3417 3747 3473 arbor

2139 3505 2227 3559 illa
2265 3513 2417 3559 erant
2444 3521 2465 3559 :
2494 3504 2657 3561 verba
2687 3505 2974 3571 habebant,
3006 3504 3146 3561 facta
3183 3522 3289 3562 non
3314 3506 3592 3563 habebant
3626 3525 3641 3562 :
3671 3525 3745 3566 ex

2139 3596 2405 3651 sententia
2457 3596 2667 3651 Domini
2698 3595 2998 3651 ariditatem
3031 3606 3366 3655 meruerunt.
3386 3597 3578 3672 Videat
3608 3614 3744 3670 ergo

2140 3700 2239 3740 nos
2269 3685 2517 3741 Christus
2554 3686 2656 3741 sub
2679 3686 2875 3741 arbore
2895 3685 2983 3742 ﬁci
3013 3705 3028 3743 :
3058 3686 3240 3743 videat
3259 3689 3310 3742 in
3353 3702 3515 3744 carne
3550 3698 3735 3745 nostra

2140 3778 2299 3833 etiam
2318 3776 2545 3833 fructum
2572 3777 2699 3833 boni
2716 3778 2916 3849 operis,
2960 3794 3030 3835 ne
3062 3780 3179 3850 ejus
3203 3779 3578 3837 maledictione
3592 3796 3745 3851 ares-

2139 3870 2421 3926 camus.Et
2439 3871 2563 3941 quia
2580 3878 2749 3926 totum
2767 3869 2950 3942 gratia:
2964 3870 3083 3941 ejus
3097 3871 3519 3942 imputatur,non
3534 3875 3744 3929 meritis

2138 3964 2359 4025 nostris,
2384 3960 2528 4016 Beati
2550 3976 2767 4031 quorum
2791 3962 3014 4018 remissae
3053 3973 3172 4017 sunt
3198 3955 3505 4034 iniquitates,
3537 3974 3585 4019 et
3604 3981 3739 4036 quo-

2139 4068 2254 4106 rum
2296 4061 2428 4107 tecta
2465 4062 2582 4107 sunt
2629 4063 2873 4124 peccata:
2906 4070 3014 4110 non
3045 4054 3098 4110 in
3129 4056 3325 4126 quibus
3367 4072 3475 4111 non
3503 4067 3628 4112 sunt
3653 4058 3743 4112 in-

2142 4152 2298 4199 venta
2318 4153 2553 4213 peccata,
2572 4144 2669 4201 sed
2680 4160 2907 4216 quorum
2923 4156 3058 4203 tecta
3079 4156 3201 4203 sunt
3222 4159 3460 4219 peccata.
3475 4150 3743 4220 CoOperta

2140 4245 2266 4291 sunt
2293 4246 2529 4306 peccata,
2557 4244 2699 4294 tecta
2724 4246 2865 4304 sunt,
2899 4238 3097 4293 abolita
3125 4247 3268 4295 sunt.
3292 4238 3348 4295 Si
3373 4240 3503 4295 texit
3524 4251 3745 4311 peccata

2143 4328 2315 4395 Deus,
2362 4329 2531 4384 noluit
2570 4328 2878 4395 advertere;
2918 4332 2961 4386 si
3004 4332 3173 4387 noluit
3215 4333 3519 4399 advertere,
3570 4335 3748 4391 noluit

2141 4422 2600 4487 animadvertere;
2623 4422 2667 4478 si
2686 4421 2856 4477 noluit
2869 4424 3315 4490 animadvertere,
3341 4426 3509 4481 noluit
3529 4428 3741 4496 punire;

2142 4513 2187 4565 si
2218 4512 2389 4567 noluit
2417 4513 2628 4582 punire,
2661 4514 2831 4568 noluit
2867 4528 3179 4584 agnoscere,
3205 4516 3397 4571 maluit
3433 4518 3736 4588 ignoscere.

2140 4602 2288 4657 Beati
2327 4622 2539 4675 quorum
2564 4605 2787 4660 remissae
2812 4616 2931 4660 sunt
2953 4607 3264 4677 iniquitates,
3291 4619 3338 4664 et
3361 4626 3574 4681 quorum
3603 4624 3741 4667 tecta

2142 4707 2259 4750 sunt
2302 4708 2531 4767 peccata.
2560 4698 2669 4753 Nec
2708 4698 2787 4753 sic
2819 4699 3126 4769 intelligatis
3171 4699 3314 4771 quod
3341 4701 3496 4769 dixit,
3522 4714 3743 4772 peccata

2142 4798 2393 4858 cooperta
2439 4801 2583 4857 sunt,
2607 4791 2757 4860 quasi
2798 4790 2869 4845 ibi
2917 4792 3026 4846 sint
3070 4800 3126 4847 et
3159 4793 3357 4847 vivant.
3404 4794 3568 4849 Tecta
3611 4811 3743 4868 ergo

2143 4890 2360 4950 peccata
2405 4896 2571 4951 quare
2616 4880 2879 4936 dixit?Ut
2907 4896 3011 4937 non
3061 4882 3389 4939 viderentur.
3419 4883 3555 4952 Quid
3595 4888 3741 4942 enim

2143 4980 2269 5025 erat
2290 4972 2381 5026 Dei
2418 4972 2599 5026 videre
2641 4982 2881 5043 peccata,
2906 4974 3009 5027 nisi
3035 4975 3225 5043 punire
3260 4976 3517 5046 peccata?
3544 4976 3613 5033 Ut
3640 4996 3743 5032 no-

2144 5064 2284 5117 veris
2312 5066 2433 5133 quia
2478 5063 2582 5118 hoc
2623 5076 2707 5118 est
2739 5064 2831 5119 Dei
2871 5064 3056 5120 videre
3102 5077 3339 5135 peccata,
3376 5067 3517 5137 quod
3550 5070 3745 5139 punire

2144 5166 2380 5222 peccata,
2409 5155 2533 5224 quid
2556 5156 2604 5209 ei
2633 5155 2862 5210 dicitur?
2892 5157 3071 5210 Averte
3092 5157 3437 5225 faciem-tuam
3463 5176 3494 5211 a
3519 5163 3741 5229 peccatis

2144 5249 2265 5302 meis
2293 5248 2460 5320 (Psal.
2488 5265 2535 5312 1.,
2560 5249 2669 5319 Η).
2695 5248 2915 5304 Peccata
2956 5264 3083 5316 ergo
3110 5257 3198 5304 tua
3227 5265 3333 5305 non
3359 5250 3557 5317 videat,
3605 5266 3660 5306 ut
3694 5265 3746 5310 te

2144 5340 2340 5396 videat.
2371 5340 2652 5409 Quomodo
2698 5351 2748 5394 te
2776 5340 2989 5395 videat?
3015 5342 3297 5407 Quomodo
3324 5342 3740 5412 Nathanaelem,

2144 5434 2273 5488 Cum
2297 5451 2427 5489 esses
2450 5435 2541 5488 sub
2567 5434 2747 5487 arbore
2768 5434 2870 5503 ﬁci,
2891 5433 2994 5487 villi
3015 5433 3299 5490 te.Umbra
3326 5436 3412 5491 ﬁci
3444 5454 3548 5491 tton
3578 5440 3739 5508 impe-

2142 5525 2277 5581 divit
2304 5522 2489 5580 oculos
2519 5524 2902 5580 misericordia:
2932 5525 3047 5579 Dei.

2217 5616 2304 5672 10.
2346 5614 2459 5671 Nec
2487 5626 2560 5671 est
2588 5616 2642 5671 in
2683 5633 2769 5671 ore
2814 5617 2924 5687 ejus
2949 5616 3119 5673 dolus.
3158 5617 3229 5673 At
3265 5634 3393 5673 vero
3435 5620 3525 5690 qui
3549 5621 3747 5676 nolunt

2145 5774 2294 5843 bent;
2322 5782 2782 5843 e_t__prosequnntur,
2812 5772 3127 5843 Intelligenn'a
3150 5782 3359 5843 tueatur,
3394 5788 3491 5827 etc.
3516 5786 3573 5831 Αι
3609 5787 3745 5843 me,

2145 5838 2310 5889 verbis
2331 5834 2428 5886 illis
2445 5834 2653 5899 omisisis,
2672 5840 2854 5898 terunt,
2881 5834 3206 5903 Ittte'lligentitv
3227 5846 3438 5890 vocatur.
