4008 6380
351 356 452 412 265

348 488 593 553 ronliteri
638 502 850 559 peccata
872 534 887 555 ,
922 491 1161 547 laborant
1203 495 1316 547 sine
1346 509 1503 550 causa
1533 498 1582 549 in
1627 498 1941 554 defensione

351 594 685 650 peccatorum
717 600 955 638 suorum.
1003 585 1067 639 Et
1116 596 1316 654 quanto
1366 588 1609 644 laborant
1648 591 1700 644 in
1754 592 1941 646 defen-

348 678 497 727 sione
531 685 868 741 peccaturum
903 690 1120 730 suorum
1147 678 1411 745 jactantes
1453 683 1643 736 merita
1670 699 1764 738 sua
1791 727 1805 747 ,
1837 702 1942 741 nun

348 766 593 820 videntes
622 766 927 836 iniquitates
970 784 1093 823 suas
1114 812 1126 834 ,
1158 780 1304 825 tanto
1331 774 1445 841 plus
1475 775 1639 828 robur
1665 792 1853 832 eorum
1884 790 1938 835 et

348 857 603 910 fortitudo
633 858 831 913 delicit.
864 859 953 915 Ille
990 862 1131 915 enim
1160 860 1312 916 fortis
1337 873 1451 926 est,
1500 866 1588 934 qui
1619 882 1723 923 non
1770 870 1819 921 in
1846 886 1938 937 se,

344 953 439 1003 sed
462 952 511 1004 itt
548 951 658 1005 Deo
681 952 830 1007 l'urtis
855 962 956 1007 est.
991 953 1215 1023 Propter
1240 955 1389 1022 illttd,
1422 956 1523 1010 Ter
1551 957 1829 1014 Dominum
1853 979 1941 1016 ro-

345 1043 461 1111 gavi
512 1054 563 1095 ut
589 1047 808 1114 auferret
830 1060 942 1097 cum
972 1061 1003 1096 a
1032 1060 1143 1108 me;
1171 1054 1218 1099 et
1252 1047 1380 1100 dixit
1416 1048 1540 1102 mihi
1567 1065 1585 1103 :
1627 1050 1824 1121 Sufﬁcit
1852 1054 1941 1107 tibi

344 1136 510 1204 gratia
542 1151 671 1188 mea.
705 1133 891 1189 Gratia
909 1152 1053 1198 mea,
1082 1137 1246 1203 dixit;
1281 1154 1386 1192 non
1407 1179 1421 1201 ,
1456 1139 1635 1195 Virtus
1673 1152 1781 1196 tua.
1807 1143 1940 1215 Suf-

350 1226 451 1277 ﬁcit
475 1267 489 1286 ,
525 1226 695 1294 inquit
718 1266 733 1288 ,
764 1224 851 1278 tibi
875 1227 1039 1296 gratia
1064 1243 1215 1292 mea;
1243 1244 1363 1281 nam
1383 1229 1540 1283 virtus
1567 1232 1619 1283 in
1647 1232 1940 1300 inﬁrmitate

344 1318 627 1383 perﬁcitur.
660 1315 810 1372 Unde
854 1317 958 1370 alio
999 1317 1120 1373 loco
1145 1318 1257 1387 ipse
1283 1320 1394 1373 ait:
1431 1320 1648 1386 Quando
1685 1325 1934 1391 in/irmor,

344 1419 464 1462 tunc
488 1410 634 1479 [ortis
661 1425 771 1462 sum
802 1408 822 1481 (
839 1409 880 1465 ll
901 1407 1020 1465 Cor.
1044 1425 1119 1466 xu
1144 1452 1157 1471 .
1181 1410 1238 1465 8-
1256 1412 1376 1481 l0).
1407 1413 1549 1482 Ergo
1574 1415 1661 1483 qui
1692 1416 1805 1470 vult
1832 1416 1942 1471 for-

343 1502 412 1555 tis
455 1516 575 1555 csse
596 1541 612 1565 ,
658 1500 805 1556 velut
836 1516 1165 1570 pra‘sumens
1202 1501 1268 1555 de
1295 1518 1385 1567 se,
1429 1512 1485 1557 et
1514 1503 1723 1571 jactans
1752 1508 1938 1563 merita

341 1609 471 1659 sua,
514 1595 924 1665 qualiacumque
969 1595 1055 1648 illa
1100 1594 1243 1660 sint,
1298 1596 1399 1649 erit
1438 1597 1625 1651 similis
1668 1598 1938 1656 Pltarisato

341 1686 437 1748 illi,
470 1687 557 1756 qui
585 1685 729 1755 quod
754 1700 784 1739 a
816 1686 925 1739 Deo
944 1700 1003 1739 se
1031 1684 1240 1741 dicebat
1259 1688 1560 1758 accepisse,
1587 1690 1814 1758 superbe
1846 1700 1929 1747 ta-

340 1793 463 1832 men
486 1777 719 1847 jactabat
742 1793 755 1829 :
781 1776 1005 1841 Gratias,
1038 1777 1242 1847 inquit,
1272 1778 1379 1832 tibi.
1408 1781 1677 1836 Attendite
1699 1826 1713 1845 ,
1748 1782 1937 1839 fratres

339 1870 445 1922 mei
468 1868 676 1938 ,-quale
707 1882 876 1938 genus
920 1867 1185 1935 superbia:
1227 1869 1568 1925 commendet
1596 1872 1733 1925 Deus
1766 1890 1778 1926 :
1811 1890 1936 1930 vere

337 1959 496 2029 quale
527 1968 704 2028 potest
773 1958 1076 2013 subintrare
1114 1957 1262 2028 justo
1290 1959 1528 2026 tuemini,
1580 1964 1735 2031 quale
1761 1974 1936 2032 potest

336 2052 632 2119 subrepere
659 2051 817 2105 etiam
847 2051 1001 2104 bona}
1026 2050 1140 2120 spei
1162 2050 1297 2104 viro.
1325 2049 1529 2106 Gratias
1545 2054 1665 2119 tibi,
1697 2055 1930 2110 dicebat.

338 2142 483 2213 Ergo
499 2159 619 2196 cum
641 2141 875 2206 dicebat,
900 2139 1107 2195 Gratias
1127 2141 1237 2209 tibi,
1268 2140 1535 2197 fatebatur
1552 2146 1619 2198 ab
1646 2146 1736 2199 illo
1755 2160 1816 2200 se
1845 2161 1935 2200 ac-

335 2234 546 2304 cepisse
558 2233 700 2303 quod
720 2233 968 2287 habebat.
983 2232 1117 2297 Quid
1139 2233 1279 2286 enim
1306 2232 1470 2288 habes
1484 2236 1626 2303 quod
1650 2252 1752 2289 non
1778 2254 1933 2292 accr-

334 2326 458 2398 pisti
500 2325 542 2396 (Ι
563 2322 682 2380 Cor.
703 2340 779 2389 tv,
801 2324 883 2394 7)?
908 2324 1067 2394 Ergo,
1088 2322 1292 2378 Gratias
1308 2323 1397 2377 tibi
1415 2341 1531 2394 ago.
1556 2325 1706 2389 dixit;
1729 2325 1875 2381 Grati
1891 2347 1932 2383 ts

340 2417 433 2469 tibi
458 2431 576 2486 ago,
606 2415 725 2482 quia
753 2430 853 2467 non
882 2430 994 2467 sum
1020 2415 1148 2467 sicut
1173 2415 1344 2467 cazteri
1374 2414 1622 2477 homines,
1654 2428 1886 2478 ruptores
1906 2460 1919 2481 ,

336 2507 521 2577 injusti
543 2500 831 2570 ,adulteri,
865 2504 996 2557 sicut
1022 2514 1070 2558 et
1112 2501 1425 2558 Publicanus
1462 2506 1577 2559 iste.
1626 2504 1778 2560 Unde
1801 2523 1930 2579 ergo

334 2596 766 2668 superbus?Non
782 2596 906 2665 quia
934 2595 1002 2651 de
1027 2595 1181 2651 bonis
1196 2596 1307 2649 suis
1334 2596 1445 2650 Deo
1489 2596 1687 2665 gratias
1715 2599 1925 2667 agebat,

333 2690 430 2745 sed
459 2690 582 2760 quia
608 2703 768 2759 super
795 2691 1019 2743 alterum
1051 2703 1109 2743 se
1133 2686 1202 2743 de
1227 2687 1356 2758 ipsis
1380 2688 1536 2744 bonis
1570 2690 1880 2745 extollebat.

406 2783 493 2836 il.
537 2779 841 2845 Attendite,
872 2779 1062 2834 fratres
1098 2794 1113 2832 :
1148 2794 1268 2832 nam
1313 2778 1453 2835 unde
1494 2782 1717 2851 cmperit
1748 2782 1928 2839 dicere

331 2872 739 2927 similitudinem
767 2871 936 2941 ipsam
964 2871 1250 2935 Dominus,
1299 2873 1622 2942 evangelista
1652 2876 1923 2942 pnemisit.

329 2966 465 3022 Cum
491 2965 632 3021 enim
674 2962 917 3020 Christus
944 2962 1187 3030 dixisset,
1213 2963 1370 3018 Putas
1408 2966 1608 3020 veniens
1638 2965 1685 3019 F
1686 2967 1802 3021 ilius
1829 2968 1926 3021 lto-

330 3057 723 3113 minis‘inveniet
770 3057 921 3120 ﬁdem
949 3057 1002 3110 in
1032 3065 1164 3109 terra
1183 3056 1209 3110 ?
1228 3067 1279 3112 ct
1298 3073 1364 3112 ne
1386 3057 1680 3114 existerent
1709 3060 1925 3130 quidam

332 3151 592 3213 haeretici,
622 3149 714 3221 qui
742 3148 1088 3205 attendentes
1125 3157 1182 3205 et
1227 3158 1476 3218 putantes
1517 3153 1669 3222 quasi
1714 3152 1921 3242 l’psum

330 3252 500 3298 totum
529 3241 810 3307 mundum,
832 3256 1020 3296 omnes
1049 3240 1191 3296 enim
1222 3240 1458 3297 hreretici
1488 3242 1540 3296 in
1575 3240 1757 3312 paucis
1778 3255 1835 3302 et
1862 3246 1919 3303 in

328 3343 637 3407 partesunt,
652 3335 916 3404 iactarent
932 3347 1012 3399 se,
1031 3332 1171 3403 quod
1195 3333 1247 3387 in
1265 3334 1391 3402 ipsis
1406 3337 1668 3390 remansit
1690 3338 1829 3408 quod
1856 3339 1923 3397 de

326 3440 443 3485 toto
465 3422 665 3483 mundo
680 3427 929 3498 perierit;
954 3427 1024 3482 ibi
1052 3427 1230 3481 statim
1258 3427 1345 3481 ubi
1372 3428 1446 3483 ait
1463 3429 1740 3497 Dominus,
1759 3431 1920 3488 Putas

330 3524 532 3578 veniens
561 3520 727 3575 Filius
755 3519 975 3572 hominis
1002 3518 1217 3572 inveniet
1241 3518 1395 3587 ﬁdem
1421 3520 1475 3573 in
1506 3522 1671 3575 terra?
1694 3523 1920 3592 subjecit

324 3613 436 3668 Eva
444 3614 665 3682 ngeiista
677 3620 732 3665 et
744 3611 817 3665 ait
837 3627 850 3662 :
872 3608 1015 3664 Dixit
1027 3618 1192 3661 autem
1210 3618 1253 3661 et
1268 3609 1336 3661 ad
1349 3610 1613 3679 quosdam,
1634 3613 1720 3681 qui
1731 3612 1826 3667 sibi
1836 3615 1922 3683 ju-

322 3706 391 3761 sti
402 3698 713 3767 videbantur,
738 3710 784 3756 et
799 3700 1098 3771 spernebant
1114 3710 1339 3766 cazteros,
1357 3702 1735 3758 similitudinem
1753 3706 1882 3761 Itane
1900 3722 1920 3761 :

320 3797 550 3865 Quidam
580 3794 872 3848 Pharisatus
892 3800 939 3845 et
970 3790 1283 3847 Publicanus
1304 3802 1540 3846 venerunt
1571 3793 1623 3846 in
1672 3795 1918 3863 templum

323 3905 471 3943 orare
493 3929 509 3953 ,
535 3897 590 3942 et
614 3893 809 3941 caetera
858 3897 979 3953 quae
1007 3882 1197 3937 nostis.
1232 3882 1535 3939 Pharismus
1561 3899 1689 3955 ergo
1714 3886 1803 3941 ille
1831 3887 1915 3941 di-

323 3980 521 4045 cebat,
576 3975 782 4031 Gratias
824 3974 913 4028 tibi
940 3989 1059 4045 ago.
1105 3972 1211 4029 Sed
1258 3973 1404 4029 unde
1444 3976 1743 4044 superbus?
1783 3978 1915 4045 Quia

320 4071 866 4144 'spernebatcazteros.
886 4064 1041 4123 Unde
1068 4066 1295 4136 probas?
1318 4066 1372 4121 In
1400 4067 1530 4136 ipsis
1550 4068 1749 4124 verbis.
1769 4069 1917 4138 Quo-

321 4164 522 4220 modo?
551 4160 852 4218 Pharisteus
886 4201 900 4223 ,
925 4157 1127 4228 inquit,
1151 4157 1238 4212 ille
1266 4160 1282 4189 ¹
1310 4160 1632 4228 contempsit
1660 4159 1730 4215 de
1752 4161 1913 4233 longe

319 4267 555 4314 stantem
580 4296 597 4320 ,
627 4254 712 4309 cui
735 4252 878 4307 Deus
907 4248 1186 4307 conﬁtenti
1228 4250 1635 4319 propinquabat.
1665 4248 1913 4307 Publica-

319 4365 439 4410 nus,
463 4346 671 4418 inqttit,
702 4344 767 4398 de
809 4344 1086 4415 longinquo
1114 4342 1279 4395 stabat
1312 4357 1329 4394 :
1359 4341 1457 4396 sed
1492 4341 1630 4397 Dens
1671 4344 1738 4398 ad
1767 4345 1912 4401 illum

326 4441 394 4493 de
421 4438 712 4507 longinquo
737 4448 847 4489 non
884 4431 1097 4487 stabat?
1117 4430 1294 4498 Quare
1325 4433 1465 4487 Deus
1484 4433 1553 4487 ab
1580 4433 1672 4490 illo
1696 4435 1764 4491 de
1792 4437 1912 4492 lon-

318 4532 519 4603 ginquo
570 4542 677 4583 non
730 4525 943 4581 stabat?
989 4523 1123 4591 Quia
1153 4523 1259 4576 alio
1289 4522 1406 4577 luco
1443 4524 1638 4579 dicitur
1674 4543 1690 4580 :
1744 4524 1915 4600 Prope

320 4635 388 4679 est
416 4621 664 4675 Dominus
684 4618 762 4672 his
786 4617 875 4687 qui
901 4616 1205 4669 obtriueruut
1227 4631 1313 4667 cor
1338 4612 1510 4684 (Psal.
1541 4632 1739 4682 xxxtn,
1789 4618 1903 4689 19).

326 4714 509 4768 Videte
537 4711 581 4765 si
608 4709 931 4765 Publicanus
952 4708 1052 4760 iste
1090 4704 1381 4760 obtriverat
1405 4720 1531 4769 cur,
1578 4715 1632 4759 et
1660 4707 1729 4760 ibi
1759 4709 1907 4763 vide-

317 4807 441 4859 bitis
469 4804 590 4875 quia
622 4813 789 4870 prope
805 4807 889 4854 est
914 4797 1170 4851 Dominus
1200 4796 1283 4849 his
1309 4796 1401 4864 qui
1425 4796 1763 4853 obtriverunt
1789 4815 1905 4853 cur.

320 4898 632 4951 Publicanus
656 4903 823 4947 autem
844 4892 907 4945 de
932 4890 1203 4961 longinquo
1221 4888 1403 4954 stabat,
1436 4899 1483 4942 et
1514 4907 1674 4959 neque
1712 4893 1907 4947 volebat

308 4993 381 5045 ad
394 4991 572 5044 calum
596 4984 769 5041 oculos
788 5000 905 5038 suos
924 4984 1107 5048 levare,
1129 4980 1216 5035 sed
1234 4982 1535 5050 percutiebat
1553 4992 1723 5052 pectus
1737 5002 1902 5039 suum.

312 5084 514 5137 Tnnsio
544 5079 796 5150 pectoris.
815 5076 1034 5129 obtritio
1051 5072 1246 5127 cordis.
1269 5071 1406 5140 Quid
1445 5071 1654 5127 dicebat
1678 5074 1904 5131 tnndcns

310 5173 519 5243 pectus?
539 5170 672 5224 Deus
692 5167 936 5236 prapitius
963 5176 1065 5220 esto
1083 5163 1207 5216 mihi
1235 5162 1499 5230 percntari.
1526 5161 1595 5216 Et
1619 5163 1744 5232 quid
1776 5180 1903 5220 sen-

311 5268 490 5321 tentiae
521 5265 777 5320 Dominus
792 5262 840 5313 ‘?
867 5262 1022 5312 Amen
1040 5259 1151 5310 dico
1177 5254 1335 5319 vobis,
1362 5252 1620 5308 descendit
1638 5254 1900 5325 justi/ica-

302 5373 381 5415 tus
413 5356 696 5425 detemplo
733 5352 1048 5407 Publicanus
1079 5348 1185 5411 ille,
1216 5346 1378 5416 magis
1408 5362 1558 5414 qutun
1587 5346 1674 5399 ille
1707 5344 1897 5400 Phari-

302 5472 453 5510 smus.
483 5448 838 5521 Quare?lloc
862 5454 945 5501 est
984 5443 1241 5514 judicium
1295 5440 1411 5494 Dt-i.
1461 5439 1582 5493 Non
1622 5458 1735 5494 sum
1764 5444 1893 5496 sicut

308 5542 619 5603 Publica'nus
648 5542 758 5603 iste,
794 5555 891 5591 non
919 5552 1030 5589 sum
1050 5535 1179 5588 sicut
1206 5532 1371 5586 ceteri
1398 5530 1644 5595 homines,
1674 5532 1851 5599 injuin
1878 5574 1893 5597 ,

297 5653 526 5711 ruptores
548 5677 562 5703 ,
593 5628 813 5688 adulteri
846 5630 1057 5697 :ieiuno
1094 5626 1170 5679 bis
1196 5625 1247 5677 in
1278 5624 1486 5677 sabbato
1507 5664 1522 5687 ,
1576 5624 1797 5677 decimas
1824 5626 1890 5677 do

360 5757 371 5784 ¹
401 5751 582 5805 \liquot
596 5729 1458 5805 1155.:Qttomoooett’ublicamaniste
1474 5730 1770 5805 contempsit,
1795 5741 1885 5805 etc.

360 5765 371 5784 '
401 5765 473 5799 \llt
496 5765 582 5797 11οι
599 5765 725 5794 ωδ
741 5765 1034 5803 ψιυιηυυυιι
1046 5765 1357 5805 ranunculus".
1371 5765 1456 5782 σοιν
1474 5765 1770 5802 νυιινιιι.ομσοον
1795 5765 1884 5784 υιυ,

356 5820 373 5846 ²
400 5765 533 5862 8111ὶᾶ
564 5816 616 5859 ει
637 5816 749 5867 qua
771 5801 1002 5854 sententia
1030 5796 1233 5850 Domita.
1262 5803 1314 5847 Μ
1338 5800 1464 5845 MSS
1489 5802 1539 5844 El
1564 5796 1680 5857 qtttd
1706 5802 1884 5847 seruen-

290 5880 367 5931 tur
397 5872 641 5929 potuimus.

574 5950 850 6009 Paruoc.
885 5949 1172 6008 XXXVI.

1423 380 1821 437 ENARllATlU
1864 383 1925 437 IN
1970 383 2292 445 PSALMUM
2336 392 2527 449 XXXI.

3542 428 3646 486 266

2056 506 2411 577 amniumqute
2430 513 2681 585 possideq,
2719 515 2811 575 Ille
2843 538 2946 577 non
2974 526 3134 584 audet
3162 533 3227 587 ad
3248 538 3445 596 caelum
3469 545 3645 606 levare

2049 598 2232 699 oculos
2254 615 2408 665 suos,
2438 606 2663 662 attendit
2686 615 3068 674 conscientiam
3096 638 3269 691 suam,
3311 629 3471 704 longe

2047 695 2105 794 ει
2127 687 2448 794 justiticatus
2467 706 2548 750 est
2574 702 2743 771 magis
2772 722 2929 773 quam
2957 710 3048 767 ille
3076 687 3639 794 Pltarisazus.thi.'tre':

2046 959 2223 1062 gulam
2264 962 2396 1033 legis
2427 981 2539 1023 suae
2568 972 2605 1024 ⁸.
2634 970 2813 1031 Vultis
2850 980 3037 1038 audire
3069 959 3273 1057 quare?
3311 996 3447 1061 Quia
3472 1010 3639 1066 cuiuis

2047 1051 2135 1157 qui
2159 1068 2218 1157 se
2236 1056 2447 1157 exultat,
2479 1058 2832 1121 lmmiliabitur
2847 1086 2868 1135 ;
2888 1082 2933 1125 et
2953 1076 3046 1145 qui
3071 1051 3127 1134 se
3152 1051 3636 1157 humilia—estid;

2046 1138 2180 1194 bitur
2201 1143 2352 1214 (Luc.
2378 1164 2527 1216 xvnt,
2560 1154 2743 1227 8-H).

2120 1234 2204 1288 12.
2250 1237 2491 1297 lntendat
2534 1261 2664 1316 ergo
2710 1249 2954 1310 Charitas
2983 1256 3193 1317 Vestra.
3243 1267 3482 1331 Diximus
3531 1298 3635 1339 non

2044 1340 2235 1429 ausum
2284 1331 2448 1389 fuisse
2495 1340 2679 1395 oculos
2707 1343 2775 1397 ad
2818 1347 3016 1404 omium
3043 1352 3222 1414 levare
3262 1331 3633 1429 Publicanutn.

2044 1416 2222 1522 Quare
2239 1423 2435 1479 ccelum
2464 1442 2569 1482 non
2600 1433 2949 1491 attendebat?
2966 1439 3101 1507 Quia
3128 1462 3187 1501 se
3205 1416 3636 1522 attendebat-trgi;

2042 1511 2379 1622 attendebat,
2409 1528 2468 1571 ut
2489 1520 2661 1587 primo
2690 1523 2793 1579 sibi
2820 1526 3163 1604 displiceret,
3205 1551 3260 1595 et
3284 1544 3363 1599 sic

2041 1608 2207 1654 ceret.
2256 1601 2337 1657 Tu
2376 1615 2553 1662 autem
2588 1610 2761 1678 jactas
2808 1623 2893 1683 te,
2936 1634 3114 1679 erecta
3148 1601 3496 1692 cervice
3526 1601 3629 1701 [nit

2044 1691 2309 1801 Dominus
2343 1702 2576 1768 superbo
2595 1744 2610 1769 ,
2643 1704 2757 1761 Non
2805 1708 2884 1763 vis
2911 1711 2979 1767 ad
3009 1722 3061 1770 te
3080 1722 3399 1781 attendere?

2042 1785 2221 1839 tendo.
2250 1788 2340 1842 Vis
2368 1800 2545 1847 autem
2571 1806 2627 1848 ttt
2656 1813 2761 1852 non
2800 1804 3109 1861 attendam?
3139 1819 3193 1865 tu
3235 1785 3487 1877 attende?
3511 1785 3634 1882 ldo—0

2043 1872 2364 1932 Publicantts
2386 1897 2488 1935 non
2506 1883 2735 1941 audebat
2756 1893 2938 1949 oculos
2958 1896 3026 1951 ad
3052 1901 3246 1958 cmlutn
3276 1872 3481 1979 levare;
3511 1872 3630 1985 qui;

2039 1967 2274 2036 seipsutn
2308 1971 2641 2042 inmebatur,
2699 1982 3084 2043 conscientiam
3134 2008 3283 2049 suam
3332 1967 3629 2068 puniebat:

2042 2057 2154 2164 ipse
2182 2059 2473 2164 δίὺίηξυάεξ
2505 2076 2652 2132 erat,
2676 2078 2733 2124 ut
2754 2071 2841 2127 ille
2872 2074 3266 2152 intercederet;
3301 2057 3416 2159 ipse
3446 2057 3632 2164 punio;

2039 2147 2128 2200 bat
2152 2189 2165 2209 ,
2197 2160 2252 2204 ut
2279 2152 2369 2206 ille
2400 2154 2688 2223 liberaret;
2720 2160 2834 2230 ipse
2859 2170 3143 2226 aecnsabat
3167 2214 3183 2237 ,
3240 2147 3297 2232 ut
3321 2147 3416 2237 ille

2036 2237 2210 2343 deret.
2258 2243 2407 2343 Ade-0
2452 2245 2692 2305 defendit
2731 2267 2854 2307 cum
2877 2298 2892 2321 ,
2927 2261 3049 2328 quia
3075 2261 3210 2319 dixit
3234 2283 3332 2335 pro
3363 2237 3628 2343 ipso—sen-

2038 2333 2258 2443 tentiam
2327 2334 2615 2443 “Descendit
2643 2344 2961 2415 justi/icatus
3001 2333 3315 2415 Publicanus
3341 2333 3430 2419 ilic
3468 2376 3631 2443 magis

2036 2437 2185 2522 quam
2205 2424 2292 2477 ille
2319 2424 2647 2486 lerisarus:
2664 2435 2780 2502 quia
2792 2440 2954 2494 omnis
2974 2443 3062 2512 qui
3082 2462 3138 2500 se
3157 2452 3365 2522 exultat,
3390 2424 3629 2519 humilia:

2034 2511 2193 2621 bitur;
2207 2517 2353 2614 etqui
2372 2532 2425 2569 se
2439 2519 2694 2621 ltuntiliat,
2720 2511 3043 2587 exaltabitur.
3068 2535 3310 2596 Attcttdit
3333 2511 3412 2612 se,

2032 2609 2088 2654 et
2108 2602 2249 2656 uului
2267 2619 2366 2673 ego
2381 2608 2694 2666 attendere:
2716 2615 2892 2670 audivi
2918 2619 3183 2680 dicentem
3204 2670 3219 2693 ,
3246 2602 3429 2690 Aret-te
3451 2602 3626 2699 acido;

2033 2700 2144 2794 tuos
2182 2710 2214 2795 a
2242 2701 2466 2798 peccatis
2481 2702 2623 2798 meis.
2651 2704 2781 2773 Quis
2811 2720 2892 2763 est
2919 2713 3061 2769 enim
3092 2720 3180 2788 qui
3198 2721 3327 2779 illud
3344 2728 3497 2798 dixit,
3524 2735 3623 2793 nisi

2032 2783 2299 2850 quietiam
2343 2789 2467 2844 illud
2498 2791 2652 2859 dixit,
2679 2796 2933 2861 Quoniam
2981 2783 3299 2876 iniquitatem
3345 2783 3509 2876 meam
3535 2783 3625 2897 ego

2030 2890 2249 2976 aquosco
2276 2878 2445 2976 (Psal.
2472 2900 2521 2948 1.,
2552 2886 2606 2953 5,
2641 2887 2758 2961 il)?
2783 2890 2992 2963 Itaque,
3022 2897 3214 2958 fratres
3244 2909 3369 2976 mei,
3420 2924 3535 2970 erat

2031 2964 2335 3069 Phat'isteus
2355 2971 2444 3028 ille
2472 2988 2739 3069 peccator.
2774 2980 2890 3038 Non
2917 2988 3060 3043 euint
3094 2992 3215 3062 quia
3237 2964 3627 3069 dicebatTIVmi

2029 3070 2143 3109 sunt
2195 3061 2324 3115 sicut
2350 3066 2520 3119 cazteri
2548 3067 2796 3139 homines,
2829 3075 3024 3145 injusti,
3056 3061 3286 3153 raptores
3308 3129 3323 3155 ,
3363 3061 3621 3167 adulteri

2030 3163 2204 3220 neque
2216 3154 2338 3253 quia
2358 3154 2635 3225 jejunabat
2663 3161 2744 3216 bis
2769 3165 2823 3219 in
2845 3169 3071 3227 sabbato
3093 3190 3109 3239 ;
3134 3154 3313 3247 neque
3326 3185 3449 3253 quia
3471 3154 3624 3245 deci:

2030 3258 2145 3297 mas
2197 3244 2395 3315 dabat,
2450 3266 2554 3306 non
2584 3265 2700 3309 erat
2729 3270 2999 3325 peccator.
3055 3244 3232 3334 Quod-
3261 3272 3307 3327 si
3335 3244 3457 3335 sine
3500 3244 3622 3339 ullis

2030 3336 2261 3403 peccatis
2286 3348 2464 3405 esset,
2498 3342 2611 3411 ipsa
2652 3348 2902 3414 superbia
2932 3355 3133 3421 grande
3158 3360 3361 3418 crimen
3390 3378 3538 3425 crat:

2028 3434 2205 3480 tamen
2232 3442 2357 3483 ecce
2378 3429 2465 3483 illa
2487 3434 2662 3488 omnia
2694 3436 2924 3495 diccbat.
2951 3443 3082 3509 Quis
3110 3449 3322 3507 tandem
3350 3458 3469 3513 sine
3494 3476 3622 3531 pce-

2026 3519 2332 3623 cato?.Quis
2359 3523 2679 3592 gloriabitur
2700 3540 2906 3588 castum
2934 3550 2992 3591 se
3014 3537 3216 3598 habere
3244 3559 3358 3615 cor,
3382 3560 3475 3606 aut
3494 3519 3619 3623 quis

2023 3609 2336 3677 gloriabitur
2362 3615 2619 3671 mundum
2650 3633 2708 3674 se
2735 3636 2855 3701 esse
2875 3640 2906 3678 a
2934 3632 3163 3696 peccatis
3194 3609 3373 3703 (Prae.
3404 3658 3495 3711 xx,
3517 3609 3619 3718 ’1ηὲ

2024 3701 2267 3759 Habebat
2288 3720 2415 3776 ergo
2444 3707 2533 3763 ille
2561 3722 2806 3779 peccata;
2838 3718 2931 3772 sed
2963 3701 3271 3795 pervorsus,
3289 3740 3343 3785 et
3370 3701 3620 3793 nesciens

2023 3808 2131 3864 quo
2156 3797 2421 3864 venisset,
2459 3809 2577 3854 erat
2628 3812 2877 3874 tauquam
2922 3809 2974 3862 in
3004 3814 3234 3872 statione
3272 3823 3467 3880 medici
3519 3844 3615 3883 ett-

2023 3884 2251 3951 randus,
2281 3895 2336 3942 et
2359 3903 2489 3942 sana
2520 3892 2758 3946 membra
2792 3899 3143 3969 ostendebat,
3194 3909 3413 3968 vulnera
3465 3924 3613 3987 tege-

2026 3974 2133 4029 bat.
2176 3978 2480 4049 Deustegat
2508 3986 2769 4051 vulnera;
2819 3992 2926 4044 noli
2974 4001 3051 4048 tu.
3098 3997 3231 4053 Nam
3272 4003 3316 4057 si
3347 4014 3400 4060 tu
3435 3974 3616 4078 tegere

2022 4066 2258 4121 volneris
2286 4069 2608 4127 erubescens
2633 4117 2646 4142 ,
2682 4077 2922 4135 medicus
2949 4099 3054 4139 non
3104 4091 3331 4147 curabit.
3377 4066 3616 4156 Medicus

2024 4165 2197 4224 tegat,
2240 4168 2293 4211 et
2338 4171 2519 4227 curet;
2548 4167 2838 4233 emplastro
2862 4172 3004 4226 enim
3038 4178 3185 4247 tegit.
3225 4180 3337 4236 Sub
3381 4191 3614 4257 tegmine

2021 4251 2211 4303 medici
2241 4263 2458 4307 sanatur
2489 4256 2717 4325 vulnus,
2770 4262 2872 4329 sub
2896 4266 3130 4335 tegmine
3173 4251 3612 4339 vulnerati'ccla-

2022 4351 2108 4394 tur
2129 4343 2338 4398 vulnus.
2361 4346 2457 4400 Cui
2486 4348 2669 4403 celas?
2697 4352 2796 4417 Qui
2829 4358 2975 4411 novit
3002 4363 3201 4417 omnia.

2096 4433 2229 4532 15.Δ[
2250 4453 2378 4489 vers.
2404 4438 2457 4502 '5,
2492 4439 2571 4512 6.]
2595 4440 2775 4513 Itaque
2798 4445 2902 4513 hic,
2930 4449 3135 4515 fratres,
3168 4457 3343 4515 videte
3370 4459 3495 4532 quid
3527 4468 3611 4521 di-

2018 4523 2093 4578 xit
2122 4541 2136 4578 :
2168 4526 2422 4592 Quoniam
2452 4533 2589 4584 tacui
2606 4575 2621 4597 ,
2678 4534 3078 4596 inveteraverunt
3106 4561 3221 4600 ossa
3270 4523 3415 4619 mea,
3444 4572 3475 4607 a
3500 4558 3609 4611 cla-

2018 4615 2202 4671 mando
2245 4635 2324 4672 me
2374 4630 2479 4673 tota
2513 4624 2611 4676 die.
2644 4624 2780 4692 Quid
2810 4638 2893 4683 est
2920 4631 3059 4687 hoc?
3086 4637 3248 4702 Quasi
3276 4615 3609 4705 Contrarium

2016 4710 2244 4772 videtur,
2273 4712 2527 4776 Quoniam
2556 4720 2712 4784 tacui,
2742 4721 3141 4781 inveteraverunt
3170 4747 3286 4784 ossa
3312 4750 3423 4790 mea
3444 4754 3475 4790 a
3502 4741 3611 4793 cla-

2017 4801 2223 4855 mando.
2249 4804 2303 4857 Si
2330 4820 2359 4857 a
2387 4806 2689 4872 clamando,
2720 4815 2992 4879 quomodo
3015 4820 3213 4874 tacuit?
3240 4823 3427 4880 Tacuit
3447 4832 3572 4899 quid
3590 4864 3607 4874 -

2012 4890 2134 4944 da'tn
2156 4934 2169 4953 ,
2220 4909 2324 4946 non
2356 4897 2519 4950 tacuit
2560 4900 2811 4967 quiddam
2840 4921 2854 4956 :
2901 4907 3064 4961 tacuit
3108 4911 3249 4967 unde
3280 4890 3565 4983 proliceret
3590 4966 3604 4987 ,

2013 4997 2118 5035 non
2143 4984 2303 5037 tacuit
2328 4987 2469 5039 unde
2496 4989 2782 5054 deliceret;
2840 4997 3003 5050 tacuit
3042 5000 3460 5070 confessionem.
3490 4984 3606 5066 cla;

2012 5087 2174 5126 tnavt;
2202 5079 2692 5145 praesuinptioitem.
2732 5081 2891 5137 Tacui
2925 5088 3066 5141 enim
3110 5090 3274 5158 dixit,
3330 5112 3435 5150 non
3483 5116 3603 5155 sum

2008 5166 2310 5221 confessus.
2342 5169 2415 5222 Ibi
2443 5173 2723 5238 oportebat
2764 5184 2817 5227 ut
2850 5176 3199 5249 loqueretur;
3259 5193 3457 5245 taceret
3489 5209 3603 5248 nte—

2006 5258 2107 5310 rita
2135 5273 2252 5321 sua,
2279 5259 2538 5317 clamaret
2563 5274 2777 5332 peccata
2800 5281 2892 5320 sua
2930 5286 2943 5322 :
2978 5286 3119 5327 nunc
3143 5284 3321 5330 autem
3350 5292 3605 5346 perverse

2007 5349 2171 5403 Iacuit
2201 5366 2417 5419 peccata
2445 5372 2539 5412 sua
2560 5396 2575 5417 ,
2622 5356 2873 5412 clamavit
2903 5362 3090 5417 merita
3118 5380 3239 5421 sua.
3270 5367 3338 5423 Et
3365 5372 3493 5442 quid
3527 5374 3603 5430 illt

2004 5441 2272 5511 contigit?
2328 5443 2763 5503 lnveteraverunt
2794 5466 2916 5507 ossa
2945 5452 3084 5523 ejus.
3111 5441 3528 5536 lntenditeiquia
3559 5469 3605 5524 s't

2004 5537 2260 5591 clamaret
2292 5548 2504 5605 peccata
2534 5554 2652 5601 sua.
2675 5552 2729 5597 et
2754 5553 2957 5601 taceret
2987 5551 3174 5605 merita
3208 5567 3327 5623 sua,
3382 5558 3606 5615 innova-

2004 5637 2187 5682 rcutur
2213 5644 2331 5682 ossa
2355 5630 2489 5700 ejus,
2519 5630 2569 5685 id
2599 5636 2920 5693 eswirtutes
2948 5639 3065 5709 ejus
3098 5660 3112 5697 :
3140 5658 3284 5700 esset
3317 5646 3602 5707 robustusi

2066 5739 2481 5824 ζεὲξεῖεψφέεξεττ
2505 5747 2710 5824 ἔξωξῆ
2734 5744 2983 5824 δεηθείη
3006 5752 3126 5824 tu":
3148 5769 3269 5824 ιυφο

2004 5802 2280 5911 [Agamus
2312 5818 2462 5868 ηομ)
2505 5802 2632 5868 Mss,
2657 5807 2710 5859 id
2732 5819 2803 5861 est
2847 5802 2996 5865 virtus
3018 5802 3124 5877 eius
3150 5802 3361 5869 763m
3401 5834 3520 5873 esset
3556 5826 3607 5877 in

3130 5941 3373 6021 (Νευίο)
