4008 6326
352 344 450 400 567

359 457 411 512 in
440 456 696 518 Domino,
749 453 869 523 quia
917 451 1246 509 inveniretur
1293 453 1348 508 in
1391 466 1454 508 se
1482 453 1747 506 inﬁrmus.
1793 448 1951 504 Modo

356 557 536 600 autem
562 547 685 616 quia
717 539 768 600 in
796 562 858 601 se
880 547 1048 600 voluit
1071 561 1193 601 esse
1234 547 1422 601 ﬁrmus
1445 585 1464 610 ,
1493 545 1663 600 factus
1692 552 1777 599 est
1801 543 1951 596 inﬁr-

361 653 502 700 mus,
524 647 579 692 et
607 639 1042 693 inveteraverunt
1069 653 1190 693 ossa
1235 637 1373 709 ejus.
1411 637 1692 694 Remansit
1721 637 1773 691 in
1798 644 1954 688 vetu-

358 737 534 789 state.
575 728 664 796 qui
711 728 881 796 noluit
923 729 1230 783 conﬁtendo
1273 744 1456 783 amare
1503 729 1812 784 novitatem.
1852 726 1952 794 Qui

361 819 503 870 enim
537 818 669 871 ﬁunt
696 817 841 882 novi,
876 821 1043 873 nostis
1065 861 1079 885 ,
1109 819 1304 874 fratres
1335 836 1349 872 :
1379 819 1500 890 quia
1522 859 1536 880 ,
1567 817 1712 872 Beati
1736 833 1953 886 quorum

361 911 583 962 remissa:
604 919 723 962 sunt
747 909 1035 978 iniquitates
1054 950 1068 974 ,
1117 921 1164 962 et
1193 926 1407 981 quorum
1435 921 1563 964 tecta
1590 919 1707 962 sunt
1729 917 1951 976 peccata.

363 999 540 1054 Noluit
574 1001 673 1054 iste
699 1002 799 1054 sibi
827 1001 1021 1055 dimitti
1053 1000 1355 1071 iniquitates
1375 1042 1388 1062 .
1418 1001 1798 1070 exaggeravit,
1843 998 1942 1052 de-

362 1090 532 1143 fendit
557 1090 696 1152 illas,
719 1091 942 1157 jactavit
973 1091 1159 1145 tut-rita
1191 1105 1308 1144 sua.
1344 1090 1488 1161 Ergo
1513 1090 1762 1159 quoniam
1794 1089 1956 1142 tacuit

361 1198 388 1229 τι
419 1180 780 1245 confessione,
802 1182 1238 1236 inveteraverunt
1267 1195 1391 1235 ossa
1437 1180 1576 1248 ejus.
1617 1177 1956 1232 A'clamando

363 1289 441 1326 me
469 1282 573 1326 tota
597 1273 701 1328 die.
723 1273 861 1339 Qttid
890 1273 1068 1338 est,.A
1093 1273 1364 1327 clamando
1385 1289 1466 1326 me
1489 1281 1596 1326 tota
1616 1272 1736 1327 die?
1761 1271 1954 1326 Perse-

361 1364 598 1418 verando
626 1365 678 1419 in
711 1365 1023 1420 defensione
1041 1374 1381 1435 peccatorum
1407 1379 1647 1420 suorum.
1681 1364 1748 1419 Et
1777 1373 1955 1418 tamen

362 1457 541 1511 videte
565 1457 740 1527 qualis
784 1457 872 1522 sit,
899 1462 1020 1527 quia
1051 1444 1294 1527 agnoscit
1322 1473 1404 1512 se.
1467 1457 1581 1512 Erit
1623 1458 1767 1510 enim
1798 1455 1958 1509 modo

362 1545 712 1616 inti-iitgentia
748 1565 761 1600 :
794 1548 926 1601 nihil
960 1555 1154 1616 praeter
1178 1561 1238 1601 se
1263 1545 1538 1616 respiciet,
1572 1554 1629 1601 et
1652 1545 1960 1614 displicebit

363 1639 496 1702 sibi,
527 1639 651 1709 quia
677 1641 918 1709 agnoscit
940 1654 1020 1693 se.
1052 1639 1210 1694 Modo
1237 1639 1502 1704 audietis,
1549 1648 1608 1693 ut
1631 1636 1916 1692 sanetnini.

435 1734 523 1787 14.
565 1715 750 1786 Beatus
776 1733 850 1786 uir
864 1733 948 1787 cui
973 1749 1074 1786 non
1095 1731 1363 1803 imputavit
1390 1731 1641 1786 Dominus
1672 1741 1954 1801 peccatum,

366 1839 454 1878 nec
481 1830 553 1877 est
577 1823 629 1875 in
659 1838 747 1875 ore
767 1824 875 1893 ejus
896 1823 1065 1876 dolus.
1088 1822 1342 1888 Quoniam
1365 1822 1522 1890 tacui,
1562 1822 1960 1876 inveteraverunt

365 1929 480 1968 ossa
504 1928 638 1980 mea,
658 1929 691 1966 α
719 1911 991 1968 clamando
1012 1931 1094 1968 me
1111 1925 1218 1968 tota
1237 1914 1340 1967 die.
1367 1912 1621 1978 Quoniam
1637 1913 1721 1967 die
1737 1929 1797 1966 ac
1817 1925 1962 1967 nocte

360 2012 574 2073 gravata
595 2012 668 2057 est
695 2017 851 2081 super
870 2020 948 2057 me
977 2020 1158 2059 manus
1178 2013 1286 2057 tua.
1329 2002 1470 2072 Quid
1515 2012 1619 2070 cst,
1653 2014 1863 2075 gravata
1887 2013 1962 2058 est

363 2111 516 2164 super
544 2109 626 2150 me
650 2111 831 2150 manus
867 2096 1000 2150 tua?
1046 2097 1233 2163 Magna
1273 2112 1393 2164 res,
1446 2095 1662 2153 fratres.
1691 2096 1962 2168 Respicite

365 2186 508 2239 illam
538 2187 857 2244 sententiam
887 2197 1089 2243 rectam
1118 2188 1135 2219 ⁸
1163 2187 1304 2244 inter
1324 2188 1463 2242 duos
1481 2228 1499 2256 ,
1527 2187 1856 2243 Pharismnm
1908 2197 1963 2242 et

368 2277 735 2333 l’ublitutnum.
767 2278 904 2347 Quid
932 2280 1132 2334 dictum
1155 2280 1327 2336 estde
1354 2280 1666 2336 Pharisazo?
1689 2281 1958 2350 Quoniam

367 2368 694 2424 liumiliatur.
723 2368 862 2436 Quid
890 2369 1094 2426 dictum
1146 2378 1232 2426 est
1253 2372 1322 2428 de
1347 2371 1674 2428 Publicano?
1698 2372 1962 2440 Quoniam

365 2463 649 2518 exaltatur.
681 2461 859 2530 Quare
891 2464 984 2520 ille
1023 2463 1376 2518 humiliatur?
1421 2463 1554 2531 Quia
1581 2465 1838 2521 exaltavit
1879 2481 1961 2519 se.

365 2553 547 2620 Quare
593 2553 695 2609 iste
735 2553 1043 2610 exaltatur?
1089 2555 1225 2624 Quia
1258 2555 1556 2612 humiliavit
1598 2572 1677 2612 se.
1733 2557 1872 2628 Ergo
1907 2567 1965 2612 nt

370 2645 696 2700 exaltantem
723 2660 784 2701 se
809 2645 1055 2701 ltumiliet
1085 2646 1259 2714 Deus,
1288 2656 1652 2719 gravatsuper
1676 2649 1822 2702 illum
1851 2663 1965 2703 ma-

368 2749 516 2792 num.
544 2737 729 2792 Noluit
769 2737 1034 2793 humiliari
1081 2739 1420 2796 conlessioue
1465 2741 1760 2812 iniquitatis
1809 2756 1962 2808 suae,

371 2828 680 2884 humiliatus
708 2836 794 2885 est
820 2830 1056 2898 pondere
1083 2846 1272 2886 manus
1301 2829 1414 2887 Dei.
1460 2831 1688 2900 Quando
1722 2833 1812 2888 ille
1841 2849 1966 2904 per-

365 2917 529 2973 ferret
557 2934 773 2974 mannm
815 2935 1036 2990 gravem
1083 2921 1449 2978 ltumiliantis'!
1501 2921 1673 2991 Quam
1718 2924 1848 2978 levis
1869 2923 1968 2979 fuit

367 3025 558 3064 manus
602 3010 930 3066 sublevantis
958 3007 1058 3084 (a)!
1112 3011 1180 3066 Et
1217 3011 1270 3067 in
1300 3012 1390 3068 illo
1438 3011 1613 3078 tortis,
1663 3021 1721 3069 et
1767 3014 1818 3067 in
1873 3013 1966 3069 illo

369 3102 558 3156 tortis:
591 3103 746 3158 fortis
770 3105 836 3157 ad
877 3103 1023 3162 illum
1079 3105 1464 3173 premendum,
1523 3106 1676 3160 fortis
1703 3104 1771 3160 ad
1811 3105 1964 3162 illum

364 3194 775 3251 sublevaudum.

439 3287 527 3342 15.
571 3288 732 3357 Ergo,
766 3287 1021 3353 Quoniam
1065 3286 1149 3341 die
1187 3305 1249 3342 ac
1290 3295 1436 3342 nocte
1474 3298 1685 3358 gravata
1713 3299 1783 3340 est
1810 3305 1964 3348 super

363 3396 442 3433 me
463 3396 644 3432 manus
670 3389 759 3432 tua
781 3394 801 3434 :
826 3395 1096 3433 conversus
1119 3395 1232 3432 sum
1272 3379 1325 3432 in
1365 3394 1598 3433 mutua
1646 3395 1756 3431 mea
1775 3419 1791 3441 ,
1841 3379 1963 3432 dum

364 3471 701 3541 conﬁgeretur
725 3470 896 3537 spina.
927 3469 1008 3524 Ex
1038 3469 1153 3539 ipsa
1195 3470 1576 3541 aggravatione
1601 3485 1793 3525 manus
1823 3479 1925 3524 tua:
1944 3510 1962 3535 ,

354 3579 430 3618 .ex
462 3565 573 3634 ipsa
605 3562 975 3618 humiliatione
999 3577 1294 3618 conversus
1321 3579 1441 3618 sum
1471 3564 1525 3618 in
1547 3579 1786 3618 aerumna
1817 3578 1960 3630 mea,

365 3656 535 3712 factus
560 3672 679 3711 sum
703 3656 889 3718 miser,
912 3655 1120 3710 conﬁxa
1151 3666 1236 3711 est
1266 3654 1395 3709 mihi
1427 3655 1602 3723 spina,
1635 3665 1962 3725 compuncta

365 3762 449 3806 est
472 3750 798 3804 conscientia
833 3763 971 3803 mea.
1004 3747 1141 3815 Quid
1170 3747 1364 3802 factum
1398 3757 1480 3802 est
1507 3763 1630 3802 cum
1667 3741 1966 3817 conﬁgere-

367 3853 455 3894 tur
483 3834 677 3910 spina!
706 3839 868 3894 Datus
899 3848 981 3893 est
1009 3840 1057 3893 ei
1084 3854 1276 3893 sensus
1297 3838 1533 3904 doloris,
1575 3839 1784 3894 invenit
1813 3839 1965 3893 inﬁr-

364 3931 604 3984 mitatem
636 3941 809 3984 suam.
840 3928 904 3983 Et
933 3929 1020 3982 ille
1041 3929 1130 3998 qui
1153 3937 1394 3983 tacuerat
1413 3927 1802 3983 confessionem
1834 3944 1962 3998 pec-

365 4021 466 4075 cati
497 4023 578 4074 sui
603 4063 616 4086 ,
648 4029 705 4074 ut
729 4018 1012 4091 clamando
1039 4019 1095 4074 in
1126 4018 1441 4074 defensione
1467 4020 1672 4091 peccati
1702 4018 1788 4074 sui
1807 4020 1961 4074 inve-

365 4119 658 4165 terasceret
677 4112 844 4164 virtus
862 4110 998 4177 ejus,
1024 4110 1075 4164 id
1097 4119 1201 4174 est,
1220 4124 1342 4164 ossa
1370 4109 1490 4178 ejus
1519 4118 1967 4166 converterentur

365 4206 415 4257 in
446 4212 785 4267 vetustatem,
817 4202 978 4257 modo
1003 4201 1127 4272 quid
1160 4201 1288 4258 fecit
1312 4202 1521 4257 conﬁxa
1547 4203 1742 4271 Spina?
1769 4201 1962 4257 Pecca-

273 4353 275 4356 .
365 4309 472 4350 tum
500 4311 664 4349 meum
689 4296 921 4366 cognovi.
954 4295 1093 4364 Ergo
1108 4295 1219 4364 jam
1251 4297 1544 4366 cognoscit.
1565 4295 1622 4349 Si
1651 4296 1740 4351 ille
1765 4311 1965 4366 cogno-

370 4391 494 4455 scit,
520 4389 607 4442 ille
629 4387 878 4458 ignoscit.
908 4388 1103 4442 Audite
1129 4388 1255 4458 quid
1279 4387 1520 4458 sequitur
1545 4406 1560 4441 :
1589 4388 1763 4444 videte
1781 4390 1827 4444 si
1854 4404 1960 4445 non

365 4482 480 4549 ipse
507 4480 665 4543 dicit,
726 4477 1004 4534 Peccatum
1051 4495 1219 4533 meum
1263 4478 1475 4550 cognovi
1499 4521 1514 4545 ,
1559 4489 1608 4533 et
1657 4479 1963 4550 iniustitiam

365 4589 530 4626 meam
559 4587 658 4626 non
704 4571 904 4643 operui.
950 4570 1064 4624 Hoc
1089 4569 1200 4640 jam
1250 4569 1451 4623 dudum
1503 4570 1792 4625 dicebam:
1842 4570 1960 4626 Noli

368 4662 581 4731 operire
612 4673 666 4714 ttt
686 4703 700 4725 ,
732 4671 786 4716 et
806 4659 982 4730 operlt
1008 4661 1167 4714 Deus.
1197 4659 1343 4714 Beati
1368 4677 1584 4726 quorum
1606 4662 1831 4714 remissa:
1846 4670 1964 4715 sunt

364 4754 676 4818 iniquitates,
707 4761 753 4806 et
795 4767 1012 4822 quorum
1037 4759 1166 4804 tecta
1192 4760 1312 4804 sunt
1354 4763 1584 4820 peccata.
1638 4751 1736 4818 Qui
1779 4762 1964 4821 tegunt

369 4855 586 4916 peccata
614 4887 628 4908 ,
662 4843 934 4899 nudantur
963 4861 980 4900 :
1013 4844 1113 4899 iste
1142 4852 1320 4898 autem
1349 4843 1588 4900 nudavit.
1626 4852 1684 4898 nt
1709 4847 1962 4914 cooperi-

366 4946 530 4992 ietur.
563 4934 889 5006 lniqnitatem
931 4950 1095 4988 meam
1129 4951 1230 4988 non
1275 4936 1474 4996 operui.
1517 4935 1653 5002 Quid
1686 4943 1804 5002 est,
1859 4953 1960 4991 non

365 5028 576 5093 operui?
627 5027 745 5081 Jam
800 5025 1001 5080 dudum
1049 5035 1320 5079 tacueram
1356 5043 1366 5076 :
1409 5025 1568 5078 modo
1605 5027 1771 5095 quid?
1815 5026 1958 5082 Dixi.

363 5118 626 5182 dedam
667 5117 997 5171 contrarium
1030 5115 1104 5170 illi
1134 5116 1502 5170 taciturnitati.
1531 5114 1670 5169 Dia'i.
1713 5117 1847 5186 Quid
1874 5117 1958 5170 di-

364 5210 484 5264 xisti
504 5212 528 5262 ?
551 5207 903 5263 Pronuntiabo
926 5207 1192 5261 adversum
1215 5224 1294 5266 me
1319 5208 1619 5275 iujustitiam
1656 5225 1820 5260 meam
1847 5207 1958 5262 Do-

365 5302 530 5362 mino;
561 5309 606 5352 et
621 5309 675 5352 tu
698 5298 936 5353 dimisisti
960 5288 1279 5365 impietatem
1298 5297 1465 5349 cordis
1495 5297 1613 5349 mei.
1647 5295 1791 5351 Dixi.
1820 5299 1958 5366 Quid

360 5391 580 5444 dixisti?
611 5389 726 5444 Non
751 5389 860 5460 jam
886 5391 1230 5460 pronuntiat,
1255 5388 1518 5456 promittit
1548 5402 1608 5440 se
1639 5391 1955 5455 pronuntia-

364 5492 572 5545 turum;
600 5491 654 5537 et
681 5483 768 5537 ille
791 5484 901 5551 jam
925 5480 1164 5535 dimittit.
1216 5480 1488 5533 Atti-mlite
1508 5522 1522 5540 ,
1575 5480 1805 5540 fratres;
1838 5499 1952 5535 ma-

359 5588 459 5640 gna
487 5589 574 5626 res
599 5590 613 5627 ε
641 5573 809 5633 dixit,
842 5571 1227 5624 Pronttntiabo:
1259 5585 1362 5622 non
1390 5569 1516 5623 dixit
1542 5611 1556 5630 ,
1583 5570 1952 5638 pl‘ttlttlltll:t\'l,

420 5665 434 5695 ί
461 5671 599 5713 ιιόιηιυ
619 5663 744 5724 leg.,
762 5663 959 5713 dictum.
991 5715 997 5720 ε

354 5787 378 5844 Ῐ
414 5728 489 5796 ta)
514 5723 856 5785 Forte,'(ttta:n
879 5723 1040 5790 gravii
1062 5723 1154 5785 fuit
1177 5737 1348 5775 manus
1367 5723 1688 5784 ltitntiliantis,
1717 5731 1814 5775 tam
1838 5725 1953 5780 levis

375 5798 460 5838 utt.
485 5797 579 5838 etc.

1601 337 1658 392 S.
1701 335 2060 394 AUCLS‘IINI
2102 333 2403 393 EPISCOPI

3548 349 3657 405 268

2060 458 2115 504 et
2146 458 2200 502 tu
2218 449 2499 516 dimisisti;
2525 449 2681 519 dixit,
2707 450 3060 510 Pronuntiabo
3083 465 3128 510 et
3143 466 3199 510 tu
3224 458 3464 527 dimisisti
3485 478 3507 518 :
3531 465 3657 536 quis

2059 553 2124 592 eo
2152 541 2267 609 ipso
2295 542 2436 610 quod
2461 541 2633 608 dixit,
2659 540 3045 610 Pronuntiabo,
3088 547 3464 621 ostenditquia
3513 569 3654 622 nou-

2060 625 2186 682 dtim
2216 644 2313 685 ore
2357 633 2829 700 pronuntiaverat,
2859 635 2954 690 sed
2983 637 3148 693 corde
3193 640 3656 716 pronuntiaverat.

2063 719 2172 774 lloc
2243 722 2414 790 ipsum
2468 722 2649 778 dicere
2698 722 3086 793 Pronuntiabo,
3132 732 3477 798 pronuntiare
3529 747 3658 792 est:

2063 811 2183 864 ideo
2211 821 2256 864 et
2275 821 2328 863 tu
2364 812 2601 867 dimisisti
2645 816 2954 882 impietatem
3005 819 3175 872 cordis
3213 821 3332 876 mei.
3376 819 3660 880 Confessio

2061 916 2190 969 ergo
2215 914 2330 954 mea
2363 902 2429 956 ad
2483 919 2544 956 os
2589 904 2828 960 nondum
2881 917 3162 976 venerat,
3189 909 3435 966 dixeram
3477 915 3659 977 enim,

2068 991 2416 1047 Pronuntiabo
2444 994 2708 1048 adversum
2745 1014 2822 1052 me
2843 1014 2864 1052 :
2895 1012 3262 1056 verumtamen
3289 1003 3429 1059 Deus
3457 1007 3661 1062 audivit

2066 1098 2250 1138 vocem
2276 1086 2456 1140 cordis
2489 1087 2614 1140 mei.
2649 1086 2762 1150 Vox
2790 1106 2906 1144 mea
2934 1092 3101 1148 inore
3128 1088 3362 1148 nondum
3391 1109 3531 1167 erat,
3564 1100 3660 1154 sed

2062 1176 2208 1228 auris
2240 1176 2330 1230 Dei
2354 1177 2463 1244 jam
2491 1178 2544 1231 in
2573 1179 2736 1234 corde
2774 1191 2912 1236 erat.
2952 1181 3032 1236 Tu
3073 1185 3311 1241 dimisisti
3351 1189 3660 1260 impietatem

2063 1267 2231 1320 cordis
2251 1268 2379 1331 mei;
2407 1268 2530 1338 quia
2556 1271 2682 1334 dixi,
2709 1269 3084 1328 Pronuntiabo.

2135 1359 2223 1412 16.
2255 1360 2356 1414 Sed
2385 1377 2490 1415 non
2529 1362 2812 1419 sull'ecerat
2856 1384 2872 1421 :
2904 1381 3009 1423 non
3043 1369 3060 1399 ⁸
3098 1367 3266 1438 dixit,
3312 1369 3663 1430 Pronuntiabo

2063 1451 2366 1523 injustitiam
2386 1472 2546 1508 meam
2574 1454 2794 1510 Domino
2823 1475 2843 1512 :
2874 1477 2978 1514 non
3009 1461 3128 1516 sine
3145 1477 3308 1518 causa
3332 1465 3488 1530 dixit,
3518 1467 3658 1528 Pro-

2063 1544 2307 1598 nuntiabo
2338 1547 2603 1600 adversum
2629 1565 2708 1602 me
2747 1560 2845 1604 :et
2888 1552 2991 1607 hoc
3033 1553 3278 1610 interest.
3320 1557 3466 1614 Multi
3513 1561 3661 1623 enim

2067 1637 2410 1702 pronuntiant
2449 1636 2781 1708 iniquitatem
2827 1656 3010 1706 suam,
3051 1644 3145 1699 sed
3188 1644 3446 1704 adversus
3486 1650 3662 1720 ipsum

2068 1725 2350 1782 Dominum
2383 1730 2552 1784 Deum
2582 1749 2594 1785 :
2620 1733 3208 1801 quando.iuveniuntur
3238 1740 3290 1794 in
3321 1743 3658 1808 peceatisdi-

2064 1827 2214 1884 cunt,
2247 1820 2387 1875 Deus
2416 1821 2515 1876 boe
2545 1812 2728 1878 voluit.
2758 1826 2812 1880 Si
2841 1825 2986 1882 enim
3015 1827 3176 1884 homo
3201 1831 3364 1898 dicat,
3390 1833 3506 1888 Non
3533 1834 3658 1900 feci;

2065 1921 2178 1974 aut,
2208 1909 2320 1962 Hoc
2343 1911 2533 1965 factum
2574 1914 2714 1982 quod
2743 1916 2922 1984 arguis
2953 1932 3057 1972 non
3088 1928 3172 1973 est
3199 1933 3474 1990 peccatum
3507 1943 3522 1979 :
3550 1941 3661 1982 non

2068 2002 2374 2066 pronuntiat
2401 2019 2496 2054 nec
2524 2003 2802 2060 adversum
2837 2022 2932 2074 se,
2967 2023 3068 2064 nec
3102 2010 3358 2067 adversus
3389 2015 3662 2073 Deutu.Si

2066 2089 2230 2150 dicat,
2260 2092 2482 2145 Prorsus
2508 2095 2626 2160 feci,
2654 2107 2708 2151 et
2735 2108 3008 2165 peccatum
3029 2109 3132 2167 est,
3155 2103 3251 2157 Sed
3282 2105 3420 2160 Deus
3445 2107 3663 2170 ltocvo-

2070 2179 2203 2248 luit,
2235 2182 2360 2251 quid
2398 2200 2496 2253 ego
2544 2186 2682 2241 feci?
2728 2187 2839 2243 Hoc
2883 2199 2968 2244 est
3014 2195 3361 2262 pronuntiare
3403 2199 3665 2256 utlvel‘svl

2073 2273 2257 2326 Deum.
2299 2272 2461 2329 Forte
2486 2276 2676 2332 dicatis
2699 2319 2715 2344 ,
2746 2279 2912 2336 Nemo
2942 2283 3042 2339 hoc
3079 2283 3209 2340 dicit
3251 2290 3409 2356 :quis
3448 2300 3531 2353 est
3571 2293 3664 2363 qui

2067 2363 2206 2418 dicat
2233 2405 2248 2428 ,
2280 2364 2422 2420 Deus
2448 2368 2549 2422 hoc
2574 2369 2778 2424 voluit?
2805 2372 2954 2426 Multi
3000 2385 3054 2429 et
3082 2375 3184 2432 ltoe
3214 2379 3400 2434 dicunt
3441 2400 3454 2435 :
3483 2385 3580 2440 sed
3608 2395 3668 2441 et

2067 2457 2156 2524 qui
2184 2457 2286 2512 hoc
2313 2473 2420 2512 non
2450 2460 2634 2514 dicunt
2654 2505 2669 2527 ,
2700 2464 2826 2533 quid
2856 2467 3000 2520 aliud
3035 2467 3253 2536 dicunt,
3296 2473 3387 2542 qui
3434 2475 3663 2544 dicunt,

2068 2545 2257 2600 Fatum
2293 2548 2420 2603 mibi
2464 2550 2626 2617 fecit,
2657 2553 2829 2608 stella:
2857 2571 2988 2610 mea:
3021 2559 3297 2614 fecerunt?
3321 2563 3393 2617 Ita
3417 2565 3530 2635 jam
3569 2583 3668 2639 per

2069 2637 2349 2694 circuitum
2376 2641 2441 2693 ad
2469 2640 2637 2697 Deum
2679 2645 2864 2700 volunt
2909 2651 3208 2713 pervenire.
3241 2652 3346 2708 Per
3382 2637 3667 2714 circuitum

2069 2727 2255 2782 volunt
2298 2732 2576 2799 pervenire
2601 2734 2669 2788 ad
2711 2735 2879 2790 Deum
2910 2742 3310 2811 accusandum,
3341 2747 3431 2817 qui
3477 2750 3669 2806 nolunt

2069 2816 2138 2872 de
2160 2820 2479 2890 compendio
2502 2823 2685 2879 venire
2714 2825 2781 2880 ad
2807 2829 2970 2882 Deum
3001 2830 3342 2900 placandum,
3365 2816 3420 2892 et
3440 2838 3625 2896 dicunt
3643 2882 3666 2912 ,

2069 2909 2417 2968 Fatum'milti
2461 2913 2604 2970 fecit.
2636 2918 2772 2986 Quid
2800 2930 2884 2974 est
2923 2921 3332 2982 fatumlStellm
3371 2909 3670 2989 meat-few;

2071 3012 2215 3058 runt.
2246 3003 2383 3071 Quid
2412 3018 2534 3060 sunt
2559 3009 2768 3064 stell:e?
2791 2996 2952 3066 Certe
2980 3014 3096 3070 ista:
3124 3033 3258 3086 quas
3285 3019 3337 3072 in
3364 3022 3506 3077 caalo
3528 3038 3667 3079 cun.

2070 3092 2345 3163 spitzimus.
2377 3097 2442 3151 Et
2466 3101 2586 3168 quis
2605 3117 2698 3155 cas
2725 3101 2890 3157 fecit?
2912 3106 3071 3176 Deus.
3099 3109 3230 3176 Quis
3255 3126 3348 3167 cas
3369 3114 3669 3172 ordinavit!

2071 3181 2234 3245 Deus.
2267 3187 2410 3258 Ergo
2438 3189 2590 3245 vides
2618 3193 2760 3262 quod
2789 3195 2998 3252 voluisti
3028 3198 3209 3256 dicere
3227 3244 3243 3269 ,
3286 3203 3425 3260 Deus
3452 3205 3580 3264 fecit
3608 3221 3670 3266 ut

2073 3293 2369 3368 peccarem.
2421 3281 2494 3335 Ita
2524 3283 2615 3338 ille
2643 3285 2871 3356 iujustus
2891 3329 2908 3354 ,
2942 3298 2997 3343 tu
3031 3291 3211 3362 justus
3241 3312 3257 3348 :
3283 3298 3408 3366 quia
3445 3298 3548 3368 nisi
3576 3302 3669 3358 ille

2071 3366 2306 3434 fecisset,
2337 3378 2393 3424 tu
2423 3388 2527 3426 non
2553 3389 2851 3445 peccasses.
2885 3378 3036 3436 Tolle
3057 3383 3185 3438 istas
3210 3366 3583 3447 excusatidues
3614 3393 3666 3449 in

2071 3462 2304 3530 peccatis
2347 3480 2362 3516 :
2411 3475 2683 3522 memento
2727 3470 2869 3526 illius
2919 3475 3107 3541 psalmi
3139 3495 3155 3532 :
3183 3475 3268 3532 Ne
3311 3481 3530 3538 declines
3559 3502 3669 3540 .cor

2069 3569 2235 3606 nteum
2260 3555 2313 3608 in
2350 3556 2498 3611 verba
2537 3560 2761 3631 maligna
2788 3564 2858 3618 ad
2892 3570 3210 3638 excusandas
3236 3577 3584 3632 excusationes
3611 3580 3666 3634 in

2071 3646 2287 3712 peccatis
2309 3686 2326 3710 ,
2372 3663 2486 3701 cum
2533 3651 2818 3709 hominibus
2860 3655 3183 3724 operantibus
3221 3663 3553 3736 iniquitatem.
3595 3673 3668 3726 At

2046 3735 2210 3811 enim
2260 3739 2433 3806 magni
2482 3739 2580 3796 viri
2621 3753 2778 3811 sunt,
2822 3748 2912 3815 qui
2949 3748 3243 3808 defendunt
3280 3767 3494 3824 peccata
3530 3772 3664 3828 sua;

2071 3828 2247 3897 magni
2293 3840 2414 3884 sunt
2459 3840 2512 3886 et
2553 3834 2644 3903 qui
2683 3847 2964 3893 numerant
3000 3839 3213 3906 si'lera,
3246 3855 3300 3898 et
3323 3847 3411 3917 qui
3439 3862 3664 3919 compu-

2070 3925 2186 3971 tant
2224 3921 2405 3974 stellas
2441 3930 2496 3975 et
2535 3932 2811 3994 tempora,
2852 3937 2908 3981 et
2947 3928 3128 3984 dicunt
3173 3936 3293 4002 quis
3336 3939 3549 4007 qumdo
3578 3942 3665 3999 vel

2069 4017 2256 4079 peccet
2285 4010 2366 4064 vel
2393 4011 2535 4066 bene
2558 4015 2729 4080 vivat,
2759 4027 2813 4071 et
2841 4021 3059 4089 quando
3085 4022 3222 4082 Mars
3254 4025 3411 4082 faciat
3440 4029 3666 4085 homici‘

2069 4098 2213 4163 dam,
2241 4110 2295 4154 et
2323 4100 2502 4156 Venus
2525 4104 2820 4161 adulteram
2852 4127 2865 4162 :
2898 4111 3075 4180 magni
3099 4154 3116 4179 ,
3139 4113 3282 4170 docti
3315 4117 3448 4185 viri,
3475 4131 3529 4174 et
3553 4120 3664 4177 ele—

2069 4193 2141 4246 cti
2173 4192 2418 4248 videntur
2446 4195 2498 4248 in
2537 4196 2636 4252 ltOC
2676 4201 2892 4255 smculo.
2919 4201 3024 4257 Sed
3054 4205 3180 4274 quid
3210 4207 3285 4261 ait
3321 4209 3375 4263 in
3420 4211 3668 4280 psalmo?

2072 4284 2158 4340 Ne
2200 4285 2419 4341 declines
2447 4304 2534 4341 cor
2578 4308 2742 4344 meum
2767 4293 2821 4348 in
2856 4294 3003 4349 verba
3030 4299 3169 4353 mala
3187 4336 3212 4363 ,-
3232 4316 3350 4354 cum
3377 4302 3667 4362 hominibus
3719 4342 3724 4345 ι

2069 4376 2395 4447 operantibus
2423 4382 2735 4452 iniquitatem
2753 4426 2767 4448 ,
2800 4395 2848 4439 et
2867 4403 2969 4441 non
3003 4394 3383 4448 communicabo
3409 4412 3524 4449 cum
3563 4398 3667 4452 ele-

2069 4473 2163 4526 ctis
2193 4489 2366 4526 eorum
2394 4471 2566 4540 (Psat.
2596 4491 2699 4531 CXI.
2721 4518 2739 4542 ,
2769 4479 2802 4532 Α
2827 4475 2870 4550 ).
2905 4479 3091 4535 Dicant
3121 4482 3195 4536 illi
3213 4467 3428 4540 .eleetos
3465 4497 3523 4544 et
3561 4489 3665 4546 do-

2068 4571 2185 4616 ctos
2213 4574 2583 4617 numeratores
2612 4566 2884 4635 siderum,
2922 4568 3105 4626 dicant
3141 4573 3215 4627 illi
3257 4577 3528 4644 sapientes
3565 4595 3664 4637 eos

2069 4656 2160 4725 qui
2197 4657 2345 4726 quasi
2387 4657 2634 4726 digerunt
2664 4660 2714 4714 iu
2755 4661 2933 4732 digitis
2960 4663 3064 4719 fata
3107 4668 3128 4698 ⁸
3155 4666 3388 4725 humana
3413 4713 3429 4737 ,
3470 4682 3526 4728 et
3560 4673 3660 4730 de-

2069 4749 2307 4803 scrilunt
2334 4749 2401 4803 de
2423 4749 2592 4806 stellis
2614 4768 2790 4807 mores
2821 4756 3102 4812 humanos.
3148 4759 3282 4814 Cum
3316 4762 3486 4819 libero
3520 4766 3669 4822 arbi-

2070 4843 2173 4894 trio
2200 4856 2285 4895 me
2310 4843 2510 4896 ereavit
2541 4843 2680 4898 Deus
2713 4861 2725 4897 :
2755 4845 2799 4900 si
2847 4851 3103 4916 peccavi,
3144 4860 3245 4923 ego
3289 4856 3507 4924 peccavi
3548 4877 3562 4913 :
3606 4871 3664 4917 ut

2069 4946 2175 4984 neu
2205 4932 2376 4986 solum
2422 4932 2761 5002 pronuntiem
2795 4937 3129 5007 iniquitatem
3176 4960 3351 4998 meam
3396 4947 3663 5020 Domino,

2069 5023 2161 5076 sed
2183 5022 2463 5077 adversum
2493 5041 2578 5079 me
2597 5067 2610 5086 ,
2642 5042 2748 5080 non
2777 5028 3036 5086 adversus
3064 5048 3209 5112 eum.
3241 5034 3352 5108 Ego
3380 5038 3518 5104 dixi,
3553 5039 3666 5095 Do-

2067 5114 2202 5164 mine
2220 5155 2233 5174 ,
2271 5114 2506 5170 miserere
2541 5117 2638 5170 uici
2669 5133 2686 5170 :
2713 5118 2909 5175 clamat
2937 5133 3083 5192 :rger
3103 5125 3172 5179 ad
3201 5128 3466 5184 medicum
3488 5171 3503 5195 ,
3550 5131 3666 5204 Ego

2067 5207 2194 5259 dixi.
2226 5208 2423 5274 Quare,
2453 5208 2565 5280 Ego
2586 5211 2735 5268 dixi?
2761 5213 3065 5282 Sufliceret,
3096 5220 3206 5272 dixi
3231 5235 3250 5275 :
3271 5219 3382 5292 Ego
3407 5239 3528 5278 cum
3550 5241 3668 5281 eut-

2066 5296 2135 5366 plt
2157 5299 2215 5351 ιεὶ
2242 5298 2441 5354 dictum
2469 5311 2590 5366 est;
2622 5301 2762 5373 Ego,
2791 5320 2911 5377 ego,
2939 5323 3044 5362 non
3077 5309 3263 5378 fatum,
3288 5328 3396 5368 non
3423 5313 3664 5383 fortuna,

2064 5403 2170 5442 non
2203 5389 2480 5456 diabolus;
2518 5394 2637 5460 quia
2667 5411 2765 5450 nec
2796 5395 2910 5466 ipse
2935 5401 3149 5470 coegit,
3181 5403 3275 5458 sed
3311 5420 3410 5476 ego
3436 5423 3666 5476 persua-

2061 5482 2208 5537 denti
2235 5486 2483 5538 (-onscnsi
2512 5501 2525 5538 :
2558 5485 2667 5557 Ego
2698 5489 2826 5554 dixi,
2862 5492 3095 5556 Domine,
3126 5495 3361 5552 miserere
3394 5501 3510 5565 mei,
3535 5520 3664 5557 sana

2061 5575 2285 5628 animum
2313 5594 2491 5640 meam,
2523 5580 2763 5648 quoniam
2789 5584 2992 5652 peccavi
3022 5587 3110 5638 tibi
3141 5583 3313 5656 (Fsat'.
3349 5605 3437 5657 ιι,
3468 5591 3546 5662 5).
3573 5594 3665 5650 Sic

2129 5727 2153 5804 ξ
2165 5735 2304 5804 not-te
2326 5729 2448 5804 tege
2473 5733 2564 5804 sed
2583 5746 2676 5784 non
2691 5735 2947 5799 summa!
2965 5741 3094 5804 quod
3107 5740 3252 5796 dixit.

2134 5792 2154 5821 ¹
2166 5792 2347 5857 Aliquot
2376 5792 2500 5856 1185.,
2519 5794 2667 5858 facta.
