4008 6362
222 468 330 533 ειιιι

1333 472 1727 558 summano
1761 469 1827 530 tn
1867 473 2190 533 essenon
2230 475 2423 534 χχιι.

3412 491 3523 549 210

231 595 288 644 et
309 584 397 644 ille
415 585 629 653 statuit,
657 599 711 645 et
739 589 1042 661 proposuit,
1072 587 1198 646 Dixi
1217 606 1236 645 :
1265 587 1618 647 Pronuntiubo
1641 593 1824 646 adver-
1861 589 1863 593 “
1925 589 2023 645 τίω
2047 590 2325 649 doctrinas.
2353 593 2600 650 Doctrina
2640 597 2733 653 Dei
2762 613 2868 662 una
2894 609 2979 656 est
2998 641 3014 666 ,
3041 617 3147 658 non
3177 615 3305 660 sunt
3331 594 3517 668 nulla:

228 693 344 734 sata
371 693 449 732 me
472 677 784 746 iniquitatem
824 695 986 734 meam
1015 679 1233 738 Domino
1247 723 1264 746 ,
1301 691 1349 738 ct
1376 692 1432 736 tu
1459 683 1694 738 remisisti
1719 684 1820 736 im-

233 767 467 837 pietatem
488 768 658 824 cordis
681 770 797 824 mei.
826 785 828 788 '

304 858 390 915 {7.
424 857 574 932 [νει-ε.
603 857 685 932 8.]
717 857 821 916 Pro
861 861 958 915 hac
981 861 1144 918 orabit
1186 862 1256 917 ad
1295 873 1343 917 te
1369 864 1536 918 omnis
1575 875 1782 920 sanctus
1800 905 1816 930 ,

212 953 279 1010 in
316 962 539 1022 tempore
577 963 882 1023 opportuno.
921 952 1040 1020 Quo
1079 949 1361 1022 tempore?
1404 953 1514 1010 Pro
1549 955 1666 1010 liae.
1716 957 1818 1010 l'ro

224 1057 333 1110 qua
355 1040 488 1096 hac?
515 1048 618 1096 t'ro
638 1038 932 1114 impietate.
959 1043 1063 1100 Pro
1087 1044 1227 1114 qua?
1248 1045 1350 1100 Pro
1380 1046 1494 1115 ipsa
1519 1046 1671 1100 venia
1694 1060 1819 1115 pec-

223 1141 488 1188 catorum.
520 1130 628 1188 Pro
649 1132 745 1186 hac
772 1133 933 1186 orabit
959 1132 1030 1187 ad
1061 1143 1110 1187 te
1128 1134 1296 1196 omnis
1319 1144 1556 1202 sanctus,
1595 1135 1650 1190 in
1685 1144 1814 1189 temo

222 1238 348 1291 pore
366 1233 668 1294 opportuno.
693 1221 821 1279 lude
847 1222 1022 1278 orabit
1048 1222 1116 1278 ad
1140 1234 1191 1279 te
1217 1225 1392 1280 omnis
1417 1237 1666 1292 sanctus,
1689 1226 1813 1296 quia

221 1314 470 1369 dimisisti
504 1324 745 1386 peccata.
762 1313 894 1370 Nam
919 1316 964 1369 si
991 1329 1098 1370 non
1123 1315 1420 1372 dimitteres
1443 1327 1682 1386 peccata,
1705 1333 1812 1372 non

220 1415 368 1462 esset
404 1419 619 1464 sanctus
654 1407 745 1480 qui
781 1407 848 1463 ad
893 1417 945 1466 te
976 1417 1186 1474 oraret,
1236 1407 1341 1464 Pro
1367 1409 1463 1464 hac
1487 1408 1648 1464 orabit
1675 1409 1745 1463 ad
1767 1420 1817 1464 te

219 1497 386 1551 cuntis
408 1508 615 1552 sanctus
631 1537 648 1564 ,
676 1499 729 1552 in
754 1509 977 1568 tempore
1005 1508 1292 1568 opportuno
1314 1513 1334 1552 :
1354 1496 1570 1570 quando
1591 1500 1814 1554 manile-
1850 1539 1852 1542 μ

220 1588 450 1642 stabitur
475 1586 679 1644 Novum
719 1589 1160 1656 Testamentum,
1187 1589 1401 1661 quando
1442 1588 1811 1647 manifestam-

220 1687 309 1733 tur
327 1678 496 1749 gratia
523 1679 738 1744 Christi,
761 1678 902 1749 quod
933 1689 1015 1734 est
1038 1689 1247 1750 tempus
1275 1688 1654 1750 opportunum.
1678 1677 1806 1736 Cum

221 1783 392 1824 autem
442 1772 574 1825 venit
626 1769 885 1844 plenitudo
935 1771 1210 1840 temporis.
1239 1770 1390 1846 misit
1431 1767 1572 1824 Deus
1618 1767 1812 1823 Filium

217 1879 368 1915 suum
388 1902 403 1924 ,
436 1863 627 1932 factum
649 1877 712 1916 ea:
737 1862 974 1925 muliere,
1000 1861 1048 1915 id
1074 1873 1158 1916 est
1177 1877 1242 1917 es
1267 1860 1497 1923 femina;
1527 1860 1812 1915 indiscrete

215 1956 364 2008 enim
408 1955 668 2009 vocabant
697 1953 799 2009 hoc
824 1953 1073 2024 Antiqui,
1104 1955 1296 2033 factum
1318 1937 1413 2006 sub
1445 1950 1579 2024 Lege
1600 1993 1616 2017 ,
1649 1962 1703 2007 ut
1726 1969 1810 2008 eos

214 2050 306 2117 qui
329 2049 426 2105 sub
455 2048 588 2120 Lege
603 2057 770 2114 erant,
797 2048 1062 2101 redimeret
1087 2044 1228 2112 (Gal.
1260 2061 1334 2111 tv,
1355 2046 1412 2113 4,
1441 2043 1498 2117 5)
1544 2044 1698 2101 liude
1720 2062 1807 2100 re-

213 2143 485 2199 dimeret?
511 2145 557 2198 Α
582 2123 817 2210 diabolo,
841 2157 872 2198 a
903 2139 1228 2215 perditione,
1254 2157 1286 2197 a
1313 2143 1543 2212 peccatis
1568 2141 1708 2205 suis,
1740 2143 1809 2197 ab

183 2260 189 2267 -
215 2253 282 2288 (ιο
311 2235 399 2291 cui
424 2250 486 2291 se
510 2234 881 2291 vendiderant.
907 2233 976 2290 Ut
995 2251 1082 2290 eos
1115 2235 1203 2304 qui
1227 2234 1322 2290 sub
1345 2233 1481 2306 Lege
1501 2244 1642 2290 erant
1669 2236 1808 2289 redi-

216 2337 392 2382 meret.
423 2326 539 2382 Sub
555 2326 697 2399 Lege
721 2326 864 2382 enim
890 2336 1084 2392 erant,
1109 2327 1233 2398 quia
1258 2316 1536 2397 premebat
1557 2341 1650 2381 eos
1670 2326 1802 2381 Lex.

214 2416 464 2472 Conditio
499 2432 592 2473 eos
623 2417 932 2487 premebat,
977 2417 1343 2493 convincenda
1368 2416 1439 2472 de
1467 2428 1650 2481 reatu,
1699 2433 1804 2472 non

137 2553 142 2558 .
213 2507 492 2564 salvando.
521 2509 588 2565 Et
610 2508 827 2581 quidem
868 2509 1008 2564 mala
1053 2507 1414 2578 prohibebat:
1441 2507 1534 2563 sed
1575 2508 1695 2579 quia
1731 2509 1805 2577 illi

212 2603 362 2667 vires
407 2618 512 2657 non
537 2601 805 2658 habebant
847 2616 944 2673 per
969 2602 1176 2672 seipsos'
1194 2599 1520 2672 justiiicandi
1563 2617 1622 2656 sc
1642 2642 1659 2668 ,
1689 2602 1805 2657 cla-

215 2693 613 2748 mandumerat
637 2693 706 2748 ad
730 2691 876 2748 illum
897 2734 914 2757 ,
941 2692 1212 2764 quomodo
1234 2692 1497 2748 clamabat
1520 2691 1610 2764 qui
1635 2695 1805 2762 capti-

196 2799 314 2838 'vus
352 2783 646 2840 ducebatur
677 2783 787 2839 sub
827 2783 946 2854 lege
977 2784 1181 2855 peccati
1223 2800 1238 2838 :
1283 2782 1444 2840 Miser
1479 2799 1570 2856 ego
1613 2783 1803 2856 (torno,

173 2880 182 2886 '
211 2879 328 2948 quis
365 2891 446 2933 me
467 2877 695 2933 liberabit
716 2877 781 2932 de
819 2892 1033 2948 corpore
1067 2877 1246 2932 mortis
1276 2877 1430 2947 hujus
1473 2875 1650 2950 (Rom.
1694 2893 1766 2932 vn
1786 2919 1803 2946 ,

211 2969 480 3043 9.5,”)?
511 2971 678 3026 Erant
717 2983 904 3025 omnes
946 2967 1189 3024 homines
1231 2968 1333 3024 sub
1374 2966 1552 3040 Lege,
1599 2983 1707 3026 non
1749 2970 1802 3026 in

212 3057 358 3131 Lege
385 3075 403 3114 :
424 3060 535 3130 jam
553 3059 651 3116 illa
671 3058 1025 3130 deprimente,
1053 3057 1142 3113 illa
1161 3057 1231 3114 de
1255 3067 1405 3113 reatu
1427 3059 1800 3116 eonvinceute.

217 3149 614 3208 Demonstravit
635 3151 776 3206 enim
811 3160 1082 3221 peccatum
1103 3148 1212 3204 Lex
1241 3165 1258 3204 :
1299 3149 1384 3203 illa
1414 3147 1762 3220 ﬁxitspinam
1781 3189 1801 3218 ,

214 3242 306 3299 illa
345 3239 473 3296 fecit
508 3256 602 3297 eor
629 3241 948 3312 compungi;
990 3239 1106 3310 ipsa
1145 3231 1513 3296 adtnonuit'ut
1549 3255 1701 3296 reum
1743 3256 1806 3297 se

213 3334 441 3405 quisque
467 3341 834 3404 cognosceret.
860 3341 917 3387 et
940 3345 1036 3401 pro
1063 3331 1216 3387 venia
1245 3331 1504 3388 clamaret
1521 3331 1589 3388 ad
1612 3331 1802 3388 Deum.

191 3415 196 3418 ’
217 3424 326 3480 Pro
349 3425 446 3480 hac
467 3421 631 3480 orabit
653 3422 723 3479 ad
745 3435 795 3479 te
819 3421 982 3478 omnis
1004 3431 1211 3478 sanctas
1229 3421 1260 3489 ,'
1281 3421 1339 3477 in
1367 3430 1591 3493 tentpore
1617 3439 1807 3494 oppor-

215 3528 362 3572 tunc.
383 3516 526 3587 Ergo
547 3512 789 3571 dicebam
818 3513 887 3570 de
917 3526 1157 3584 tempore
1192 3521 1494 3583 opportuno
1522 3530 1537 3568 :
1567 3512 1695 3569 Cum
1723 3530 1804 3570 oe-

213 3609 291 3662 nit
322 3606 586 3676 plenitudo
613 3605 884 3677 temporis,
910 3605 1042 3660 misit
1079 3603 1219 3660 Deus
1243 3602 1296 3659 Γ
1295 3605 1439 3659 ilium
1464 3622 1633 3660 suum.
1676 3606 1804 3660 item

214 3700 348 3753 dicit
373 3698 660 3769 Apostolus
684 3715 704 3753 :
730 3696 980 3766 Tempore
1011 3696 1308 3766 acceptabili
1346 3706 1392 3750 et
1436 3696 1623 3767 placito
1649 3714 1807 3753 exau-

216 3792 320 3844 diri
348 3799 419 3856 te,
443 3802 492 3843 et
516 3789 569 3841 in
592 3788 676 3842 die
691 3789 871 3842 salutis
889 3788 1061 3858 adjuvi
1091 3795 1158 3840 te.
1183 3786 1248 3840 Et
1265 3785 1387 3856 quia
1410 3786 1512 3841 hoc
1540 3785 1609 3841 de
1632 3788 1808 3844 omni-

217 3881 319 3933 bus
343 3877 668 3934 Christianis
691 3876 766 3948 (ιι)
800 3877 1106 3948 prardictum
1134 3885 1252 3932 erat
1278 3891 1306 3929 a
1339 3876 1602 3948 Propheta
1622 3917 1638 3941 ,
1681 3879 1812 3933 sub-

213 3971 346 4041 jecit
390 3970 719 4040 Apostolus:
749 3966 882 4023 Ecce
923 3983 1058 4022 nunc
1093 3977 1288 4038 tempus
1328 3966 1662 4037 acceptabile,
1694 3984 1807 4023 ecce

218 4079 352 4116 nunc
385 4062 493 4116 dies
530 4060 710 4115 salutis
737 4060 803 4132 (ll
829 4057 947 4114 Cor.
974 4075 1028 4114 γι
1052 4100 1064 4121 ,
1092 4058 1171 4128 2).
1207 4057 1312 4112 Pro
1340 4059 1436 4112 hac
1475 4059 1638 4114 orabit
1664 4061 1734 4113 ad
1758 4068 1808 4115 te

219 4155 386 4212 omnis
413 4165 639 4216 sanctus,
668 4153 721 4206 in
747 4150 972 4222 tempore
995 4162 1302 4220 Opportuna.

293 4245 381 4301 18.
417 4242 772 4299 Verumtamen
797 4243 849 4296 in
887 4241 1079 4296 diluvio
1112 4257 1358 4312 aquarum
1400 4239 1672 4294 multarum
1693 4283 1710 4308 ,
1739 4241 1819 4295 ad

219 4353 334 4392 estus
371 4350 474 4388 non
515 4326 1014 4404 apprOpinquabunt.
1058 4329 1139 4384 Ad
1167 4345 1280 4390 eum
1319 4344 1340 4384 :
1380 4329 1448 4386 ad
1485 4329 1682 4401 quem?
1724 4330 1806 4385 Ad

222 4427 412 4482 Deum.
440 4424 586 4480 Solet
613 4423 754 4479 enim
791 4437 1072 4493 personam
1102 4431 1346 4477 imitare:
1378 4420 1647 4490 quomodo
1687 4428 1804 4483 est.

219 4517 429 4572 Domini
465 4525 538 4570 est
574 4515 742 4582 salus,
783 4525 828 4570 et
873 4531 1028 4584 super
1064 4514 1308 4584 populum
1347 4523 1488 4567 tuum
1531 4513 1808 4569 benedictio

219 4619 308 4662 tua
336 4607 510 4679 (Psal.
533 4621 613 4672 tu,
640 4603 720 4678 9).
751 4603 866 4660 Non
894 4604 1060 4668 dixit,
1089 4604 1293 4659 Domini
1322 4612 1407 4660 est
1433 4604 1580 4659 salus
1601 4646 1613 4667 .
1637 4613 1694 4659 et
1717 4621 1810 4659 su-

220 4715 316 4772 per
341 4698 594 4770 populum
618 4695 736 4768 ejus
759 4695 1057 4751 benedictio
1083 4696 1197 4764 ejus
1227 4711 1241 4748 :
1272 4703 1382 4758 aut,
1412 4694 1639 4750 Domine
1670 4735 1687 4759 ,
1719 4703 1804 4749 tua

217 4802 300 4845 est
326 4789 506 4854 salus,
547 4793 605 4842 et
643 4801 806 4856 super
847 4787 1096 4855 populum
1139 4795 1286 4838 tuum
1326 4784 1628 4838 benedictio
1667 4794 1754 4838 tua
1789 4802 1803 4837 :

219 4879 312 4935 sed
338 4895 463 4936 cum
507 4878 799 4948 inciperet,
829 4874 1037 4930 Domini
1061 4875 1345 4940 est'salns,
1376 4889 1481 4928 non
1511 4875 1576 4928 ad
1615 4874 1804 4942 illum,

219 4973 313 5029 sed
333 4972 405 5028 de
435 4971 530 5026 illo
555 4971 763 5034 dicens;
787 4969 855 5023 ibi
886 4982 1177 5022 conversus
1204 4975 1288 5021 est
1315 4967 1381 5019 ad
1411 4966 1556 5019 illum
1573 4981 1597 5031 ,‘
1617 4976 1673 5022 et
1696 4967 1770 5020 ait
1789 5007 1805 5032 ,

222 5063 288 5119 Et
309 5077 476 5133 super“
493 5046 738 5131 populum
771 5070 913 5112 tuum
938 5057 1212 5112 benedictio
1241 5067 1350 5110 tua.
1377 5056 1466 5112 Sic
1491 5065 1544 5112 et
1572 5057 1657 5112 hic
1683 5071 1806 5111 cum

217 5157 373 5227 audis
411 5154 584 5224 primo
610 5152 678 5207 ad
705 5160 781 5219 te,
812 5149 1006 5205 deinde
1045 5149 1115 5202 ad
1157 5165 1306 5215 eum,
1355 5162 1424 5203 ne
1464 5157 1622 5218 putes
1642 5146 1806 5202 alium

218 5263 378 5308 esse;
410 5243 520 5300 Pro
558 5244 653 5296 hac
683 5242 846 5297 orabit
872 5242 942 5294 ad
970 5250 1019 5293 te
1045 5239 1208 5294 omnis
1235 5246 1439 5292 sanetus
1459 5279 1474 5302 ,
1505 5238 1558 5291 in
1584 5247 1810 5304 tempore

219 5345 525 5408 opportuno.
557 5331 910 5404 Verumtamen
935 5330 988 5383 in
1015 5329 1203 5382 diluvio
1225 5343 1471 5399 aquarum
1497 5327 1807 5393 multarunt,

218 5429 286 5483 ad
328 5441 443 5481 eum
486 5440 588 5478 non
635 5413 1135 5493 appropinquabant.
1183 5415 1319 5486 Quid
1357 5426 1436 5472 est
1463 5456 1477 5481 ,
1525 5415 1578 5470 in
1621 5415 1810 5471 diluvio

218 5535 466 5590 aquarum
506 5511 834 5570 multarum?
870 5510 974 5577 Qui
1016 5519 1198 5564 natant
1227 5509 1278 5564 in
1321 5506 1520 5562 diluvio
1551 5523 1806 5577 aquarum

221 5611 531 5674 multarum,
557 5610 675 5662 non
695 5594 1122 5674 appropinquant
1141 5594 1209 5654 ad
1242 5594 1425 5654 Deum.
1456 5597 1594 5666 Quid
1621 5609 1705 5656 eSt
1728 5598 1813 5656 di.

223 5704 421 5759 luvium
464 5712 728 5770 aquarum
773 5691 1095 5749 multarum?
1141 5689 1499 5761 Multiplicitas
1542 5691 1809 5748 variarunt

227 5798 600 5851 doctrinarum.
634 5785 926 5855 intendite,
959 5783 1163 5841 fratres.
1183 5772 1369 5839 Multa:
1395 5779 1545 5853 aqua:
1569 5787 1693 5840 sunt
1717 5795 1809 5835 va-

287 5910 358 5973 (α)
381 5914 542 5968 torte,
569 5897 886 5972 temporibus.

1922 694 2078 751 aqum
2096 725 2110 746 ,
2157 683 2254 738 sed
2280 701 2386 740 una
2423 701 2585 756 aqua.
2615 693 2730 744 sive
2751 694 3071 748 sacramenti
3096 693 3372 765 baptismi.
3399 703 3519 759 sive

1922 769 2180 860 doctrina:
2223 776 2500 832 salutaris.
2547 777 2622 834 De
2662 779 2777 849 ipsa
2821 779 3062 839 doctrina
3105 801 3208 855 qua
3234 787 3518 860 irrigantur

1924 874 2018 930 per
2047 859 2302 930 Spiritum
2343 875 2624 939 sanetum,
2668 867 2866 924 dicitur
2895 889 2911 926 :
2937 868 3061 926 Bibe
3099 890 3281 942 aquam
3320 859 3384 931 de
3419 880 3520 934 tuis

1923 953 2088 1018 vasis,
2131 966 2179 1008 et
2205 957 2269 1010 de
2294 967 2558 1025 puteorum
2584 969 2787 1014 tuorum
2817 964 3042 1033 [antibus
3071 963 3254 1038 (Prov.
3292 982 3358 1034 v,
3400 969 3514 1042 l5).

1919 1042 2004 1098 Ad
2033 1045 2164 1099 istos
2187 1044 2359 1102 fontes
2389 1064 2496 1103 non
2521 1049 2782 1104 accedunt
2811 1053 3000 1124 impii,
3028 1056 3122 1110 sed
3147 1057 3430 1114 credentes
3460 1061 3515 1116 in

1919 1148 2042 1189 eum
2061 1137 2152 1204 qui
2172 1136 2433 1206 justificat
2460 1141 2679 1217 impium
2704 1142 2880 1212 (Rom.
2906 1159 2979 1210 tv,
3002 1145 3084 1210 5),
3103 1146 3214 1214 jam
3235 1147 3513 1218 justilicali

1917 1222 2199 1281 accedunt.
2229 1226 2362 1280 Aliae
2396 1244 2549 1298 aquae
2587 1229 2768 1284 multa:
2787 1270 2803 1295 ,
2830 1233 3009 1288 multa:
3046 1234 3303 1292 doctrina:
3334 1239 3508 1309 inqui-

1917 1321 2048 1367 nant
2086 1315 2292 1369 animas
2336 1316 2651 1386 hominum,
2697 1322 2837 1391 quod
2882 1325 3041 1392 paulo
3079 1335 3203 1382 ante
3241 1327 3508 1385 dicebam.

1916 1404 2035 1458 Alia
2065 1406 2301 1461 doctrina
2330 1418 2461 1485 est,
2487 1408 2674 1465 Fatum
2705 1413 2836 1466 mihi
2877 1414 3022 1468 fecit.
3064 1417 3182 1471 Alia
3223 1418 3466 1476 doctrina
3487 1460 3507 1488 ,

1915 1491 2085 1551 Casus
2115 1496 2240 1550 mihi
2269 1497 2430 1563 fecit,
2459 1499 2666 1554 fortuna
2711 1499 2854 1558 fecit.
2898 1503 2955 1560 Si
2994 1507 3206 1562 casibus
3251 1522 3511 1582 (egeritur

1915 1584 2196 1655 homines,
2236 1589 2381 1644 nulla
2425 1591 2758 1660 pravidentia
2799 1595 2996 1664 aliquid
3036 1600 3242 1667 geritur
3271 1618 3284 1655 :
3312 1611 3367 1657 et
3391 1602 3506 1672 ipsa

1915 1674 2153 1731 doctrina
2175 1687 2276 1732 est.
2307 1679 2458 1752 Alius
2481 1680 2653 1761 dixit,
2682 1684 2775 1738 Est
2798 1700 2931 1755 gens
2960 1690 3225 1744 contraria
3254 1693 3508 1748 tenebra-

1913 1781 2030 1818 rum
2049 1809 2066 1831 ,
2097 1782 2214 1836 quas
2253 1767 2533 1827 rebellavit
2555 1766 2816 1844 adversus,
2853 1776 3018 1832 Deum
3041 1820 3059 1845 ,
3085 1779 3199 1850 ipsa
3225 1781 3350 1838 facit
3376 1798 3509 1854 pec-

1913 1870 2040 1910 care
2066 1857 2330 1914 homines.
2358 1859 2414 1914 In
2447 1859 2549 1918 huc
2576 1863 2778 1920 diluvio
2822 1881 3079 1937 aquarum
3117 1872 3403 1930 multarum
3436 1875 3507 1932 ad

1916 1946 2084 2002 Deum
2124 1964 2229 2005 nOu
2259 1953 2778 2024 appropinquabant.
2809 1958 2941 2026 Quae
2965 1971 3048 2016 est
3087 1961 3176 2018 illa
3200 1979 3336 2034 aqua
3360 2005 3376 2034 ,
3417 1968 3505 2023 illa

1912 2052 2036 2091 vera
2061 2055 2179 2107 quae
2208 2052 2389 2097 manat
2409 2043 2478 2098 de
2506 2044 2706 2110 intimo
2721 2046 2870 2104 fonte
2901 2066 3046 2120 purae
3070 2069 3220 2110 vena:
3243 2059 3506 2114 veritatis?

1910 2125 2041 2194 Qua:
2071 2130 2155 2182 illa
2182 2147 2316 2201 aqua
2343 2143 2459 2199 est,
2493 2133 2720 2204 fratres,
2766 2138 2866 2195 nisi
2905 2157 3024 2210 qua:
3063 2143 3219 2200 docet
3261 2149 3504 2205 conﬁteri

1913 2217 2180 2282 Domino?
2204 2224 2332 2288 Qua:
2362 2235 2443 2278 est
2473 2225 2559 2279 illa
2593 2242 2765 2297 aqua,
2796 2231 2895 2284 nisi
2937 2248 3056 2300 qua:
3083 2232 3270 2303 docet,
3301 2237 3504 2294 Bonum

1909 2311 2231 2378 «(conﬁteri
2256 2311 2477 2368 Domino
2500 2313 2669 2390 (Psal.
2702 2333 2809 2381 XCI,
2841 2321 2924 2393 9.)?
2954 2322 3083 2389 Qua:
3102 2335 3184 2379 est
3208 2327 3293 2380 illa
3315 2327 3460 2399 aqua
3479 2371 3500 2397 ,

1909 2399 2011 2456 nisi
2031 2417 2151 2472 quae
2178 2404 2336 2458 docet
2362 2405 2500 2462 hanc
2521 2423 2728 2482 vocem,
2757 2411 2910 2479 Dixi,
2949 2413 3294 2472 Pronuntiabo
3320 2421 3502 2477 adsero

1906 2507 2020 2544 sum
2045 2509 2123 2546 me
2145 2493 2444 2564 injustitiam
2471 2512 2634 2553 meam
2656 2499 2879 2556 Domino
2910 2519 2930 2558 :
2957 2515 3013 2559 et
3031 2547 3046 2571 ,
3078 2503 3190 2579 Ego
3219 2509 3328 2564 dixi
3347 2551 3364 2576 ,
3394 2510 3502 2568 Do-

1905 2589 2046 2636 mine
2062 2624 2078 2648 ,
2108 2589 2341 2640 miserere
2365 2589 2465 2642 mei
2480 2629 2496 2654 ,
2525 2605 2652 2643 sana
2679 2594 2903 2649 animam
2929 2613 3110 2662 meam,
3133 2601 3370 2668 quoniam
3393 2620 3506 2674 pec.

1905 2675 2019 2729 cavi
2064 2675 2197 2732 tibi?
2233 2679 2356 2733 lla-c
2396 2696 2532 2751 aqua
2573 2683 2925 2742 confessionis
2969 2703 3344 2760 peccatorum,
3385 2695 3502 2755 haec

1905 2781 2042 2837 aqua
2063 2767 2446 2826 humiliatiouis
2470 2773 2650 2829 cordis
2667 2815 2686 2844 ,
2718 2775 2834 2832 haec
2853 2793 2989 2848 aqua
3010 2781 3144 2839 ,vitm
3169 2783 3190 2828 ‹¹
3215 2785 3463 2840 salutaris
3478 2824 3502 2855 ,

1907 2857 2207 2928 abjicientis
2232 2873 2310 2924 se,
2344 2861 2476 2915 nihil
2504 2862 2572 2918 de
2598 2869 2660 2919 se
2691 2869 3082 2934 prmsumentis,
3114 2869 3250 2927 nihil
3277 2888 3390 2930 sua:
3410 2890 3501 2947 po-

1909 2949 2091 3005 tentiae
2133 2953 2364 3021 superbe
2393 2953 2695 3011 tribuentis.
2724 2956 2851 3014 liam
2877 2974 3014 3030 aqua
3041 2959 3098 3017 in
3123 2963 3283 3019 nullis
3306 2965 3502 3024 alieni-

1906 3055 2170 3114 genarum
2197 3043 2348 3100 libris
2369 3055 2454 3101 est
2476 3087 2492 3114 ,
2524 3063 2630 3104 non
2661 3050 2714 3105 in
2736 3051 2998 3121 epicureis
3017 3094 3034 3117 ,
3061 3070 3166 3110 non
3198 3056 3250 3112 in
3281 3059 3499 3125 stoicis,

1908 3148 2018 3190 non
2039 3135 2093 3190 in
2115 3137 2448 3207 manicharis,
2466 3141 2642 3196 nonin
2661 3143 2961 3212 platonicis.
2985 3136 3318 3222 Ubicumque
3337 3151 3498 3210 etiam

1907 3226 2256 3285 inveniuntur
2296 3231 2495 3302 optima
2528 3244 2795 3304 praecepta
2824 3251 3032 3293 morum
3076 3247 3130 3294 et
3166 3239 3496 3313 disciplinae.

1908 3317 2184 3403 humilitas
2221 3328 2398 3376 tamen
2443 3324 2544 3378 ista
2573 3338 2680 3379 non
2725 3326 3014 3383 invenitur.
3060 3328 3157 3384 Via
3187 3333 3502 3396 humilitatis

1909 3410 2069 3483 hujus
2093 3412 2305 3468 aliunde
2333 3416 2354 3447 ⁸
2395 3425 2574 3470 manat
2603 3436 2616 3470 :
2646 3433 2676 3472 a
2715 3417 2934 3474 Christo
2971 3423 3142 3477 venit.
3166 3425 3291 3482 ΙΙωο
3320 3429 3402 3482 via
3430 3429 3502 3486 ab

1907 3503 2003 3559 illo
2023 3514 2127 3571 cst,
2155 3505 2244 3574 qui
2275 3521 2394 3559 cum
2419 3515 2564 3561 esset
2581 3508 2740 3573 altus,
2765 3509 2985 3567 humilis
3003 3513 3167 3569 venit.
3189 3515 3328 3584 Quid
3353 3518 3499 3576 enim

1907 3595 2050 3649 aliud
2071 3594 2254 3650 docuit
2281 3595 2612 3652 humiliando
2636 3613 2728 3666 se,
2752 3598 2922 3656 factus
2957 3602 3217 3661 obediens
3242 3621 3410 3677 usque
3430 3609 3498 3666 ad

1908 3695 2170 3754 mortem,
2193 3697 2419 3742 mortem
2445 3697 2623 3743 autem
2657 3689 2834 3745 crucis
2856 3688 3116 3764 (Philipp.
3144 3710 3204 3760 tt,
3237 3697 3334 3768 8)?
3359 3700 3503 3766 Quid

1907 3778 2052 3834 aliud
2079 3778 2263 3834 docuit
2289 3779 2545 3834 solvendo
2567 3781 2710 3850 quod
2735 3790 2840 3836 non
2858 3782 3122 3851 debebat,
3144 3797 3205 3842 ut
3239 3804 3336 3844 nos
3361 3807 3392 3846 a
3415 3791 3503 3847 de-

1907 3871 2022 3928 bito
2042 3870 2334 3927 liberaret?
2355 3870 2489 3939 Quid
2516 3872 2664 3928 aliud
2685 3871 2867 3929 docuit
2883 3876 3180 3946 baptizatus
3203 3881 3292 3950 qui
3319 3897 3504 3952 pecca-

1909 3972 2022 4019 tum
2052 3977 2158 4017 non
2187 3961 2348 4029 fecit,
2388 3962 2671 4017 cruciﬁxus
2713 3965 2803 4034 qui
2849 3975 3054 4021 reatum
3095 3983 3201 4022 non
3231 3969 3503 4027 habebat?

1908 4053 2046 4125 Quid
2081 4052 2224 4109 aliud
2262 4054 2476 4119 docuit,
2511 4055 2612 4110 nisi
2643 4053 2781 4111 hanc
2825 4055 3176 4114 humilitatem
3196 4061 3222 4115 2
3246 4061 3364 4117 Non
3395 4065 3498 4120 iut-

1909 4145 2101 4204 merito
2138 4147 2212 4200 ait
2245 4162 2260 4199 :
2290 4145 2400 4217 Ego
2424 4163 2539 4200 sum
2578 4148 2657 4201 eia
2681 4157 2729 4201 et
2753 4150 2934 4203 veritas
2962 4161 3010 4205 et
3038 4152 3140 4206 vita
3180 4152 3358 4225 (Joan.
3388 4173 3500 4228 χιι,

1906 4238 1987 4317 ti).
2032 4238 2090 4294 in
2137 4238 2236 4293 hac
2262 4252 2392 4308 ergo
2432 4237 2730 4294 humilitate
2769 4241 3155 4312 propinquatur
3193 4245 3259 4300 ad
3290 4247 3499 4314 Deum,

1907 4330 2031 4401 quia
2055 4343 2219 4399 prope
2247 4339 2330 4384 est
2354 4329 2608 4385 Dominus
2627 4331 2712 4386 his
2739 4331 2830 4402 qui
2855 4334 3190 4392 obtriverunt
3207 4352 3302 4393 cor
3325 4339 3498 4411 (Psal.

1911 4435 2076 4475 χχχιιι
2101 4459 2116 4480 ,
2147 4416 2258 4491 l9).
2299 4418 2354 4474 ln
2385 4418 2585 4474 diluvio
2605 4431 2780 4476 autem
2806 4438 3062 4494 aquarum
3091 4428 3377 4484 multarum
3401 4446 3502 4486 cx-

1913 4510 2212 4566 tollentium
2237 4524 2296 4565 se
2318 4509 2575 4565 adversus
2605 4512 2772 4567 Deum
2797 4553 2812 4578 ,
2837 4524 2891 4568 et
2911 4516 3214 4572 docentium
3243 4522 3503 4589 superbas

1911 4601 2231 4671 impietatcs,
2257 4599 2326 4655 ad
2352 4600 2515 4681 Deum
2540 4616 2643 4655 nun
2669 4605 3188 4674 nppropinquabunt.

1985 4691 2073 4746 19.
2097 4687 2249 4763 [vera
2273 4687 2351 4752 7.1
2381 4687 2459 4744 Tu
2490 4701 2666 4745 autem
2687 4692 2812 4761 quid
2838 4735 2854 4758 ,
2883 4695 2970 4763 qui
2999 4698 3158 4752 etiam
3178 4698 3501 4768 justilicatus

1910 4795 1989 4848 es,
2014 4782 2153 4836 inter
2178 4781 2382 4836 medias
2410 4781 2526 4835 illas
2549 4798 2714 4851 aquas
2737 4785 2830 4839 es?
2859 4785 3343 4858 Undique,-fratres
3371 4798 3499 4864 mei,

1911 4874 2072 4928 etiam
2095 4886 2218 4926 cum
2244 4871 2564 4926 conﬁtemur
2591 4883 2805 4940 peccata
2829 4914 2846 4937 ,
2874 4888 3214 4949 perstrepunt
3238 4883 3382 4940 circa
3407 4902 3509 4942 nos

1913 4978 2064 5033 aquae
2085 4962 2188 5016 illa:
2217 4960 2420 5016 diluvii.
2450 4960 2566 5016 Non
2593 4977 2777 5018 sumus
2804 4963 2856 5018 in
2887 4967 3004 5035 ipso
3027 4967 3248 5034 diluvio.
3271 4973 3364 5030 sed
3394 4977 3505 5031 cir-

1913 5053 2228 5108 euntdatnur
2251 5052 2320 5105 ab
2343 5051 2459 5121 ipso
2477 5051 2697 5107 diluvio.
2731 5055 2987 5112 Premunt
3005 5074 3103 5114 nos
3121 5102 3137 5127 ,
3161 5061 3258 5117 sed
3282 5081 3386 5120 non
3406 5082 3508 5136 op-

1915 5143 2154 5213 primunt
2173 5182 2190 5203 ,
2212 5150 2400 5210 urgent
2429 5156 2526 5195 nos
2548 5185 2562 5204 ,
2592 5142 2685 5198 sed
2709 5159 2813 5200 non
2835 5145 3168 5219 demergunt.
3200 5149 3338 5220 Quid
3375 5170 3508 5227 ergo

1916 5246 1971 5288 tu
1994 5234 2157 5289 facies
2179 5275 2195 5296 ,
2218 5233 2340 5302 quia
2364 5233 2417 5287 in
2445 5233 2620 5289 medio
2648 5235 2847 5292 diluvio
2874 5253 2964 5304 es,
2993 5241 3274 5299 ambulans
3301 5245 3356 5302 in
3402 5246 3508 5302 hoc

1899 5324 2155 5380 .smculo?
2177 5322 2313 5378 Num
2333 5324 2477 5380 enim
2505 5339 2609 5378 non
2638 5326 2783 5380 audit
2812 5328 2944 5385 tales
2970 5329 3239 5400 doctores,
3273 5351 3377 5391 non
3407 5353 3510 5394 au-

1915 5415 1995 5470 dit
2021 5415 2152 5469 tales
2174 5414 2453 5482 superbos,
2480 5426 2570 5468 aut
2603 5431 2706 5470 non
2734 5433 2801 5472 ex
2829 5419 3006 5476 verbis
3033 5436 3218 5478 eorum
3245 5425 3510 5496 quotidia.

1920 5521 2018 5562 uas
2044 5504 2239 5574 patitur
2264 5505 2318 5558 in
2341 5503 2505 5560 corde
2524 5521 2622 5559 suo
2642 5509 3085 5576 persecutiones?
3106 5512 3242 5580 Quid
3266 5531 3393 5586 ergo
3417 5515 3504 5573 di-

1917 5604 2005 5652 cat
2030 5597 2130 5651 iste
2160 5593 2270 5665 jam
2307 5593 2625 5666 justificatus
2655 5606 2712 5652 et
2752 5613 3083 5669 przesumcns
3118 5605 3185 5660 de
3229 5607 3374 5676 Deo,
3418 5608 3509 5680 qul

1986 5773 2002 5833 ξ
2031 5777 2080 5818 tn
2103 5771 2328 5820 omnibus
2343 5783 2496 5833 prape
2519 5778 2647 5832 διες»,
2673 5775 2778 5826 tam.

1918 5832 2105 5944 ὥς
2138 5839 2244 5883 uss.
2270 5839 2327 5883 At
2347 5832 2460 5882 tedii.
2498 5846 2610 5885 cum
2644 5844 2859 5900 negante
2897 5841 3160 5906 partimin,
3185 5843 3382 5899 aliunde
3417 5857 3510 5901 non
