4008 6320
476 388 569 441 ἳἩ

466 491 837 554 circumdatur
860 485 1062 544 diluvio
1088 483 1228 540 isto?
1256 480 1338 539 Tu
1361 479 1485 534 mihi
1522 494 1575 532 es
1602 476 1853 548 refugium
1880 489 1910 524 a
1938 488 2070 541 pres-

476 604 596 644 sum
620 600 735 656 quae
761 576 1090 636 circumdedit
1133 591 1232 634 me.
1259 571 1543 642 Refugiant
1580 568 1696 632 illi,
1727 566 1813 620 vel
1848 564 1913 618 ad
1942 563 2075 617 deos

477 696 626 745 suos,
659 677 738 733 vel
762 675 829 731 ad
849 674 1124 729 daemones
1149 683 1306 731 suos,
1334 666 1419 721 vel
1443 664 1511 719 ad
1541 664 1682 718 vires
1709 674 1835 715 suas
1858 702 1872 723 ,
1902 659 1984 712 vel
2007 656 2074 711 ad

482 774 845 829 defensionem
873 772 1212 837 peccatorum
1251 773 1472 815 suorum
1504 772 1519 810 :
1546 754 1673 809 mihi
1714 754 1766 806 in
1812 753 1913 806 isto
1938 749 2078 804 dilu-

486 867 571 919 vio
591 879 698 918 non
722 869 807 916 est
828 856 1093 927 refugium
1126 851 1228 908 nisi
1253 859 1307 906 ιιι
1326 891 1343 917 ,
1372 865 1403 904 a
1428 860 1675 919 pressura
1704 861 1822 913 qum
1848 844 2079 896 circnm-

478 957 633 1015 dedit
658 967 765 1009 me.

555 1046 648 1102 ‘20.
690 1040 978 1099 Exsultatio
1016 1052 1146 1101 mea,
1192 1034 1382 1089 redime
1414 1047 1513 1085 me.
1560 1028 1616 1085 Si
1660 1029 1769 1097 jam
1814 1026 2081 1089 exsultas,

482 1140 614 1214 quid
640 1139 720 1193 vis
764 1132 996 1191 redimi?
1043 1127 1333 1185 Exsultatio
1364 1140 1496 1187 mea,
1536 1122 1729 1214 redime
1775 1116 2081 1214 nte._Audio

487 1207 673 1287 uocem
684 1225 884 1298 gaudii,
908 1220 1197 1278 Exsultatio
1214 1231 1360 1273 mea:
1384 1214 1544 1270 audio
1567 1212 1845 1284 gemitum,
1871 1207 2083 1263 Redime

487 1341 585 1380 me.
610 1320 844 1385 Gaudes,
867 1329 921 1374 et
944 1314 1131 1387 gemis.
1159 1313 1257 1379 Ita,
1284 1309 1473 1379 inquit,
1496 1314 1551 1361 et
1567 1304 1794 1377 gaudeo,
1817 1310 1872 1355 et
1891 1314 2076 1371 gemo:

486 1416 693 1489 gaudeo
722 1413 775 1467 in
803 1426 919 1481 spe,
947 1422 1103 1478 gemo
1128 1402 1302 1457 adlmc
1332 1403 1385 1455 in
1415 1415 1492 1454 re.
1524 1395 1814 1451 Exsultatio
1844 1409 1976 1489 mea,
2002 1408 2083 1445 re.

488 1480 621 1564 dime
651 1521 751 1559 me.
783 1480 891 1574 spe
915 1498 1191 1572 gaudentes
1212 1536 1229 1561 ,
1256 1490 1344 1548 ait
1374 1488 1685 1560 Apostolus.
1714 1486 1855 1555 Ergo
1895 1480 2040 1537 recte
2064 1522 2080 1548 ,

490 1602 781 1661 Exsultatio
808 1614 918 1652 mea
942 1639 959 1663 ,
987 1594 1178 1649 redime
1219 1605 1315 1643 me.
1343 1585 1494 1643 Unde
1525 1581 1716 1638 redime
1744 1579 1864 1633 me?
1890 1576 2050 1646 Sequi
2067 1608 2081 1616 ο

490 1708 611 1761 tur,
643 1693 708 1747 In
739 1688 1060 1745 tribulatione
1084 1682 1325 1755 patientes
1352 1676 1529 1749 (item.
1562 1688 1668 1737 xu,
1698 1671 1811 1739 12).
1843 1666 2087 1761 Exsulta-

490 1789 560 1843 tio
580 1757 712 1849 mea,
735 1781 925 1835 redime
944 1792 1043 1831 me.
1069 1772 1186 1828 Jam
1203 1769 1523 1840 justiﬁeatus
1545 1772 1662 1819 erat
1686 1770 1739 1816 et
1764 1757 2083 1829 Apostolus:

490 1891 543 1936 et
569 1877 695 1947 quid
722 1872 833 1929 ait?
866 1869 986 1925 Non
1017 1867 1202 1930 solum,
1230 1862 1421 1931 inquit,
1448 1857 1535 1913 sed
1558 1858 1707 1910 etiam
1733 1870 1825 1947 nos
1853 1849 2086 1947 ipsi-pri-

494 1942 660 2024 mitias
700 1965 935 2021 habentes
964 1958 1189 2030 Spiritus
1209 1996 1225 2017 ,
1253 1961 1299 2008 et
1327 1950 1427 2018 ipsi
1451 1950 1507 2002 in
1536 1943 1907 2012 nobismetipsis
1948 1942 2089 2013 inge-

494 2059 772 2115 miscimus.
818 2052 971 2109 Unde
998 2047 1188 2103 redime
1213 2044 1333 2097 me?
1356 2040 1489 2107 Quia
1510 2038 1610 2106 ipsi
1633 2038 1685 2091 in
1721 2032 2090 2102 nobismetipsis

495 2148 867 2225 ingemiscimus
886 2187 903 2211 ,
942 2141 1264 2213 adeptionem
1288 2140 1630 2204 exspectantes
1653 2171 1668 2193 ,
1698 2128 2091 2198 redemptionem

495 2219 722 2315 corporis
746 2236 927 2293 nostri.
945 2235 1082 2290 Ecce
1105 2245 1234 2301 ergo
1251 2227 1393 2282 unde
1422 2224 1610 2279 redime
1631 2236 1747 2287 me;
1768 2220 1891 2291 quia
1916 2219 2092 2273 adlmc

495 2311 869 2403 exspectamus
908 2329 959 2381 in
1010 2322 1164 2379 nobis
1212 2316 1620 2390 ingemiscentcs
1664 2311 2091 2403 redemptionem

496 2402 738 2497 corporis
768 2417 957 2475 nostri.
989 2414 1142 2471 Unde
1172 2427 1299 2481 ergo
1336 2406 1605 2464 exsultatio
1630 2407 1783 2458 mea?
1810 2404 1884 2458 lbi
1915 2402 2092 2472 sequi-

499 2492 771 2573 tnr‘ident
805 2506 1110 2579 Apostolus,
1156 2513 1211 2558 et
1253 2499 1417 2565 dicit,
1468 2496 1575 2568 Spe
1618 2496 1750 2550 enim
1800 2493 1929 2548 salvi
1972 2492 2097 2566 facti

497 2628 671 2666 sumus
694 2622 712 2661 :
731 2622 844 2676 spes
864 2610 1031 2656 autem
1051 2613 1162 2665 qua:
1186 2596 1398 2658 videtur,
1425 2600 1616 2645 nonest
1640 2606 1773 2659 spes.
1795 2586 1946 2655 Quod
1964 2585 2097 2640 enim

500 2706 630 2758 vidrt
654 2701 785 2772 quis,
832 2696 955 2766 quid
980 2700 1150 2761 sperat
1172 2691 1198 2745 2
1244 2686 1308 2743 Si
1344 2693 1513 2739 autent
1555 2681 1691 2772 quod
1728 2697 1829 2735 non

501 2769 784 2862 speramus,
807 2803 896 2859 per
922 2781 1213 2855 patientiam
1233 2782 1582 2848 exspectamus
1604 2771 1715 2844 (Id.
1742 2786 1854 2835 Vtu,
1880 2769 2095 2862 iii-g5).

502 2859 558 2942 Si
586 2895 792 2955 speras,
817 2875 1050 2948 gaudes;
1075 2870 1120 2928 si
1150 2884 1246 2940 per
1271 2867 1575 2938 patientiam
1597 2870 1898 2931 exspectas,
1924 2859 2100 2914 adlme

502 2951 713 3048 geniis:
755 2986 863 3026 non
895 2967 1037 3022 enim
1080 2976 1217 3032 opus
1241 2967 1325 3016 est
1357 2956 1634 3029 patientia,
1683 2953 1771 3048 ubi
1798 2952 1934 3048 nihil
1975 2951 2098 3048 mali

508 3042 821 3139 perpeteris.
853 3054 1157 3113 Toleranda
1186 3066 1306 3123 qua:
1337 3049 1566 3139 dicitur,
1591 3044 1846 3139 patientia
1873 3042 2103 3139 qum-di-

505 3132 664 3223 citur,
692 3148 1005 3210 sustinentia
1033 3160 1152 3217 qua:
1176 3141 1390 3205 dicitur,
1417 3134 1795 3209 longanimitas
1822 3149 1941 3203 quae
1964 3132 2101 3188 dici-

509 3263 612 3315 tor,
642 3263 747 3302 non
772 3252 855 3298 est
877 3239 978 3297 nisi
1000 3239 1054 3293 in
1075 3234 1251 3291 malis.
1281 3230 1383 3290 Ubi
1410 3228 1693 3301 premeris,
1717 3226 1790 3282 ibi
1861 3224 2105 3315 angustia

506 3350 609 3397 est.
638 3338 781 3408 Ergo
809 3332 853 3389 si
879 3347 977 3406 per
1002 3326 1312 3402 patientiam
1340 3329 1737 3391 exspectamus,
1764 3314 1941 3408 adhuc
1968 3314 2105 3369 diei—

510 3446 649 3495 mus,
676 3406 903 3485 Redime
944 3436 1033 3478 me
1076 3435 1104 3473 a
1146 3430 1397 3489 pressura
1436 3426 1558 3485 qua:
1598 3406 1950 3466 circumdedit
1975 3422 2103 3460 me:

508 3527 629 3598 quia
661 3536 790 3577 vero
815 3534 909 3591 spe
934 3514 1062 3571 salvi
1091 3512 1213 3568 facti
1240 3522 1448 3573 sumus,
1474 3505 1631 3561 simul
1662 3514 1949 3573 utrumque
1973 3501 2109 3556 dici-

512 3633 649 3678 mus,
684 3608 971 3667 Exsultatio
1000 3620 1134 3668 mea,
1162 3601 1353 3655 redime
1378 3615 1477 3652 me.

579 3708 670 3762 2|.
712 3704 731 3776 [
758 3718 885 3757 vers.
918 3695 1000 3772 8.]
1037 3691 1455 3763 Respondetur:
1484 3685 1807 3743 Intellectum
1838 3682 2106 3776 dabogtibi.

514 3801 631 3869 Ipse
656 3774 740 3852 est
765 3792 1003 3863 psalmus
1023 3782 1405 3855 intelligentiae.
1431 3778 1751 3869 Intellectum
1769 3774 1899 3829 dabo
1929 3774 2035 3835 tibi,
2063 3783 2111 3826 et

511 3866 728 3945 statuam
757 3895 804 3938 te
832 3883 886 3936 in
911 3880 993 3935 via
1020 3880 1137 3942 hac,
1166 3891 1267 3944 qua
1292 3870 1563 3946 gradieris.
1591 3866 1729 3935 Quid
1757 3875 1858 3929 est,
1890 3874 2112 3919 statuam

514 3994 562 4036 te
585 3983 637 4035 in
664 3980 743 4032 ria
772 3977 886 4037 hac,
909 3987 1008 4043 qua
1034 3966 1281 4041 gradieris
1302 3966 1327 4018 1’
1355 3962 1468 4019 Non
1495 3971 1555 4017 ut
1578 3959 1786 4014 haerens
1816 3957 1909 4023 ibi,
1934 3954 2027 4012 sed
2055 3964 2113 4009 ιιι

513 4072 582 4127 ab
610 4088 669 4124 ea
700 4082 804 4121 non
833 4066 1071 4117 abet-res.
1104 4056 1250 4110 Dabo
1276 4052 1627 4116 intellectum,
1657 4057 1717 4104 ιιι
1736 4062 2029 4118 cognoscas
2060 4053 2113 4100 te

518 4176 747 4230 neitipcr,
770 4167 823 4211 et
840 4167 1053 4222 semper
1077 4148 1309 4219 gaudeas
1329 4146 1385 4199 in
1408 4159 1503 4213 spe
1528 4142 1594 4196 ad
1619 4140 1823 4206 Deum;
1854 4137 2026 4193 donec
2045 4136 2111 4191 ad

518 4228 659 4310 illam
706 4248 931 4320 patriam
980 4240 1280 4312 pervenias,
1311 4234 1527 4305 nbijam
1557 4247 1663 4287 non
1706 4244 1851 4301 Spes,
1895 4228 1988 4284 sed
2027 4242 2116 4320 res

518 4347 636 4403 ιιι-ιι.
671 4318 964 4410 Obﬁrmubo
992 4349 1144 4404 super
1174 4342 1220 4384 te
1246 4328 1422 4384 oculos
1465 4340 1603 4379 meas
1624 4340 1645 4377 :
1674 4339 1780 4377 non
1808 4337 1836 4375 a
1865 4335 1918 4376 te
1961 4318 2113 4374 aufe-

518 4455 627 4496 ram
657 4434 840 4489 oculos
870 4443 1040 4493 meos,
1068 4425 1190 4495 quia
1220 4430 1275 4475 et
1301 4431 1357 4478 tu
1390 4433 1496 4473 non
1524 4414 1736 4470 auferes
1761 4429 1790 4468 a
1819 4428 1907 4468 me
1932 4413 2115 4466 oculos

519 4495 656 4583 tuos.
686 4524 802 4580 Jam
825 4518 1166 4592 jnstillcatus,
1189 4513 1297 4584 jam
1328 4518 1446 4579 post
1468 4495 1840 4563 remissionem
1866 4512 2116 4575 peccato-

520 4638 635 4675 rum
680 4618 794 4671 leva
834 4601 1019 4667 oculos
1050 4617 1167 4662 tuos
1195 4604 1260 4658 ad
1308 4603 1499 4657 Deum.
1529 4599 1808 4652 Putruerat
1840 4598 1983 4652 enim
2024 4611 2119 4650 cor

520 4721 666 4764 tuum
700 4721 821 4761 cum
850 4710 993 4757 esset
1024 4699 1074 4751 in
1111 4709 1269 4749 terra.
1316 4691 1430 4746 Non
1477 4690 1643 4756 gratis
1672 4686 1846 4752 audis,
1892 4686 2117 4741 Sursum

519 4816 644 4863 cur,
695 4810 762 4851 ne
807 4799 1037 4864 putreat.
1083 4788 1223 4854 Ergo
1265 4794 1321 4839 et
1363 4791 1420 4836 tu
1462 4782 1579 4835 leva
1614 4780 1725 4848 jam
1770 4779 1955 4833 oculos
1999 4788 2120 4832 tuos

520 4904 734 4961 semper
763 4888 815 4941 in
848 4885 1036 4945 Deum,
1068 4890 1124 4935 ut
1154 4880 1331 4933 ﬁrmet
1356 4890 1517 4945 super
1546 4881 1599 4928 te
1623 4872 1810 4927 oculos
1837 4885 1981 4926 suos.
2012 4870 2120 4926 Sed

520 4983 647 5054 quid
675 4980 831 5034 times
857 4990 925 5030 ne
952 4988 1074 5028 cum
1106 4969 1274 5024 habes
1300 4967 1484 5022 oculos
1511 4965 1577 5019 ad
1608 4966 1775 5019 Deum
1798 5008 1813 5031 ,
1844 4964 2082 5020 oﬂ‘endas
2101 5006 2118 5029 ,

524 5090 592 5128 ιςθ
618 5085 722 5125 non
744 5066 999 5137 respicias
1024 5073 1147 5116 ante
1168 5069 1240 5125 te,
1263 5071 1317 5114 et
1341 5059 1476 5113 forte
1498 5057 1741 5119 incurras
1760 5057 1814 5110 in
1836 5055 2121 5126 laqueum?

524 5163 642 5219 Noli
668 5160 898 5215 timere:
927 5156 998 5209 ibi
1027 5154 1169 5209 enim
1192 5163 1315 5206 sunt
1339 5150 1477 5206 oculi
1507 5149 1694 5220 ipsius,
1716 5163 1850 5220 quos
1873 5149 2124 5204 obﬁrmat

525 5270 687 5325 super
718 5263 809 5317 te;
842 5248 1039 5315 Nolite,
1067 5246 1261 5316 inquit,
1283 5244 1490 5298 solliciti
1516 5260 1623 5297 esse
1655 5242 1866 5314 (.ilattlz.
1899 5258 1974 5308 γι,
2005 5241 2120 5315 3|);

526 5358 581 5403 et
605 5346 879 5419 apostolus
917 5343 1149 5397 Petrus:
1202 5338 1418 5392 Omnem
1464 5336 1859 5391 sollicitudinem
1909 5346 2125 5389 vestram

526 5455 680 5509 super
706 5437 850 5490 illaut
877 5433 1075 5497 mittite,
1103 5429 1223 5502 quia
1262 5428 1355 5483 illi
1380 5443 1503 5481 cura
1540 5436 1613 5481 est
1639 5425 1703 5480 de
1727 5427 1865 5481 vobis
1893 5425 1934 5497 (Ι
1977 5425 2122 5480 Petr.

528 5550 592 5597 ν,
622 5533 700 5598 7).
750 5530 887 5597 Ergo
923 5524 1197 5586 obfirmabo
1242 5538 1393 5592 super
1418 5533 1465 5575 te
1503 5520 1676 5574 oculos
1713 5538 1860 5575 meos.
1892 5519 1972 5575 Τιι
1999 5536 2127 5591 ergo

529 5623 717 5679 erutus
748 5631 865 5674 tuos
890 5621 940 5672 in
975 5618 1122 5670 illum
1154 5619 1320 5685 erige,
1347 5622 1402 5668 et
1425 5627 1530 5667 non
1554 5611 1786 5677 timebis,
1817 5621 1874 5667 ut
1900 5611 2032 5673 dixi,
2061 5628 2128 5666 ne

532 5775 616 5888 ub:
646 5781 762 5832 tteg.
792 5780 842 5841 et
867 5769 1011 5821 Vatic.
1035 5776 1164 5828 Mss.
1188 5782 1281 5820 non
1303 5778 1375 5818 est
1394 5766 1489 5822 nisi
1515 5766 1562 5816 in
1586 5766 1747 5829 mulis,
1769 5766 1851 5818 ubi
1872 5767 2128 5832 premeris,

626 5840 850 5888 anaustta
869 5840 956 5887 αι.

626 5840 850 5898 angustia
869 5840 956 5887 est.

1719 361 1777 418 S.
1820 354 2187 416 AUGUSTINI
2228 353 2535 411 EPISCOPI

3664 357 3783 416 272

2181 467 2234 522 in
2256 467 2501 537 laqueum
2530 468 2789 523 incurras.
2824 467 2955 521 Audi
2978 467 3138 523 alium
3169 469 3467 540 psalmum:
3504 471 3658 526 Oculi
3684 474 3782 527 ma’

2178 573 2376 625 semper
2401 557 2470 611 ad
2494 556 2791 611 Dominum.
2820 558 2883 612 Et
2903 559 3051 629 quasi
3073 559 3341 616 diceretur
3365 562 3437 617 illi
3465 580 3478 616 :
3502 562 3641 628 Quid
3668 564 3785 633 agis

2180 648 2247 701 de
2289 647 2510 716 pedibus
2533 649 2656 712 tuis,
2691 664 2813 704 cum
2853 665 2958 705 non
2980 660 3104 706 ante
3141 659 3194 707 te
3235 653 3499 709 attendis?
3526 654 3783 719 Quoniam

2181 740 2307 809 ipse,
2334 740 2536 810 inquit,
2559 741 2729 795 evellet
2776 742 2841 795 de
2867 742 3043 810 laqueo
3068 743 3222 815 pedes
3249 760 3384 799 meos
3409 743 3582 818 (Psul.
3615 761 3747 800 xxiv
3763 785 3783 811 ,

2185 833 2290 888 lii).
2321 834 2615 900 Ubﬁrmabo
2642 851 2794 903 super
2815 846 2864 889 te
2888 837 3061 890 oculos
3092 854 3244 892 meos.

2252 925 2344 978 22.
2386 922 2409 999 [
2434 942 2560 980 vers.
2587 926 2669 1000 9.]
2708 926 2955 980 Promisit
2987 926 3110 983 buic
3133 937 3187 983 et
3215 929 3540 985 intellectum
3570 941 3626 985 ct
3654 947 3786 1000 pro-

2183 1017 2468 1072 tectionem
2497 1032 2646 1071 suam
2672 1034 2685 1071 :
2731 1012 2992 1072 convertit
3018 1033 3078 1073 se
3105 1019 3172 1074 ad
3199 1022 3458 1089 superbos
3482 1022 3787 1077 defenden-

2184 1119 2265 1162 tes
2295 1118 2509 1177 peccata
2535 1125 2653 1175 sua,
2682 1116 2736 1163 et
2762 1110 2994 1164 ostendit
3020 1109 3176 1165 nobis
3200 1110 3327 1179 quid
3352 1112 3422 1165 sit
3452 1110 3782 1178 intellectus,

2186 1199 2365 1255 Nolite
2391 1217 2499 1255 esse
2520 1202 2647 1255 sicut
2680 1218 2836 1270 equus
2877 1211 2923 1255 et
2950 1204 3135 1267 mulus,
3171 1202 3350 1272 quibus
3384 1220 3484 1257 non
3515 1214 3588 1257 est
3630 1205 3787 1259 intel-

2183 1291 2570 1361 lectus.'Equns
2595 1301 2647 1347 et
2674 1294 2849 1347 mulus
2886 1302 3061 1347 erecta
3093 1292 3299 1349 cervice
3337 1303 3480 1349 sunt.
3514 1295 3630 1350 Non
3661 1306 3792 1351 sunt

2184 1398 2354 1452 equus
2378 1391 2433 1438 et
2464 1384 2672 1447 mulus,
2704 1384 2843 1439 sicut
2872 1384 2959 1438 ille
2999 1383 3209 1453 hosqui
3258 1385 3470 1454 agnovit
3511 1401 3789 1454 possesso-

2186 1491 2302 1530 rem
2326 1490 2481 1530 suum
2500 1517 2515 1542 ,
2545 1485 2601 1530 et
2622 1477 2805 1530 asinus
2831 1492 3071 1546 pnesepe
3105 1476 3306 1530 domini
3336 1477 3416 1532 sui
3440 1477 3591 1547 (Isai.
3620 1494 3670 1543 ι,
3703 1480 3789 1549 5).

2188 1565 2365 1635 Nolite
2377 1582 2486 1621 esse
2498 1567 2627 1621 sicut
2640 1583 2796 1637 equus
2813 1576 2860 1620 et
2876 1569 3064 1633 mulus,
3083 1568 3260 1637 quibus
3275 1585 3375 1622 non
3390 1582 3462 1624 est
3483 1569 3548 1625 in.
3561 1570 3789 1625 allectus.

2186 1658 2325 1728 Quid
2351 1659 2493 1714 enim
2525 1659 2796 1729 patiuntur
2824 1660 2990 1714 tales?
3014 1658 3080 1714 In
3105 1664 3250 1731 freno
3279 1670 3327 1713 et
3358 1677 3503 1717 canto
3546 1661 3793 1719 maxillas

2186 1765 2360 1802 eorum
2383 1750 2666 1820 constringe
2682 1790 2699 1815 ,
2726 1750 2813 1819 qui
2835 1766 2937 1803 non
2961 1751 3373 1821 appropinquant
3399 1752 3469 1805 ad
3495 1762 3563 1806 te.
3604 1752 3794 1825 Equus

2187 1848 2242 1895 et
2263 1840 2437 1894 mulus
2464 1841 2543 1894 vis
2563 1854 2705 1906 esse,
2733 1840 2813 1893 vis
2832 1855 2937 1894 non
2960 1838 3159 1896 habere
3179 1855 3447 1896 sessorem
3468 1843 3492 1896 ’ἵ
3510 1843 3793 1899 Constrin-

2187 1941 2342 2002 getur
2360 1946 2422 1985 os
2443 1940 2591 1986 tuum
2611 1939 2665 1986 et
2690 1931 2917 1986 maxillae
2940 1940 3046 1986 tua;
3071 1930 3124 1986 in
3145 1908 3295 1987 freno
3320 1942 3374 1987 et
3399 1947 3554 1989 camo
3576 1949 3593 1989 :
3614 1933 3793 2003 ipsum

2188 2036 2251 2075 os
2278 2029 2425 2075 tuum
2451 2021 2865 2096 constringetur,
2892 2037 3000 2092 quo
3017 2022 3189 2091 jactas
3218 2024 3403 2078 merita
3432 2033 3541 2086 tua,
3564 2036 3619 2079 et
3646 2035 3798 2081 taces

2189 2123 2407 2186 peccata
2435 2122 2547 2169 tua.
2570 2113 2817 2169 Maxilla
2840 2130 3013 2169 eorum
3035 2115 3339 2187 constringe,
3360 2116 3449 2188 qui
3472 2131 3573 2171 non
3595 2134 3798 2188 appro-

2194 2210 2442 2279 pinquant
2466 2207 2536 2261 ad
2560 2214 2610 2261 te
2631 2205 2959 2263 humiliando
2984 2221 3066 2263 se.

2264 2298 2354 2354 25.
2396 2296 2567 2371 [vers.
2601 2297 2717 2371 l0.]
2758 2297 2927 2352 Multa
2968 2299 3177 2371 ﬂagella
3217 2300 3513 2370 peccatoris.
3566 2300 3682 2355 Non
3709 2313 3800 2358 est

2195 2388 2388 2443 mirum
2415 2388 2461 2443 si
2498 2386 2738 2444 adhibito
2780 2387 2934 2442 freno
2966 2396 3268 2458 sequuntur
3296 2388 3523 2460 ﬂagella.
3558 2390 3799 2446 Indomi—

2197 2489 2308 2533 tum
2356 2481 2499 2535 enim
2544 2479 2741 2534 animal
2776 2494 2899 2557 esse
2938 2480 3205 2551 cupiebat,
3252 2479 3499 2536 domatur
3544 2480 3697 2538 freno
3742 2495 3800 2538 et
3864 2499 3871 2505 ·

2196 2569 2446 2640 ﬂagello:
2492 2579 2653 2639 atque
2690 2570 2895 2625 utinam
2926 2570 3307 2640 perdometur!
3356 2570 3660 2629 Verendum
3714 2585 3802 2631 est

2198 2662 2341 2716 enim
2388 2676 2456 2715 ne
2498 2661 2720 2716 nimium
2766 2662 3093 2730 resistendo,
3140 2662 3457 2719 indomitum
3506 2665 3524 2698 ⁸
3567 2666 3802 2736 relinqui

2202 2765 2489 2822 inereatur,
2522 2764 2576 2810 et
2601 2756 2677 2810 ire
2706 2758 2760 2810 in
2785 2770 2937 2811 suam
2964 2771 3151 2827 vagam
3186 2756 3477 2818 licentiam,
3506 2767 3566 2812 ut
3590 2758 3804 2813 dicatur

2200 2848 2268 2902 de
2314 2848 2442 2902 illo:
2494 2846 2707 2902 Prodiet
2749 2858 2990 2921 tanquam
3038 2865 3103 2903 ea:
3144 2848 3299 2916 adipe
3338 2849 3580 2920 iniquitas
3624 2869 3803 2907 eorum

2202 2937 2374 3008 (Psal.
2402 2954 2545 2999 Lxxu
2566 2978 2582 3005 ,
2610 2939 2668 3010 7)
2694 2957 2706 2993 :
2735 2940 2873 2994 sicut
2896 2940 2964 2995 de
2991 2939 3114 3005 illis,
3145 2941 3338 3010 quibus
3364 2940 3526 2996 modo
3552 2952 3678 2996 sunt
3705 2944 3808 2997 im-

2203 3029 2382 3099 punita
2409 3039 2645 3099 peccata.
2675 3030 2816 3101 Ergo
2840 3046 2962 3085 cum
2989 3030 3321 3101 ﬂagellatur,
3353 3032 3671 3103 corrigatur.
3700 3032 3805 3088 do-

2203 3133 2408 3187 metur;
2452 3123 2574 3194 quia
2607 3132 2662 3179 et
2709 3125 2810 3179 iste
2851 3126 2929 3180 sic
2971 3139 3031 3180 se
3067 3124 3203 3180 dixit
3244 3124 3558 3180 edomitum.
3592 3124 3806 3195 Equum

2205 3223 2261 3270 et
2282 3216 2484 3270 mulum
2512 3231 2573 3271 se
2590 3216 2820 3279 dixerat,
2847 3216 3097 3288 quoniam
3124 3217 3287 3272 tacuit
3310 3234 3324 3271 :
3352 3216 3447 3273 sed
3466 3216 3607 3272 unde
3632 3217 3808 3273 domi-

2207 3316 2295 3362 tus
2319 3308 2440 3363 est?
2466 3306 2734 3377 Flagellis.
2765 3306 3045 3363 Conversus
3069 3325 3185 3363 sum
3203 3350 3220 3372 ,
3250 3309 3419 3379 inquit
3443 3350 3458 3374 ,
3490 3308 3544 3362 in
3571 3324 3810 3363 mutua

2206 3415 2339 3464 mea,
2366 3398 2489 3452 dum
2513 3399 2851 3471 configeretur
2879 3398 3047 3470 spina.
3076 3399 3200 3454 Sive
3228 3398 3436 3468 ﬂagella
3473 3399 3621 3453 dicas
3643 3442 3659 3467 ,
3690 3400 3811 3455 sive

2208 3489 2457 3545 stimulos
2500 3490 2668 3555 dicas,
2708 3489 2887 3545 domat
2933 3490 3074 3545 Deus
3103 3489 3404 3561 iumentum
3446 3491 3529 3545 cui
3569 3490 3809 3546 insidet:

2210 3581 2333 3652 quia
2356 3580 2596 3651 iumento
2624 3580 2839 3651 expedit
2865 3588 2922 3634 ut
2950 3580 3264 3636 insideatur.
3296 3580 3411 3635 Non
3438 3581 3580 3635 enim
3611 3580 3813 3636 delatio

2211 3683 2361 3743 gatus
2389 3673 2528 3727 Deus
2551 3672 2876 3728 ambulando
2904 3672 3130 3745 pedibus
3149 3716 3164 3740 ,
3193 3673 3388 3727 insidet
3408 3672 3671 3742 iumento.
3703 3675 3815 3729 Aut

2212 3780 2341 3820 vero
2369 3778 2475 3818 non
2502 3764 2717 3833 plenum
2748 3763 2986 3836 mysterii
3016 3772 3119 3830 est,
3154 3762 3296 3834 quod
3324 3764 3523 3818 asellus
3547 3763 3816 3819 adductus

2212 3868 2297 3914 est
2338 3857 2567 3913 Domino
2606 3856 2817 3929 (Matth.
2851 3872 2976 3923 xxI,
3006 3857 3097 3928 7)?
3125 3855 3358 3927 Populus
3386 3858 3529 3912 mitis
3569 3867 3625 3911 et
3653 3872 3815 3912 man-

2214 3960 2394 4006 suetus
2436 3958 2655 4019 portans
2684 3949 2821 4003 bene
2851 3949 3130 4004 Dominum
3152 3991 3167 4015 ,
3193 3950 3392 4007 asellus
3428 3960 3533 4017 est,
3565 3961 3620 4005 et
3643 3952 3816 4007 tendit

2213 4043 2266 4098 in
2294 4042 2611 4098 Jerusalem.
2641 4040 2838 4113 Diriget
2865 4044 2998 4097 enim
3026 4043 3171 4096 mites
3195 4045 3247 4097 iu
3265 4043 3494 4114 judicio,
3524 4044 3662 4099 sicut
3682 4043 3820 4100 dicit

2214 4135 2351 4189 alius
2392 4133 2629 4202 psalmus
2652 4175 2667 4199 ,
2719 4132 2913 4187 docebit
2960 4146 3246 4189 mansuetos
3290 4134 3397 4188 vias
3450 4151 3571 4189 suas
3616 4135 3815 4204 (Psal.

2215 4238 2366 4290 xxiv,
2395 4224 2478 4294 9).
2506 4224 2651 4291 Quos
2681 4223 3036 4279 mansuetos?
3067 4222 3183 4278 Non
3229 4226 3497 4294 erigentes
3545 4228 3817 4282 cervicem

2215 4314 2471 4370 adversus
2496 4315 2812 4370 domitorem
2858 4330 3034 4381 suum,
3080 4315 3344 4385 patientes
3386 4317 3593 4387 ﬂagella
3620 4326 3675 4372 et
3700 4317 3819 4373 free

2219 4422 2345 4461 num
2368 4422 2383 4470 ;
2417 4415 2599 4476 postea
2628 4407 2707 4460 sic
2731 4405 2938 4468 domiti,
2973 4414 3031 4460 ut
3059 4408 3176 4461 sine
3203 4407 3410 4479 ﬂagello
3442 4411 3739 4471 amlmlent,
3762 4421 3820 4466 et

2217 4500 2335 4555 sine
2363 4498 2516 4554 freno
2541 4508 2597 4555 et
2622 4514 2777 4554 came
2803 4501 2940 4552 viam
2970 4508 3204 4553 teneant.
3232 4500 3288 4555 Si
3314 4502 3551 4555 carueris
3580 4502 3683 4558 isto
3702 4518 3823 4558 ses-

2219 4607 2363 4659 sore,
2410 4601 2470 4647 tu
2510 4590 2694 4655 cades,
2725 4608 2829 4645 non
2871 4591 2983 4645 ille.
3024 4589 3195 4646 Multa
3241 4594 3449 4665 ﬂagello
3496 4597 3820 4662 peccatoris:

2217 4692 2501 4753 sperantem
2525 4693 2693 4735 autem
2737 4683 2793 4736 in
2825 4679 3045 4737 Domino
3073 4684 3419 4737 misericordia
3462 4685 3821 4740 circumdabit.

2220 4775 2499 4842 Quomodo
2525 4784 2608 4829 est
2636 4773 2897 4845 refugium
2926 4790 2956 4829 a
2985 4777 3276 4846 pressura?
3300 4777 3470 4844 Quem
3503 4781 3675 4848 primo
3712 4786 3824 4833 cir-

2221 4868 2459 4927 cnmdat_
2486 4882 2734 4937 pressura
2765 4910 2779 4931 ,
2832 4878 3013 4936 postea
3057 4870 3353 4924 circumdat
3405 4872 3817 4929 misericonlia:

2222 4962 2471 5032 quoniam
2500 4960 2915 5014 misericordiam
2936 4960 3082 5015 dabit
3106 5003 3120 5028 ,
3153 4962 3245 5032 qui
3278 4963 3446 5034 legem
3472 4964 3615 5019 dedit
3646 4965 3823 5036 (Psal.

2224 5069 2419 5108 LttXXIII
2441 5096 2454 5118 ,
2482 5053 2538 5124 8)
2563 5068 2578 5116 ;
2607 5053 2775 5122 legem
2799 5052 2853 5106 in
2879 5052 3103 5123 ﬂagellis
3125 5096 3138 5116 ,
3169 5055 3587 5111 misericordiam
3618 5058 3671 5110 in
3692 5071 3828 5113 con-

2224 5144 2596 5200 solationibns.
2622 5142 2927 5213 Sperantem
2954 5153 3121 5198 autem
3152 5145 3203 5198 in
3232 5144 3449 5199 Domino
3480 5147 3825 5203 misericordia

2225 5235 2574 5290 circumdabit.

2296 5327 2387 5382 9-4.
2428 5325 2603 5400 [ναῖε.
2649 5325 2764 5399 Η.]
2804 5327 2942 5397 Ergo
2976 5327 3105 5398 quid
3145 5328 3516 5383 concluditur?
3558 5328 3828 5386 Latonam

2228 5420 2282 5474 in
2309 5417 2545 5484 Domino,
2578 5427 2623 5471 et
2648 5420 2893 5473 exsultate
2910 5419 3062 5488 justi.
3087 5417 3133 5474 0
3156 5420 3243 5488 qui
3276 5420 3526 5475 tutamini
3554 5421 3607 5475 in
3638 5423 3825 5479 vobis!

2229 5526 2265 5565 0
2293 5509 2479 5579 impii,
2506 5525 2538 5563 0
2566 5508 2781 5578 snperbi
2802 5550 2816 5569 ,
2846 5510 2934 5579 qui
2966 5508 3218 5563 lwtaanini
3253 5510 3305 5563 in
3342 5511 3526 5565 vobis:
3554 5511 3666 5580 jam
3706 5529 3828 5567 cre-

2231 5604 2421 5659 dentes
2452 5604 2502 5656 in
2533 5617 2657 5658 eum
2680 5617 2769 5671 qui
2807 5600 3064 5671 justiﬁcat
3092 5602 3311 5672 impium
3332 5644 3347 5667 ,
3380 5602 3667 5671 deputetur
3700 5606 3830 5661 ιιιιῶ

2234 5707 2409 5751 vestra
2438 5696 2505 5750 ad
2524 5696 2782 5766 justitiam
2805 5693 2984 5762 (Rom.
3016 5708 3086 5759 iv,
3116 5693 3192 5761 5).
3225 5694 3490 5749 Lwtmniui
3513 5714 3563 5749 in
3590 5695 3829 5761 Ilmntno.

2299 5832 2316 5862 ί
2337 5835 2389 5879 ιιι
2412 5826 2576 5878 multis
2600 5833 2725 5885 tum,
2748 5824 3015 5876 resistendo
3035 5823 3276 5875 domitort.
