4008 6320
225 391 339 452 273

226 522 275 566 et
312 512 560 567 exsultate
591 510 742 583 justi.
789 510 855 565 Et
883 512 1150 577 exsultate,
1196 510 1450 577 subaudi,
1482 512 1535 565 in
1581 512 1827 565 Domino.

224 606 447 670 Quare?
476 604 608 673 Quia
643 604 755 673 jam
796 603 944 671 justi.
978 602 1131 659 Unde
1163 604 1331 670 justi?
1356 604 1471 657 Non
1504 604 1708 657 meritis
1745 618 1834 656 ve-

225 698 354 748 stris
377 738 392 757 ,
420 693 514 750 sed
540 695 707 763 gratia
730 694 890 749 illius.
925 692 1075 749 Unde
1097 693 1270 763 justi?
1297 694 1428 761 Quia
1450 694 1745 764 justilicati.

298 787 390 842 25.
438 786 820 860 Et'gloriamini
846 801 1017 840 omnes
1046 788 1168 839 recti
1191 786 1360 840 corde.
1390 786 1527 851 Quid
1559 795 1641 841 est
1660 828 1674 847 ,
1716 787 1838 841 recti

224 881 379 933 corde
396 880 422 933 .’
446 879 558 933 Non
590 880 902 933 resistentes
928 880 1056 933 Deo.
1082 878 1321 933 lntcndat
1347 878 1594 933 Charitas
1620 879 1833 946 Vestra,

223 980 280 1024 et
322 971 602 1039 intelligite
635 978 837 1023 rectum
882 984 996 1023 cor.
1048 970 1289 1023 Breviter
1325 970 1467 1035 dico,
1511 970 1605 1024 sed
1656 980 1834 1025 tamen

227 1063 463 1115 maxime
500 1061 1016 1115 commendandum:
1051 1061 1162 1115 Deo
1204 1070 1382 1115 autem
1427 1060 1661 1131 gratias,
1690 1061 1833 1131 quod

231 1152 279 1206 in
326 1155 428 1207 fine
454 1163 556 1219 est,
604 1152 864 1206 inhaereat
909 1154 1155 1206 sensibus
1208 1153 1419 1206 Vestris.
1459 1152 1601 1206 Inter
1626 1163 1831 1208 rectum

227 1261 345 1307 cur,
372 1254 427 1297 ct
456 1261 677 1310 pravum
703 1260 797 1297 cor
818 1244 919 1297 hoc
944 1245 1198 1298 interest:
1228 1244 1467 1313 quisquis
1496 1244 1655 1297 homo
1682 1243 1834 1313 quid-

226 1340 352 1407 quid
399 1339 594 1406 patitur
624 1346 817 1405 praster
844 1336 1172 1391 voluntatem
1200 1379 1215 1403 ,
1246 1336 1563 1390 afﬂictiones
1587 1379 1600 1401 ,
1631 1353 1831 1390 maero-

229 1444 335 1491 res,
367 1429 596 1507 labores,
630 1428 1020 1482 humiliationes
1041 1469 1055 1492 ,
1090 1443 1194 1481 non
1230 1427 1410 1481 tribuit
1441 1429 1541 1481 nisi
1573 1427 1831 1483 Voluntati

226 1527 321 1579 Dei
362 1526 540 1594 justa.,
590 1539 695 1578 non
743 1524 815 1577 illi
863 1522 997 1577 dans
1040 1522 1434 1591 insipientiam,
1489 1520 1630 1592 quod
1679 1522 1831 1591 quasi

225 1618 430 1669 nesciat
456 1615 580 1685 quid
606 1624 747 1685 agat.
775 1614 899 1684 quia
923 1613 1081 1667 talem
1112 1612 1339 1683 ﬂagellat
1360 1656 1373 1676 ,
1403 1622 1457 1668 et
1482 1614 1675 1668 talibus
1703 1629 1829 1683 par-

223 1707 332 1768 cit;
358 1706 473 1775 ipse
494 1714 576 1759 est
597 1714 774 1759 rectus
798 1703 960 1758 corde
985 1720 998 1757 :
1028 1704 1265 1774 perversi
1293 1713 1471 1758 autem
1496 1704 1659 1758 corde
1681 1712 1826 1770 sunt,

223 1807 280 1853 et
311 1797 460 1866 pravi
490 1806 544 1851 et
570 1796 808 1861 distorti,
843 1796 932 1865 qui
976 1794 1155 1850 omnia
1201 1812 1319 1863 quae
1346 1800 1620 1866 patiuntur
1649 1797 1783 1849 mala
1811 1838 1826 1859 ,

224 1892 409 1957 inique
452 1904 511 1945 se
553 1891 659 1959 pati
711 1888 918 1951 dicunt,
967 1888 1157 1943 dantes
1200 1887 1277 1942 illi
1331 1888 1684 1958 iniquitatem,
1733 1904 1830 1957 per

222 1982 380 2049 cujus
416 1982 739 2035 voluntatem
780 1980 1084 2048 patiuntur;
1114 1990 1204 2033 aut
1231 1970 1353 2050 quia
1394 1996 1499 2033 non
1540 1980 1588 2034 ei
1630 1980 1829 2035 audent

222 2072 357 2125 dare
398 2072 749 2141 iniquitatem,
797 2069 1044 2125 auferunt
1089 2070 1139 2125 ei
1179 2071 1642 2140 gubernationem.
1694 2071 1826 2137 Quia

224 2167 361 2234 ipse,
382 2165 573 2235 inquit,
599 2180 702 2218 non
720 2173 895 2233 potest
924 2163 1097 2217 facere
1113 2162 1370 2231 iniquum.
1395 2162 1630 2231 iniquum
1647 2172 1824 2217 autem

223 2266 306 2311 est
329 2266 386 2309 ιιι
404 2271 505 2325 ego
532 2255 719 2324 patiar,
742 2262 797 2309 et
822 2254 911 2309 ille
935 2268 1040 2308 non
1060 2253 1316 2322 patiatur;
1340 2253 1576 2307 concedo
1597 2254 1738 2307 enim
1771 2264 1827 2307 ut

224 2350 326 2404 sim
352 2357 598 2419 peccator
616 2390 631 2413 ,
658 2356 805 2402 certe
832 2354 956 2400 sunt
984 2346 1194 2416 pejores
1221 2347 1311 2416 qui
1341 2347 1585 2400 ltutantur
1604 2386 1618 2409 ,
1646 2356 1699 2400 et
1729 2362 1826 2415 ego

226 2442 456 2512 tribulor
477 2459 489 2495 :
513 2440 634 2509 quia
656 2454 785 2509 ergo
812 2437 915 2492 hoc
952 2438 1188 2508 iuiqttum
1214 2446 1316 2503 est,
1344 2446 1403 2490 ut
1430 2438 1587 2491 etiam
1618 2437 1826 2506 pejores

226 2550 313 2588 me
341 2536 607 2594 lmtentur.
635 2542 688 2587 et
721 2546 822 2602 ego
850 2530 1091 2595 tribuler,
1126 2530 1214 2601 qui
1242 2538 1334 2584 aut
1371 2529 1575 2599 justus,
1606 2540 1697 2583 aut
1723 2530 1825 2583 mi-

225 2637 329 2678 nus
359 2630 608 2692 peccator
636 2638 793 2692 quam
824 2621 896 2675 illi
924 2636 1064 2687 sum,
1096 2630 1149 2675 et
1188 2630 1393 2674 certum
1434 2630 1516 2673 est
1558 2620 1696 2689 apud
1741 2637 1827 2675 me

225 2718 331 2771 hoc
356 2731 479 2773 esse
508 2715 761 2785 injustam
782 2756 797 2779 ,
827 2724 879 2769 et
901 2724 1107 2769 certum
1136 2722 1218 2767 est
1255 2712 1393 2783 apud
1419 2728 1505 2767 me
1532 2712 1653 2781 quia
1676 2712 1828 2767 .Deus

225 2826 335 2864 non
366 2809 493 2863 facit
518 2808 773 2878 iujnstum
801 2822 815 2871 ;
847 2807 987 2861 Dens
1018 2822 1124 2861 non
1145 2806 1403 2876 gubernat
1428 2820 1515 2860 res
1544 2805 1824 2870 humanas,

226 2918 327 2957 nec
358 2918 483 2957 cura
514 2912 595 2956 est
635 2901 707 2955 illi
740 2901 809 2956 de
846 2900 1020 2955 nobis.
1054 2901 1192 2970 Ergo
1220 2900 1366 2969 pravi
1409 2899 1591 2964 corde,
1640 2899 1690 2953 id
1744 2908 1830 2954 est

225 2994 439 3048 distorti
471 2992 654 3057 corde,
694 3000 802 3047 tres
843 2992 1040 3045 habent
1084 2992 1394 3045 sententias.
1428 2992 1552 3055 Aut,
1591 2989 1706 3045 Non
1744 3000 1829 3045 est

228 3087 409 3140 Deos:
439 3086 573 3139 dixit
603 3086 744 3139 enim
777 3084 969 3138 stultus
998 3084 1050 3137 in
1086 3083 1247 3138 corde
1277 3100 1394 3147 suo,
1424 3084 1536 3137 Non
1578 3093 1660 3139 est
1691 3085 1827 3139 Deus

227 3177 405 3235 (Psal.
452 3192 581 3238 xm,
611 3176 686 3246 l).
741 3176 807 3229 Et
854 3175 948 3228 fttit
995 3174 1193 3228 dictum
1239 3175 1304 3230 de
1348 3174 1545 3229 diluvio
1596 3176 1685 3229 illo
1708 3174 1823 3248 (a):

232 3284 337 3325 non
374 3265 540 3321 defuit
570 3267 690 3321 talis
727 3264 965 3319 doctrina
999 3264 1457 3333 philosophorum,
1502 3282 1607 3320 non
1645 3266 1826 3322 defueo

229 3369 357 3415 runt
406 3360 496 3429 qui
544 3358 783 3413 dicerent
830 3374 932 3411 non
986 3372 1105 3411 esse
1164 3358 1368 3423 Deum,
1424 3358 1515 3427 qui
1567 3358 1830 3429 gubernat

228 3452 407 3506 omnia
431 3461 485 3506 et
503 3450 741 3504 condidit
756 3452 953 3510 omnia;
969 3449 1060 3503 scd
1075 3464 1192 3503 eSse
1213 3451 1407 3503 multos
1427 3450 1559 3506 deos
1581 3460 1828 3505 vacantes

228 3544 330 3598 sibi
364 3553 555 3613 przctcr
580 3543 856 3602 mundum.
880 3556 983 3596 non
1003 3549 1249 3594 curantes
1275 3541 1393 3595 ista.
1425 3540 1687 3610 Ergoaut,
1712 3542 1825 3595 Non

228 3649 311 3693 est
346 3639 519 3691 Deus:
551 3637 655 3690 hoc
681 3635 810 3689 dicit
837 3635 1049 3703 impius,
1081 3634 1163 3688 cui
1193 3633 1432 3701 displicet
1467 3634 1719 3702 quidquid
1754 3634 1827 3687 illi

228 3730 419 3784 aCt‘ldll
452 3738 645 3797 pnrter
672 3727 1021 3790 voluntatem,
1051 3736 1106 3779 et
1134 3726 1286 3779 alteri
1312 3742 1416 3779 non
1445 3726 1637 3779 accidit
1657 3727 1742 3781 cui
1770 3742 1829 3781 se

230 3822 495 3891 prchonit
520 3836 533 3867 τ
564 3828 675 3882 aut,
706 3817 938 3887 Injustus
968 3818 1104 3871 heus
1125 3826 1228 3882 est,
1258 3817 1340 3871 cui
1375 3817 1472 3871 ista
1508 3819 1746 3887 placent,
1774 3827 1830 3871 et

227 3915 319 3979 qui
350 3914 464 3965 Iure
494 3912 615 3965 facit
641 3929 655 3963 :
683 3920 804 3975 aut,
836 3911 949 3965 Non
976 3912 1239 3979 gubernat
1268 3912 1408 3965 Deus
1434 3928 1520 3965 res
1548 3912 1826 3979 humanas,

231 4018 331 4056 nec
355 4018 481 4055 cura
503 4013 585 4055 est
612 4002 683 4054 illi
708 4001 773 4053 de
798 4002 1045 4054 omnibus
1079 4004 1115 4052 ‘.
1144 4002 1199 4055 In
1227 4002 1341 4055 istis
1363 4003 1530 4055 tribus
1551 4007 1830 4059 sententiis

230 4110 425 4163 magna
473 4094 737 4161 impietas,
783 4104 871 4145 aut
919 4110 1114 4162 negare
1161 4094 1342 4157 Deum,
1383 4103 1473 4147 attt
1515 4094 1694 4149 dicere
1748 4098 1830 4149 itt—

226 4187 453 4257 justum,
484 4195 576 4239 aut
602 4185 813 4239 auferre
842 4184 916 4239 illi
942 4186 1379 4255 gubernationem
1415 4204 1611 4241 rerum.
1654 4189 1831 4255 Quare

232 4281 377 4336 hoc?
403 4280 536 4349 Quia
564 4279 834 4335 “distortus
874 4289 959 4335 est
1001 4278 1185 4334 corde.
1233 4279 1431 4333 Rectus
1473 4291 1556 4335 est
1586 4281 1745 4346 Deus,
1778 4291 1832 4337 et

232 4373 357 4427 ideo
384 4372 669 4427 distortum
698 4386 794 4425 cor
818 4370 839 4402 '
868 4370 946 4426 illi
972 4384 1079 4424 non
1114 4371 1420 4441 acquiescit.
1454 4370 1605 4439 Quod
1650 4374 1699 4424 in
1724 4376 1832 4428 alio

234 4465 445 4533 psalmo
474 4472 578 4530 est,
612 4462 780 4530 Quam
811 4463 970 4516 bonus
998 4460 1136 4515 Deus
1163 4461 1352 4526 Israel,
1382 4463 1529 4516 rectis
1554 4464 1742 4519 corde!
1768 4467 1831 4519 Et

230 4558 355 4623 quia
385 4555 545 4611 talem
577 4553 807 4609 habebat
827 4553 941 4624 ipse
965 4553 1249 4624 aliquando
1274 4554 1592 4608 sententiam
1620 4555 1658 4619 ³,
1689 4556 1816 4620 Quot

230 4648 391 4704 modo
418 4646 562 4701 scivit
586 4644 748 4712 Deus,
775 4654 863 4699 aut
887 4645 930 4700 si
955 4655 1027 4700 est
1054 4645 1265 4699 scientia
1287 4645 1547 4699 Altissimo
1564 4646 1590 4700 1‘
1617 4646 1737 4701 ideo
1762 4649 1829 4701 ibi

230 4738 465 4808 subjecit
490 4756 504 4793 :
535 4735 640 4791 Mei
659 4746 827 4790 autem
849 4753 976 4807 pene
1000 4736 1124 4790 moti
1144 4746 1262 4791 sunt
1281 4737 1435 4807 pedes
1454 4736 1627 4810 (Psal.
1661 4755 1723 4792 1.x
1735 4756 1827 4805 xu,

237 4834 290 4901 Ι,
325 4832 416 4897 ll,
443 4830 523 4900 2).
550 4828 829 4899 Quomodo
866 4828 1149 4883 distortum
1175 4828 1375 4899 lignum
1400 4868 1416 4895 ,
1455 4830 1555 4883 etsi
1582 4845 1751 4900 ponas
1779 4832 1829 4885 in

233 4923 539 4991 pavimento
562 4921 772 4990 aequali,
806 4935 910 4973 non
940 4919 1255 4983 collocatur,
1280 4935 1385 4973 non
1406 4922 1828 4991 compaginatur,

234 5030 336 5071 nec
374 5013 701 5084 adjungitur,
731 5027 943 5082 semper
985 5012 1215 5081 agitatur
1250 5020 1305 5067 et
1327 5020 1514 5078 nutat;
1556 5024 1663 5067 non
1708 5016 1828 5083 quia

234 5106 499 5176 inaequale
519 5115 602 5159 est
626 5104 711 5159 ubi
740 5103 983 5174 posuisti,
1009 5102 1107 5158 sed
1133 5103 1256 5173 quia
1277 5102 1556 5159 distortum
1584 5105 1829 5174 estquod

232 5196 493 5263 posuisti:
543 5195 614 5250 ita
659 5204 713 5250 et
758 5209 853 5249 cor
891 5201 1041 5248 tuum
1085 5193 1337 5264 quamdiu
1382 5209 1601 5262 pravum
1649 5204 1733 5249 est
1776 5204 1833 5250 et

231 5289 537 5352 distortum,
562 5303 667 5341 non
695 5295 871 5356 potest
894 5286 1156 5340 colliniari
1181 5286 1482 5341 rectitudini
1509 5286 1620 5350 Dei,
1646 5296 1827 5341 etnon

232 5390 410 5450 potest
464 5380 514 5433 in
562 5379 653 5434 illo
689 5378 939 5431 collocari
988 5388 1044 5431 ιιι
1088 5377 1287 5432 Intereat
1337 5377 1431 5443 illi,
1478 5389 1530 5431 et
1571 5379 1651 5428 ltal
1680 5378 1699 5406 ³
1729 5378 1828 5444 Qui

294 5537 308 5565 ¹
340 5534 485 5584 \‘atic.
502 5539 607 5591 Ms.,
632 5532 694 5582 de
710 5528 993 5582 hominibus.

293 5598 313 5663 ξ
469 5597 719 5651 omittunt,
737 5608 821 5663 c_o_r
843 5608 858 5642 :
880 5592 1178 5663 et_pleriqtte
1197 5593 1398 5663 habent,
1423 5592 1625 5663 distorto
1639 5592 1727 5643 illi.

296 5659 409 5727 ἐμῆς
450 5667 560 5707 uss.
614 5665 667 5706 Αι
710 5657 857 5747 ιὲιιό.Ξ
894 5655 1158 5719 aliquando
1210 5656 1271 5704 de
1328 5668 1380 5705 se
1427 5655 1707 5705 διηιεηιὶιιηι
1748 5657 1824 5707 in-

230 5734 465 5840 quiem,
490 5789 539 5831 et
559 5782 644 5842 [tat
670 5786 870 5829 rectum
898 5780 1059 5840 Abest,
1083 5784 1284 5839 rectum,
1308 5791 1336 5828 a
1354 5786 1463 5829 uss.

292 5848 363 5909 (ιι)
388 5855 563 5906 Supra,
589 5858 637 5891 ιι.
674 5842 743 5890 l8.

1369 392 1767 449 ENARRATIO
1805 392 1869 445 IN
1913 391 2233 447 l’SALML‘M
2277 395 2466 450 XXXI.

3436 407 3547 462 9η.

1942 512 2169 568 adliceret
2202 512 2441 583 Domino,
2474 535 2602 573 unus
2628 521 2834 589 spiritus
2857 532 2931 576 est
2960 523 2996 593 (Ι
3020 524 3140 579 Cor.
3170 541 3243 591 vn,
3280 527 3387 593 l7).
3418 528 3539 584 ltlce

1940 604 2064 658 recti
2086 604 2238 661 corde
2262 608 2553 677 gloriamini
2581 610 2733 666 dixit.
2762 614 3039 680 Quomodo
3072 618 3201 670 recti
3231 618 3393 683 corde
3417 619 3525 689 glo-

1940 696 2183 751 riantur?
2217 699 2412 753 Audite
2460 701 2831 771 gloriatiouem
2883 706 3151 773 ipSurum:
3208 706 3326 761 Non
3370 711 3534 762 solum

1939 798 2127 852 autem,
2154 789 2281 844 dicit
2308 792 2616 860 Apostolus,
2644 794 2733 847 sed
2757 805 2805 848 et
2823 797 3102 865 gloriantur
3124 798 3174 849 in
3198 799 3537 853 tribulationi—

1939 876 2050 934 bus.
2079 879 2211 935 Nam
2236 897 2345 937 non
2368 892 2719 952 estmagnum
2745 884 2958 954 gloriari
2990 887 3041 941 in
3069 887 3291 957 gaudiis,
3316 888 3535 958 gloriari

1941 972 1993 1026 in
2021 973 2255 1031 lzetitiis:
2288 986 2466 1032 rectus
2489 978 2652 1033 corde
2684 980 2843 1033 etiam
2878 980 2929 1033 in
2963 981 3305 1036 tribulatione
3332 982 3531 1051 gloria-

1940 1075 2045 1121 tur.
2078 1068 2142 1121 Et
2182 1069 2305 1123 audi
2334 1070 2603 1139 quomodo
2625 1072 2885 1142 gloriatur
2910 1073 2960 1126 in
2999 1073 3375 1139 tribulatione;
3410 1076 3533 1145 quia

1937 1171 2044 1213 non
2074 1157 2267 1215 frustra
2306 1160 2617 1231 quisquam,
2658 1178 2762 1217 non
2794 1179 3162 1231 supervacue:
3195 1155 3311 1221 vide
3329 1176 3532 1221 rectum

1936 1264 2053 1313 cor,
2086 1250 2334 1317 Scientes,
2365 1252 2563 1322 inquit,
2594 1254 2714 1322 quia
2742 1254 2999 1308 tribulatio
3028 1256 3323 1325 patientiam
3354 1273 3533 1326 operae

1936 1348 2039 1401 tur,
2068 1342 2309 1410 patientia
2337 1356 2507 1395 autent
2542 1345 2905 1412 probationem,
2953 1346 3184 1415 probatio
3210 1364 3325 1401 vero
3343 1364 3484 1415 spent
3512 1388 3528 1410 ,

1936 1449 2049 1503 spes
2076 1444 2241 1487 autem
2269 1452 2369 1487 non
2399 1437 2683 1508 confundit,
2714 1438 2833 1507 quia
2860 1438 3082 1492 charitas
3111 1438 3209 1494 Dei
3237 1438 3427 1507 diffusa
3456 1452 3528 1493 est

1934 1523 1985 1578 in
2014 1525 2247 1578 cordibus
2274 1527 2460 1580 nostris
2501 1544 2591 1597 per
2616 1528 2869 1599 Spiritum
2905 1540 3138 1585 sanctum
3167 1532 3253 1601 qui
3283 1532 3432 1586 datus
3457 1542 3530 1585 cst

1935 1617 2077 1670 nobis
2100 1616 2275 1689 (Rom.
2299 1635 2359 1681 ν,
2382 1619 2527 1690 3-5).

2003 1707 2095 1761 26.
2135 1708 2223 1763 Sic
2260 1718 2340 1762 est
2383 1724 2513 1776 ergo
2550 1718 2754 1765 rectum
2779 1726 2909 1774 cor,
2943 1705 3153 1765 fratres.
3184 1711 3520 1781 Cuicumque

1932 1802 2127 1871 aliquid
2167 1801 2381 1867 accidit,
2410 1802 2593 1865 dicat:
2643 1803 2897 1857 Dominus
2922 1803 3089 1869 dedit,
3110 1804 3369 1858 Dominus
3404 1805 3529 1859 abs-

1936 1893 2074 1945 tulit.
2110 1892 2248 1947 Ecce
2290 1902 2493 1947 rectum
2528 1908 2623 1948 cor
2667 1910 2683 1948 :
2724 1892 2874 1950 Sicut
2914 1894 3143 1949 Domino
3189 1895 3404 1965 placuit,
3454 1895 3524 1948 ita

1934 1981 2128 2036 factum
2180 1991 2262 2037 est
2304 1998 2319 2035 :
2361 1983 2430 2037 sit
2479 1976 2677 2040 nomen
2716 1984 2929 2038 Domini
2988 1984 3331 2039 benedictum
3380 1984 3527 2057 (Job

1933 2090 1979 2137 ι.
2024 2074 2135 2145 ει).
2192 2074 2324 2143 Quis
2370 2075 2627 2130 abstulit?
2674 2074 2801 2146 quid
2848 2075 3099 2131 abstulit?
3139 2078 3225 2131 cui
3270 2076 3528 2130 abstulit?

1932 2165 2145 2235 quando
2203 2165 2465 2221 abstulit?
2521 2166 2602 2221 Sit
2644 2182 2839 2221 nomen
2897 2166 3111 2221 Domini
3166 2166 3528 2222 benedictum.

1934 2260 2002 2312 Et
2054 2275 2157 2313 non
2211 2260 2388 2323 dixit,
2447 2259 2702 2313 Dominus
2754 2258 2933 2325 dedit,
2988 2258 3236 2313 diabolus
3290 2259 3525 2313 abstulit.

1936 2352 2179 2406 lntendat
2199 2366 2327 2419 ergo
2358 2349 2605 2405 Charitas
2630 2349 2845 2415 Vestra,
2878 2364 2945 2403 ne
2976 2348 3110 2403 forte
3137 2348 3368 2403 dicatis:
3404 2349 3529 2403 lla~c

1934 2443 2062 2496 mihi
2090 2442 2335 2496 diabolus
2360 2440 2506 2495 fecit.
2538 2440 2768 2494 Prorsus
2795 2440 2859 2493 ad
2889 2439 3054 2495 Deum
3085 2448 3232 2493 tuum
3261 2438 3402 2494 refer
3428 2439 3524 2492 lla-

1930 2536 2127 2606 gcllum
2157 2544 2326 2599 tuum,
2351 2534 2472 2602 quia
2496 2548 2595 2588 nec
2619 2533 2866 2586 diabolus
2898 2533 2993 2587 tibi
3022 2532 3221 2598 aliquid
3252 2532 3395 2597 facit,
3423 2532 3525 2585 uisi

1932 2626 2023 2681 ille
2070 2628 2338 2694 permittat
2376 2625 2466 2694 qui
2493 2626 2722 2693 desuper
2748 2624 2908 2678 habet
2936 2632 3296 2694 potestatem,
3341 2633 3434 2678 aut
3461 2625 3528 2678 ad

1933 2734 2167 2788 poenam,
2197 2728 2287 2771 aut
2311 2716 2378 2772 ad
2403 2717 2737 2785 disciplinam
2772 2735 2783 2769 :
2814 2717 2880 2772 ad
2911 2732 3121 2787 paauam
3144 2718 3314 2783 impii,
3347 2718 3413 2771 ad
3441 2719 3525 2772 di-

1931 2809 2209 2877 sciplinam
2245 2808 2357 2862 ﬁlii.
2403 2808 2659 2879 Flagellat
2700 2820 2878 2863 autem
2910 2824 3127 2863 omnem
3173 2808 3336 2862 lilium
3366 2824 3527 2879 quem

1932 2900 2121 2968 recipit
2152 2898 2308 2970 (Heb.
2337 2914 2436 2964 xu,
2467 2897 2545 2969 6).
2570 2898 2678 2953 Nec
2708 2910 2758 2953 te
2783 2900 2899 2953 sine
2930 2898 3143 2967 flagello
3169 2914 3355 2969 speres
3384 2898 3524 2953 futu-

1931 3006 2071 3057 rum,
2105 2991 2203 3044 nisi
2241 2992 2374 3045 forte
2403 2992 2603 3061 cogitas
2635 2990 2986 3045 tathredari.
3037 2988 3291 3059 Flagellat
3311 3004 3524 3044 onmem

1932 3084 2097 3138 lilium
2138 3100 2297 3153 quem
2351 3084 2557 3152 recipit.
2603 3083 2749 3137 Itane
2787 3081 3041 3137 omnem?
3084 3082 3181 3137 Ubi
3228 3092 3279 3136 te
3310 3082 3529 3137 volebas

1931 3176 2297 3230 abscondere?
2329 3174 2553 3229 Omnem
2584 3192 2597 3229 :
2631 3185 2684 3229 et
2713 3175 2889 3227 nullus
2912 3182 3187 3242 exreptus,
3219 3175 3391 3227 nullus
3414 3174 3530 3225 sine

1932 3266 2142 3337 ﬂagello
2188 3267 2308 3321 erit.
2358 3266 2535 3334 Quid?
2579 3266 2642 3319 ad
2688 3265 2946 3320 omnem?
3003 3264 3092 3318 Vis
3136 3264 3320 3318 audire
3368 3279 3525 3333 quam

1932 3358 2186 3412 omnem?
2219 3358 2390 3412 Etiam
2421 3358 2615 3414 Unicus
2640 3357 2757 3411 sine
2786 3365 3023 3426 peccato,
3055 3371 3158 3411 non
3202 3366 3379 3410 tamen
3412 3357 3527 3409 sine

1934 3453 2159 3522 ﬂagello.
2188 3452 2340 3508 Unde
2367 3453 2481 3522 ipse
2506 3451 2705 3508 Unicus
2726 3460 2939 3520 portans
2963 3450 3327 3505 infirmitatem
3358 3446 3526 3511 lnam,

1932 3554 1988 3599 et
2020 3544 2359 3613 prarligurans
2391 3544 2440 3597 in
2472 3558 2529 3596 se
2568 3557 2850 3610 personam
2886 3553 3062 3608 tuam,
3097 3551 3343 3611 tanquam
3371 3552 3530 3610 caput

1932 3648 2150 3704 gestans
2175 3650 2455 3703 personam
2482 3635 2640 3688 etiam
2671 3634 2911 3703 corporis
2949 3635 3050 3693 sui.
3084 3650 3205 3688 cum
3236 3635 3528 3704 appropin-

1933 3738 2121 3798 quaret
2147 3728 2397 3795 passioui,
2426 3742 2489 3781 ex
2520 3727 2735 3781 homine
2756 3742 2913 3795 quem
2940 3710 3160 3796 gerebat
3178 3726 3526 3780 contrismtus

1934 3828 2036 3883 est,
2067 3828 2125 3871 ttt
2154 3830 2205 3872 te
2232 3818 2559 3881 hutiilcaret;
2592 3817 2939 3872 contristatus
2963 3828 3076 3881 cst,
3106 3827 3158 3870 ut
3193 3827 3246 3875 te
3280 3821 3529 3872 couso'a-

1936 3919 2101 3964 retur.
2137 3910 2313 3963 Potuit
2336 3909 2478 3963 enim
2503 3910 2684 3978 utique
2711 3909 2827 3962 sine
2859 3907 3071 3961 tristitia
3102 3923 3223 3963 esse
3248 3907 3525 3973 Dominus,

1936 4004 2106 4058 iturus
2125 4004 2189 4056 ad
2217 4004 2540 4071 passionem.
2568 4002 2623 4058 Si
2666 4003 2836 4072 patuit
2882 4004 3056 4067 miles,
3092 4018 3196 4057 non
3229 4004 3396 4073 potuit
3427 4004 3529 4059 itu-

1937 4095 2187 4163 pcrator?
2213 4094 2493 4161 Quomodo
2514 4096 2684 4165 potuit
2707 4096 2896 4149 miles?
2934 4096 3166 4151 Attende
3188 4096 3406 4151 Paulum
3432 4114 3529 4151 ex-

1936 4190 2243 4253 sultantem,
2274 4188 2716 4258 propinquantem
2745 4188 2978 4257 passioni
3010 4206 3024 4241 :
3059 4186 3171 4259 Ego
3198 4199 3367 4243 autem
3386 4190 3525 4260 jam,

1936 4280 2126 4350 inquit,
2148 4279 2402 4346 imntolor,
2431 4289 2479 4333 et
2504 4289 2701 4349 tempus
2730 4277 3049 4333 resolutionis
3080 4296 3201 4333 mea:
3222 4281 3394 4333 instat.
3420 4278 3527 4334 Bo-

1936 4389 2057 4424 num
2083 4380 2331 4425 certamen
2357 4370 2564 4437 certavi,
2598 4387 2803 4425 cursum
2845 4372 3208 4436 consummavi,
3243 4373 3395 4439 ﬁdem
3425 4390 3535 4426 scr-

1935 4465 2045 4517 vavi
2063 4480 2081 4516 :
2105 4463 2167 4515 de
2190 4474 2367 4517 (σείετο
2390 4473 2618 4531 superest
2635 4464 2759 4516 mihi
2777 4478 2963 4517 corona
2974 4463 3210 4534 justititr,
3237 4480 3386 4532 quam
3409 4465 3532 4519 mihi

1936 4556 2187 4609 Dominus
2204 4555 2373 4609 reddet
2390 4555 2441 4609 in
2455 4556 2548 4610 illa
2564 4556 2645 4609 die
2652 4555 2823 4625 justus
2828 4554 3016 4625 judex.
3043 4555 3163 4609 Non
3180 4556 3289 4610 salu
3298 4575 3343 4610 nt
3362 4568 3531 4611 autem

1939 4647 2081 4704 mihi.
2105 4647 2193 4700 sed
2208 4654 2252 4699 et
2272 4646 2502 4700 omnibus
2524 4645 2609 4717 qui
2635 4646 2852 4717 diligunt
2878 4644 3146 4699 adventum
3168 4648 3277 4717 ejus
3306 4647 3370 4719 (ll
3397 4647 3529 4701 Tim.

1937 4756 2009 4807 tv,
2029 4738 2180 4808 6-8).
2216 4738 2404 4794 Videte
2425 4737 2871 4809 quemadmodum
2893 4738 3153 4813 exsultat,
3187 4749 3441 4798 venturus
3465 4742 3529 4794 ad

1938 4831 2262 4900 passionem.
2314 4831 2452 4900 Ergo
2493 4828 2689 4899 gaudet
2730 4830 3067 4885 coronandus
3120 4849 3131 4881 :
3189 4833 3534 4911 contristatur

1935 4908 2304 4978 coronaturus.
2346 4920 2481 4988 Quid
2522 4922 2677 4991 igitur
2706 4920 2981 4989 portabat?
3008 4908 3368 4976 Inﬁrmitatem
3395 4939 3531 4993 quo-

1937 5016 2203 5081 rumdam,
2240 5015 2331 5085 qui
2374 5016 2620 5070 veniente
2650 5016 2993 5070 tribulatione
3026 5016 3104 5070 vel
3134 5029 3306 5071 morte
3334 5021 3533 5071 Contri-

1936 5118 2165 5161 stantur.
2200 5106 2306 5161 Sed
2330 5106 2449 5162 vide
2473 5106 2745 5176 quomodo
2768 5121 2863 5162 eos
2882 5107 3027 5161 ducit
3061 5107 3112 5161 in
3139 5107 3487 5162 directionem
3514 5111 3528 5141 '

1935 5200 2132 5253 cordis.
2164 5199 2300 5253 Ecce
2330 5208 2384 5252 tu
2425 5200 2643 5253 volebas
2669 5199 2879 5265 vivere,
2912 5216 3017 5253 non
3050 5199 3264 5255 volebas
3307 5201 3397 5255 tibi
3434 5202 3534 5254 ali-

1935 5292 2060 5363 quid
2091 5292 2366 5354 accidere;
2392 5289 2485 5346 sed
2512 5292 2653 5345 Deus
2682 5290 2826 5345 aliud
2854 5291 3023 5345 voluit
3047 5309 3059 5343 :
3089 5290 3531 5359 dtta:_volnutates

1936 5394 2058 5438 sunt
2084 5401 2098 5447 ;
2127 5383 2222 5438 sed
2250 5382 2498 5437 voluntas
2522 5392 2609 5435 tua
2633 5383 2931 5451 corrigatur
2957 5381 3021 5435 ad
3052 5383 3379 5435 voluntatem
3411 5381 3528 5445 Det,

1936 5492 2041 5529 non
2073 5475 2319 5528 voluntas
2358 5472 2453 5528 Dei
2491 5472 2874 5544 detorqueatur
2920 5472 2986 5527 ad
3034 5484 3196 5527 tuam.
3240 5473 3403 5527 Pravo
3450 5483 3533 5527 cst

1934 5568 2075 5621 enim
2106 5575 2215 5631 tua,
2242 5564 2421 5635 regula
2449 5573 2532 5619 est
2560 5566 2645 5618 illa
2672 5583 2687 5617 :
2712 5575 2817 5620 stet
2846 5565 3045 5633 regula,
3071 5575 3126 5617 ut
3146 5564 3285 5633 quod
3315 5578 3531 5633 pravum

1935 5672 2037 5725 est,
2068 5660 2135 5712 ad
2166 5658 2401 5727 regulam
2432 5658 2746 5728 corrigatur.
2782 5653 2971 5712 Videte
2997 5656 3266 5727 quomodo
3307 5655 3410 5710 hoc
3435 5654 3531 5710 do-

2001 5843 2018 5873 ³
2044 5840 2210 5889 Plures
2231 5843 2361 5900 ius,
2384 5835 2662 5888 directione.
