4008 6318
462 365 570 423 275

458 489 543 535 cet
597 478 858 536 Dominus
890 482 1048 539 .lesus
1089 480 1339 538 Christus
1373 499 1389 539 :
1431 481 1617 540 Tristis
1644 492 1717 541 est
1755 482 1930 540 anima
1952 497 2066 538 mea

457 585 620 633 usque
641 572 712 624 ad
736 583 947 627 mortem
974 589 994 628 :
1018 584 1093 639 et,
1127 571 1306 640 Pater,
1343 575 1388 630 si
1414 575 1528 644 ﬁeri
1565 582 1746 647 potest,
1785 582 2006 631 transeat
2030 591 2065 631 a

459 678 538 714 me
562 663 702 719 ralia:
735 663 849 718 iste.
901 664 1042 720 Ecce
1092 665 1332 723 ostendit
1378 665 1665 722 humanam
1708 665 2057 723 voluntatem.

456 757 564 812 Sed
593 758 713 813 vide
738 769 944 815 rectum
979 774 1073 815 cor
1112 778 1126 814 :
1176 758 1366 815 Verum
1395 779 1496 815 non
1520 763 1655 825 quod
1678 778 1770 833 ego
1794 763 1907 817 volo
1926 803 1943 824 ,
1973 763 2063 817 sed

458 848 595 913 quod
624 859 680 901 tu
702 850 797 913 vis.
821 847 976 904 Pater
998 848 1210 917 (Matth.
1243 851 1501 914 xxvnBS,
1532 852 1780 921 59).Hoc
1801 865 1930 922 ergo
1957 851 2057 912 ine.

460 940 698 1012 gaudens
724 943 777 995 in
806 942 889 1005 Itis
919 958 1037 1012 qme
1077 943 1168 998 tibi
1200 943 1447 999 accidunt
1487 963 1499 997 :
1543 952 1597 998 et
1632 944 1675 999 si
1713 945 1918 1001 venerit
1944 944 2061 999 dies

460 1028 550 1085 ille
581 1031 819 1094 ultimus,
842 1033 1035 1103 gaude.
1059 1036 1164 1088 Aut
1182 1034 1227 1089 si
1256 1032 1494 1105 subrepit
1516 1035 1761 1090 humana:
1783 1035 2058 1106 cujusdam

460 1120 751 1177 voluntatis
778 1122 1061 1195 fragilitas,
1082 1126 1190 1180 cito
1222 1124 1481 1196 dirigatur
1504 1128 1793 1193 inDeum;
1824 1137 1879 1182 ut
1905 1130 1979 1183 sis
2005 1129 2056 1183 in

458 1212 539 1268 eis
563 1212 755 1284 quibus
781 1214 994 1282 dicitur,
1023 1215 1325 1271 Gloriamini
1345 1235 1514 1275 omnes
1541 1219 1663 1274 recti
1692 1220 1862 1275 corde.

856 1423 939 1484 ΙΝ
982 1424 1364 1488 PSAIMUM
1404 1426 1659 1489 XXXII

1031 1545 1427 1603 ENARBATIU
1482 1550 1519 1604 Ι.

529 1656 584 1711 1.
625 1655 775 1726 Iners.
816 1656 894 1730 1.]
939 1657 1201 1713 Exsultate
1227 1662 1359 1730 justi
1399 1662 1451 1716 in
1491 1663 1707 1719 Domino
1734 1680 1754 1720 :
1780 1664 2054 1726 ‘essultate

456 1745 603 1815 iusti,
636 1766 739 1802 non
770 1751 820 1803 in
845 1751 1017 1815 vobis,
1040 1769 1145 1806 non
1176 1753 1320 1808 enim
1342 1754 1443 1810 hoc
1473 1765 1643 1811 tutum
1670 1757 1686 1790 ί
1720 1769 1841 1824 est;
1878 1757 1973 1814 sed
2001 1758 2055 1815 in

463 1836 711 1893 Domino.
761 1838 941 1894 Rectus
983 1842 1121 1895 decet
1164 1842 1391 1899 laudatio
1438 1860 1458 1899 :
1497 1845 1597 1917 ipsi
1626 1848 1843 1903 laudant
1872 1849 2054 1903 Domi-

465 1944 613 1993 num,
644 1932 731 1999 qui
772 1947 831 1985 se
859 1930 1093 1988 subdunt
1119 1932 1383 2000 Domino;
1410 1938 1565 1993 aliter
1591 1939 1734 1993 enim
1766 1936 1976 1994 distorti
2001 1948 2057 1995 et

458 2020 609 2090 pravi
640 2031 787 2075 sunt.

528 2111 584 2166 ἓ.
626 2108 776 2184 [υενε.
818 2112 900 2187 2.]
939 2114 1263 2185 Conﬁtemini
1291 2118 1512 2176 Domino
1535 2122 1589 2175 in
1614 2121 1811 2177 cithara
1839 2139 1858 2177 :
1886 2125 2055 2179 contio

456 2205 642 2259 temini
668 2205 917 2274 Domino,
954 2207 1270 2264 exhibentes
1290 2210 1337 2264 ci
1361 2226 1586 2282 corpora
1613 2213 2048 2270 vestrahostiam

457 2296 629 2350 vivam
654 2296 829 2370 (Rom.
852 2314 945 2363 xu,
969 2301 1043 2370 1).
1068 2299 1134 2355 In
1157 2302 1397 2368 psalterio
1413 2305 1728 2361 decue/turdo
1749 2307 1953 2378 psallite
1974 2310 2057 2364 ei:

454 2385 693 2440 serviant
719 2390 958 2443 membra
987 2401 1165 2445 vestra
1193 2391 1468 2449 dilectioni
1508 2396 1597 2449 Dei
1634 2406 1689 2450 et
1714 2397 1967 2467 proximi,
2000 2400 2055 2453 in

454 2476 648 2547 quibus
674 2477 774 2532 tria
803 2488 857 2533 et
876 2489 1077 2548 septem
1105 2494 1366 2555 praecepta
1398 2496 1698 2541 servantur.

526 2570 582 2624 3.
624 2566 776 2642 [oers.
823 2570 902 2645 5.]
940 2570 1151 2629 Cantate
1176 2577 1220 2631 ei
1240 2577 1490 2632 canticum
1512 2594 1699 2633 novum
1725 2620 1741 2634 .
1768 2584 1981 2637 cantate
2005 2580 2057 2638 ei

459 2660 726 2715 canticum
754 2662 942 2732 gratia:
988 2664 1130 2720 lidci.
1163 2664 1302 2722 Bene
1326 2678 1524 2724 cantate
1553 2669 1598 2724 ei
1620 2670 1675 2726 in
1707 2670 2017 2745 jubilatione
2038 2689 2061 2729 :

457 2748 597 2807 bene
617 2761 830 2808 cantate
851 2756 898 2808 ei
932 2756 984 2809 in
1010 2757 1215 2812 ltetitia.

527 2843 583 2899 4.
624 2841 776 2916 [vers.
826 2843 905 2919 4.]
962 2847 1219 2915 Quoniam
1261 2862 1428 2919 rectus
1474 2864 1545 2909 est
1583 2872 1747 2911 sermo
1790 2854 2004 2913 Domini
2036 2876 2057 2914 :

456 2933 710 3004 quoniam
737 2944 915 2991 rectus
944 2948 1027 2993 est
1071 2954 1251 2997 sermo
1293 2943 1525 3008 Domini,
1554 2946 1622 3000 ad
1654 2947 2058 3005 faciendosvos

457 3023 598 3094 quod
626 3040 720 3093 per
740 3041 834 3081 vos
860 3027 972 3082 fieri
1002 3045 1106 3085 non
1140 3036 1380 3101 potestis.
1408 3033 1478 3089 Et
1503 3036 1673 3091 omnia
1701 3056 1855 3109 opera
1875 3042 1983 3112 ejus
2004 3042 2059 3096 in

457 3114 563 3183 ﬁde
594 3131 611 3169 :
649 3133 717 3171 ne
744 3119 1024 3188 quicquam
1071 3137 1131 3178 se
1158 3127 1361 3183 meritis
1384 3144 1606 3198 operum
1648 3133 1954 3201 pervenisse
1990 3134 2057 3190 ad

458 3205 619 3262 iidem
653 3217 817 3277 putet,
858 3227 978 3267 cum
1008 3214 1059 3268 in
1097 3216 1211 3285 ipsa
1253 3217 1360 3274 lide
1398 3221 1505 3274 sint
1532 3224 1710 3276 omnia
1749 3239 1911 3294 Opera
1938 3241 2058 3296 qufe

456 3294 627 3367 diligit
654 3298 811 3356 Deus.

528 3387 586 3444 5.
626 3386 777 3460 lucra.
825 3390 906 3468 5.]
945 3391 1126 3466 Diligit
1157 3388 1550 3457 misericordiam
1579 3413 1626 3457 et
1639 3404 1895 3476 judicium
1924 3426 1943 3461 :
1971 3410 2055 3464 di-

459 3476 573 3549 ligit
598 3483 739 3538 enim
783 3486 1226 3557 miscricordiam,
1272 3509 1431 3564 quam
1479 3513 1621 3553 nunc
1663 3513 1956 3571 prmrognt;
2002 3512 2055 3557 et

450 3570 736 3639 judicium,
762 3593 871 3646 quo
893 3578 944 3632 id
974 3581 1115 3649 quod
1145 3588 1520 3655 prterogaverit
1545 3590 1729 3655 exigit.
1758 3570 2054 3647 Misericor-

455 3660 544 3714 dia
574 3660 781 3718 Domini
813 3666 963 3734 plena
988 3681 1060 3723 est
1085 3681 1220 3726 terra
1255 3689 1274 3727 :
1301 3692 1396 3743 per
1418 3679 1605 3732 orbem
1632 3692 1850 3750 peccata
1877 3683 2057 3739 dimit-

456 3759 641 3808 tuntur
669 3754 975 3817 hominibus
1006 3762 1058 3815 in
1084 3764 1449 3824 misericordia
1481 3770 1708 3826 Domini.

527 3844 580 3898 6.
622 3842 772 3918 [oers.
801 3846 880 3921 6.]
929 3848 1088 3906 Verbo
1133 3852 1343 3911 Domini
1387 3861 1501 3914 caeli
1536 3862 1726 3929 ﬁrmati
1753 3875 1916 3920 sunt:
1944 3881 2052 3923 non

453 3934 597 3990 enim
624 3951 653 3990 a
680 3938 871 4008 scipsis
896 3982 912 4007 ,
955 3942 1050 3997 sed
1083 3942 1258 3999 Verbo
1287 3948 1496 4004 Domini
1521 3949 1653 4021 justi
1680 3953 1872 4010 ﬁrmati
1905 3968 2049 4012 sunt.

451 4021 525 4076 Et
552 4024 751 4096 Spiritu
772 4028 873 4082 oris
899 4032 1009 4102 ejus
1034 4034 1197 4088 omnis
1221 4037 1374 4093 uirtus
1397 4050 1572 4096 eorum
1599 4058 1619 4097 :
1645 4054 1698 4100 et
1726 4057 1910 4102 sancto
1936 4048 2051 4119 ejus

452 4113 653 4184 Spiritu
683 4120 859 4176 omnis
886 4121 1019 4179 fides
1047 4140 1255 4182 eorum.
1699 4194 1703 4198 ,

524 4206 577 4261 7.
619 4205 771 4281 iners.
800 4210 878 4287 7.]
918 4212 1243 4288 Congregans
1266 4221 1394 4276 sicut
1420 4224 1474 4278 in
1495 4236 1654 4281 utrem
1677 4245 1838 4301 aquas
1856 4236 2014 4291 maris
2030 4254 2051 4292 :

448 4308 739 4368 congregat
769 4305 993 4374 populos
1016 4308 1199 4363 surculi
1232 4309 1285 4365 in
1318 4312 1711 4375 confessionem
1747 4325 2048 4383 mortillcati

450 4393 676 4460 peccati,
709 4410 776 4449 ne
802 4412 896 4465 per
918 4400 1224 4469 superbiam
1268 4403 1436 4462 libere
1462 4408 1719 4470 deﬂuant.
1762 4413 1970 4471 Ponens
1996 4420 2051 4476 in

450 4479 701 4543 thesauris
723 4486 931 4558 abysso:
959 4505 978 4545 :
1003 4500 1055 4545 et
1082 4490 1138 4547 in
1164 4495 1186 4525 ’
1216 4494 1294 4549 eis
1318 4499 1525 4554 occulta
1549 4515 1643 4556 sua
1669 4508 1847 4560 servat
1872 4509 1938 4564 ad
1964 4510 2052 4565 di-

448 4573 623 4630 vitias.

524 4670 579 4723 8.
621 4669 773 4741 iners.
802 4673 886 4747 8.]
929 4675 1123 4732 Timent
1154 4677 1433 4737 Dominum
1472 4689 1636 4742 omnis
1666 4699 1798 4744 terra
1818 4708 1838 4746 :
1866 4692 2050 4751 timeat

447 4760 623 4813 omnis
669 4774 934 4830 peccator,
974 4775 1031 4821 ut
1072 4784 1293 4838 peceare
1329 4772 1557 4830 desinat.
1609 4777 1685 4834 Ab
1730 4781 1843 4849 ipso
1880 4794 2050 4841 autem

449 4865 855 4908 commoveantur
882 4873 902 4910 :
942 4874 1039 4913 nec
1085 4864 1377 4919 terroribus
1423 4865 1699 4926 hominum
1744 4872 1826 4929 vel
1869 4876 2049 4946 cujus-

446 4948 609 5009 quam
637 4956 919 5013 creatum,
951 4950 1043 5005 sed
1075 4951 1144 5006 ab
1166 4952 1281 5022 ipso
1306 4971 1747 5019 commoveantur
1771 4983 1942 5024 omnes
1960 4972 2050 5041 qui

446 5033 729 5087 inhabitant
755 5036 942 5091 orbem.

519 5125 573 5181 9.
617 5125 766 5199 [vers.
800 5130 879 5201 9.]
923 5132 1172 5197 Quoniam
1202 5137 1307 5207 ipse
1325 5140 1474 5208 dixit,
1503 5155 1552 5198 et
1578 5147 1715 5215 facta
1739 5160 1855 5205 sunt
1885 5169 1906 5206 :
1938 5170 2043 5209 non

448 5216 594 5269 enim
639 5233 701 5273 ea
733 5236 850 5290 quia:
895 5224 1131 5289 timeant,
1183 5228 1321 5283 nlius
1356 5230 1546 5303 aliquis
1587 5238 1748 5305 fecit;
1797 5243 1890 5298 sed
1930 5246 2044 5314 ipse

446 5302 603 5372 dixit,
632 5319 685 5361 et
713 5308 848 5365 facta
874 5324 1014 5383 sunt,
1047 5314 1170 5385 Ipse
1194 5323 1469 5390 mandavit,
1500 5336 1546 5379 et
1562 5302 1870 5387 creata—sunt
1889 5350 1907 5387 :
1930 5302 2042 5406 ipse

447 5397 719 5451 mandavit
750 5399 925 5455 Verbo
950 5420 1068 5466 suo,
1097 5416 1152 5461 et
1176 5420 1353 5466 creata
1376 5423 1520 5469 sunt.

522 5485 631 5583 10..
653 5485 800 5559 [εει-ε.
834 5490 947 5565 10.]
984 5491 1238 5553 Dominus
1276 5502 1491 5573 dissipat
1529 5511 1743 5565 consilia
1769 5517 1991 5584 gentium
2020 5537 2040 5574 .-

447 5588 555 5632 uou
581 5571 699 5642 ejus
726 5596 972 5648 reunum,
999 5585 1093 5641 sed
1120 5603 1213 5644 sua
1243 5571 1595 5662 quartantium
1623 5571 1805 5673 regna.
1838 5571 2037 5679 Rt‘pt'o;

1747 369 1811 428 8.
1841 364 2214 427 AUGUSTINI
2252 364 2557 428 El’lSCOPl

3659 382 3762 445 278

2172 480 2255 535 bat
2280 492 2449 539 autem
2470 485 2798 558 cogitationes
2816 490 3124 566 populorum
3148 505 3168 549 :
3192 487 3572 563 beatitudinem
3596 510 3764 556 terre-

2169 586 2292 628 nam
2315 565 2830 645 concupiscentiam.
2867 576 2932 637 Et
2953 587 3186 651 reprobat
3205 586 3417 642 consilia
3437 591 3722 661 principum
3740 607 3760 646 ι

2167 662 2361 718 talibus
2386 662 2596 735 populis
2622 662 2890 728 dominari
2910 678 3288 742 quaerentium.
3605 700 3609 702 ν

2239 748 2522 827 11.-[aers.
2580 757 2692 832 11.]
2719 824 2722 828 Α
2749 754 3050 818 Consilium
3075 782 3190 819 rem
3239 765 3448 823 Domini
3493 782 3660 826 manet
3707 772 3761 826 in

2165 855 2413 898 internum
2443 862 2464 899 :
2494 848 2779 904 consilium
2810 866 2939 907 vero
2967 853 3178 909 Domini
3203 898 3220 923 ,
3264 874 3369 927 quo
3411 860 3621 916 beatum
3652 874 3758 918 non

2167 932 2293 988 facit
2333 934 2435 989 nisi
2469 938 2743 994 subditum
2774 942 2896 1006 sibi,
2924 954 3121 1000 emanet
3151 946 3202 1003 in
3239 954 3518 1007 aeternum.
3552 948 3756 1024 Cogita—

2164 1025 2324 1079 tiones
2362 1028 2531 1084 cordis
2572 1030 2684 1100 ejus
2712 1030 2766 1086 in
2791 1031 2976 1088 sarcula
3004 1035 3307 1093 surculorum
3352 1051 3374 1095 :
3410 1038 3761 1113 cogitationes

2163 1117 2444 1187 sapientiae
2486 1118 2603 1191 ejus
2635 1136 2743 1179 non
2788 1132 2915 1181 sunt
2946 1126 3251 1197 mutabiles,
3285 1128 3377 1188 sed
3406 1145 3677 1193 manentes
3705 1134 3757 1194 in

2161 1209 2414 1285 sarculum
2437 1211 2639 1268 satculi.
3648 1284 3651 1285 ν

2180 1283 2188 1291 ’
2234 1301 2324 1357 12.
2365 1299 2518 1375 [rem
2551 1302 2666 1380 13.]
2705 1306 2865 1364 Beata
2908 1325 3030 1384 gens
3058 1314 3206 1387 cujus
3234 1323 3307 1372 est
3342 1314 3588 1375 Dominus
3618 1314 3762 1399 Deus.

2161 1404 2333 1444 eorum
2361 1407 2384 1447 :
2411 1408 2515 1448 uno
2542 1409 2674 1466 gens
2712 1395 2869 1454 basta
2915 1412 3019 1467 est,
3064 1403 3339 1474 pertinens
3379 1404 3443 1462 nd
3481 1406 3755 1467 cmlestem

2159 1482 2452 1552 civitatem,
2497 1501 2618 1558 quae
2660 1487 2763 1546 sibi
2817 1489 3100 1551 Dominum
3146 1496 3357 1554 nonnisi
3389 1496 3553 1557 Deum
3596 1514 3755 1559 suum

2158 1571 2341 1643 elegit.
2389 1571 2621 1645 Populus
2656 1594 2802 1651 qum:
2850 1580 2996 1651 elegit
3034 1581 3289 1642 Dominus
3332 1582 3383 1643 in
3413 1587 3754 1649 hereditatem

2157 1663 2255 1720 sibi
2278 1679 2299 1722 :
2326 1680 2501 1740 neque
2528 1668 2645 1728 huic
2671 1685 2699 1727 ο
2728 1671 2926 1747 seipsa.
2955 1673 3051 1735 sed
3081 1676 3178 1736 Dei
3207 1698 3429 1741 munere
3450 1686 3613 1743 electa
3646 1698 3757 1750 est.

2158 2044 2331 2087 omnes
2353 2032 2494 2101 ﬁlios
2520 2035 2781 2092 hominum
2810 2056 2831 2095 :
2854 2039 2925 2096 de
2949 2043 3127 2097 animo
3152 2041 3295 2115 justo
3327 2046 3754 2105 misericorditer

2158 2118 2291 2173 vidit
2319 2120 2574 2179 Dominus
2597 2138 2785 2183 omnes
2808 2128 2897 2200 qui
2930 2130 2983 2186 in
3015 2144 3209 2190 novam
3234 2132 3394 2192 vitam
3419 2140 3625 2195 renasci
3658 2155 3753 2194 vo—

2158 2209 2299 2263 lunt.

2232 2300 2320 2356 lt.
2359 2298 2510 2375 [κη.
2536 2302 2650 2381 14.]
2688 2302 2769 2364 De
2791 2314 3081 2382 praeparato
3102 2310 3387 2373 habitacula
3407 2332 3502 2375 suo
3524 2334 3545 2376 :
3568 2318 3636 2377 de
3661 2319 3757 2375 ha-

2158 2389 2393 2450 bitaculo
2416 2397 2771 2470 susceptionis
2794 2402 3063 2471 humanae,
3091 2410 3234 2479 quod
3265 2414 3585 2481 praeparavit
3616 2414 3744 2468 sibi.

2161 2480 2418 2557 Respexit
2443 2488 2596 2560 super
2618 2506 2793 2548 onmes
2822 2497 2911 2567 qui
2933 2497 3220 2556 inhabitant
3240 2480 3428 2558 tetram
3454 2505 3471 2537 ⁸
3497 2523 3511 2560 :
3543 2506 3757 2562 miscui-

2158 2575 2395 2633 corditor
2415 2578 2544 2635 vidit
2566 2595 2757 2640 omnes
2776 2586 2871 2657 qui
2887 2583 3443 2661 inhabitant'carnem,
3499 2606 3554 2651 ut
3577 2601 3760 2669 prmsit

2149 2667 2270 2730 illis
2296 2668 2351 2724 in
2374 2672 2611 2743 regendo
2634 2691 2752 2741 cos.

2240 2761 2322 2816 l5.
2363 2757 2520 2835 [νει-ε.
2565 2760 2682 2841 15.]
2723 2767 2825 2836 Qui
2849 2770 2999 2839 [insit
3023 2761 3323 2849 singillatim
3345 2778 3707 2835 cordacorunt
3738 2795 3759 2837 .'

2160 2848 2249 2918 qui
2271 2851 2521 2908 cordibus
2541 2868 2728 2912 eorum
2759 2856 2898 2915 dona
2925 2864 3139 2933 propria
3168 2848 3518 2937 spirit'naliler
3547 2868 3754 2936 tribuit,

2162 2947 2221 2992 ut
2271 2955 2372 2996 nec
2420 2948 2590 3000 totum
2644 2961 2843 3020 corpus
2893 2952 3115 3021 oculus,
3167 2970 3267 3012 nec
3320 2968 3490 3015 totum
3544 2959 3759 3035 auditus

2163 3026 2207 3103 (Ι
2235 3030 2353 3087 Cor.
2381 3048 2473 3099 xu,
2519 3037 2646 3115 17);
2677 3040 2770 3096 sed
2809 3043 2946 3099 alius
2968 3046 3065 3112 sic,
3097 3040 3236 3105 alius
3263 3061 3442 3106 autem
3474 3053 3553 3107 sic
3579 3032 3759 3108 ineor-

2162 3134 2420 3191 parentur
2461 3125 2696 3186 Christo.
2742 3130 2842 3200 Qui
2867 3134 3105 3208 intelligit
3139 3124 3311 3195 omnia
3336 3158 3491 3207 opera
3530 3144 3711 3214 eorum
3734 3159 3760 3201 :

2160 3212 2300 3281 apud
2323 3214 2473 3271 illum
2497 3217 2766 3276 intellecta
2793 3235 2919 3279 sunt
2939 3225 3118 3282 omnia
3150 3242 3313 3300 opera
3339 3248 3548 3288 eorum.

2235 3305 2320 3361 16.
2363 3305 2512 3381 [oers.
2547 3309 2660 3385 16.]
2688 3301 2825 3370 Non
2866 3316 3036 3374 salvus
3070 3320 3158 3388 fiet
3204 3339 3297 3378 rex
3341 3325 3395 3379 in
3434 3326 3761 3382 multitudine

2160 3398 2355 3454 virtutis
2376 3416 2396 3454 :
2425 3415 2532 3457 non
2567 3403 2746 3463 salvus
2784 3408 2878 3464 liet
2900 3412 2993 3483 qui
3020 3429 3239 3471 carnem
3265 3433 3418 3474 suam
3444 3421 3599 3491 regit.
3627 3420 3671 3476 si
3701 3424 3755 3478 in

2158 3503 2253 3544 suo
2277 3490 2469 3548 virtute
2494 3496 2721 3553 multum
2753 3504 3172 3574 praesumpserit.
3219 3506 3329 3564 Nec
3354 3490 3549 3581 gigas}
3580 3514 3755 3567 salvus

2158 3582 2252 3635 erit
2281 3582 2334 3636 in
2377 3585 2701 3644 multitudine
2734 3591 2936 3648 uirtutis
2958 3612 3067 3650 sua
3100 3612 3122 3654 :
3159 3614 3261 3655 nec
3288 3602 3532 3673 quisquis
3563 3602 3759 3659 militat

2157 3684 2343 3727 contra
2371 3678 2809 3736 consuetudinem
2861 3687 3308 3757 ctuimtpiscentias
3343 3708 3476 3757 sum,
3506 3693 3586 3749 vel
3621 3684 3756 3763 eo...

2106 3764 2125 3801 ’-
2160 3770 2239 3814 ira
2283 3763 2551 3820 diabolum
2593 3773 2913 3841 et~angelos
2946 3776 3083 3845 ejus,
3110 3778 3290 3835 salvus
3316 3782 3439 3851 erit,
3477 3783 3523 3838 si
3550 3797 3610 3839 se
3637 3798 3755 3839 suae

2158 3852 2452 3911 fortitudini
2478 3859 2706 3915 multum
2734 3866 3085 3924 commiserit.

2228 3945 2315 4000 17.
2357 3945 2509 4021 [νινε.
2540 3948 2655 4024 17.]
2695 3951 2922 4011 Mendax
2950 3975 3104 4029 equus
3125 3961 3198 4017 ad
3221 3962 3438 4019 salutem
3468 3980 3489 4021 :
3525 3965 3750 4031 fallitur.

2154 4038 2393 4107 quisquis
2427 4048 2577 4109 putat
2613 4044 2696 4097 vel
2747 4060 2845 4113 per
2867 4044 3115 4106 homines
3143 4053 3286 4131 inter
3310 4053 3553 4112 homines
3588 4072 3751 4114 acce-

2156 4134 2298 4195 ptam
2325 4144 2384 4183 se
2408 4130 2634 4187 salutem
2656 4132 2897 4207 adipisci,
2930 4141 3012 4195 vel
3044 4142 3242 4212 impetu
3258 4130 3617 4205 animositatis
3637 4166 3752 4206 suae

2153 4215 2369 4274 defendi
2411 4236 2439 4274 a
2480 4224 2736 4293 pernicie.
2779 4226 2845 4283 In
2869 4229 3181 4289 abundantia
3203 4246 3370 4292 autem
3408 4241 3605 4296 virtutis
3643 4253 3753 4297 sua:

2155 4326 2257 4364 non
2285 4312 2377 4366 erit
2399 4315 2570 4370 salvus
2594 4314 2632 4370 ³.
3078 4328 3081 4331 ’

2229 4399 2315 4456 18.
2364 4401 2516 4474 [rem
2550 4404 2667 4480 18.]
2712 4407 2844 4466 Ecce
2885 4411 3022 4467 oculi
3050 4413 3256 4473 Domini
3304 4437 3457 4491 super
3479 4435 3754 4481 metuentes

2155 4506 2268 4544 eum
2299 4507 2320 4546 :
2349 4496 2472 4563 quia
2511 4495 2557 4551 si
2599 4499 2827 4555 salutem
2857 4506 3077 4575 quatris,
3118 4522 3247 4565 ecce
3284 4511 3500 4569 dilectio
3537 4516 3750 4573 Domini

2153 4596 2318 4653 super
2358 4587 2607 4644 timentes
2642 4606 2787 4647 eum.
2846 4596 3125 4665 Sperantes
3162 4618 3315 4674 super
3354 4607 3751 4666 misericordiam
3822 4646 3825 4649 -

2154 4677 2267 4744 ejus
2292 4692 2313 4731 :
2341 4685 2396 4732 et
2422 4691 2703 4749 sperantes
2732 4701 2837 4739 non
2876 4687 2929 4741 in
2968 4691 3161 4747 virtute
3188 4707 3304 4761 sua,
3332 4697 3427 4752 sed
3452 4699 3510 4752 in
3542 4702 3754 4756 miseri-

2154 4765 2334 4821 cordia
2365 4769 2502 4840 ejus.
2604 4760 2607 4763 Α

2227 4855 2314 4911 19.
2357 4856 2508 4931 [rem
2535 4860 2649 4934 19.]
2692 4861 2760 4919 Ut
2784 4877 2926 4921 eruat
2962 4886 2996 4923 a
3032 4879 3426 4946 ntorte,_anintas
3468 4894 3663 4947 eorum,
3702 4895 3751 4939 et

2154 4951 2261 5000 atat
2285 4965 2370 5001 eos
2391 4950 2447 5002 in
2480 4951 2616 5020 fame
2642 4970 2663 5009 :
2695 4966 2752 5010 ut
2770 4957 2862 5013 det
2885 4959 2967 5016 eis
3003 4962 3318 5021 alimentum
3347 4970 3496 5038 verbi
3524 4981 3577 5028 et
3601 4990 3748 5031 sem—

2110 5046 2115 5049 '
2153 5038 2377 5106 piternrc
2408 5044 2669 5112 veritatis,
2704 5049 2846 5118 quod
2868 5053 3160 5111 amiserant
3184 5058 3309 5113 dum
3338 5077 3664 5130 prtesumunt
3693 5068 3751 5131 in

2152 5132 2355 5187 viribus
2384 5136 2516 5203 suis,
2547 5147 2603 5192 et
2638 5138 2758 5195 ideo
2798 5158 2899 5198 nec
2937 5146 3079 5216 ipsas
3104 5151 3248 5206 vires
3274 5153 3471 5212 habent
3498 5156 3639 5215 fume
3659 5161 3751 5227 ju-

2149 5221 2330 5277 stitia.

2221 5311 2312 5368 20.
2356 5312 2509 5387 [τετε.
2554 5317 2674 5393 20.]
2710 5321 2895 5379 Anima
2934 5338 3107 5384 nostra
3135 5335 3331 5404 patiens
3356 5336 3450 5393 erit
3477 5339 3749 5405 Domino:

2149 5416 2210 5458 ut
2234 5413 2414 5461 alitem
2437 5416 2631 5492 postea
2646 5414 2918 5483 saginatur
2943 5421 3083 5475 escis
3110 5422 3624 5498 incorruptibilibus,
3658 5436 3747 5492 in-

2149 5498 2305 5552 terim
2325 5497 2451 5554 dum
2477 5500 2565 5558 hic
2589 5514 2691 5571 est,
2716 5508 2893 5563 animo
2922 5523 3105 5570 nostra
3137 5497 3343 5586 patiens
3364 5524 3467 5577 erit
3496 5497 3743 5585 Domino.

2146 5629 2385 5739 agon,
2410 5643 2606 5684 carnem
2627 5674 2642 5697 ,
2668 5651 2756 5700 pro
2793 5654 2912 5692 voce
2945 5649 3163 5710 errata;
3195 5650 3602 5710 dissentientibus
3638 5671 3745 5716 SLsS.

2210 5753 2740 5841 1E2."
2756 5754 3006 5841 ἕάίδίίυτν
3032 5767 3220 5841 ἔξαψ-

2208 5812 2232 5846 ³
2251 5814 2418 5864 SicEr.
2443 5824 2488 5865 et
2515 5827 2617 5870 uss.
2648 5830 2699 5872 At
2719 5812 3240 5886 torua—655513.273.
