4008 6326
408 425 513 483 977

410 650 523 695 ater
546 651 647 703 est,
676 643 800 695 dum
827 657 1087 696 conamur
1106 640 1172 696 ad
1193 655 1348 705 eum;
1375 649 1428 694 et
1450 647 1741 708 protector,
1772 637 1897 691 dum
1922 652 2012 689 re-

411 731 653 787 sistimus
687 734 1018 788 adversario.

483 822 575 877 2i.
617 821 767 896 [vers.
792 822 908 897 2L]
951 824 1082 890 Quia
1106 824 1165 877 in’
1196 824 1308 890 ipso
1340 822 1592 876 lmtabitur
1620 836 1708 875 cor
1733 830 1960 874 nostrum
1992 834 2012 873 :

413 928 520 967 non
545 915 685 968 enim
705 916 754 967 in
785 916 955 978 nobis,
983 915 1071 969 ubi
1096 930 1286 985 magna
1309 914 1426 968 sine
1455 913 1547 969 illo
1568 914 1742 987 inopia
1767 919 1885 974 est;
1914 910 2006 966 ενι]

413 1002 465 1061 in
510 1008 626 1076 ipso
664 1008 931 1062 lzetabitur
957 1022 1053 1061 cor
1090 1018 1357 1061 nostrum.
1407 1004 1473 1058 Et
1515 1005 1569 1058 in
1604 1004 1807 1057 nomine
1831 1014 2010 1057 sancto

409 1100 520 1170 ejus
559 1102 872 1168 speravimus
910 1103 925 1132 ‘
960 1117 975 1154 :
1006 1107 1059 1153 et
1102 1098 1223 1153 idco
1267 1097 1598 1167 speravimus
1627 1104 1882 1150 venturos
1909 1110 2007 1148 nos

410 1191 477 1246 ad
513 1192 701 1255 Deum,
728 1193 848 1262 quia
877 1191 1032 1246 nobis
1059 1191 1368 1246 absentibus
1400 1205 1496 1259 per
1535 1188 1692 1243 iidem
1725 1187 1869 1241 misit
1910 1202 2007 1239 nn-

412 1298 534 1336 men
562 1297 715 1336 suum
726 1322 737 1333 .

480 1371 571 1426 9:2.
614 1372 762 1445 [vers
789 1369 906 1444 22.]
948 1372 1067 1426 Fiat
1090 1370 1434 1425 misericordia
1458 1380 1567 1435 tua,
1598 1368 1834 1433 Domine,
1855 1385 2007 1439 super

412 1483 519 1526 nos,
552 1464 680 1517 sicut
698 1466 1007 1532 speravimus
1036 1464 1088 1517 in
1115 1472 1161 1517 te
1182 1479 1202 1518 .'
1230 1462 1319 1517 flat
1349 1460 1710 1517 misericordia
1753 1470 1861 1526 tua,
1889 1460 2001 1514 Do-

410 1559 575 1621 mine,
600 1573 763 1620 super
792 1572 925 1617 nos;
962 1572 1086 1626 spes
1107 1557 1249 1611 enim
1278 1571 1384 1611 non
1406 1552 1704 1619 confundit,
1733 1551 1857 1625 quia
1885 1569 2007 1623 spe-

406 1650 641 1704 ravimus
668 1648 718 1703 in
744 1657 815 1702 te.

956 1758 1356 1815 ENARRATIO
1397 1759 1461 1813 ll.

1082 1889 1255 1930 SERIO
1288 1890 1328 1931 1.

866 1989 942 2045 De
966 1992 1146 2060 prima
1160 1999 1303 2060 parte
1329 1988 1547 2044 Psalmi.

476 2106 528 2159 l.
569 2104 720 2177 (vero.
769 2105 847 2177 1.]
885 2106 1131 2161 Psalmus
1169 2104 1271 2160 iste
1314 2104 1562 2158 admonet
1600 2118 1700 2157 nos
1730 2102 2002 2158 exsultare

400 2196 459 2250 in
502 2198 746 2251 Domino.
782 2197 1095 2251 lnscribitur
1132 2207 1334 2261 autem,
1372 2193 1487 2265 Ipsi
1524 2193 1711 2249 David.
1741 2193 1840 2262 Qui
1873 2209 2003 2264 ergo

400 2288 675 2356 pertinent
695 2287 762 2342 ad
787 2287 1203 2342 sacratissimum
1227 2302 1412 2342 semen
1436 2286 1622 2352 David,
1656 2287 1876 2341 audiant
1906 2303 2002 2343 vo-

396 2394 517 2435 cem
548 2395 721 2445 suam,
748 2389 801 2434 et
822 2380 1003 2435 dicant
1025 2394 1209 2435 vocem
1238 2396 1411 2444 suam,
1442 2390 1497 2436 et
1518 2380 1792 2436 exsultent
1817 2384 1867 2435 in
1894 2382 2000 2437 Do~

398 2489 567 2526 mmo.
595 2472 685 2529 Sic
712 2483 890 2527 autem
917 2472 1160 2541 incipit:
1198 2471 1467 2527 Exsultate
1494 2474 1621 2541 justi
1658 2473 1712 2527 in
1761 2472 1996 2528 Domino.

399 2566 589 2632 lnjusti
616 2566 886 2621 exsultent
916 2566 969 2620 in
1000 2566 1231 2620 sarculo:
1269 2564 1418 2620 ﬂuito
1443 2567 1664 2629 saeculo,
1692 2566 1872 2620 ﬁnitur
1898 2582 1995 2620 ex.

396 2659 619 2713 sultatio
671 2657 1012 2728 injustorum.
1076 2658 1357 2712 Exsultent
1404 2667 1582 2711 autem
1623 2657 1750 2726 justi
1795 2657 1846 2711 in
1895 2657 2001 2712 Do-

400 2752 582 2805 mino;
607 2752 725 2820 quia
747 2758 1094 2820 permanente
1110 2748 1360 2814 Domino,
1382 2750 1715 2818 permanebit
1732 2749 1997 2816 iustorum

397 2841 710 2895 essttltatio.
757 2841 1037 2895 Exsultare
1067 2852 1249 2895 autem
1278 2840 1330 2894 in
1364 2840 1588 2894 Domino
1618 2840 1687 2893 ita
1716 2841 1995 2906 convenit,

397 2946 452 2987 ut
479 2935 753 2988 laudemus
772 2934 915 2988 illum
938 2933 1026 3003 qui
1050 2934 1193 2987 solus
1220 2948 1327 2987 non
1358 2932 1516 3003 habet
1541 2932 1680 3001 quod
1700 2932 1855 2987 nobis
1883 2930 1999 2987 disi

399 3027 629 3094 pliceat,
695 3035 749 3078 et
793 3039 954 3078 nemo
987 3034 1093 3078 tam
1142 3024 1305 3077 multa
1334 3022 1496 3077 habet
1536 3036 1656 3093 quae
1695 3016 1999 3078 inﬁdelibus

396 3116 701 3183 displicent.
733 3115 797 3169 Et
830 3116 992 3171 breve
1021 3127 1344 3183 prmeeptum
1374 3122 1455 3168 est
1486 3131 1499 3167 :
1534 3114 1638 3169 lllc'
1657 3114 1831 3182 placet
1861 3114 1992 3182 Deo,

396 3208 484 3261 eui
513 3206 683 3275 placet
717 3207 875 3260 Deus.
911 3205 1021 3261 Nec
1053 3205 1170 3260 leve
1198 3206 1397 3273 putetis
1428 3203 1549 3269 hoc,
1582 3205 1866 3260 carissimi.
1900 3204 1998 3259 Vi-

397 3298 541 3351 detis
563 3298 704 3352 enim
735 3313 894 3365 quam
924 3296 1076 3351 ιιιυῖιί
1105 3296 1592 3366 αἰεβυιεηινοοηιῑει
1622 3297 1811 3363 Deum,
1836 3313 1996 3367 quam

399 3391 587 3443 multis
615 3391 937 3459 displiceant
961 3401 1123 3458 opera
1152 3389 1287 3459 ejus.
1318 3388 1450 3442 Cum
1475 3390 1617 3442 enim
1646 3388 1820 3443 facere
1847 3390 1999 3444 volw

399 3486 503 3537 erit
534 3494 719 3536 contra
752 3483 1080 3535 voluntatem
1114 3481 1409 3546 hominum,
1442 3480 1563 3548 quia
1598 3480 1852 3534 Dominus
1877 3490 1994 3546 est,

401 3586 454 3630 et
490 3574 635 3628 novit
665 3572 791 3643 quid
821 3573 999 3637 faciat,
1034 3588 1132 3627 nec
1150 3581 1266 3628 tam
1295 3570 1520 3626 attendit
1544 3580 1783 3625 nostram
1812 3572 2000 3626 volun-

400 3676 566 3723 tatem
595 3683 749 3736 quam
782 3667 1060 3721 utilitatem
1086 3683 1099 3729 ;
1134 3665 1204 3719 illi
1232 3664 1554 3735 qui'malunt
1577 3678 1727 3718 suam
1755 3665 2002 3719 volunta-

400 3769 508 3813 tem
548 3758 755 3834 inipleri
796 3766 959 3827 quam
989 3756 1119 3818 Dei,
1156 3756 1344 3810 volunt
1379 3754 1447 3809 ad
1486 3769 1637 3809 suam
1668 3753 1998 3809 voluntatem

401 3853 618 3905 nectere
646 3849 835 3907 Deum.
866 3864 973 3902 non
1006 3862 1155 3902 suam
1184 3848 1452 3917 corrigere
1478 3846 1544 3901 ad
1569 3846 1755 3900 Deum.
1782 3846 1999 3901 Talibus

401 3944 707 3996 hominibus
738 3940 1063 4005 inﬁdelibus,
1096 3940 1297 4009 impiis,
1324 3936 1547 4007 iniquis,
1579 3939 1718 4008 quod
1748 3940 1889 4009 piget
1918 3939 2002 3993 di-

400 4053 545 4098 cere,
577 4036 669 4089 seti
702 4048 879 4089 L’llltCtt
908 4033 1104 4097 dicam,
1141 4032 1309 4088 nostis
1339 4032 1479 4085 enim
1507 4046 1665 4099 quam
1702 4047 1888 4086 verum
1920 4031 2001 4085 di-

400 4145 542 4190 ram,
576 4116 784 4183 facilius
810 4127 985 4196 placet
1014 4124 1373 4193 pantomimus
1403 4121 1478 4195 (τι)
1508 4139 1667 4194 quam
1696 4125 1855 4179 Deus.

472 4218 510 4271 Ξ
550 4218 835 4288 Propterea
848 4231 969 4272 cum
991 4215 1233 4281 dixisset,
1255 4213 1518 4269 Exsultate
1523 4216 1655 4286 justi
1674 4217 1727 4269 in
1748 4215 2003 4280 Domino;

401 4311 523 4381 quia
556 4310 827 4364 exsultare
869 4307 921 4362 in
947 4306 1063 4361 illo
1101 4306 1202 4361 nisi
1242 4303 1511 4360 laudando
1549 4321 1653 4359 non
1692 4320 1997 4374 possumus.

399 4418 525 4457 eum
549 4410 725 4454 autem
749 4398 1048 4460 laudamus,
1074 4395 1159 4452 cui
1183 4407 1330 4451 tanto
1351 4396 1519 4467 magis
1542 4397 1815 4465 placemus
1833 4413 2004 4468 quan-

404 4502 461 4545 to
488 4490 799 4560 magislpse
831 4489 988 4545 nobis
1025 4487 1320 4558 placuerit;
1364 4486 1547 4542 Recto:
1568 4529 1583 4552 ,
1616 4488 1822 4558 inquit,
1863 4488 2002 4543 decet

404 4584 653 4639 laudatio.
686 4582 785 4649 Qui
809 4590 936 4637 sunt
966 4579 1145 4636 recti?
1182 4579 1285 4646 Qui
1322 4578 1559 4651 dirigunt
1589 4595 1683 4633 cor
1708 4580 2001 4667 secundum

403 4677 733 4730 voluntatem
758 4673 851 4728 Dei
872 4688 888 4737 ;
910 4676 964 4727 el
979 4673 1146 4726 alveos
1169 4670 1445 4741 perturbat
1467 4670 1698 4725 humana
1723 4668 2001 4741 fragilitas,

404 4766 584 4823 divina
605 4766 922 4822 consolatur
943 4764 1169 4833 aequitas
1193 4781 1207 4817 :
1231 4765 1475 4834 quamvis
1504 4763 1644 4817 enim
1673 4763 1835 4819 corde
1860 4780 2007 4817 mor-

406 4859 499 4914 tali
532 4858 778 4928 privatim
807 4856 1007 4924 aliquid
1039 4856 1242 4919 velint,
1274 4854 1417 4924 quod
1446 4870 1555 4909 sine
1581 4855 1796 4910 interim
1827 4871 2004 4913 causa:

407 4951 489 5003 vel
532 4944 745 5018 negotio
769 4960 792 5010 ,'
814 4946 898 5001 vel
942 4944 1189 5015 prtesenti
1222 4944 1524 5000 necessitati
1562 4948 1883 5011 conveniat;
1916 4948 2005 5003 ubi

408 5040 775 5096 intellexerint
802 5048 855 5093 et
883 5036 1230 5106 cognoverint
1273 5035 1414 5089 aliud
1456 5037 1620 5089 Deum
1654 5037 1792 5092 velle
1816 5078 1831 5103 ,
1863 5053 2004 5105 pne-

410 5143 615 5204 ponunt
646 5130 972 5185 voluntatem
1006 5128 1244 5181 melioris
1272 5128 1531 5181 voluntati
1563 5144 1701 5183 sum.
1730 5139 1778 5181 et
1811 5130 2001 5182 volun—

410 5232 575 5278 tatem
620 5221 1002 5288 omnipotentis
1041 5220 1299 5273 voluntati
1340 5218 1557 5284 inilrtni,
1592 5229 1645 5275 et
1678 5222 2004 5276 voluntatem

417 5314 509 5370 Dei
541 5313 796 5367 Voluntati
830 5311 1085 5366 hominis.
1114 5313 1380 5377 Quantum
1405 5312 1548 5364 enim
1583 5312 1723 5367 Deus
1746 5313 1909 5367 distat
1939 5314 2007 5367 ab

411 5404 632 5459 homine
660 5444 675 5462 .
719 5410 925 5456 tantum
965 5400 1209 5455 voluntas
1252 5401 1346 5456 Dei
1383 5418 1416 5455 ιι
1446 5402 1723 5457 voluntate
1752 5402 2004 5459 hominis.

415 5491 573 5553 Unde
610 5507 804 5565 gerens
847 5491 1119 5545 hominem
1161 5489 1447 5558 Christus,
1487 5500 1541 5545 et
1582 5492 1821 5559 regulam
1855 5495 2008 5549 nobis

412 5599 751 5657 proponens,
784 5586 985 5639 docens
1012 5598 1109 5637 nos
1137 5583 1317 5639 vivere
1339 5626 1353 5643 .
1379 5595 1433 5638 et
1462 5593 1718 5652 praestans
1740 5586 1901 5641 nobis
1927 5588 2008 5639 vi-

415 5693 541 5734 rere
564 5718 582 5741 ,
613 5675 865 5731 ostendit-
888 5674 1121 5729 hominis
1162 5674 1445 5743 quamdam
1477 5675 1733 5743 privatam
1761 5676 2006 5728 volunta-

476 5810 493 5840 ¹
520 5809 593 5856 sic
618 5815 722 5856 atas.
753 5814 804 5855 At
826 5803 936 5855 ΗΜ.
963 5806 1122 5855 hocet
1146 5807 1365 5866 proximo
1387 5804 1510 5862 loco.
1536 5804 1851 5867 sperabunt“.

476 5871 553 5931 la)
583 5867 920 5929 I'muomt'mos,
939 5869 1049 5917 vide
1069 5874 1205 5918 tinar.
1235 5866 1351 5917 I'sal.
1376 5881 1495 5929 xxx,
1523 5866 1673 5917 serta.
1700 5870 1747 5928 3,
1769 5885 1816 5919 ιι.
1841 5873 1913 5919 ll.

1492 422 1902 485 ENARRATIO
1940 419 2004 477 IN
2045 418 2368 481 Ρδιυιιυιι
2409 424 2621 483 XXXII.

415 548 668 615 Quoniam
707 549 910 619 adjutor
946 559 992 603 et
1024 556 1275 619 protector
1303 557 1469 602 noster
1503 557 1577 600 est
1607 562 1625 600 :
1675 545 1886 612 adjutor
1916 559 2014 596 no-

3620 455 3726 511 273

2126 550 2255 607 tem,
2302 545 2351 595 in
2391 561 2492 615 qua
2534 564 2685 604 suam
2728 551 2970 636 iigumvit
3008 570 3061 613 et
3103 573 3361 629 nostram,
3406 571 3524 637 quia
3560 589 3721 644 caput

2123 645 2360 687 thlrnm
2393 647 2493 699 est,
2525 650 2579 693 et
2602 640 2667 695 ad
2696 660 2839 707 etilli,
2872 646 3006 702 Sll'Ul
3036 654 3224 719 nostis,
3269 668 3517 728 tanquam
3548 640 3719 719 metu.

2121 724 2211 777 bra
2244 728 2425 796 utique
2456 734 2786 797 pertinemus
2816 754 2829 791 :
2862 736 3035 805 Pater,
3070 744 3275 815 inquit,
3306 751 3351 803 si
3379 724 3493 813 ﬁeri
3524 769 3681 824 potest
3706 802 3718 818 .

2118 822 2342 871 transeat
2379 836 2411 872 a
2450 839 2527 875 me
2567 825 2703 880 calix
2729 828 2837 883 iste.
2883 830 3007 886 llzec
3038 833 3268 892 humana
3300 822 3547 896 voluntas
3571 860 3718 909 erat,

2118 911 2391 977 propritim
2431 915 2629 981 aliquid
2671 927 2724 971 et
2764 928 3016 990 taturuam
3061 926 3321 991 privatum
3366 935 3569 987 volens.
3613 939 3719 993 Sed

2118 1000 2239 1066 quia
2267 1017 2471 1058 rectum
2500 1008 2663 1063 corde
2689 1012 2857 1065 voluit
2885 1030 3004 1068 esse
3035 1015 3305 1073 hominem
3334 1064 3347 1083 ,
3379 1034 3436 1077 ut
3464 1027 3716 1098 quidquid

2120 1091 2169 1143 in
2214 1093 2302 1146 illo
2336 1098 2663 1165 aliquantum
2705 1118 2927 1159 curvum
2960 1118 3137 1173 esset,
3180 1112 3247 1165 ad
3281 1115 3429 1169 illum
3468 1091 3717 1188 dirigeret

2115 1184 2202 1252 qui
2231 1199 2446 1251 semper
2474 1199 2557 1242 est
2585 1202 2793 1257 rectus;
2834 1192 3020 1249 Verum
3050 1216 3151 1253 non
3175 1204 3311 1267 quod
3340 1223 3429 1275 ego
3462 1184 3598 1274 t'olo:
3620 1214 3714 1276 ait,

2114 1276 2367 1369 sedquod
2395 1289 2469 1343 lu,
2509 1281 2662 1336 Pater
2683 1284 2901 1353 (Matt/1.
2934 1306 3077 1353 XXVI.
3112 1295 3227 1363 59).
3256 1299 3358 1350 Sed
3386 1303 3509 1367 quid
3541 1318 3714 1369 posset

2115 1367 2239 1420 mali
2267 1370 2402 1425 velle
2425 1371 2707 1430 Christus?
2729 1378 2864 1445 Quid
2889 1393 3163 1450 postremo
3184 1387 3326 1442 aliud
3356 1367 3709 1458 possetvelte,

2112 1474 2269 1526 quam
2314 1462 2508 1517 Pater?
2534 1466 2771 1534 Quorum
2808 1488 2912 1525 una
2952 1485 3035 1528 est
3070 1474 3320 1534 divinitas
3344 1525 3359 1547 ,
3402 1500 3505 1538 non
3538 1500 3711 1554 poti-sl

2113 1563 2236 1604 esse
2262 1552 2443 1621 dispar
2479 1557 2746 1614 voluntas.
2776 1561 2883 1616 Sed
2910 1578 2975 1617 ex
3006 1581 3233 1634 persona
3266 1570 3501 1627 hominis
3534 1552 3711 1632 trans-

2115 1639 2346 1710 ﬁguraus
2370 1646 2419 1697 in
2442 1661 2501 1701 se
2522 1662 2670 1714 suos,
2694 1666 2828 1720 quos
2850 1654 2903 1707 in
2926 1670 2983 1709 se
3008 1658 3398 1726 transfiguravit
3419 1705 3434 1727 ,
3457 1681 3577 1720 cmn
3599 1671 3709 1730 ait,

2114 1729 2335 1828 ιῖεηνίοῑ,
2361 1746 2405 1787 et
2426 1737 2636 1792 dedistis
2658 1742 2782 1794 mihi
2804 1746 3113 1800 manducare
3136 1748 3246 1821 (Id.
3271 1769 3401 1817 xxv,
3426 1757 3550 1825 55);
3574 1775 3711 1828 quos

2112 1819 2163 1871 in
2186 1838 2243 1876 se
2266 1826 2679 1895 transﬁguravit,
2703 1847 2824 1886 cum
2847 1833 3041 1891 furenti
3063 1850 3116 1892 et
3134 1819 3350 1897 sanctos
3370 1819 3708 1916 petseqnenti

2108 1910 2272 2005 §inlo
2298 1916 2551 1971 clamavit
2577 1920 2829 1992 desuper,
2856 1942 3017 1995 quem
3040 1946 3199 1988 nemo
3218 1910 3489 2005 tangebat,
3517 1910 3705 2004 Scala,

2111 1998 2292 2098 sanie,
2316 2007 2440 2073 quid
2460 2024 2538 2061 me
2560 2016 2869 2080 persequeris
2892 2015 3026 2085 (Act.
3052 2034 3128 2082 lx,
3154 2022 3211 2091 4)
3227 2023 3252 2075 ?
3273 1998 3507 2082 ostendit
3524 1998 3709 2098 quam;

2108 2094 2232 2149 dam
2274 2094 2506 2154 hominis
2546 2103 2816 2173 propriam
2861 2109 3190 2167 voluntatem
3217 2130 3233 2179 ;
3269 2118 3502 2173 catt-odit
3534 2094 3586 2176 te
3610 2164 3625 2185 ,
3656 2135 3711 2177 et

2106 2189 2344 2242 correxit
2370 2198 2441 2244 te.
2473 2191 2610 2248 Ecce
2638 2194 2793 2265 vide,
2828 2199 3036 2268 inquit,
3072 2212 3123 2257 te
3152 2205 3205 2258 in
3236 2222 3364 2272 me;
3405 2214 3525 2280 quia
3558 2225 3707 2281 pote<

2107 2278 2306 2349 aliquid
2333 2284 2610 2353 proprium
2641 2289 2781 2344 velle
2800 2331 2816 2355 ,
2844 2302 2899 2345 ut
2925 2294 3066 2347 aliud
3099 2295 3241 2352 Deus
3271 2278 3433 2365 velit,
3458 2278 3709 2359 concedi-

2109 2380 2195 2425 tur
2223 2371 2325 2427 hoc
2352 2375 2599 2433 humana:
2628 2379 2918 2450 fragilitati,
2948 2390 3260 2444 conceditur
3288 2392 3536 2450 humana:
3562 2397 3706 2453 inlir-

2107 2462 2312 2526 mitati;
2340 2465 2541 2537 aliquid
2568 2473 2840 2543 proprium
2868 2476 3023 2543 velle,
3052 2478 3376 2555 difﬁcileest
3404 2496 3461 2539 ut
3484 2504 3588 2541 non
3614 2492 3705 2544 tibi

2105 2557 2377 2625 contingat
2407 2574 2420 2611 :
2451 2558 2545 2613 sed
2582 2562 2761 2615 statim
2801 2566 2973 2637 cogita
3014 2570 3103 2637 qui
3130 2571 3201 2625 sit
3228 2589 3387 2643 supra
3429 2586 3515 2642 te;
3556 2581 3700 2635 illum

2104 2662 2263 2717 supra
2292 2660 2375 2715 te,
2408 2661 2459 2705 te
2486 2653 2620 2707 infra
2650 2656 2834 2723 illum;
2867 2660 3014 2720 illum
3046 2676 3347 2721 creatorem
3371 2712 3383 2729 .
3417 2680 3467 2725 te
3492 2683 3704 2727 creato-

2105 2754 2248 2801 ram;
2276 2739 2424 2795 illum
2447 2742 2738 2813 dominum,
2766 2758 2816 2803 te
2837 2753 3238 2819 servum;illum
3260 2760 3703 2828 omnipotentem,

2104 2836 2157 2920 te
2200 2830 2469 2887 infirmum
2494 2878 2509 2900 ,
2538 2838 2815 2909 corrigens
2848 2851 2898 2895 te
2920 2884 2935 2907 ,
2972 2845 3409 2920 subjungensque
3441 2852 3703 2909 voluntati

2103 2919 2239 2989 ejus,
2271 2938 2334 2976 ac
2356 2923 2562 2990 dicens,
2600 2926 2784 2983 Verum
2812 2949 2911 2985 non
2937 2936 3074 3003 quod
3098 2953 3189 3007 ego
3212 2919 3347 3003 volo,
3374 2942 3463 2995 sed
3488 2946 3625 3015 quod
3652 2959 3703 2998 tt:

2104 3011 2198 3069 vis.
2234 3011 2392 3068 Pater
2414 3031 2433 3069 :
2452 3019 2721 3086 quomodo
2748 3020 3048 3090 dis-junctus
3069 3041 3128 3082 es
3147 3043 3176 3081 a
3204 3029 3336 3097 Deo,
3361 3033 3451 3102 qui
3469 3011 3578 3104 iam
3605 3037 3700 3089 hoc

2104 3102 2185 3156 vis
2210 3104 2351 3173 quod
2384 3105 2567 3162 Deos?
2595 3109 2714 3166 Eris
2737 3127 2866 3183 ergo
2892 3127 3093 3180 rectus,
3123 3128 3176 3173 et
3201 3128 3254 3176 te
3280 3102 3491 3179 decebit
3517 3126 3696 3181 lauda-

2104 3196 2212 3259 tio;
2247 3200 2498 3265 quoniam
2533 3212 2693 3256 rectos
2721 3203 2860 3260 decet
2890 3206 3141 3264 laudatio.

2126 3320 2130 3324 ι
2175 3287 2229 3342 3.
2260 3289 2517 3344 Siautem
2543 3307 2737 3349 curvus
2761 3293 2944 3361 fueris,
2972 3298 3155 3354 laudas
3179 3302 3345 3357 Deum
3367 3306 3582 3373 quando
3607 3309 3697 3363 tibi

2104 3373 2239 3430 hmo
2279 3388 2396 3444 est,
2431 3382 2770 3453 blasphemas
2809 3389 3024 3455 quando
3067 3391 3159 3445 tibi
3208 3396 3346 3447 male
3382 3406 3466 3450 est
3507 3418 3521 3452 :
3562 3401 3702 3469 qttml

2104 3471 2317 3541 quidem
2348 3475 2486 3529 male
2516 3477 2558 3529 si
2581 3476 2787 3545 justum
2813 3490 2915 3544 est,
2949 3498 3054 3536 non
3082 3494 3164 3538 est
3191 3487 3360 3548 male;
3389 3488 3592 3555 justum
3624 3504 3705 3545 est

2102 3572 2304 3627 autem,
2337 3567 2589 3633 (ιιιυιιὶιιιῐι
2615 3568 2682 3622 ab
2710 3569 2798 3624 illo
2824 3571 2881 3625 iit
2907 3573 2996 3641 qui
3023 3574 3216 3643 injuste
3246 3578 3422 3633 facere
3446 3580 3576 3633 nihil
3606 3597 3699 3651 pu-

2106 3662 2246 3711 test:
2275 3667 2329 3711 et
2354 3656 2460 3711 eris
2488 3658 2720 3715 insulsus
2746 3677 2879 3730 puer
2900 3662 2952 3717 in
2980 3664 3142 3718 domo
3170 3669 3366 3735 pnlris,
3395 3686 3580 3723 amans
3608 3689 3669 3739 pa
3688 3703 3702 3711 -

2105 3753 2242 3801 trem
2269 3748 2314 3801 si
2345 3748 2437 3801 tibi
2468 3749 2791 3819 blandiatur,
2824 3763 2879 3807 et
2904 3755 3029 3807 odio
3061 3755 3264 3812 habens
3288 3760 3503 3827 quando
3530 3772 3581 3813 te
3609 3764 3705 3814 lla-

2103 3838 2296 3909 gellat;
2316 3842 2463 3909 quasi
2484 3858 2587 3896 non
2607 3854 2658 3898 et
2676 3844 2950 3899 blandiens
2968 3860 3020 3901 et
3041 3849 3312 3919 ﬂagellatis
3332 3854 3699 3913 hereditatem

2106 3939 2278 3999 paret.
2308 3930 2441 3987 Vide
2471 3943 2647 3987 autem
2688 3940 3135 4004 quemadmodum
3163 3943 3351 3997 deceat
3380 3958 3558 3999 rectos
3590 3946 3705 3999 lau-

2105 4024 2290 4091 datio,
2333 4025 2455 4079 andi
2497 4043 2679 4081 vocem
2723 4030 2853 4084 recti
2898 4030 3164 4087 laudantis
3201 4051 3267 4090 ex
3306 4038 3411 4089 alio
3453 4039 3658 4107 psalmo
3692 4058 3703 4093 :

2104 4111 2409 4168 Benedicam
2440 4116 2715 4171 Dominum
2737 4120 2789 4173 in
2814 4122 2951 4173 omni
2981 4131 3222 4195 tempore,
3245 4144 3439 4197 semper
3459 4128 3576 4183 laus
3597 4131 3709 4199 ejus

2106 4204 2160 4259 in
2188 4220 2276 4259 ore
2298 4222 2408 4259 meo
2437 4206 2622 4276 (Psa!.
2656 4225 2820 4265 χχχιιι
2843 4254 2856 4275 ,
2883 4211 2977 4283 9.).
3006 4214 3157 4280 Quod
3185 4224 3262 4270 est
3287 4259 3302 4283 ,
3333 4217 3385 4270 in
3416 4220 3554 4271 omni
3579 4230 3704 4271 (eti!-

2108 4310 2266 4362 pore;
2292 4294 2395 4351 hoc
2419 4305 2535 4360 est,
2561 4312 2758 4371 semper
2801 4316 2821 4355 :
2857 4310 2911 4355 et
2940 4303 3084 4372 quod
3116 4314 3220 4369 est,
3249 4306 3574 4373 bencdicam;
3606 4310 3707 4365 hoc

2107 4397 2191 4442 est
2212 4428 2229 4452 ,
2260 4389 2375 4443 laus
2403 4390 2513 4459 ejus
2542 4390 2595 4443 in
2623 4407 2711 4445 ore
2746 4410 2870 4446 meo.
2906 4394 3061 4448 Omni
3108 4403 3349 4464 tempore
3377 4409 3429 4452 et
3457 4415 3670 4468 semper
3691 4444 3707 4464 ,

2107 4480 2220 4535 sive
2246 4480 2299 4535 in
2329 4482 2601 4551 prosperis
2623 4482 2737 4538 sive
2766 4485 2816 4537 in
2843 4482 3103 4541 adversis.
3128 4486 3263 4541 Nam
3286 4489 3329 4541 si
3358 4488 3410 4542 in
3435 4495 3709 4558 prosperis

2107 4580 2163 4627 et
2184 4588 2290 4628 non
2318 4572 2371 4626 in
2397 4573 2655 4638 adversis,
2686 4576 2955 4644 quomodo
2980 4579 3125 4631 omni
3153 4588 3417 4649 tempore,
3439 4584 3711 4650 qunllthti-i

2108 4662 2364 4733 semper?
2391 4673 2445 4718 et
2473 4664 2773 4723 audivimus
2801 4668 2998 4723 multas
3022 4669 3309 4724 tnultorum
3342 4672 3473 4725 tales
3505 4688 3666 4725 voces
3692 4690 3705 4727 :

2108 4755 2322 4826 quando
2348 4755 2455 4809 illis
2484 4758 2731 4825 provenit
2755 4758 2930 4829 aliqua
2960 4759 3208 4828 felicitas,
3242 4763 3545 4828 exsultant,
3575 4780 3712 4831 gau-

2109 4846 2273 4912 dent,
2306 4856 2521 4902 cantant
2552 4848 2679 4911 Deo,
2706 4849 2923 4903 laudant
2965 4852 3171 4917 Deum;
3203 4868 3309 4907 non
3349 4864 3473 4908 sunt
3505 4856 3709 4922 impro-

2108 4937 2294 5005 handi,
2329 4938 2436 4992 imo
2464 4940 2802 5009 gaudendum
2832 4951 2916 4996 est
2946 4944 3067 5007 illis,
3100 4945 3222 5013 quia
3255 4944 3403 4999 multi
3433 4961 3529 5000 nec
3563 4957 3713 5002 time.

2108 5030 2216 5087 Sed
2248 5032 2333 5088 isti
2358 5034 2445 5104 qui
2474 5035 2583 5101 jam
2616 5034 2788 5091 Deum
2822 5035 3039 5092 laudare
3066 5055 3130 5092 es
3163 5041 3533 5108 prosperitatis
3566 5053 3719 5111 parte

2108 5135 2409 5195 ceperunt,
2435 5126 2664 5181 docendi
2686 5137 2810 5183 sunt
2833 5138 3035 5198 patrem
3059 5145 3353 5199 agnoscete
3369 5141 3424 5186 et
3444 5132 3720 5203 ﬂagellat:-

2110 5224 2220 5270 tem
2238 5258 2251 5281 ,
2274 5232 2375 5272 nec
2396 5233 2730 5273 murmurare
2750 5219 3008 5273 adversus
3028 5222 3348 5290 corrigentis
3373 5238 3621 5287 manum;
3650 5240 3717 5280 ne

2114 5325 2328 5379 semper
2360 5312 2508 5380 pravi
2543 5324 2884 5366 remanentes
2915 5313 3249 5368 esbmredari
3288 5327 3616 5383 mereantur,
3660 5326 3719 5369 ut

2114 5399 2239 5455 facti
2282 5401 2393 5471 jam
2417 5399 2571 5469 recti,
2599 5401 2756 5474 (quid
2771 5413 2850 5457 est
2874 5404 3041 5460 recti?
3063 5403 3133 5459 Ut
3155 5404 3284 5459 nihil
3309 5407 3412 5459 illis
3433 5406 3720 5480 displiceat

2112 5492 2253 5562 quod
2281 5491 2466 5547 fecerit
2486 5490 2674 5562 Deus.)
2698 5494 2903 5561 possint
2924 5504 2979 5549 et
3000 5496 3051 5547 in
3074 5496 3312 5550 adversis
3334 5498 3501 5551 Deum
3526 5498 3721 5553 lauda-

2113 5578 2193 5647 re,
2220 5596 2274 5642 et
2299 5587 2479 5643 dicere
2506 5606 2513 5617 ι
2548 5587 2799 5641 Dominus
2824 5588 2991 5651 dedit,
3028 5590 3283 5645 Dominus
3300 5590 3555 5657 abstulit;
3580 5592 3718 5650 sicut

2118 5680 2346 5733 Domino
2384 5684 2614 5748 placuit,
2656 5679 2723 5732 ita
2764 5679 2959 5734 factum
2999 5690 3084 5735 est
3122 5698 3134 5731 :
3172 5682 3242 5737 sit
3270 5698 3468 5738 nomen
3506 5685 3718 5740 Domini

2118 5771 2453 5827 ltcnedicttuu
2492 5768 2612 5839 (Job
2668 5787 2704 5829 ι,
2732 5772 2849 5843 21).
2882 5772 3040 5828 Tales
3068 5779 3246 5829 rectos
3272 5775 3427 5831 decet
3457 5776 3717 5841 laudatio,

2124 5880 2228 5920 non
2260 5864 2432 5935 primo
2462 5862 2770 5920 laudaturos
2791 5906 2806 5931 ,
2834 5874 2889 5920 et
2916 5875 3097 5936 postea
3126 5866 3553 5937 vituperaturus.
