2004 3161
144 185 196 212 27‘)

178 242 205 268 ι.
228 240 297 274 Ergo
307 238 372 274 justi
385 237 463 272 recti,
477 238 609 266 exsultate
623 237 650 265 in
665 236 781 266 Domino
796 247 804 266 :
818 238 879 273 quia
893 246 941 267 vos

140 287 219 314 decet
242 285 369 313 laudatio.
391 285 477 313 Nemo
498 284 569 312 dicat
585 294 592 312 :
607 283 674 319 Quis
695 292 746 320 ego
763 284 873 320 justus,
894 291 941 313 aut

140 333 248 367 quando
260 340 311 368 ego
324 333 332 349 ¹
344 332 433 367 justus
442 332 455 359 τ
466 331 553 360 Nolite
567 339 616 359 vos
627 331 744 368 abjicere
756 337 785 360 et
795 332 941 368 desperare

139 379 174 407 de
188 379 273 406 vobis.
290 378 419 407 llmnines
432 378 507 411 estis,
520 378 553 406 ad
566 378 707 414 imaginem
720 378 767 406 Dei
779 379 841 407 facti
853 380 937 408 estis:

141 424 185 459 qui
201 432 249 452 vos
262 424 386 452 homines
401 423 473 457 fecit,
488 432 538 459 pro
551 425 627 452 vobis
639 430 664 452 et
680 425 761 452 homo
774 425 858 452 factus
872 430 915 453 est
930 434 938 453 :

140 474 170 497 ut
185 470 260 497 multi
276 470 322 497 lilii
336 470 369 497 ad
385 470 569 498 haereditatem
588 470 779 506 sempiternam
795 471 938 507 adoptare-

141 516 217 547 Iuini,
231 515 339 551 sanguis
353 515 429 544 Unici
443 523 490 550 pro
504 515 578 543 vobis
590 515 689 544 eti'usus
700 520 751 544 est.
762 516 790 544 Si
803 524 852 544 vos
863 517 939 546 vobis

141 566 246 588 terrena
262 559 406 596 fragilitate
419 560 533 588 viluistis
543 581 550 593 ,
566 568 599 589 ex
613 561 699 596 pretio
713 567 803 589 vestro
822 570 869 589 vos
887 570 937 597 ap-

141 607 249 641 pendite
263 616 270 635 :
284 607 348 642 quid
362 607 536 639 manducetis,
554 607 617 642 quid
632 607 740 641 bibatis,
754 616 808 643 quo
820 608 939 636 subscri-

139 653 209 681 batis
223 654 309 681 Amen
330 655 341 670 '
352 674 362 688 ,
377 653 457 690 digne
468 654 594 690 cogitate.
607 654 741 690 Numquid
755 655 807 683 hoc
817 663 866 684 vos
880 664 939 684 mo-

138 707 244 732 uemus.
258 704 286 727 ut
296 700 404 735 superbi
415 699 484 733 sitis,
495 704 522 729 et
532 700 609 728 vobis
617 701 733 737 aliquam
745 701 936 737 perfectionem

137 745 258 773 audeatis
277 744 426 781 ari-ngare?
443 744 496 773 Sed
512 754 564 773 nou
586 745 683 774 iterum
698 746 733 774 ab
747 746 821 775 omni
832 747 936 782 justitia

136 798 185 819 vos
195 796 289 827 putare
298 790 404 819 debetis
416 790 509 819 exules
521 791 589 818 fieri.
602 791 670 820 Nolo
680 791 752 819 enim
764 800 812 819 vos
822 792 937 820 interro~

137 845 201 873 gare
215 837 249 865 de
260 837 364 873 iustitia
378 841 484 870 vestra;
502 836 623 865 fortassis
636 837 711 865 enim
724 846 805 866 nemo
817 843 936 867 vestrum

137 883 202 911 mihi
224 883 323 911 audeat
343 883 522 918 respondere,
538 882 630 911 Justus
642 891 702 911 sum
716 892 724 911 :
739 883 787 912 sed
801 884 936 920 interrogo

137 937 185 957 vos
197 929 232 957 de
245 928 298 957 fide
313 934 412 956 vestra.
427 927 503 957 Sicut
516 936 597 956 nemo
610 932 728 957 vestrutn
740 929 822 957 audet
832 929 934 964 dicere,

136 975 228 1003 Iustus
240 983 299 1003 sum
312 983 320 1007 ;
334 975 373 1003 sic
387 982 466 1003 nemo
477 975 559 1003 audet
571 975 671 1008 dicere,
681 975 784 1007 Fidelis
796 983 849 1004 non
862 984 934 1005 sum.

136 1023 258 1050 Nondum
273 1029 366 1057 quzero
382 1021 446 1057 quid
466 1021 540 1049 vivas
552 1042 559 1055 ,
581 1021 628 1049 sed
643 1029 735 1057 quzero
749 1022 813 1057 quid
828 1023 933 1051 credas.

136 1068 323 1103 llesponsurus
337 1075 368 1095 es
380 1066 491 1094 credere
512 1072 539 1094 te
558 1067 584 1094 in
603 1066 749 1094 Christum.
763 1067 821 1094 Non
836 1067 934 1096 audisti

134 1115 291 1149 Apostolum
307 1123 314 1142 :
328 1113 420 1141 Justus
432 1122 464 1141 ex
476 1113 528 1149 [ide
541 1113 600 1141 uiuit
613 1113 706 1149 (Rom.
727 1121 747 1146 l,
765 1114 797 1141 i7
807 1113 840 1150 )?
854 1114 935 1142 Fides

134 1166 189 1194 tua,
202 1161 304 1196 justitia
321 1165 363 1188 tua
379 1169 386 1188 :
399 1160 462 1196 quia
477 1160 568 1196 utique
581 1160 604 1188 si
618 1160 718 1193 credis,
732 1168 831 1194 caves;
845 1161 869 1189 si
881 1169 929 1189 ao-

133 1213 188 1235 tt-m
199 1214 292 1241 caves,
304 1206 410 1235 conaris
421 1215 429 1239 ;
445 1210 472 1234 et
486 1210 611 1234 conatum
626 1211 700 1235 tuum
713 1207 788 1234 novit
801 1206 871 1234 Deus
880 1227 889 1240 ,
904 1212 933 1235 et.

134 1253 295 1282 voluntatem
313 1257 384 1280 tuam
398 1252 507 1287 inspicit
517 1273 525 1286 ,
541 1256 568 1279 et
582 1251 681 1280 laetam
694 1259 756 1280 eum
769 1259 931 1284 carueeon—

131 1299 243 1331 siderat,
258 1305 286 1326 et
299 1298 423 1325 hortatur
437 1302 466 1325 ut
479 1304 582 1333 pugnes
594 1317 601 1329 .
618 1302 645 1325 et
659 1297 766 1333 adjuvat
780 1303 809 1325 ut
821 1292 930 1332 vineas,

131 1350 160 1372 et
171 1349 318 1373 certantem
331 1349 469 1380 exspectat
481 1344 492 1361 ³
501 1364 510 1378 .
525 1349 553 1372 et
566 1343 736 1372 deiicientem
749 1345 888 1378 sublevat,
901 1348 931 1374 et

132 1391 282 1419 vincentem
295 1394 416 1418 coronat.
431 1389 513 1425 Ergo,
529 1389 664 1417 Exsultate
672 1390 739 1426 justi
751 1390 779 1418 in
794 1390 905 1419 Domino
916 1398 927 1419 .'

130 1436 181 1464 hoc
192 1435 317 1468 dixerim,
331 1435 468 1463 Exsultate
492 1434 586 1463 ﬁdeles
596 1434 622 1462 in
637 1434 760 1469 Domino,
770 1435 832 1471 quia
840 1435 929 1470 justus

128 1490 163 1510 ex
183 1482 236 1511 ilde
254 1482 329 1510 vivit.
352 1481 445 1509 Rectus
465 1481 536 1508 decet
557 1480 683 1508 laudatio.
707 1480 807 1509 Discite
827 1481 929 1517 gratias

127 1535 209 1564 agere
220 1526 277 1556 Deo
289 1532 317 1555 et
328 1526 355 1555 in
370 1525 605 1562 prosperitatibus,
618 1530 646 1553 et
659 1525 686 1553 in
701 1526 927 1556 tribulationibus.

129 1573 230 1602 Discite
250 1572 350 1600 habere
368 1571 394 1599 in
414 1571 497 1599 corde
514 1570 586 1607 quod
600 1570 682 1599 habet
697 1570 786 1599 omnis
804 1571 886 1600 homo
898 1572 926 1601 in

128 1620 217 1655 lingua
231 1627 239 1646 :
254 1618 331 1653 Quod
345 1618 403 1646 vult
423 1618 504 1646 Deus.
523 1618 579 1652 ipsa
595 1617 683 1653 lingua
697 1618 832 1653 popularis
842 1638 850 1651 ,
866 1619 925 1654 ple-

127 1667 239 1701 rumque
259 1669 302 1693 est
317 1664 438 1692 doctrina
456 1664 592 1691 salutaris.
608 1663 675 1698 Quis
687 1672 740 1692 non
753 1664 873 1699 quotidie
884 1665 926 1693 di-

126 1711 163 1738 cit
176 1719 185 1739 :
201 1710 278 1744 Quod
297 1710 353 1738 vult
367 1710 439 1738 Deus
459 1710 510 1738 hoc
523 1709 605 1745 agat?
619 1710 654 1738 Et
667 1715 756 1739 rectus
768 1711 820 1739 erit
831 1710 842 1727 ⁸
854 1711 925 1740 inter

126 1763 172 1783 eos
186 1756 230 1791 qui
245 1755 378 1784 exsultant
391 1754 418 1782 in
434 1754 558 1787 Domino,
573 1759 601 1782 et
614 1762 683 1791 quos
695 1755 772 1784 decet
785 1755 923 1785 laudatio:

124 1801 217 1836 quales
240 1801 383 1837 alloquitur
403 1805 600 1836 consequenter
621 1800 761 1835 Psalmus,
785 1807 813 1830 et
833 1802 922 1832 dicit:

124 1848 285 1882 Conﬁtentini
298 1846 410 1874 Domino
420 1847 447 1874 in
457 1847 570 1880 cit/mra,
584 1847 610 1874 in
622 1847 742 1883 psalterio
752 1848 837 1875 decent
846 1849 923 1877 chor-

124 1895 216 1922 darum
229 1894 332 1930 psallite
344 1894 377 1921 ei.
391 1892 448 1922 Hoc
462 1894 533 1921 enim
547 1894 628 1921 etiam
643 1894 723 1922 modo
737 1895 923 1931 cantabamus,

124 1941 175 1968 hoc
196 1948 244 1969 ore
262 1948 382 1968 consono
402 1940 583 1976 exprimentes
594 1961 601 1973 ,
618 1940 700 1969 corda
713 1946 801 1969 vestra
816 1941 828 1958 '
840 1941 922 1971 doce—

124 1986 228 2014 bamus.

159 2032 186 2060 5.
207 2031 282 2068 [νεη-
304 2030 345 2068 τζ.]
364 2030 459 2059 Nonne
481 2031 507 2059 id
529 2031 584 2067 egit
607 2031 739 2060 institutio
761 2033 787 2061 in
815 2035 923 2063 nomine

122 2077 220 2105 Christi
235 2076 392 2111 Vigiliarum
417 2076 528 2104 istarum
544 2076 594 2113 (α).
612 2082 640 2104 ιιι
651 2085 685 2105 ex
701 2078 753 2105 isto
766 2078 826 2106 loco
837 2079 923 2107 citita-

123 2132 160 2151 ηιξ
176 2122 360 2158 pellerentur?
374 2122 407 2150 Et
419 2130 484 2151 ecce
500 2123 565 2158 ipse
580 2123 709 2158 jubenlur
720 2132 818 2152 sonare
832 2134 840 2152 :
852 2124 922 2153 Can-

123 2170 238 2205 (itcmini,
255 2170 348 2205 inquit,
364 2168 473 2196 Domina
485 2169 513 2196 in
525 2169 639 2201 cithara,
656 2170 683 2197 in
698 2170 821 2205 psalterio
834 2172 922 2200 decem

95 2246 98 2251 ,
121 2215 277 2244 chordarum
298 2214 401 2251 psallite
413 2214 447 2242 ei.
467 2214 552 2243 Nemo
564 2219 703 2244 convertat
716 2223 764 2243 cor
775 2216 808 2243 ad
822 2224 921 2253 organa

123 2262 263 2290 theatrica.
278 2261 356 2294 Quod
369 2260 393 2288 ei
405 2260 532 2296 jubetur,
550 2262 576 2288 in
606 2268 636 2288 se
650 2260 751 2295 habet,
765 2262 836 2290 sicut
858 2264 921 2291 alibi

121 2309 220 2336 dicitur
234 2317 243 2336 :
257 2306 291 2335 In
303 2315 344 2334 me
357 2306 579 2343 sunt,Deus,vota,
593 2315 651 2342 qua!
662 2307 768 2335 reddam
780 2308 865 2336 laudis
875 2309 922 2337 tibi

121 2354 208 2389 (Paul.
230 2361 284 2387 LV,
304 2353 361 2388 12).
381 2352 558 2380 Mcmincrunt
577 2353 622 2388 qui
642 2352 745 2387 pridem
767 2354 919 2388 adherant,

154 2434 162 2449 ¹
178 2436 210 2457 Ita
229 2435 282 2456 Mss.
304 2434 332 2455 At
350 2428 486 2460 Fdd.:0tds
504 2435 562 2462 ergo
575 2429 675 2461 justus,
694 2434 735 2456 aut
760 2431 859 2463 quando
878 2439 921 2458 era

131 2468 205 2489 ustus.

120 2470 257 2523 mimi-adq
279 2490 463 2524 subscribendui
486 2494 574 2524 totum.
604 2492 714 2517 Nonnulli
741 2499 772 2518 ex
792 2498 854 2524 Mss.,
867 2494 922 2520 sub-

120 2524 232 2551 scribatt's
252 2527 346 2549 tantum
366 2529 377 2549 :
396 2523 441 2549 sed
465 2529 497 2548 ex
515 2523 546 2547 iis
565 2529 651 2555 magna
672 2530 744 2554 pars.
764 2524 921 2551 subscribam

116 2561 202 2582 mum.

151 2588 162 2603 ³
174 2586 239 2615 t‘dd.,
249 2585 375 2616 ittspectat.
385 2589 514 2614 )tss.vero,
524 2588 647 2616 exspectnt
661 2591 670 2609 .'
681 2586 745 2616 quod
753 2586 839 2611 eodem
844 2594 920 2613 sensu

120 2618 208 2649 passim
218 2618 249 2642 ab
259 2617 390 2647 Augustino
399 2619 538 2646 usurpatur,
551 2622 595 2647 pro
604 2616 719 2641 observat.

151 2649 162 2665 δ
175 2648 268 2680 Aliquot
278 2650 343 2672 Itss.:
358 2649 482 2680 Hocagat,
497 2649 521 2671 et
537 2650 618 2672 rectus
634 2651 669 2672 est
684 2650 727 2672 :‘rt
738 2648 784 2674 ait
795 2647 858 2673 inter
869 2655 918 2678 eos,

150 2710 161 2726 ³
174 2708 287 2740 t'lerique
308 2710 372 2738 Mss,
394 2711 476 2734 metra
490 2707 581 2740 {forte
602 2715 651 2740 non
670 2715 751 2734 minus
773 2710 839 2734 bene
862 2717 918 2735 cum

117 2740 194 2766 haece
213 2738 345 2772 vei-borum
363 2739 561 2772 interpunctione
576 2745 583 2763 :
596 2738 656 2769 hoc,
667 2746 710 2765 ore
720 2746 822 2765 consono
832 2740 918 2772 expri-

117 2775 207 2797 mentes
214 2770 291 2796 wrda
301 2773 393 2801 nostra,
404 2768 558 2801 dot-egomt".

149 2802 187 2856 fit)
198 2801 302 2826 Consule
311 2800 453 2826 set-munem
463 2800 520 2829 5H,
536 2806 590 2832 cap.
603 2801 627 2829 5,
639 2801 681 2825 ubi
690 2801 743 2826 haec
753 2802 806 2837 ipsa
817 2809 860 2827 res
878 2802 916 2826 lu-

160 2833 242 2856 untius
248 2832 372 2856 refertur:
385 2838 467 2856 eooue
479 2838 510 2856 ex
522 2831 584 2856 loco.
595 2833 629 2856 uti
643 2836 670 2856 et
682 2839 714 2856 ex
725 2839 836 2856 DI‘OXIme
856 2834 916 2856 sun-

116 2831 242 2857 eulnutius
248 2832 372 2861 refertur;
385 2838 467 2863 eoque
479 2838 510 2856 ex
522 2831 584 2860 loco,
595 2833 629 2856 uti
643 2836 670 2857 et
682 2839 714 2857 ex
725 2831 836 2863 proxime
856 2834 917 2858 sub.

116 2866 230 2895 sequenti
243 2863 398 2895 Euax-ratione
410 2862 434 2887 n2
447 2862 464 2887 9
482 2862 606 2895 intelliges
627 2863 672 2887 hos
686 2862 804 2888 de'xxxn
818 2863 913 2894 psallite

113 2893 233 2928 minatus
245 2894 340 2928 habitos
356 2894 433 2919 fuisse
449 2894 473 2919 iu
490 2893 595 2919 ecclesia
615 2895 657 2918 ubi
674 2895 782 2925 Cypriani
804 2893 916 2928 martyris

118 2930 204 2956 corpus
213 2926 318 2956 iacebat.

769 180 798 208 s.
818 178 1004 210 AUGUSTI!“
1021 180 1174 210 EPISCOPI

1744 188 1801 218 ΞΜ

996 237 1105 273 quando
1115 238 1179 274 quid
1192 239 1297 268 intersit
1309 240 1379 270 inter
1393 241 1548 277 psalterium
1561 248 1588 272 et
1598 244 1727 274 citharam
1742 246 1795 283 (α),

994 282 1065 310 sicut
1079 285 1225 320 potuimus,
1240 293 1364 316 sermone
1375 288 1569 327 discrevimus,
1583 295 1612 318 et
1623 290 1656 319 ad
1670 282 1794 321 intellec-

995 333 1050 356 tum
1057 331 1175 358 omnium
1181 330 1327 366 perducere
1337 332 1442 362 interim
1450 335 1538 363 conati
1547 342 1639 364 sumus
1649 345 1656 362 :
1665 342 1795 373 quantum

993 380 1083 403 autent
1099 377 1265 405 eﬂ'ecerimus
1277 400 1285 412 ,
1305 379 1422 407 viderint
1442 382 1485 416 qui
1506 382 1657 410 audierunt.
1674 384 1706 412 Et
1722 392 1795 413 nunc

994 429 1046 447 non
1062 422 1211 457 importune
1225 426 1370 458 repetimus
1383 447 1390 459 ,
1406 432 1434 453 ut
1449 427 1474 453 in
1490 427 1538 454 ista
1554 428 1709 457 diversitate
1722 430 1792 457 duti-

994 475 1052 495 rutn
1067 469 1302 498 instrumentorum
1319 474 1493 506 musicorum,
1509 474 1690 503 diversitatem
1708 476 1791 504 fat-to-

993 521 1051 540 rum
1067 514 1245 543 humanorum
1262 517 1427 545 inveniamus
1439 540 1447 552 ,
1463 519 1638 554 signiﬁcatam
1654 529 1701 556 per
1712 521 1771 549 hate
1782 543 1790 553 .

992 559 1154 594 implendam
1166 566 1253 589 autem
1266 570 1313 597 per
1325 564 1404 591 vitam
1415 570 1542 592 nostram.
1552 565 1660 594 Cithara
1670 567 1677 582 ¹
1688 566 1789 602 lignum

992 606 1055 632 illud
1076 613 1223 635 concavum
1239 613 1363 643 tanquam
1380 615 1534 644 tympanum
1556 612 1691 646 pendente
1707 618 1790 640 testu-

991 652 1063 684 dine,
1076 653 1118 679 cui
1135 652 1206 688 ligno
1218 655 1325 682 chorda:
1338 657 1499 690 innituntur,
1515 662 1540 685 ut
1555 663 1630 686 tacta:
1642 665 1787 687 resonent:

991 705 1044 725 non
1060 698 1190 733 plectrum
1206 700 1266 728 dico
1280 708 1332 736 quo
1354 707 1498 737 tanguntur
1510 725 1517 735 ,
1539 705 1586 732 sed
1607 705 1707 739 lignum
1723 706 1788 734 illud

990 743 1044 771 dixi
1059 751 1204 772 concavum
1219 746 1261 773 cui
1276 748 1461 783 superjacent,
1478 750 1519 776 cui
1533 750 1733 785 quodammodo
1745 752 1788 779 in-

989 789 1128 823 cumbunt,
1142 796 1170 817 ut
1184 799 1216 818 ex
1232 792 1278 818 illo
1292 800 1352 819 cum
1367 798 1511 829 tanguntur
1525 797 1700 830 tremefacta,
1714 803 1742 826 et
1753 807 1787 826 ex

961 844 971 853 ι
990 835 1033 863 illa
1053 838 1220 866 concavitate
1238 847 1335 868 sonum
1354 842 1554 876 concipientes.
1576 845 1660 880 magis
1681 853 1788 874 canorae

989 881 1152 910 reddantur:
1166 883 1216 911 hoc
1227 892 1291 920 ergo
1305 885 1406 920 lignum
1416 887 1516 914 cithara
1530 888 1555 914 in
1571 889 1699 918 inferiore
1710 896 1788 926 parte

988 926 1085 960 habet,
1107 929 1260 963 psalterium
1282 931 1307 957 in
1327 933 1474 966 superiore.
1497 934 1558 961 llase
1578 941 1619 962 est
1638 936 1786 964 distinctio.

989 972 1116 1001 iubemur
1126 980 1213 1002 autem
1224 977 1303 1003 modo
1310 978 1429 1005 conﬁteri
1440 979 1464 1006 in
1474 980 1573 1007 cithara
1583 1003 1591 1014 ,
1600 986 1627 1008 et
1636 983 1748 1017 psallere
1758 984 1785 1011 iu

988 1019 1114 1052 psalterio
1127 1020 1218 1048 decem
1233 1022 1402 1050 chordarum.
1419 1024 1476 1052 Non
1492 1025 1559 1053 dixit
1578 1027 1603 1054 in
1618 1028 1720 1056 cithara
1735 1028 1785 1056 de-

986 1072 1044 1090 cem
1060 1065 1231 1100 chordarum,
1250 1076 1335 1103 neque
1349 1068 1375 1096 in
1389 1070 1439 1097 hoc
1454 1071 1567 1105 psalmo,
1582 1081 1680 1108 neque,
1693 1075 1716 1103 si
1731 1083 1785 1103 non

986 1110 1072 1144 fallor,
1089 1112 1196 1140 alicubi.
1212 1113 1322 1149 Legam,
1337 1121 1362 1143 et
1378 1117 1548 1145 considerent
1561 1119 1657 1148 melius
1671 1125 1699 1148 et
1710 1122 1784 1149 olio-

985 1155 1040 1183 sius
1055 1156 1100 1184 lilii
1114 1158 1197 1185 nostri
1210 1158 1336 1188 Lectores
1350 1170 1356 1188 :
1371 1167 1458 1190 tamen
1470 1169 1598 1198 quantum
1611 1165 1677 1193 mihi
1689 1166 1785 1195 videor

984 1204 1149 1238 meminisse,
1167 1206 1257 1233 multis
1270 1207 1336 1235 locis
1351 1209 1502 1238 invenimus
1515 1212 1672 1246 psalterium
1686 1213 1782 1243 decem

983 1248 1154 1284 chordarum,
1168 1252 1297 1280 citharam
1309 1253 1402 1281 decem
1413 1255 1574 1285 chordarum
1584 1266 1715 1294 nusquam
1729 1261 1782 1288 mi-

984 1295 1011 1321 hi
1027 1295 1124 1323 lectum
1140 1298 1268 1326 occurrit.
1284 1299 1445 1328 Mementote
1460 1302 1590 1330 citharam
1605 1312 1638 1332 ex
1655 1305 1783 1335 inferiore

983 1346 1060 1386 parte
1074 1341 1175 1370 habere
1189 1352 1242 1378 quo
1257 1350 1344 1378 sonat,
1361 1346 1515 1380 psalterium
1530 1356 1562 1376 ex
1577 1351 1725 1386 superiore.
1740 1353 1781 1381 Ex

981 1384 1107 1414 inferiore
1121 1389 1184 1422 vita,
1200 1389 1224 1415 id
1239 1395 1280 1417 est
1294 1395 1398 1419 terrena
1408 1414 1416 1426 ,
1430 1392 1561 1423 habemus
1575 1384 1780 1431 prosperitatem

981 1437 1008 1459 et
1025 1432 1212 1462 adversitatem
1222 1457 1229 1469 ,
1245 1437 1316 1464 unde
1332 1437 1414 1466 Deum
1428 1439 1567 1469 laudemus
1579 1442 1590 1457 ¹
1602 1442 1629 1469 in
1646 1448 1759 1479 utroque
1770 1467 1777 1477 ,

980 1483 1009 1505 ιιι
1021 1486 1129 1515 semper
1143 1480 1177 1508 sit
1190 1481 1248 1509 laus
1260 1483 1318 1517 ejus
1330 1483 1356 1510 in
1368 1491 1415 1511 ore
1428 1489 1532 1519 nostro,
1546 1492 1573 1515 et
1586 1487 1780 1518 benedicatnus

980 1525 1122 1554 Dominum
1136 1527 1161 1554 in
1174 1530 1245 1556 omni
1259 1534 1378 1565 tempore
1389 1531 1476 1567 (Paul.
1488 1541 1582 1567 xxxtu,
1593 1534 1635 1571 2),
1647 1536 1695 1564 Est
1705 1538 1777 1566 enim

978 1572 1099 1606 quadam
1114 1578 1217 1601 terrena
1232 1577 1405 1610 prosperitas,
1417 1582 1459 1605 est
1471 1579 1592 1613 quaedam
1608 1585 1714 1610 terrena
1727 1583 1777 1611 ad.

978 1618 1091 1645 versitas
1105 1627 1112 1645 :
1126 1627 1158 1647 ex
1175 1626 1287 1655 utroque
1303 1621 1450 1651 laudandus
1464 1629 1505 1651 est
1522 1625 1609 1660 Deus,
1623 1633 1652 1654 ut
1664 1628 1775 1656 cithari-

978 1672 1079 1691 zemus.
1094 1665 1158 1697 QlliI:
1171 1671 1212 1692 cst
1227 1670 1330 1694 terrena
1344 1668 1526 1704 prosperitas?
1537 1671 1604 1699 Cum
1615 1673 1673 1700 sani
1684 1681 1776 1703 smnus

977 1710 1123 1737 secundum
1138 1718 1257 1744 carnem,
1272 1720 1332 1739 cum
1347 1714 1484 1742 abundant
1498 1716 1586 1745 omnia
1600 1718 1696 1753 quibus
1709 1720 1774 1747 vivi-

977 1763 1037 1783 mus
1050 1777 1056 1789 ,
1074 1764 1133 1783 cum
1150 1757 1319 1784 incolumitas
1335 1763 1425 1786 nostra
1441 1766 1563 1789 servatur
1575 1782 1583 1795 ,
1598 1770 1658 1791 cum
1674 1764 1775 1794 fructus

977 1802 1048 1835 large
1065 1803 1240 1836 proveniunt,
1261 1812 1321 1831 cum
1342 1806 1426 1833 solem
1447 1813 1524 1834 suum
1538 1809 1603 1836 oriri
1619 1810 1681 1838 facit
1693 1819 1774 1847 super

977 1847 1061 1873 bonos
1071 1853 1097 1874 ct
1108 1848 1202 1880 malos,
1215 1855 1239 1875 ct
1250 1850 1315 1884 pluit
1324 1852 1498 1885 superjustos
1506 1857 1532 1880 et
1541 1853 1656 1889 injustos
1665 1857 1772 1891 (ΜιιηΙι,

976 1900 1002 1925 v,
1014 1892 1070 1928 45).
1085 1893 1147 1921 litec
1158 1894 1246 1921 omnia
1258 1895 1290 1922 ad
1301 1896 1380 1923 vitam
1393 1901 1526 1926 terrenam
1537 1901 1636 1928 valent.
1648 1902 1773 1939 Quisquis

976 1938 1037 1965 inde
1049 1946 1101 1966 non
1112 1940 1201 1967 laudat
1214 1941 1308 1974 ltettm,
1321 1941 1438 1977 ingratus
1449 1948 1498 1971 est.
1510 1944 1644 1982 Numquid
1653 1949 1713 1983 quia
1724 1954 1773 1978 ter-

976 1991 1050 2016 rena,
1064 1985 1123 2011 idco
1139 1993 1191 2012 non
1207 1986 1253 2013 Dei
1269 1988 1349 2014 sunt?
1362 1988 1415 2015 Ant
1427 1989 1488 2017 ideo
1500 1991 1567 2018 alter
1578 2000 1610 2020 ea
1623 1993 1687 2022 dare
1700 1997 1772 2031 cogi-

976 2030 1071 2056 tandus
1086 2036 1137 2063 est,
1153 2032 1212 2066 quia
1229 2032 1326 2059 dantur
1340 2038 1367 2060 et
1382 2035 1480 2063 malis?
1492 2036 1631 2073 Multiplex
1644 2045 1686 2068 est
1700 2030 1771 2070 cuitu

976 2077 1156 2104 misericordia
1174 2078 1230 2111 Dei,
1247 2079 1347 2112 patiens
1362 2084 1412 2114 est,
1427 2081 1597 2117 longanimis.
1611 2085 1675 2115 inde
1688 2090 1771 2124 magis

975 2122 1107 2156 significat
1118 2123 1180 2158 quid
1191 2130 1280 2151 servet
1291 2125 1379 2157 bouis,
1390 2134 1450 2153 cum
1459 2129 1576 2156 ostendit
1584 2137 1681 2165 quanta
1690 2122 1772 2163 donet

974 2175 999 2196 et
1012 2171 1097 2197 malis.
1109 2172 1291 2200 Adversitatcs
1300 2179 1400 2208 autem,
1411 2182 1443 2203 ex
1452 2176 1577 2206 inferiore
1585 2179 1676 2215 utique
1684 2187 1769 2216 parte,

973 2216 1008 2242 de
1022 2217 1164 2252 fragilitate
1176 2219 1281 2253 generis
1292 2218 1410 2253 humani,
1424 2221 1450 2248 in
1462 2222 1609 2257 doloribus,
1622 2225 1649 2253 in
1661 2227 1771 2263 languo-

974 2262 1059 2295 ribus,
1078 2263 1103 2289 in
1121 2265 1252 2297 pressaris
1263 2285 1269 2295 .
1286 2265 1311 2292 in
1328 2266 1559 2302 tribulationibus,
1576 2271 1601 2298 in
1618 2262 1770 2301 tentationi-

973 2307 1032 2336 bus,
1048 2308 1152 2344 Ubique
1165 2310 1254 2338 laudet
1269 2311 1350 2338 Deum
1363 2313 1406 2346 qui
1420 2314 1568 2342 citharizal.
1581 2317 1638 2344 Non
1651 2320 1770 2347 attendat

973 2357 1033 2391 quia
1050 2357 1175 2384 inferiora
1189 2362 1261 2391 sunt,
1278 2359 1324 2386 scd
1338 2360 1398 2394 quia
1412 2366 1437 2387 et
1452 2361 1507 2396 regi
1521 2367 1547 2389 et
1561 2363 1701 2397 gubernari
1717 2375 1769 2394 nou

974 2408 1102 2437 possunt.
1125 2403 1174 2429 nisi
1195 2404 1228 2430 ab
1249 2404 1291 2430 illa
1312 2405 1463 2439 Sapientia,
1484 2416 1544 2442 qua:
1562 2410 1669 2446 attingit
1684 2420 1699 2439 a
1717 2413 1770 2441 iiue

973 2456 1056 2482 usque
1077 2448 1109 2474 ad
1131 2450 1209 2475 linem
1231 2449 1343 2483 fortiter,
1364 2457 1388 2478 et
1408 2452 1525 2486 tilSpOlIil
1544 2456 1632 2482 omnia
1652 2458 1769 2486 suaviter

974 2494 1050 2528 (Sap.
1068 2502 1111 2520 vm
1125 2516 1131 2526 ,
1150 2495 1187 2528 l).
1208 2495 1264 2521 Non
1285 2497 1354 2523 enim
1373 2498 1491 2525 coelestia
1512 2501 1597 2535 regit,
1618 2506 1645 2530 et
1664 2507 1769 2532 terrena

972 2540 1069 2567 deserit
1086 2550 1091 2566 :
1108 2546 1153 2567 aut
1167 2549 1218 2567 non
1237 2542 1272 2568 illi
1289 2542 1385 2570 dicitur
1395 2565 1401 2574 ,
1420 2545 1475 2576 Quo
1489 2547 1562 2573 abibo
1576 2556 1591 2573 α
1602 2549 1692 2583 spiritu
1705 2557 1747 2577 tuo
1762 2573 1769 2583 ,

972 2592 994 2613 ct
1014 2597 1029 2613 (ι
1049 2588 1113 2622 [avie
1127 2594 1170 2613 tua
1185 2597 1234 2622 quo
1250 2590 1345 2623 fugiant
1357 2591 1369 2616 ζ)
1383 2590 1413 2617 Si
1427 2592 1563 2619 ostendero
1579 2595 1604 2620 iu
1619 2597 1709 2622 ett/unt
1720 2617 1728 2628 ,
1745 2603 1778 2624 tu-

972 2634 1005 2660 ibi
1020 2642 1056 2665 es;
1072 2634 1093 2660 si
1107 2634 1257 2661 descendere
1270 2635 1295 2660 in
1310 2635 1445 2670 infernum,
1461 2638 1521 2664 ades
1536 2638 1621 2673 (I’sal.
1636 2648 1749 2670 cxxxvut
1761 2663 1769 2676 ,

972 2681 998 2710 7,
1013 2680 1060 2716 8)?
1073 2680 1121 2707 Ubi
1136 2689 1198 2715 ergo
1211 2681 1285 2708 deest
1296 2682 1339 2715 qui
1351 2690 1480 2717 nusquam
1492 2693 1543 2712 non
1556 2687 1612 2713 est?
1623 2687 1692 2724 Ergo
1703 2697 1768 2717 cun-

1003 2770 1091 2804 |__Edd‘.:
1104 2770 1204 2804 cithara
1211 2775 1248 2804 est
1264 2771 1364 2804 lignum.

970 2801 1041 2831 tollit,
1054 2809 1101 2827 nec
1111 2801 1216 2827 habetur
1228 2802 1252 2827 in
1264 2801 1318 2828 It'ss.

1001 2832 1208 2868 i_Plerique_|lss_.:
1223 2838 1260 2858 Ea:
1270 2833 1385 2868 inferiore
1401 2834 1464 2863 vita.
1476 2842 1508 2861 ex
1520 2836 1566 2862 ista
1577 2840 1644 2863 terra
1654 2839 1768 2868 tum

970 2863 1037 2901 unde
1045 2863 1120 2901 {tertiis
1132 2863 1267 2901 ιᾳμάᾳηιίιε,
1278 2863 1335 2890 etin
1346 2869 1455 2901 utroque,
1469 2870 1493 2891 ut
1505 2875 1608 2901 senape),
1622 2874 1669 2895 etc.

1002 2894 1040 2926 (α)
1053 2894 1160 2932 ιιξξιιιςτίἰ
1180 2898 1206 2919 et
1219 2894 1476 2932 eitharaidiscrt'meu.
1497 2894 1560 2923 \‘id.'
1661 2902 1686 2927 in
1707 2904 1765 2932 t'sal.

971 2924 1064 2957 me:
1074 2924 1138 2950 rsal.
1150 2932 1208 2956 LXX,
1219 2932 1294 2952 serm.
1310 2927 1347 2957 tt,
1359 2932 1390 2952 n.‘
1402 2928 1437 2953 tt.
1468 2946 1470 2948 »

1384 2775 1517 2806 Exptmge,
1529 2778 1565 2800 est
1579 2781 1586 2801 :
1602 2776 1658 2806 quia
1668 2784 1768 2806 sensum
