4008 6392
135 465 215 523 Ξὸι

136 580 263 634 [itere
291 575 507 629 Dtunino
538 572 591 624 in
621 568 844 623 cithara.
879 564 1009 619 Sive
1041 560 1134 614 tibi
1160 555 1397 612 abundet
1421 564 1692 609 terrenum

134 666 326 739 aliquid,
354 666 550 737 gratias
577 677 678 732 age
706 657 782 714 illi
809 656 899 727 qui
926 652 1114 717 dedit;
1142 651 1257 705 sive
1287 648 1380 703 tibi
1403 646 1581 739 desit,
1611 644 1696 698 vel

135 737 254 819 forte
275 760 464 816 dantno
488 756 582 811 tibi
610 752 902 812 auferatur,
929 746 1182 825 cithariza
1209 755 1451 798 securus.
1479 737 1593 793 Non
1615 746 1697 791 est

133 852 257 906 enim
282 850 361 903 ille
387 847 478 901 tibi
504 846 712 900 ablatus
736 842 824 912 qui
854 839 1031 899 dedit,
1061 833 1303 904 quamvis
1335 830 1426 884 tibi
1453 828 1693 883 ablatum

136 941 277 997 fuerit
298 937 434 1009 quod
463 936 631 991 dedit.
662 933 832 988 Etiam
861 930 960 994 sic,
994 929 1234 996 inquam,
1265 920 1518 977 cithariza
1544 932 1697 1009 secu-

134 1049 241 1098 rus;
262 1007 432 1087 certus
458 1031 508 1083 in
540 1029 650 1081 Deo
670 1035 761 1078 tuo
780 1064 796 1085 ,
820 1030 976 1089 tange
1001 1016 1232 1073 chordas
1257 1014 1309 1068 in
1331 1011 1514 1076 corde,
1538 1017 1592 1063 et
1611 1007 1699 1061 dic

134 1137 359 1196 tanquam
395 1123 447 1176 in
474 1120 680 1176 cithara
712 1122 764 1171 in
791 1112 1044 1170 interiore
1081 1103 1232 1179 parte
1257 1106 1396 1160 bene
1421 1109 1648 1196 sonante
1680 1115 1694 1153 :

134 1192 370 1274 Dominus
397 1212 563 1276 dedit,
599 1208 857 1265 Dominus
886 1202 1141 1265 abstulit;
1167 1199 1306 1254 sicut
1333 1195 1556 1250 Domino
1583 1192 1699 1261 pla-

133 1309 266 1373 cuit,
297 1311 365 1364 ita
409 1307 606 1362 factum
634 1312 717 1358 est
749 1319 762 1354 :
796 1300 866 1356 sit
892 1311 1086 1352 nomen
1121 1291 1328 1347 Domini
1360 1287 1696 1344 benedictum

131 1404 240 1477 (Job
264 1419 300 1468 ι,
323 1401 382 1457 2|
399 1403 436 1470 ).

194 1500 242 1555 6.
270 1466 536 1553 ἔπαιξα-ο
562 1505 684 1544 cum
713 1484 941 1542 attendis
960 1480 1233 1550 superiora
1256 1476 1396 1531 dona
1425 1471 1540 1536 Dei,
1573 1466 1699 1539 quid

130 1593 211 1648 tibi
236 1587 516 1645 contulerit
557 1590 941 1652 praceptorum
961 1618 976 1640 ,
1007 1589 1109 1645 qua
1142 1571 1382 1626 doctrina
1413 1565 1616 1622 caelesti
1648 1575 1699 1619 te

129 1682 392 1744 imbuerit,
423 1675 549 1748 quid
582 1673 673 1728 tibi
717 1671 949 1740 desuper
988 1681 1052 1720 cx
1100 1663 1240 1718 illius
1281 1658 1518 1715 veritatis
1557 1655 1701 1748 fonte

129 1746 466 1844 przeeeperit'i
499 1810 515 1834 ,
560 1775 880 1822 convertere
925 1768 980 1812 ct
1026 1757 1095 1810 ad
1143 1751 1482 1823 psalterium,
1534 1746 1701 1817 psalle

130 1842 337 1921 Domino
384 1864 436 1916 in
487 1857 741 1928 psalterio
794 1853 978 1907 decem
1030 1845 1371 1904 chordarum.
1427 1842 1699 1909 Praecepta

126 1965 253 2017 enim
285 1957 416 2028 legis
463 1953 652 2008 decem
692 1957 860 2003 sinit:
893 1944 945 1999 in
990 1942 1175 1998 decem
1223 1930 1702 2028 pratceptisuLegis

129 2052 276 2107 babes
305 2023 635 2118 psalterium.
664 2039 902 2096 Perfecta
932 2049 1019 2089 res
1038 2041 1138 2087 est.
1168 2029 1343 2084 Habes
1367 2026 1439 2080 ibi
1461 2023 1704 2079 dilectio-

128 2159 238 2198 nem
265 2140 360 2196 Dei
387 2140 439 2192 in
473 2136 671 2196 tribus,
702 2141 753 2187 et
780 2126 1116 2183 dilectionem
1147 2118 1372 2192 proximi
1394 2118 1446 2172 in
1473 2126 1699 2185 septem.

131 2237 187 2290 Et
212 2233 390 2302 utique
419 2229 557 2283 nosti
583 2268 598 2288 .
632 2223 855 2278 Domino
883 2219 1095 2273 dicente
1115 2254 1129 2278 ,
1157 2212 1295 2281 quia
1316 2210 1370 2262 in
1395 2208 1475 2302 his
1506 2205 1704 2260 duobus

128 2299 376 2396 marcentis
395 2332 498 2377 tota
529 2318 633 2374 Lex
659 2315 838 2385 pendet
881 2320 930 2366 et
969 2307 1240 2378 Propheta:
1285 2303 1312 2396 ς
1323 2299 1510 2396 Matth.
1553 2314 1666 2396 xxii
1685 2339 1701 2365 ,

125 2387 242 2490 λθ).
279 2387 424 2473 Dicit
466 2413 558 2467 tibi
609 2409 750 2464 Deus
781 2404 1046 2471 desuper,
1106 2396 1229 2490 quia
1273 2393 1524 2490 Dominus
1567 2387 1706 2490 Deus

123 2481 258 2574 nm},
290 2508 428 2562 Dens
456 2519 586 2558 unus
609 2509 682 2554 est
708 2515 727 2552 :
753 2494 918 2551 habes
941 2505 1101 2548 unam
1121 2485 1398 2546 chordam.
1430 2482 1552 2538 Non
1571 2481 1710 2535 acci-

124 2606 226 2674 pias
250 2603 300 2654 in
328 2613 510 2652 vanum
548 2607 728 2646 nomen
763 2585 965 2642 Domini
1005 2577 1102 2637 Dei
1141 2582 1216 2635 tui
1245 2595 1263 2634 :
1290 2579 1454 2674 habes
1481 2575 1705 2630 alteram

124 2667 397 2746 chordatn.
429 2687 651 2740 Observa
680 2680 811 2733 diem
839 2673 1068 2739 sabbati,
1117 2686 1222 2725 non
1250 2667 1565 2731 carnaliter,
1599 2679 1706 2720 non

120 2787 340 2858 judaicis
379 2779 620 2842 deliciis,
665 2773 754 2845 qui
796 2772 906 2826 otio
952 2766 1242 2822 abutuntur
1280 2763 1348 2817 ad
1392 2759 1705 2858 nequitiam.

123 2851 302 2934 llelius
329 2875 474 2929 enim
507 2869 689 2938 utique
719 2875 825 2919 tota
853 2862 940 2917 die
970 2858 1214 2914 foderer‘tt
1239 2898 1255 2922 ,
1291 2869 1449 2926 quam
1486 2861 1594 2907 tota
1623 2851 1710 2907 die

122 2971 400 3026 saltarent.
429 2961 534 3018 Sed
563 2969 618 3014 tu
644 2955 884 3026 cogitans
903 2951 1146 3020 requiem
1172 2948 1225 3002 in
1253 2947 1367 3001 Deo
1390 2955 1483 2998 tuo
1509 2951 1564 2997 et
1590 2957 1713 3011 pro-

119 3073 236 3133 pter
266 3059 438 3125 ipsam
469 3049 708 3120 requiem
739 3043 918 3101 omnia
944 3041 1178 3103 faciens,
1209 3037 1418 3091 abstine
1453 3033 1521 3089 ab
1548 3045 1714 3103 opere

119 3129 324 3208 servili.
368 3139 560 3201 Omnis
607 3138 748 3193 enim
774 3134 862 3205 qui
887 3131 1015 3188 facit
1042 3138 1319 3200 peccatum
1342 3166 1359 3191 ,
1411 3138 1604 3179 servus
1632 3129 1716 3177 est

119 3236 526 3315 ικεατηιίυοαη.
569 3225 930 3298 vtn,34):et
977 3223 1176 3278 utinam
1217 3217 1485 3282 hominis,
1528 3225 1581 3269 et
1606 3229 1714 3269 non

121 3306 362 3404 peomil
396 3327 522 3384 Haec
550 3324 648 3378 tria
679 3320 946 3391 pertinent
974 3313 1042 3369 ad
1087 3310 1426 3404 dilectionem
1462 3306 1587 3404 Dei,
1617 3320 1716 3404 cu-

114 3397 201 3497 jus
227 3425 406 3492 Cogita
425 3418 703 3478 unitatem,
719 3410 996 3466 veritatem
1014 3402 1449 3475 etvoluptatem'.
1468 3397 1715 3497 Dstenim

116 3489 366 3588 quantum
399 3510 641 3578 voluptas
689 3504 740 3558 in
771 3499 1030 3588 Domino,
1058 3495 1147 3588 ubi
1204 3489 1715 3588 verunt‘sabbatmn,

119 3579 247 3663 vera
282 3605 520 3673 requies.
549 3596 704 3654 Unde
730 3591 958 3649 dicitur:
991 3586 1261 3642 Delector:
1295 3583 1350 3636 in
1379 3579 1630 3673 Domino,
1673 3586 1719 3673 et

117 3702 258 3755 dabit
292 3671 380 3751 tibi
423 3692 686 3764 petitiones
709 3684 877 3740 cordis
903 3679 980 3736 tui
1007 3675 1194 3752 (Psal.
1222 3690 1386 3731 xxxvi
1410 3715 1425 3738 ,
1457 3671 1551 3744 4).
1590 3671 1722 3764 Quis

117 3796 261 3850 enim
293 3777 373 3845 sic
402 3761 668 3847 delectat,
697 3791 857 3849 quam
887 3774 977 3829 ille
1000 3770 1091 3844 qui
1120 3768 1248 3825 fecit
1275 3768 1453 3822 omnia
1486 3779 1606 3834 qua:
1633 3761 1723 3816 de-

118 3884 362 3944 lt'ctant?
388 3880 446 3935 In
479 3878 561 3932 his
603 3874 773 3929 tribus
815 3867 1050 3924 charitas
1085 3863 1214 3928 Dei,
1256 3862 1307 3916 in
1352 3867 1556 3928 septem
1602 3855 1722 3910 aliis

117 3982 250 4031 «bar
276 3985 359 4027 tas
389 3967 657 4041 proximi,
705 3977 773 4017 ne
803 3960 964 4014 facias
1000 3955 1095 4010 alii
1129 3950 1272 4023 quod
1319 3949 1425 4020 pati
1469 3962 1574 4003 ttOIt
1613 3947 1720 4041 vis.

125 4072 364 4125 Ilmmrrs
394 4039 593 4133 patrem
612 4067 660 4112 et
681 4062 894 4110 matrem
915 4066 932 4105 :
950 4048 1071 4120 quia
1092 4051 1173 4100 vis
1192 4053 1245 4099 te
1266 4042 1515 4097 honorari
1543 4057 1570 4092 a
1601 4039 1725 4092 ﬁliis

121 4168 249 4218 tuis.
288 4158 416 4215 Non
439 4150 701 4209 mccheris
731 4163 749 4201 :
774 4144 896 4216 quia
925 4155 1028 4197 nec
1051 4135 1309 4194 machari
1334 4148 1554 4188 uxorem
1582 4140 1722 4184 tuam

118 4265 242 4325 ιιιιςι
289 4261 345 4305 te
386 4250 488 4302 vis.
539 4242 661 4299 Non
712 4230 1087 4302 occiduuquia
1131 4237 1187 4283 et
1238 4224 1409 4280 occidi

125 4310 242 4401 ξγοη
301 4334 681 4413 fureris:quia
735 4330 932 4384 furtum
985 4321 1113 4413 pati“
1144 4316 1406 4413 non-vis.
1464 4312 1586 4368 Non
1625 4310 1730 4413 (at.

116 4456 230 4494 sunt
279 4402 629 4486 testimonium
675 4413 1000 4487 dicas:qnia
1030 4410 1188 4467 odisti
1216 4407 1498 4463 adversum
1547 4413 1598 4458 te
1631 4402 1724 4456 fal-

115 4547 238 4584 sum
273 4519 645 4580 testimonium
675 4513 962 4568 dicentem.
999 4503 1122 4559 Non
1148 4499 1478 4570 concupiscas
1520 4510 1729 4550 uxorem

117 4617 353 4690 proximi
375 4614 450 4669 tui
481 4628 498 4666 :
529 4609 651 4680 quia
678 4613 732 4660 et
761 4615 903 4657 tuam
936 4614 1040 4654 non
1063 4596 1144 4649 vis
1171 4593 1240 4650 ab
1267 4592 1373 4646 alio
1398 4588 1727 4658 concupisci.

120 4682 245 4770 Non
274 4705 616 4777 concupiscas
644 4715 750 4752 rem
778 4695 1004 4764 aliquam
1035 4687 1254 4760 proximi
1282 4685 1394 4754 tui(
1419 4682 1602 4782 Exod:
1621 4697 1725 4782 xx,

116 4809 249 4863 1-17
272 4823 289 4868 ;
330 4772 489 4855 Deut.
515 4809 550 4850 ν
569 4833 586 4861 ,
618 4789 741 4846 θυειι
763 4788 784 4860 )
810 4785 966 4857 :quia
994 4783 1038 4837 si
1067 4778 1187 4851 quis
1212 4788 1354 4832 tuam
1378 4772 1726 4868 concupiscit,

114 4861 382 4970 otisplicet
414 4889 530 4945 tibi.
558 4887 823 4941 Converte
847 4888 902 4934 et
928 4877 980 4930 in
1012 4883 1064 4928 te
1093 4873 1358 4970 linguam,
1386 4864 1602 4970 quando
1636 4861 1730 4970 tibi

114 4955 382 5060 δίδίηίςρι
403 4976 800 5051 quitibinocct.
823 4966 948 5023 llzec
968 4962 1142 5060 omnia
1170 4965 1432 5029 praecepta
1463 4955 1728 5060 Deimsunt,

113 5043 400 5150 sapientia
425 5043 664 5125 donante
687 5061 808 5117 data
848 5063 1005 5122 sunt,
1037 5051 1268 5118 desuper
1293 5053 1504 5150 sonant.
1551 5043 1733 5108 Tange

117 5140 452 5246 μελιιιετῐιπη
475 5205 488 5226 ,
518 5159 680 5230 imple
703 5155 898 5223 Legem
922 5193 936 5216 ,
968 5161 1124 5216 quam
1160 5140 1583 5246 Domipuleeus
1611 5145 1733 5246 tuus

117 5225 445 5323 iioiiﬁvcnit
480 5225 727 5313 Solvere,
773 5243 867 5300 sed
913 5238 1203 5308 adimplere
1236 5231 1463 5304 (Matth.
1514 5246 1569 5291 v,
1612 5225 1730 5328 if).

118 5321 396 5429 lmplebis
421 5349 567 5408 enim
593 5356 775 5401 amore
795 5381 809 5406 ,
839 5334 978 5408 quod
1019 5332 1210 5386 timore
1241 5342 1345 5429 uo’n
1374 5321 1734 5429 poterastui

310 5410 559 5502 timendo
592 5450 698 5492 non
732 5428 852 5486 facit
881 5425 1020 5480 male
1040 5465 1053 5485 ,
1085 5415 1502 5510 niallctfacere,
1535 5411 1577 5466 si
1607 5410 1735 5464 licc-

118 5504 453 5609 vltaque
482 5530 582 5589 etsi
606 5524 830 5582 facultas
855 5532 960 5572 non
987 5514 1164 5609 datur,
1196 5504 1482 5609 voluntas"
1507 5510 1734 5556 tenetur.

276 5595 446 5692 facio,
478 5619 668 5693 inquit.
698 5607 915 5683 Quare?
941 5605 1073 5674 Quia
1102 5602 1283 5655 timeo.
1315 5595 1560 5652 Nondum
1592 5604 1739 5645 amas

184 5743 1108 5880 ἒξὼέιῗάεὲᾚὲξιέἑῆἴίέξιεᾶῗῗ
1121 5732 1485 5846 satis...
1512 5795 1743 5850 um...

119 5886 611 6009 “mm:
636 5946 774 5994 atss.,
795 5930 1009 5981 t'oumtas
1027 5934 1112 5973 rea
1132 5924 1332 5971 tenetur.

1168 441 1560 502 ENARRATIO
1598 440 1662 495 IN
1705 439 2025 496 PSALMUM
2067 440 2280 497 XXX".

3287 432 3392 490 283

1801 554 2060 626 justitiam
2132 557 2301 612 adhuc
2337 571 2523 614 servus
2555 573 2616 615 es
2643 576 2658 613 :
2686 569 2804 616 esto
2833 559 2993 615 ﬁlius.
3023 559 3128 616 Sed
3158 577 3222 616 ex
3251 564 3392 619 bono

1804 665 1962 704 servo
1990 651 2044 706 ﬁt
2091 651 2263 704 bonus
2303 650 2461 705 ﬁlius.
2507 649 2722 706 Interim
2753 652 2990 707 timendo
3037 653 3143 708 noli
3178 654 3389 720 facere,

1804 740 1977 796 disces
2003 750 2058 795 et
2086 741 2316 794 amando
2343 756 2449 795 non
2483 741 2676 796 facere.
2707 741 2802 796 Est
2829 743 2972 797 enim
3002 743 3245 812 quietiam
3275 747 3392 815 pul-

1803 831 2049 886 chritudo
2074 832 2314 902 justitim.
2364 833 2523 888 Poma
2553 842 2605 888 te
2646 834 2934 889 deterreat.
2981 834 3150 890 Habet
3191 837 3394 906 justitia

1806 923 2028 978 formam
2050 939 2200 978 suam
2217 967 2230 988 ,
2255 926 2440 981 oculos
2461 927 2682 996 quaerit,
2705 929 2947 984 accendit
2963 938 3229 984 amatores
3248 946 3394 986 suos.

1807 1015 1908 1068 Pro
1939 1014 2038 1069 hac
2062 1015 2322 1086 Martyres
2361 1017 2614 1071 saeculum
2659 1018 2957 1086 calcantes,
2983 1023 3294 1092 sanguinem
3324 1024 3400 1076 fu-

1804 1104 2018 1159 derunt.
2047 1105 2185 1171 Quid
2225 1107 2503 1175 amabant,
2533 1110 2746 1178 quando
2770 1110 2888 1166 iSliS
2914 1112 3165 1167 omnibus
3193 1130 3398 1168 rennu-

1805 1196 2046 1251 tiabaot?
2077 1196 2211 1250 Nmn
2239 1197 2381 1252 enim
2425 1198 2499 1253 illi
2529 1215 2633 1254 non
2657 1210 2813 1256 erant
2837 1205 3146 1259 amatores?
3170 1214 3263 1259 aut
3295 1205 3397 1259 hoc

1803 1288 1956 1342 vobis
1981 1288 2230 1354 dicimus,
2251 1299 2309 1344 ut
2336 1306 2443 1344 non
2473 1292 2704 1346 ametis?
2732 1293 2831 1359 Qui
2863 1308 2967 1348 non
3000 1308 3162 1358 amat,
3191 1296 3394 1366 friguit.

1803 1381 2055 1451 obriguit.
2099 1382 2358 1449 Ametur,
2407 1383 2502 1438 sed
2540 1385 2628 1440 illa
2673 1387 3013 1454 pulchritudo
3053 1405 3173 1456 quae
3215 1391 3394 1445 cordis

1803 1473 1988 1527 oculos
2014 1475 2222 1542 quaerit.
2254 1475 2505 1538 Ametur,
2534 1475 2626 1530 sed
2653 1477 2741 1531 illa
2773 1478 3109 1547 pulchritudo
3138 1497 3256 1551 qua:
3279 1484 3392 1535 lan-

1803 1563 1925 1618 data
1949 1563 2151 1632 justitia
2189 1564 2429 1621 incendit
2455 1567 2684 1622 animos.
2716 1565 2975 1625 Promunt
3003 1572 3197 1639 verba,
3223 1575 3392 1630 edunt

1803 1673 1999 1724 voces,
2029 1657 2262 1727 undique
2308 1659 2525 1726 dicunt,
2572 1661 2750 1726 Bene,
2792 1662 3022 1733 Optime.
3059 1664 3199 1734 Quid
3244 1669 3390 1723 vide-

1805 1751 1970 1806 runt?
1994 1750 2262 1806 Justitiam
2290 1751 2556 1816 viderunt,
2589 1755 2640 1807 in
2667 1771 2772 1824 qua
2794 1755 2812 1788 ⁸
2835 1755 3059 1826 pulcher
3093 1767 3176 1813 est
3199 1774 3396 1816 curvus

1804 1857 1992 1898 senex.
2017 1842 2132 1899 Non
2155 1845 2298 1900 enim
2319 1845 2362 1899 si
2394 1845 2644 1916 procedat
2670 1861 2832 1904 senex
2854 1847 3061 1920 justus,
3088 1859 3171 1907 est
3196 1852 3395 1924 aliquid

1806 1933 1860 1988 in
1889 1934 2006 2005 ejus
2045 1949 2271 2006 corpore
2308 1935 2452 2006 quod
2493 1948 2704 1993 ametur
2727 1981 2743 2005 ,
2777 1948 2830 1994 ct
2871 1949 3050 1998 tamen
3079 1953 3288 1998 amatur
3329 1945 3397 1998 ab

1805 2031 2071 2087 omnibus.
2103 2029 2180 2088 lbi
2208 2040 2438 2098 amatur,
2468 2032 2556 2087 ubi
2601 2047 2706 2087 non
2737 2033 2986 2102 videtur;
3017 2037 3125 2093 imo
3151 2037 3222 2094 ibi
3252 2055 3396 2094 ama-

1807 2133 1926 2191 tur,
1960 2123 2051 2180 ubi
2076 2125 2240 2180 corde
2268 2124 2500 2181 videtur.
2551 2124 2786 2182 Delectat
2820 2144 2915 2184 vos
2941 2145 3104 2200 ergo,
3136 2139 3190 2186 ct
3217 2143 3399 2202 rogate

1808 2217 2088 2272 Dominum
2107 2224 2164 2271 ut
2181 2216 2428 2274 delectet.
2453 2217 2709 2275 Dominus
2723 2219 2863 2275 enim
2888 2219 3037 2277 dabit
3059 2224 3398 2287 suavitatem,

1809 2325 1863 2370 et
1891 2322 2032 2370 terra
2077 2323 2260 2370 nostra
2298 2314 2448 2371 dabit
2487 2315 2715 2370 fructum
2757 2331 2911 2371 suum
2951 2317 2971 2386 (
2994 2315 3138 2372 Psal.
3169 2333 3396 2378 Lxxxtv,

1811 2403 1916 2476 l5)
1950 2421 1963 2458 :
1995 2413 2054 2459 ut
2083 2420 2181 2476 per
2203 2406 2518 2462 charitatem
2551 2407 2814 2476 impleatis
2842 2406 2983 2478 quod
3019 2423 3116 2478 per
3154 2409 3398 2463 timorem

1810 2494 2035 2568 implere
2073 2496 2289 2553 difﬁcile
2332 2505 2433 2553 est.
2477 2497 2614 2566 Quid
2661 2498 2782 2554 dico
2807 2499 2828 2530 ⁸
2856 2498 3075 2554 difﬁcile
3123 2499 3248 2554 est?
3285 2499 3399 2554 Non

1812 2597 1989 2658 potest
2016 2589 2192 2645 adhuc
2214 2591 2426 2645 animus
2456 2607 2470 2645 :
2501 2591 2688 2646 mallet
2712 2606 2817 2644 non
2844 2605 2965 2647 esse
2990 2591 3132 2661 quod
3163 2593 3404 2663 prmcipi-

1813 2687 1900 2734 tur
1921 2721 1936 2744 ,
1967 2681 2013 2735 si
2043 2679 2108 2737 ad
2139 2679 2436 2735 faciendum
2468 2696 2652 2736 amore
2679 2696 2782 2736 non
2814 2681 3059 2749 ducitur,
3089 2683 3184 2738 sed
3210 2685 3403 2740 timore

1813 2779 2132 2826 coarctatur.
2153 2769 2270 2826 Noli
2298 2770 2495 2826 furtum
2522 2771 2715 2837 facere,
2737 2773 2862 2828 time
2887 2772 3163 2844 gehennas
3187 2791 3200 2828 :
3223 2775 3406 2832 mallet

1817 2877 1924 2917 non
1956 2877 2074 2917 esse
2093 2861 2366 2933 gehennas
2385 2905 2400 2929 ,
2429 2863 2481 2917 iu
2510 2877 2642 2932 quas
2669 2863 2990 2919 mitteretur.
3024 2864 3247 2932 Quando
3276 2866 3407 2920 inci.

1818 2951 1894 3023 pit
1946 2967 2126 3008 amare
2162 2953 2457 3023 justitiam,
2491 2953 2592 3008 nisi
2636 2953 2851 3024 quando
2893 2954 3078 3010 mallet
3121 2953 3260 3011 furta
3301 2971 3408 3011 non
3485 3007 3488 3010 .

1817 3056 1940 3098 esse
1960 3086 1976 3110 ,
2002 3043 2101 3098 etsi
2131 3043 2390 3114 gebcnna:
2434 3060 2539 3098 non
2565 3054 2781 3110 essent,
2809 3044 2862 3099 in
2891 3058 3025 3117 quas
3053 3043 3200 3101 fures
3235 3046 3400 3102 mitte-

1818 3135 2050 3191 rentur?
2079 3135 2191 3190 lloc
2213 3145 2294 3190 est
2321 3151 2502 3191 amare
2518 3137 2801 3206 justitiam.
2820 3211 2824 3215 ⁴

1890 3229 1944 3283 7.
1988 3228 2055 3283 Et
2098 3229 2209 3299 ipsa
2255 3229 2455 3298 justitia
2486 3228 2656 3299 qualis
2681 3230 2806 3284 cst?
2844 3229 2966 3301 quis
3002 3228 3149 3285 illam
3194 3231 3412 3302 pingit?

1820 3321 2094 3393 Sapientia
2123 3322 2216 3378 Dei
2244 3336 2404 3394 quam
2431 3321 2875 3392 pulchritudinem
2903 3321 3108 3379 habet?
3134 3323 3238 3380 Per
3265 3325 3411 3379 illam

1823 3413 2039 3484 pulchra
2064 3424 2189 3468 sunt
2209 3414 2407 3478 omnia,
2441 3428 2563 3484 quae
2591 3413 2761 3468 oculis
2787 3413 2999 3483 placent
3023 3431 3037 3467 :
3068 3413 3118 3471 ci
3146 3414 3411 3481 videndrc,

1821 3505 2261 3576 complecteudzn,
2282 3505 2444 3559 corda
2467 3503 2765 3559 mundanda
2793 3512 2937 3560 sunt.
2967 3503 3133 3575 Hujus
3148 3518 3246 3560 nos
3264 3519 3414 3559 ama-

1825 3604 1969 3653 tores
1999 3596 2310 3667 proﬁtemur
2339 3613 2353 3650 :
2385 3597 2496 3667 ipsa
2538 3611 2636 3651 nos
2673 3596 2973 3665 componit,
2993 3606 3054 3652 ut
3076 3597 3126 3652 ei
3166 3611 3272 3652 non
3301 3597 3415 3651 dis—

1825 3689 2136 3759 pliceamus.
2196 3689 2260 3744 Et
2288 3687 2502 3759 quando
2532 3703 2631 3743 nos
2659 3687 3061 3757 reprehendunt
3089 3690 3334 3744 homines
3361 3690 3414 3744 in

1828 3782 1911 3838 bis
1939 3782 2135 3847 rebus,
2177 3782 2228 3836 in
2259 3782 2450 3852 quibus
2492 3781 2540 3836 ei
2587 3796 2744 3850 quam
2790 3780 3061 3851 diligimus
3111 3782 3415 3850 placemus,

1827 3873 2095 3945 quomodo
2117 3872 2264 3943 parvi
2290 3871 2547 3926 habemus
2567 3871 2987 3941 reprehensores
3013 3882 3248 3937 nostros,
3279 3887 3417 3942 quo-

1828 3966 1987 4021 modo
2009 3965 2129 4021 illos
2145 3963 2538 4019 contemnimus
2558 3970 2612 4017 et
2634 3962 2854 4016 omnino
2881 3961 3027 4015 nihili
3047 3961 3328 4031 pendimus
3349 3961 3371 3994 ³
3396 3964 3421 4016 ‘.'

1829 4063 2112 4114 Amatores
2145 4056 2332 4112 lubrici
2379 4066 2430 4110 et
2459 4055 2791 4109 damnabiles
2821 4053 3139 4110 feminarum
3160 4096 3175 4120 ,
3207 4055 3423 4125 quando

1788 4222 1790 4225 τ
1829 4163 2020 4208 amatze
2065 4152 2300 4221 ipsorum
2344 4157 2672 4218 componunt
2725 4147 2846 4201 illos
2893 4147 3187 4202 secundum
3238 4147 3423 4201 oculos

1832 4259 1957 4298 suos
1980 4285 1996 4306 ,
2029 4242 2073 4297 si
2106 4237 2234 4310 ipsis
2263 4240 2540 4309 placeant,
2573 4254 2675 4290 non
2705 4245 2895 4291 curant
2936 4251 3031 4289 eos
3073 4235 3266 4306 quibus
3307 4235 3422 4291 dis-

1835 4337 2067 4407 plicent,
2117 4342 2363 4403 putantes
2413 4330 2513 4385 sibi
2552 4329 2798 4384 sufﬁcere
2841 4327 2983 4399 quod
3031 4343 3214 4383 earum
3254 4329 3423 4383 oculis

1835 4433 2062 4502 placent,
2081 4427 2146 4482 ad
2169 4441 2298 4497 quas
2313 4424 2563 4479 affectant
2591 4440 2604 4477 ε
2626 4430 2678 4477 et
2705 4421 3017 4492 plerumque
3035 4419 3287 4490 gravibus
3311 4419 3422 4474 dis-

1834 4524 2032 4596 plicent
2054 4562 2070 4588 ,
2099 4521 2207 4574 imo
2255 4531 2469 4585 semper
2496 4513 2749 4585 gravibus
2771 4511 3054 4581 diSplicent
3072 4551 3087 4578 ,
3116 4521 3170 4566 et
3199 4510 3426 4566 meliore

1829 4615 2031 4687 judicio
2055 4609 2536 4681 reprehenduntur.
2568 4606 2682 4660 Non
2711 4605 2847 4658 bene
2875 4614 3058 4658 tonsus
3083 4616 3165 4666 es,
3191 4601 3319 4657 dicit
3346 4602 3428 4656 vir

1834 4710 2011 4782 gravis
2036 4706 2235 4761 lascivo
2261 4700 2590 4758 adolescenti
2615 4741 2628 4763 ,
2664 4713 2768 4752 non
2808 4708 2858 4751 te
2903 4695 3058 4749 decet
3084 4709 3204 4749 cum
3235 4694 3426 4749 talibus

1835 4802 2096 4859 cincinnis
2124 4798 2391 4854 incedere.
2423 4792 2579 4849 Novit
2605 4800 2781 4844 autem
2807 4788 2897 4842 ille
2917 4788 3139 4856 capillos
3169 4785 3291 4842 illos
3319 4786 3428 4855 pla.

1835 4910 1959 4952 cere
1987 4891 2165 4948 nescio
2193 4889 2276 4944 cui
2302 4903 2315 4940 :
2341 4885 2454 4940 odit
2474 4894 2525 4938 te
2553 4878 3034 4951 reprehendentem
3055 4892 3183 4933 vero
3202 4875 3425 4947 judicio,

1836 4997 1890 5042 ct
1923 4993 2099 5040 servat
2128 4982 2179 5035 in
2211 4994 2269 5034 se
2296 4975 2436 5047 quod
2469 4976 2642 5043 placet
2669 4984 2926 5041 perverso
2966 4968 3209 5023 consilio.
3243 4968 3428 5022 Inimi-

1840 5097 1958 5135 cum
1989 5088 2038 5132 te
2079 5083 2247 5146 putat,
2280 5071 2403 5141 quia
2432 5067 2815 5136 turpitudinem
2838 5063 3004 5117 demi?
3025 5059 3080 5116 δ.
3114 5060 3269 5131 Fugit
3299 5076 3400 5114 ocu

1839 5173 1921 5226 los
1948 5181 2067 5223 tuos
2088 5210 2102 5230 ,
2131 5175 2184 5220 ct
2211 5162 2430 5219 omnino
2455 5174 2557 5212 non
2589 5165 2740 5211 curat
2769 5170 2870 5224 qua
2900 5153 3080 5223 regula
3100 5153 3320 5223 justitia:
3351 5168 3429 5206 re-

1842 5259 2221 5334 prehendatur.
2246 5254 2302 5310 Si
2327 5267 2453 5322 ergo
2475 5249 2547 5304 illi
2572 5263 2678 5302 non
2699 5255 2885 5302 curant
2908 5243 3323 5316 reprehensores
3348 5260 3433 5298 rc-

1908 5405 1922 5435 ί
1950 5398 2021 5449 sic
2039 5394 2261 5461 plerum:
2283 5379 2962 5461 96!“.°“°”§P.2..“§E"§:£d5‘s
2978 5377 3434 5461 maestitiae?

1843 5441 2066 5518 (ἠνίὶᾶἆό
2095 5441 2208 5519 ἦιὶὼ
2238 5449 2484 5519 laudatur.
2517 5443 2715 5519 {itania
3245 5441 3437 5519 juﬂm

1843 5503 2285 5584 ὶιὲὲὶῖιῖδῗρῶἦίωμε.
2301 5511 2468 5584 verba
2486 5504 2643 5584 εφυΞέ
2654 5503 3285 5584 ἓὝ,⁴ῗξξ.Ηῖἕ⁶Ϊ2⁸¹ἲη¹ἕῗὲπὶι-
3295 5510 3436 5584 {’E'i'“

1843 5563 2036 5656 δῖ)ἷῦἦῖ
2059 5563 2468 5643 aii-inridemini?
2506 5579 2559 5618 In
2579 5581 2673 5630 quo
2693 5563 2988 5638 putchencst
3009 5576 3181 5614 curvtts
3203 5576 3352 5613 aenea:
3368 5563 3392 5612 ἰ)

1907 5653 1929 5684 ι
1952 5647 2081 5688 add:
2103 5640 2232 5688 mod
2246 5638 2373 5688 dico.
2409 5643 2513 5684 Mss.
2538 5643 2685 5681 vero:
2706 5629 2830 5688 Quid
2854 5624 3006 5678 dico?

1907 5653 1929 5684 ’
1952 5640 2085 5696 addi
2103 5640 2232 5692 ouod
2246 5640 2373 5688 dico.
2409 5643 2513 5684 Mss.
2538 5643 2685 5681 vero:
2706 5640 2829 5688 orna
2854 5640 2964 5699 arca
2983 5640 3006 5675 ί

1911 5715 1931 5745 ³
1954 5719 2017 5758 tta
2039 5709 2083 5756 in
2097 5690 2201 5754 tiss.
2222 5710 2274 5750 At
2298 5701 2345 5747 in
2367 5698 2500 5753 ωδ..
2518 5690 2923 5758 quoitwdopravz
2940 5689 3171 5757 habemur
3194 5689 3327 5758 apud
3363 5699 3438 5733 re.

1847 5751 2391 5839 preliet—ts-ores‘nostros,
2417 5751 2652 5823 quonde
2673 5752 2734 5803 ab
2757 5751 2855 5801 illis
2887 5751 3253 5808 rontcmninnr,
3279 5756 3320 5798 rt
3345 5762 3437 5797 0."-

1847 5823 2443 5895 itittont'hilt'P3"‘iiii"{§'_
2519 5881 2528 5889 .
2581 5894 2586 5895 γ
2645 5877 2786 5895 η),-
2835 5875 2994 5895 λψρ,

1911 5875 2194 5947 rubebis;
2223 5884 2394 5950 diligit.
2418 5881 2597 5944 Denign
2635 5877 2806 5935 codex.
2828 5875 3044 5925 donatas.
