4008 6358
313 417 422 473 !85

313 548 465 593 retur
493 537 656 599 cuitu,
686 531 991 600 considerat
1026 533 1312 607 imaginem
1357 552 1529 601 suam,
1567 535 1904 609 fragilitatem

315 639 576 692 nostram,
620 640 860 682 errorem
906 636 1180 693 nostrum,
1221 627 1515 684 caecitatem
1562 635 1819 694 nostram,
1852 634 1906 686 et

314 729 508 774 vocat:
531 725 585 774 et
615 719 886 774 conversis
915 715 978 770 ad
1010 733 1070 773 se
1095 714 1255 773 donat
1287 729 1522 789 peccata,
1553 734 1658 775 non
1684 734 1906 776 conver-

313 813 389 866 sis
428 825 532 866 non
572 809 752 866 donat.
781 805 1083 866 Misericors
1113 821 1192 866 cst
1232 808 1474 880 iniustis?
1501 811 1766 881 Numquid
1797 823 1852 868 et
1886 813 1901 846 ¹

307 903 565 975 judicium
594 901 792 969 amisit,
814 915 900 957 aut
926 918 1030 957 non
1051 899 1232 956 debuit
1256 900 1492 971 judicare
1522 904 1662 960 inter
1681 919 1906 961 Conver-

311 1012 404 1052 sos
451 1008 505 1051 et
547 1013 651 1049 non
699 993 1027 1050 Camenius?
1055 993 1135 1047 An
1167 992 1316 1048 vobis
1353 994 1552 1061 justum
1587 993 1813 1058 videtur,
1849 1006 1903 1049 ιιι

310 1097 604 1144 Conversus
633 1094 689 1140 et
717 1099 825 1139 non
852 1098 1142 1139 conversus
1171 1085 1449 1155 arqnaiiter
1478 1085 1809 1149 habeantur;
1846 1097 1901 1139 ut

309 1196 378 1235 eo
407 1155 566 1232 modo
597 1176 914 1244 suscipiatur
940 1175 1204 1229 conlitens
1223 1185 1278 1228 et
1300 1176 1582 1239 mentiens,
1608 1175 1822 1229 humilis
1846 1188 1901 1232 et

307 1268 610 1339 superbus?
639 1269 775 1337 Ergo
806 1267 963 1320 habet
990 1275 1045 1318 et
1077 1266 1332 1334 judicium
1367 1266 1417 1319 in
1449 1272 1557 1334 ipsa
1590 1267 1893 1322 misericor-

306 1363 417 1417 dia.
444 1363 645 1414 Itur-sus
680 1361 731 1413 in
766 1359 856 1413 illo
879 1359 1079 1428 judicio
1109 1357 1327 1412 habebit
1362 1364 1418 1412 et
1451 1359 1893 1426 miseriCordiam,

307 1454 361 1508 in
388 1469 481 1507 eos
507 1453 687 1521 utique
719 1452 910 1520 quibus
943 1451 1180 1506 dicturus
1207 1456 1287 1504 est
1318 1466 1330 1502 :
1361 1447 1586 1517 Esurivi,
1615 1461 1662 1504 et
1687 1449 1896 1506 dedistis

303 1546 430 1599 mihi
457 1545 760 1597 manducare
786 1545 804 1614 (
833 1541 1019 1598 Matth.
1045 1555 1169 1609 xxv,
1192 1538 1266 1598 35
1366 1540 1576 1598 Etenim
1603 1541 1797 1599 dicitur
1820 1546 1892 1605 ,ιιι

301 1639 529 1707 quadam
560 1637 793 1704 Epistola
825 1632 1434 1705 apostolicazludicium
1476 1635 1610 1688 enim
1653 1636 1762 1688 sine
1804 1634 1895 1688 nti-

301 1729 575 1782 sericordia
611 1728 688 1780 illi
729 1728 812 1790 qui
853 1743 954 1779 non
996 1726 1115 1796 fecit
1156 1725 1554 1780 misericordiam
1584 1724 1804 1796 (Jacobi
1830 1740 1889 1792 ιι,

303 1818 430 1887 15).
457 1815 619 1880 Beati,
651 1816 836 1886 inquit,
867 1816 1232 1882 misericordes,
1261 1815 1500 1886 quoniam
1535 1817 1760 1886 ipsorum
1789 1819 1890 1872 mi-

295 1908 541 1962 serebitur
563 1904 772 1976 (Manli.
801 1920 855 1969 γ,
882 1906 960 1975 7).
991 1905 1129 1975 Ergo
1155 1904 1211 1960 in
1238 1901 1333 1960 illo
1357 1900 1560 1974 judicio
1585 1904 1688 1961 erit
1709 1913 1766 1966 et
1791 1905 1892 1961 mi-

299 1991 615 2063 sericordia,
634 1991 727 2050 sed
751 2010 856 2063 non
878 1994 993 2052 sine
1006 1993 1228 2066 judicio.
1251 1992 1306 2052 Si
1328 1993 1470 2052 enim
1492 2009 1600 2052 non
1627 1996 1679 2051 in
1704 2010 1891 2068 quem-

298 2090 447 2154 libri,
491 2090 584 2143 sed
632 2091 684 2141 in
724 2074 846 2144 eum
891 2087 993 2142 erit
1040 2084 1430 2154 misericordia,
1458 2084 1547 2158 qui
1573 2086 1892 2159 praerogavit

297 2179 759 2242 misericordiam;
790 2186 843 2234 et
888 2175 999 2248 ipsa
1043 2175 1404 2234 misericordia
1440 2176 1584 2250 justa
1613 2179 1735 2245 erit,
1761 2178 1886 2251 quia

293 2271 516 2326 confusa
550 2285 655 2325 non
683 2267 804 2325 erit.
841 2266 1198 2324 Misericordia
1228 2277 1309 2324 est
1347 2281 1494 2326 certe
1525 2279 1581 2326 ut
1606 2270 1883 2329 dimittan-

295 2370 383 2415 tur
405 2372 640 2430 percata,
666 2358 1026 2415 misericordia
1050 2368 1128 2415 est
1158 2370 1211 2414 ut
1237 2358 1497 2416 tribuatur
1517 2361 1620 2417 vita
1647 2353 1881 2418 mterna:

292 2453 413 2507 vide
449 2452 518 2506 ibi
555 2453 834 2520 judicium,
871 2449 1134 2517 Dimittite,
1164 2463 1209 2504 ct
1236 2451 1515 2507 dimittetur
1540 2452 1713 2518 vobis;
1745 2451 1880 2520 date,

289 2549 337 2594 et
361 2539 558 2592 dabitur
584 2538 718 2591 nobis
749 2537 905 2610 (Luc.
928 2554 996 2593 ιι.
1026 2538 1115 2600 57,
1144 2536 1263 2608 38).
1283 2538 1463 2603 Certe,
1490 2538 1694 2594 dabitur
1723 2532 1879 2606 vobis,

287 2642 344 2686 et
375 2631 652 2683 dimittetur
681 2630 838 2694 vobis,
869 2628 1229 2682 misericordia
1260 2636 1360 2682 est.
1388 2627 1444 2686 Si
1472 2627 1594 2685 inde
1623 2631 1880 2686 recessis-

286 2731 372 2777 set
416 2721 670 2790 judicium
699 2721 743 2786 ’,
771 2735 876 2773 non
920 2720 1162 2774 diceret:
1195 2718 1260 2772 In
1302 2735 1401 2790 qua
1443 2733 1676 2776 mensura
1720 2722 1879 2777 triensi

286 2815 506 2885 (uerunt,
531 2816 584 2867 in
611 2831 671 2867 ea
699 2814 981 2867 remetietur
1006 2814 1141 2867 vobis
1162 2811 1372 2883 (Matth.
1403 2829 1496 2880 vn,
1525 2811 1598 2884 2).

361 2907 448 2961 12.
489 2905 693 2961 Audisti
735 2905 1180 2974 quemadmodum
1212 2901 1461 2961 exhibeat
1490 2903 1631 2961 Deus
1660 2906 1874 2963 miseri-

282 2998 521 3053 cordiam
566 3005 622 3050 et
663 2995 919 3063 judicium
944 3011 959 3058 ;
987 2996 1181 3050 exhibe
1206 3005 1260 3048 et
1286 3005 1340 3049 tu
1369 2985 1789 3051 misericordiam
1818 3005 1876 3053 et

280 3087 562 3158 judicium.
587 3089 667 3141 An
696 3086 835 3141 forte
864 3085 930 3140 ad
960 3086 1125 3140 Deum
1157 3088 1425 3156 pertinent
1455 3085 1577 3153 ista,
1600 3087 1667 3143 ad
1696 3089 1870 3143 homi-

282 3197 404 3236 netu
434 3195 538 3234 non
570 3179 876 3249 pertinent?
900 3179 954 3235 Si
984 3179 1048 3233 ad
1084 3179 1352 3234 hominem
1382 3195 1487 3234 non
1518 3181 1868 3251 pertinerent,

284 3288 388 3326 non
429 3272 630 3326 diceret
662 3271 914 3333 Dominus
946 3269 1230 3324 Pharisteis
1261 3285 1275 3324 :
1304 3268 1599 3340 Reiiquistie
1636 3271 1870 3342 graviora

280 3363 472 3438 Legit,
524 3363 923 3436 misericordiam
965 3370 1012 3416 et
1045 3362 1302 3434 judicium
1347 3360 1483 3432 (Id.
1529 3378 1679 3428 χχιιι,
1728 3361 1864 3432 23).

279 3455 420 3528 Ergo
467 3457 734 3528 pertinent
774 3456 840 3510 ad
883 3467 934 3510 te
973 3454 1338 3511 misericordia
1384 3464 1439 3510 et
1475 3455 1752 3525 judicium.
1788 3455 1867 3512 Ne

278 3560 433 3620 putes
476 3549 618 3620 quod
659 3548 726 3602 ad
773 3557 824 3603 te
865 3547 1226 3604 misericordia
1282 3549 1578 3618 pertineat,
1605 3549 1862 3618 judicium

275 3650 454 3697 autem
485 3657 589 3696 non
622 3639 689 3694 ad
730 3650 780 3694 te
810 3640 1090 3709 pertineat.
1129 3639 1426 3709 Aliquando
1455 3639 1608 3694 audis
1644 3655 1862 3696 causam

273 3712 414 3790 inter
451 3734 607 3801 duos,
641 3723 865 3804 quorum
895 3733 1117 3788 duorum
1155 3749 1292 3796 unus
1331 3743 1413 3788 est
1449 3735 1616 3799 dives,
1644 3746 1700 3790 et
1726 3737 1862 3791 alius

273 3841 512 3898 pauper;
543 3835 597 3881 et
625 3825 882 3896 contingit
918 3834 976 3882 ut
1013 3842 1214 3897 pauper
1257 3825 1452 3883 habeat
1491 3844 1703 3884 causam
1747 3845 1864 3886 rna-

275 3920 401 3980 iam,
433 3916 586 3972 dives
613 3924 791 3971 autem
820 3917 1013 3972 bonam
1045 3917 1192 3988 :jam
1223 3919 1267 3973 si
1300 3927 1355 3973 tu
1386 3934 1494 3974 non
1523 3935 1582 3974 es
1619 3921 1860 3977 eruditus

273 4007 324 4066 in
345 4022 522 4075 (regno
547 4007 661 4070 Dei,
686 4006 882 4061 videris
910 4007 999 4060 tibi
1032 4007 1166 4062 bene
1193 4007 1393 4075 facere,
1421 4009 1464 4064 si
1490 4012 1637 4082 quasi
1665 4027 1860 4081 paupe-

271 4112 385 4152 rem
431 4095 744 4161 miseratus,
783 4097 1082 4154 abscondas
1127 4106 1181 4154 et
1230 4109 1478 4172 contegas
1525 4101 1854 4173 iniquitatem

269 4187 436 4252 illius,
463 4199 516 4242 et
539 4189 670 4242 velis
692 4203 814 4243 eum
832 4189 1145 4259 jttstiiicare,
1169 4199 1228 4246 ut
1249 4192 1402 4261 quasi
1422 4207 1639 4248 causam
1662 4194 1853 4248 bonam

271 4279 472 4333 habere
501 4278 742 4333 videatur
769 4298 782 4334 :
812 4289 879 4335 et-
897 4281 940 4334 si
970 4280 1330 4350 reprehensus
1357 4283 1519 4339 fueris
1544 4268 1686 4356 quod
1715 4287 1856 4341 male

265 4369 539 4440 judicasti,
577 4372 727 4442 quasi
763 4372 831 4427 de
865 4374 1227 4430 misericordia
1263 4377 1554 4446 respondes
1580 4394 1594 4432 :
1616 4377 1768 4441 Novi,
1801 4388 1855 4434 et

267 4476 374 4532 ego
397 4461 547 4524 scio;
575 4462 668 4517 sed
695 4476 896 4533 pauper
919 4474 1053 4530 erat,
1080 4465 1444 4522 misericordia
1465 4467 1514 4521 ei
1537 4467 1849 4525 debebatur.

266 4552 550 4620 Quomodo
591 4553 804 4609 tenuisti
848 4555 1289 4624 misericordiam,
1321 4567 1376 4612 et
1404 4558 1676 4629 perdidisti
1709 4559 1850 4631 judi-

262 4642 451 4698 cium?
477 4642 543 4697 Et
569 4645 855 4713 quomodo,
880 4647 1076 4716 inquis,
1099 4649 1141 4700 si
1173 4656 1411 4704 tenerem
1433 4649 1710 4718 judicium,
1744 4668 1848 4706 non

262 4737 567 4789 amitterem
621 4735 1082 4792 misericordiam?
1131 4738 1535 4794 Pronuntiarem
1593 4741 1850 4797 adversus

263 4841 576 4893 pauperem,
599 4825 686 4893 qui
709 4827 848 4882 unde
867 4828 1115 4883 redderet
1141 4847 1244 4883 non
1277 4829 1530 4896 haberet;
1558 4840 1650 4886 aut
1678 4832 1720 4886 si
1750 4834 1848 4886 ha-

264 4916 434 4977 beret,
465 4929 584 4969 cum
615 4913 934 4971 reddidisset
961 4917 1099 4974 unde
1126 4928 1309 4990 postea
1342 4922 1539 4977 viveret
1565 4938 1669 4978 non
1702 4923 1850 4979 inve-

260 5005 442 5061 niret?
471 5007 552 5062 Ait
583 5007 675 5061 tibi
699 5008 839 5063 Deus
868 5018 985 5064 tuus
1011 5029 1024 5063 :
1054 5009 1106 5064 Ν
1111 5031 1135 5065 c
1163 5015 1382 5083 accipias
1420 5032 1683 5083 personam
1720 5034 1850 5085 pau-

259 5098 397 5162 peris
427 5097 480 5150 in
500 5098 698 5167 judicio
720 5097 916 5168 (Exod.
941 5117 1089 5165 xxtu,
1119 5089 1192 5171 3).
1215 5103 1480 5160 Cancrum
1513 5107 1663 5164 facile
1687 5120 1768 5164 est
1791 5120 1848 5166 ut

252 5187 649 5244 admoneamur
696 5205 977 5258 personam
1032 5194 1209 5248 divitis
1255 5212 1358 5249 non
1410 5199 1694 5268 accipere;
1746 5205 1846 5258 hoc

257 5281 436 5333 omnis
465 5279 628 5334 homo
655 5282 818 5346 videt,
846 5291 1004 5354 atque
1034 5285 1232 5340 utinam
1262 5289 1339 5342 sic
1365 5290 1540 5345 omnis
1577 5293 1735 5347 homo
1765 5294 1845 5347 ia-

255 5372 442 5426 ceret!
491 5371 620 5426 illud
665 5382 748 5428 est
787 5373 879 5428 ubi
923 5373 1141 5434 fallitur.
1173 5379 1333 5433 veluti
1362 5381 1450 5450 qui
1478 5383 1589 5436 vult
1631 5385 1842 5453 placere

259 5459 396 5524 Deo,
415 5463 767 5532 siperscnam
793 5469 1041 5536 pauperis
1063 5469 1116 5522 in
1138 5469 1339 5535 judicio
1362 5473 1605 5543 accipiat,
1630 5488 1684 5530 et
1704 5477 1848 5532 dicat

322 5612 340 5686 ξ
367 5610 684 5686 [rapistrique
705 5615 924 5686 Αιιι
951 5631 1071 5686 vero
1090 5623 1372 5686 pauciores:
1400 5625 1671 5682 Misericors
1691 5639 1762 5684 est
1795 5632 1846 5685 in

250 5668 371 5755 ista}
1089 5668 1147 5731 λι
1160 5668 1846 5755 ὲιιᾶξῖῖίίέὲιῖεὸῆἳιῖίιίίξ

251 5739 372 5800 stus.
400 5736 822 5800 Rrartqrtidaumit
832 5739 1094 5800 judicium.

289 5797 499 5882 ἰ,ὶ-ιιιιιιη
519 5795 564 5850 si
579 5797 696 5849 inde
718 5795 985 5854 remisisset
1005 5803 1250 5867 ajudicio.
1272 5817 1398 5872 Mss,
1422 5814 1692 5868 recessisset
1701 5817 1846 5882 judi-

1398 416 1792 478 ENARRATIO
1834 420 1895 476 ΙΝ
1937 422 2257 484 PSALMUM
2300 430 2524 488 XXXII.

3500 449 3608 506 286

2019 539 2128 598 Deo
2154 560 2164 596 :
2193 541 2321 601 Favi
2351 551 2588 618 pauperi.
2618 552 2727 608 lmo
2759 564 2968 611 teneres
2992 570 3295 632 utrumque,
3324 571 3376 618 et
3403 568 3614 626 miseris

2011 632 2246 690 cordiam
2285 646 2340 692 ct
2374 638 2658 707 judicium.
2696 643 2906 711 Primo,
2936 650 3145 716 qualem
3179 653 3601 712 misericordiam

2012 722 2179 780 iecisti
2209 725 2260 782 in
2290 743 2432 794 eum,
2457 731 2607 801 cujus
2650 733 2910 805 iniquitati
2954 741 3162 796 favisti?
3190 741 3328 797 Ecce
3372 746 3604 800 sarceilo

2013 814 2319 884 pepercisti,
2339 834 2434 874 cor
2453 823 2760 891 percussisti
2784 844 2796 880 :
2818 842 3017 897 pauper
3039 829 3139 885 iste
3166 833 3376 902 iniquus
3399 852 3604 892 remano

2009 908 2110 970 sit;
2139 919 2194 965 et
2227 920 2378 996 tanto,
2407 915 2655 988 iniquior,
2688 935 2889 989 quanto
2929 932 2978 978 te
3017 927 3166 994 quasi
3210 926 3480 982 hominem
3516 930 3601 998 ju-

2007 1012 2145 1058 stum
2178 1004 2356 1063 favere
2385 1010 2516 1065 vidit
2548 1013 2810 1082 iniquitati
2843 1031 2973 1071 sum.
2997 1018 3042 1072 A
3073 1027 3124 1072 te
3151 1024 3373 1075 recessit
3409 1023 3608 1091 injuste

2006 1094 2237 1165 adjutus,
2265 1099 2372 1156 Deo
2400 1107 2657 1163 remansit
2679 1107 2694 1137 ¹
2715 1111 2859 1174 juste
2878 1107 3233 1164 damnandus.
3255 1112 3474 1180 Qualem
3502 1115 3601 1168 mi-

2003 1186 2348 1245 sericordiam
2375 1195 2647 1260 praebuisti
2670 1199 2739 1264 ei,
2763 1214 2922 1268 quem
2949 1200 3200 1269 injustam
3225 1202 3435 1260 iecisti?
3460 1206 3600 1260 Ecce

2002 1279 2273 1335 crudelior
2319 1277 2572 1340 inveniris
2611 1303 2768 1358 quam
2818 1290 3236 1349 miSeriCordior.
3272 1295 3407 1364 Quid
3444 1313 3593 1365 ergo,

2002 1366 2196 1437 inquis,
2229 1369 2456 1428 facerem
2480 1375 2502 1428 ?
2529 1374 2806 1432 Judicarcs
2831 1381 3002 1450 primo
3029 1385 3326 1438 secundum
3354 1387 3591 1455 causam,

1997 1473 2249 1529 argueres
2287 1479 2598 1536 pauperem,
2629 1470 2875 1528 ilecteres
2901 1472 3140 1529 divitem.
3165 1477 3317 1531 Alius
3341 1491 3417 1532 est
3443 1480 3589 1547 judi-

1997 1553 2175 1616 candi,
2202 1554 2341 1611 alius
2376 1559 2590 1627 petendi
2630 1560 2799 1617 locus.
2824 1564 3048 1631 Quando
3077 1577 3129 1623 te
3159 1569 3247 1623 ille
3272 1569 3420 1623 dives
3444 1571 3592 1626 \ide-

1997 1649 2080 1695 ret
2124 1646 2358 1701 tenuisse
2395 1649 2678 1720 justitiam,
2716 1668 2820 1707 non
2858 1656 3094 1710 erexisse
3137 1658 3299 1726 iniqui
3343 1662 3589 1730 pauperis

1995 1734 2281 1801 cervicem,
2320 1737 2414 1817 sed
2461 1755 2556 1810 pro
2594 1744 2784 1798 merito
2823 1747 3025 1815 peccati
3069 1748 3149 1802 sui
3194 1747 3504 1820 objurgasse
3537 1764 3589 1807 te

1988 1819 2154 1892 juste,
2187 1843 2364 1885 nonne
2390 1830 2696 1888 ﬂecteretur
2723 1835 2809 1889 ille
2835 1837 2901 1890 ad
2925 1819 3344 1894 misericordiam
3360 1819 3587 1911 petente

1993 1919 2067 1980 te,
2113 1914 2202 1986 qui
2256 1919 2409 1974 hctus
2462 1922 2703 1979 redditus
2745 1934 2863 1981 erat
2905 1926 3180 1996 judicante
3218 1932 3306 1986 te?
3333 1932 3587 1998 Quamvis

1990 2019 2142 2079 ergo,
2170 2006 2383 2074 fratres,
2414 2011 2611 2070 Psalmi
2647 2017 2795 2086 plura
2835 2028 3061 2087 restent,
3091 2022 3473 2079 eonsulendnm
3502 2035 3586 2080 est

1989 2107 2168 2158 tamen
2197 2103 2399 2162 viribus
2441 2115 2495 2162 ct
2534 2109 2728 2165 anima:
2755 2121 2809 2166 et
2835 2113 3078 2184 corporis
3113 2125 3329 2185 promer
3357 2120 3583 2174 varieta-

1989 2201 2097 2251 tem
2127 2197 2456 2256 audientium
2489 2218 2503 2254 :
2535 2202 2658 2272 quia
2707 2211 2761 2259 et
2802 2220 2924 2260 cum
2965 2208 3275 2264 reiicimur’
3296 2227 3360 2265 ex
3391 2213 3578 2268 eodem

1988 2286 2165 2346 tritico
2193 2291 2341 2346 velut
2365 2293 2516 2348 multi
2546 2309 2767 2364 sapores
2793 2298 2949 2354 nobis
2977 2298 3131 2365 ilunt,
3159 2301 3225 2356 ad
3256 2302 3579 2374 detergenda

1987 2375 2194 2436 fastidia
2220 2397 2233 2437 :
2257 2382 2373 2439 hiec
2401 2386 2552 2442 vobis
2576 2387 2866 2445 sumciant.

2659 2516 2831 2558 SERIO
2868 2519 2924 2558 11.

2437 2610 2518 2668 De
2545 2613 2709 2671 altera
2735 2627 2880 2688 parte
2903 2616 3121 2674 Pealmi.

2054 2718 2107 2772 1.
2151 2719 2218 2774 Et
2249 2719 2299 2775 in
2329 2724 2693 2780 annuntiando
2722 2737 2776 2781 et
2815 2727 2866 2781 in
2897 2728 3162 2783 audiendo
3190 2732 3354 2784 verbo
3376 2710 3573 2789 verita-

1978 2809 2066 2876 tis,
2106 2809 2257 2867 iabor
2292 2823 2394 2868 est.
2431 2815 2600 2884 Quem
2642 2818 2902 2884 laborem,
2949 2819 3161 2887 fratres,
3199 2839 3353 2895 aequo
3391 2827 3572 2881 animo

1977 2899 2294 2968 toleramus,
2322 2902 2366 2959 si
2396 2907 2678 2962 sententia:
2704 2908 2988 2965 dominicae
3025 2922 3079 2967 ct
3115 2914 3436 2969 conditionis
3475 2934 3572 2970 no-

1975 2998 2101 3046 stra:
2127 2995 2655 3055 meminerimus..Ab
2675 2998 2792 3068 ipso
2809 3002 2952 3055 enim
2980 3003 3152 3058 nostri
3183 3008 3392 3073 generis
3412 3024 3571 3064 exor-

1972 3079 2063 3136 dio
2083 3083 2281 3139 audivit
2305 3084 2486 3154 homo,
2511 3105 2616 3142 non
2639 3091 2705 3144 ab
2725 3089 2942 3147 homine
2964 3091 3170 3160 failace,
3190 3113 3288 3152 nec
3303 3112 3332 3151 a
3354 3098 3570 3157 diabolo

1972 3171 2274 3239 seductore,
2303 3176 2397 3231 sed
2429 3178 2498 3231 ab
2524 3178 2636 3249 ipsa
2670 3181 2892 3237 veritate
2919 3198 2983 3238 ex
3012 3199 3107 3239 ore
3141 3185 3254 3250 Dei,
3289 3185 3354 3240 In
3382 3192 3568 3245 sudore

1971 3263 2136 3318 vultur
2159 3265 2232 3319 tui
2256 3267 2372 3322 edes
2403 3286 2582 3334 panem
2609 3281 2748 3323 tuum
2777 3271 2980 3342 (Gener.
3007 3290 3085 3339 ιιι,
3112 3276 3224 3344 19).
3258 3278 3488 3335 Proinde
3516 3283 3561 3335 si

1966 3354 2124 3424 panis
2165 3365 2351 3412 noster
2392 3369 2472 3413 est
2510 3362 2730 3416 verbum
2770 3364 2880 3426 liei,
2908 3365 3163 3420 sudemus
3191 3370 3243 3422 in
3270 3370 3556 3439 audiendo,

1969 3461 2038 3500 ne
2076 3447 2366 3502 moriamur
2407 3451 2457 3503 in
2497 3449 2810 3521 jejunaudo.
2839 3455 3035 3510 Psalmi
3076 3457 3232 3527 hujus
3269 3461 3559 3530 primarum

1957 3527 2195 3607 partium
2228 3542 2379 3608 pauci
2411 3557 2598 3597 versus
2632 3545 2941 3612 Vigiliarum
2989 3565 3158 3616 nuper
3195 3527 3431 3607 actarum
3479 3554 3556 3631 (α)

1963 3628 2301 3685 solemnitate
2327 3635 2534 3687 tractati
2566 3646 2693 3689 sunt
2720 3654 2734 3689 ε
2765 3638 2905 3706 quod
2936 3647 3100 3694 restat
3122 3641 3421 3698 audiamus.

2033 3721 2089 3776 2-
2131 3719 2277 3795 [verm
2302 3723 2358 3790 5,
2381 3723 2461 3797 6.]
2497 3725 2631 3782 llinc
2657 3737 2833 3781 autem
2865 3729 3049 3798 incipit
3073 3745 3196 3800 pars
3215 3749 3334 3803 qua:
3363 3739 3551 3802 reStat,

1961 3813 2103 3884 quod
2126 3814 2287 3870 modo
2315 3817 2667 3870 cantavimns.
2695 3819 3048 3874 Misericordia
3069 3820 3278 3877 Domini
3305 3826 3454 3895 plena
3481 3838 3553 3881 est

1960 3913 2116 3958 terra.
2167 3904 2327 3961 Verbo
2378 3907 2581 3962 Domini
2608 3911 2740 3964 ϊωιῑ
2785 3913 2974 3980 ﬁrmati
3014 3924 3152 3968 sunt.
3193 3915 3424 3986 ldipsunt
3469 3931 3552 3976 est

1959 3997 2126 4065 enim,
2167 3998 2428 4055 Sermone
2471 4001 2680 4056 Domini
2728 4005 2848 4059 ςαξιί
2895 4005 3107 4061 solidati
3157 4019 3303 4064 sunt.
3338 4011 3553 4069 Dixvrat

1958 4091 2220 4161 superius,
2250 4089 2386 4145 Bene
2410 4094 2576 4147 cauite
2599 4095 2644 4147 ei
2674 4095 2725 4147 in
2746 4083 3067 4163 jubilatione,
3098 4099 3149 4153 id
3183 4112 3285 4165 est,
3312 4101 3553 4158 iueﬂ‘ahi-

1958 4180 2080 4235 liter
2125 4182 2339 4236 canite:
2375 4176 2626 4246 Quoniam
2674 4197 2838 4240 rectus
2882 4195 2956 4242 est
3005 4206 3169 4260 sermo
3212 4191 3449 4260 Domini,
3501 4206 3549 4249 et

1956 4272 2126 4325 omnia
2155 4289 2310 4340 opera
2347 4280 2456 4344 ejus
2493 4276 2544 4328 in
2583 4277 2704 4345 ﬁde.
2735 4276 2874 4331 Nihil
2912 4281 3171 4348 promittit
3199 4291 3255 4337 et
3283 4298 3389 4338 non
3421 4287 3548 4339 red-

1956 4362 2031 4415 dit
2055 4381 2069 4417 :
2094 4362 2261 4418 ildelis
2288 4363 2378 4418 ille
2403 4363 2576 4420 factus
2599 4375 2683 4440 est
2706 4367 2937 4436 debitor,
2960 4379 3076 4424 esto
3105 4379 3179 4426 tu
3213 4388 3406 4429 avarus
3455 4392 3550 4430 ex-

1953 4465 2120 4510 actor.
2148 4456 2349 4511 Deinde
2373 4473 2493 4513 cnm
2526 4459 2766 4525 dixisset,
2800 4460 2986 4516 Omnia
3015 4480 3170 4535 opera
3197 4466 3377 4536 ejurin
3406 4469 3548 4535 ﬁde;

1953 4547 2195 4615 adjunxit
2245 4564 2409 4617 quare
2442 4567 2456 4605 ε
2489 4548 2672 4622 Diligit
2725 4554 3126 4610 miscricordiam
3176 4569 3226 4612 et
3264 4546 3540 4629 judicium.

1951 4637 2050 4704 Qui
2079 4653 2208 4707 ergo
2233 4639 2650 4695 miscricordiam
2680 4642 2874 4709 diligit,
2904 4647 3206 4715 miseretur.
3235 4649 3336 4718 Qui
3363 4660 3544 4707 autem

1953 4729 2255 4796 miseretur,
2282 4740 2460 4800 potest
2485 4735 2800 4802 promittere
2826 4744 2881 4789 et
2907 4721 3187 4804 ttoti'dare,
3208 4742 3298 4809 qui
3321 4740 3344 4772 ³
3366 4752 3545 4809 posset

1950 4818 2081 4873 dare
2108 4820 2317 4874 etiamsi
2360 4837 2464 4876 non
2503 4828 2882 4893 promitteret?
2910 4827 3049 4898 Ergo
3082 4828 3404 4903 quia-diligit
3443 4836 3541 4888 mi-

1931 4910 2318 4978 sericordiam,
2346 4923 2559 4981 oportet
2588 4925 2648 4969 ut
2687 4916 2936 4972 exhibeat
2971 4918 3114 4990 quod
3159 4925 3417 4991 promittit
3445 4942 3459 4977 :
3487 4934 3547 4981 et

1930 5004 2071 5072 quia
2118 5003 2288 5074 diligit
2325 5004 2607 5075 judicium,
2630 5015 2844 5077 oportet
2884 5019 2940 5063 ut
2979 5011 3156 5081 exigat
3192 5014 3332 5081 quod
3371 5014 3537 5073 dedit.

1948 5091 2103 5148 Unde
2133 5093 2245 5162 ipse
2270 5094 2526 5149 Dominus
2547 5096 2676 5150 dicit
2699 5098 2910 5152 cuidam
2947 5116 3144 5155 servo:
3170 5101 3331 5157 Dare:
3367 5113 3418 5158 tu
3456 5124 3539 5175 pe-

1948 5185 2150 5239 cuniam
2174 5201 2358 5253 meam,
2381 5195 2429 5240 et
2455 5203 2546 5257 ego
2571 5189 2770 5243 veniens
2788 5207 2902 5243 eum
2923 5191 3090 5246 usuris
3113 5193 3362 5265 erigerent
3385 5196 3535 5264 (Luc.

2013 5377 2131 5452 {sic
2150 5379 2397 5452 tussi
2425 5393 2580 5452 vero:
2623 5388 2743 5452 4_te
2780 5383 3012 5436 remansit
3048 5386 3224 5450 injuste
3257 5388 3477 5452 adjutus,
3510 5404 3542 5442 ιι

1952 5445 2050 5488 Deo
2071 5438 2266 5490 recessit
2277 5440 2410 5501 juste
2431 5440 2754 5494 damnaridus.

2010 5502 2032 5532 ⁸
2056 5501 2226 5549 Plures
2249 5509 2598 5574 Mss...propter_
2629 5505 2912 5558 varietatem
2951 5507 3201 5570 audiendi,
3239 5525 3337 5574 qua
3373 5513 3536 5574 reﬁci-

1946 5573 2075 5630 ηιμις,
2095 5574 2205 5630 curn
2225 5562 2476 5630 neodem
2488 5562 2670 5630 tritico,
2685 5575 2791 5630 _etc.
2814 5577 3052 5621 Praeterea
3074 5562 3351 5622 seruiodeu:
3371 5562 3535 5630 ﬁniunt

1947 5621 2106 5671 addita
2129 5621 2360 5682 clausula,
2383 5625 2609 5677 conversi
2627 5621 2694 5677 ait
2721 5630 2989 5681 omnium.

2013 5683 2168 5760 {Plit}.
2180 5690 2260 5760 ter.
2272 5692 2334 5760 et
2356 5685 2596 5759 Lov.:.0ui
2609 5692 3057 5760 “mandaretur,
3071 5703 3164 5745 non
3176 5701 3326 5758 potest
3347 5696 3533 5760 premit-

1947 5752 2115 5817 ξετερι
2136 5757 2231 5795 non
2253 5744 2406 5817 dare;
2423 5744 2543 5817 quia
2563 5757 2721 5814 posset
2742 5754 2864 5804 dare
2900 5744 3089 5806 etirmtsi
3107 5744 3202 5806 ma
3215 5744 3524 5817 promitteret

1947 5813 2039 5856 Bos
2056 5805 2135 5856 hic
2150 5805 2402 5870 sequimur
2420 5805 2529 5860 ὼε.

2008 5883 2084 5952 (ιι)
2107 5891 2156 5937 ιιι
2181 5886 2388 5940 ecclesia
2406 5898 2452 5941 δ.
2473 5887 2712 5955 mutaui.
