4008 6318
428 427 528 484 2δῖ

443 558 552 601 xix.
584 538 702 607 95).
723 534 873 604 Quod
902 532 1022 586 ideo
1046 542 1345 590 mouemus,
1374 533 1432 579 ut
1454 522 1689 579 sciamus
1708 514 1854 590 quod
1874 512 2037 570 modo

432 631 759 686 audivimus.
808 628 923 695 Ipse
965 624 1110 679 enim
1150 619 1279 676 dicit
1322 617 1428 673 alio
1472 615 1593 670 loco
1624 612 1676 667 in
1708 607 2035 679 Evangelia:

438 721 548 795 Ego
585 739 686 776 non
717 719 897 791 judico
936 726 1277 787 quemquam:
1306 723 1471 764 sermo
1508 720 1656 776 quem
1687 702 1883 758 locutus
1927 713 2042 750 sunt

444 789 532 875 eis.
566 817 674 885 ipse
689 789 944 884 iudicabit
973 826 1058 863 eos
1086 798 1137 860 in
1169 803 1438 859 novissimo
1462 799 1545 853 die
1571 795 1752 870 (Joan.
1782 808 1898 857 vni,
1935 789 2039 854 l5;

447 924 543 970 xu,
566 880 806 977 i8).l‘lec
827 918 885 958 se
906 908 1147 963 excuset,
1168 899 1257 967 qui
1288 894 1475 949 audire
1500 905 1605 945 non
1626 887 1741 943 vult
1762 899 1835 942 ne
1854 880 2007 955 quasi
2023 881 2043 915 ⁸

447 1002 517 1056 sit
545 972 686 1070 quod
711 997 779 1052 ab
800 996 888 1050 illo
908 994 1167 1064 exigatur.
1192 988 1425 1058 ldipsum
1454 983 1598 1039 enim
1633 977 1893 1049 exigitur,
1919 972 2046 1045 quia

452 1063 623 1143 uoluit
669 1089 913 1157 accipere
962 1098 1084 1138 cum
1136 1080 1373 1135 daretur.
1419 1071 1578 1130 Aliud
1620 1077 1705 1127 est
1743 1063 1887 1125 enim
1936 1077 2046 1119 non

457 1196 615 1251 posse
642 1156 904 1247 accipere,
933 1174 1073 1229 aliud
1105 1171 1247 1227 nolle
1276 1185 1289 1222 :
1321 1168 1428 1223 illic
1454 1161 1731 1220 excusatio
1757 1156 2049 1215 necessita-

454 1272 525 1327 tis
549 1280 650 1335 est,
679 1270 765 1324 hic
795 1275 974 1322 reatus
998 1261 1306 1318 voluntatis.
1328 1259 1491 1329 Ergo,
1530 1254 1704 1309 omnia
1742 1266 1899 1321 opera
1937 1248 2049 1319 ejus

453 1365 507 1417 in
536 1362 638 1431 ﬁde
663 1377 682 1415 :
711 1358 878 1431 diligit
906 1354 1303 1410 misericordiam
1330 1360 1377 1404 et
1394 1347 1667 1421 judicium.
1690 1340 1930 1413 Accipite
1950 1337 2050 1393 mi-

451 1429 828 1518 sericordiam,
858 1458 911 1506 et
942 1450 1123 1518 timete
1147 1443 1406 1518 judicium
1430 1456 1446 1504 ;
1477 1453 1546 1493 ne
1572 1436 1665 1492 ille
1691 1448 1814 1490 cum
1841 1429 2051 1486 venerit

452 1559 510 1603 ut
535 1548 712 1618 exigat
743 1560 858 1609 uos,
885 1545 963 1598 sic
987 1558 1086 1597 nos
1111 1541 1290 1610 exigat
1314 1545 1374 1591 ut
1398 1533 1586 1590 inanes
1602 1526 1856 1586 dimittat.
1874 1520 2053 1594 Exigit

453 1643 596 1697 enim
639 1641 936 1702 rationem;
967 1633 1176 1690 reddita
1206 1630 1436 1694 ratione,
1472 1626 1638 1681 donat
1671 1618 2047 1678 aeternitatem.

455 1731 695 1800 Accipite
718 1742 850 1799 ergo
875 1721 1323 1787 misericordiam,
1353 1719 1565 1783 fratres,
1593 1712 1920 1785 accipiamus
1942 1724 2054 1767 om-

459 1841 579 1882 nes.
621 1825 789 1881 Nemo
834 1830 1077 1878 nostrum
1128 1820 1181 1874 in
1227 1813 1542 1888 accipiendo
1580 1810 1830 1877 dormiat,
1873 1822 1944 1865 ne
1978 1806 2051 1863 ad

458 1916 789 1975 reddendum
820 1914 960 1971 male
978 1914 1000 1946 ⁸
1023 1912 1307 1970 excitetur.
1328 1906 1570 1978 Accipite
1593 1901 2049 1960 misericordiam:

456 2014 537 2064 sic
576 2008 645 2064 ad
685 2023 785 2063 nos
827 2006 1023 2063 clamat
1051 2005 1227 2069 Deus,
1255 2011 1505 2070 tanquam
1545 1997 1589 2053 si
1621 2004 1864 2067 tempore
1898 1991 2056 2049 famis

458 2100 748 2163 diceretur,
795 2096 1035 2168 Accipite
1085 2093 1432 2151 frumentum.
1477 2088 1632 2159 Quod
1674 2102 1795 2144 cum
1840 2084 2055 2141 audires

459 2201 703 2260 tempore
723 2188 900 2254 famis,
922 2185 1166 2259 profecto
1191 2184 1310 2254 ipso
1336 2180 1555 2237 stimulo
1574 2177 1909 2234 necessitatis
1927 2191 2057 2232 con-

456 2282 597 2344 citus
638 2293 925 2347 curreres,
960 2288 1185 2335 versans
1214 2283 1268 2330 te
1295 2271 1396 2328 bac
1422 2282 1583 2341 atque
1611 2269 1754 2332 illac,
1784 2280 2055 2339 quaereres

458 2373 601 2429 unde
614 2371 889 2443 acciperes
904 2367 1048 2440 quod
1068 2367 1268 2423 dictum
1285 2372 1391 2431 est,
1404 2361 1665 2431 Accipite.
1681 2359 1751 2414 Et
1769 2372 1889 2413 cum
1908 2356 2057 2412 inve-

458 2466 604 2521 nires
628 2463 672 2530 ³,
693 2461 910 2535 quando
939 2469 992 2516 te
1032 2457 1283 2515 teneres?
1318 2470 1478 2528 quam
1507 2467 1712 2508 moram
1744 2452 2054 2519 interpone-

455 2558 579 2613 res?
603 2556 692 2613 Sic
715 2565 772 2612 et
796 2568 941 2610 nunc
965 2552 1165 2607 dictum
1192 2557 1297 2617 est,
1329 2545 1567 2616 Accipite
1608 2540 2051 2598 misericordiam.

456 2648 639 2721 Diligit
660 2646 801 2702 enim
824 2642 1222 2701 misericordiam
1248 2650 1293 2694 et
1308 2632 1734 2710 judicium.Cum
1756 2630 2051 2701 acceperis,

457 2740 597 2796 bene
644 2747 825 2801 utere;
854 2746 907 2791 ut
953 2733 1149 2790 bonam
1198 2731 1458 2785 rationem
1503 2724 1717 2787 reddas,
1755 2737 1875 2777 eum
1913 2721 2055 2790 judi-

457 2830 598 2885 cium
624 2825 830 2884 venerit
853 2824 973 2896 ejus
995 2823 1085 2894 qui
1115 2821 1205 2876 tibi
1234 2818 1394 2874 modo
1422 2823 1684 2889 prmrogat
1708 2814 1759 2868 in
1789 2813 1889 2867 ista
1918 2810 2056 2867 fame

458 2916 903 2976 misericordiam.

527 3012 582 3068 3.
611 3009 763 3086 [υεη.
796 3006 876 3083 5.]
902 3006 1037 3063 Nolo
1062 3019 1189 3077 ergo
1233 3000 1362 3057 mibi
1402 3000 1569 3063 dicas,
1605 2997 1760 3054 Unde
1799 2995 2055 3066 accipio?

458 3120 567 3176 quo
595 3102 705 3160 eo?
741 3098 1051 3156 Recordare
1096 3094 1236 3166 quod
1267 3091 1514 3156 Cantasti,
1563 3086 1917 3144 Misericordia
1947 3085 2057 3139 Do-

458 3194 583 3250 mini
608 3193 765 3263 plena
785 3200 857 3246 est
886 3199 1040 3244 terra.
1067 3186 1167 3243 Ubi
1196 3184 1307 3255 jam
1334 3198 1438 3237 non
1470 3178 1815 3250 Evangelium
1856 3176 2055 3247 praedi-

457 3286 649 3346 catur?
685 3283 774 3339 ubi
819 3295 998 3337 sermo
1040 3276 1251 3333 Domini
1301 3272 1483 3331 tacet?
1513 3270 1604 3327 ubi
1647 3269 1794 3325 salus
1837 3267 2056 3323 cessat?

457 3379 606 3449 Opus
632 3384 717 3433 est
757 3385 816 3431 ut
854 3372 988 3429 velis
1013 3370 1258 3439 accipere
1289 3386 1302 3421 :
1336 3366 1489 3437 plena
1515 3372 1642 3419 sunt
1668 3361 1883 3416 horrea.
1926 3359 2055 3415 Haec

458 3472 574 3542 ipsa
618 3466 893 3541 plenitudo
922 3476 976 3520 et
1001 3460 1324 3517 abundantia
1376 3474 1482 3512 non
1513 3466 1565 3512 te
1606 3454 1912 3511 venientem
1955 3468 2054 3508 ex-

457 3570 860 3635 spectaverunt,
889 3559 983 3615 sed
1013 3557 1080 3613 ad
1106 3555 1463 3611 dormientem
1491 3551 1605 3621 ipsa
1633 3556 1915 3605 venerunt.
1936 3547 2054 3603 Non

457 3657 658 3714 dictum
688 3665 791 3717 est,
819 3653 1050 3723 Surgam
1079 3659 1285 3719 gentes,
1313 3657 1369 3703 et
1396 3656 1519 3702 eant
1549 3644 1615 3699 ad
1643 3658 1807 3698 unum
1839 3643 2052 3697 locum:

460 3748 557 3805 sed
586 3746 895 3802 aununtiata
924 3751 1047 3797 sunt
1073 3741 1172 3796 ista
1198 3737 1446 3811 gentibus
1477 3736 1565 3791 ubi
1591 3743 1765 3800 erant,
1794 3740 1854 3788 ut
1879 3731 2057 3811 adimf

462 3841 701 3913 pleretur
714 3836 908 3894 exinde
930 3803 1417 3906 prophetia'dicens
1449 3846 1462 3882 :
1494 3827 1738 3883 Adorabit
1763 3841 1878 3880 eum
1900 3803 2058 3880 unus;

460 3933 669 4005 quisque
707 3930 771 3984 de
798 3930 909 3983 loco
938 3943 1028 3981 suo
1060 3923 1251 3998 (Sapit.
1283 3938 1341 3985 ιι,
1374 3916 1485 3990 ll).

531 4024 586 4079 4.
615 4021 765 4096 [verm
812 4017 895 4093 6.}
923 4013 1279 4071 Misericordia
1329 4009 1534 4065 Domini
1586 4007 1736 4077 plena
1780 4014 1855 4060 est
1897 4013 2053 4061 terra.

460 4114 599 4185 Quid
622 4111 786 4170 εωιιτ
810 4109 945 4165 Audi
976 4109 1099 4178 quid
1130 4105 1269 4161 εαξη.
1297 4103 1412 4159 Νοιι
1442 4102 1584 4157 enim
1614 4098 1857 4171 indigent
1888 4099 2055 4155 mise-

463 4203 714 4269 ricordia,
741 4202 833 4258 ubi
860 4199 1000 4255 nulla
1025 4208 1109 4253 est
1156 4196 1391 4251 miseria.
1422 4191 1481 4248 In
1512 4200 1657 4247 terra
1686 4189 1923 4245 abundat
1952 4187 2056 4245 ho-

462 4298 623 4354 minis
670 4293 907 4357 miseria,
955 4286 1351 4359 superabuudat
1388 4282 1595 4339 Domini
1640 4279 2051 4337 misericordia:

461 4390 677 4451 miseria
707 4386 937 4443 hominis
976 4384 1129 4454 plena
1159 4389 1238 4437 est
1267 4390 1431 4445 terra,
1459 4386 1515 4431 et
1546 4372 1912 4430 misericordia
1943 4373 2054 4427 Do-

461 4483 589 4539 mini
616 4481 767 4551 plena
794 4487 877 4534 est
898 4483 1061 4531 terra.
1089 4472 1387 4541 leiergo,
1417 4467 1505 4523 ubi
1534 4467 1677 4522 nulla
1705 4474 1788 4521 est
1814 4465 2052 4531 miseria,

460 4569 716 4642 numquid
741 4568 863 4639 quia
890 4581 996 4621 non
1025 4563 1261 4634 indigent
1280 4556 1663 4623 misericordia,
1683 4570 1789 4611 non
1815 4554 2057 4625 indigent

462 4661 727 4718 Domino?
752 4657 939 4713 Omnia
961 4655 1199 4724 indigent
1218 4650 1463 4714 Domino,
1487 4658 1540 4703 et
1559 4647 1755 4701 misera
1776 4653 1829 4699 et
1852 4644 2048 4700 felicia.

459 4753 589 4806 Sine
629 4750 721 4805 illo
766 4747 931 4804 miser
973 4760 1079 4799 non
1120 4743 1452 4806 sublevatur,
1500 4739 1617 4793 sine
1646 4737 1737 4791 illo
1777 4736 1907 4792 felix
1944 4751 2054 4792 non

460 4845 662 4913 regitur
690 4840 731 4893 ‘.
762 4838 924 4909 Ergo,
957 4851 1026 4891 ne
1053 4833 1189 4890 forte
1215 4832 1285 4888 de
1313 4832 1465 4887 caelis
1485 4843 1776 4900 quiereres,
1808 4843 1930 4882 cum
1960 4842 2054 4881 au-

456 4936 622 4999 dires,
660 4928 1012 4985 Misericordia
1054 4925 1261 4980 Domini
1287 4924 1439 4995 plena
1479 4932 1551 4977 est
1581 4928 1732 4985 terra,
1766 4918 1891 4974 audi
1926 4918 2051 4989 quia

458 5022 686 5079 Domino
709 5029 764 5076 et
778 5019 900 5075 caeli
922 5016 1190 5086 indigent;
1219 5014 1467 5070 Sermone
1488 5010 1696 5065 Domini
1714 5008 1829 5063 cali
1846 5008 2054 5064 solidati

455 5122 593 5169 sunt.
623 5110 754 5167 Nam
786 5124 891 5162 non
916 5120 947 5160 a
987 5120 1046 5160 se
1072 5104 1170 5159 sibi
1218 5103 1626 5159 solitlamentum
1671 5098 1905 5164 fuerunt,
1952 5113 2052 5155 nec

455 5202 558 5277 ipsi
587 5200 708 5256 caeli
733 5199 1037 5253 firmitatem
1061 5195 1161 5250 sibi
1186 5194 1453 5264 propriam
1473 5192 1856 5260 praestiterunt.
1893 5188 2050 5243 Verbo

463 5293 667 5348 Domini
688 5290 801 5346 curii
825 5289 1016 5359 ﬁrmati
1039 5296 1177 5351 sunt,
1209 5296 1253 5339 et
1278 5286 1476 5355 Spiritu
1499 5283 1601 5336 oris
1626 5283 1741 5353 ejus
1763 5282 1927 5335 ontnis
1952 5283 2052 5336 vir-

457 5395 537 5439 tus
561 5401 754 5439 eorum.
784 5381 902 5437 Non
928 5380 1231 5435 habuerunt
1272 5376 1471 5445 aliquid
1499 5392 1561 5428 ex
1593 5390 1670 5433 se.
1704 5384 1757 5427 ct
1800 5382 2048 5442 tauquam

453 5477 883 5549 supplementum
912 5488 944 5528 a
974 5472 1199 5527 Domino
1243 5480 1617 5541 perceperunt.
1664 5468 1867 5537 Spiritu
1906 5469 2046 5522 enim

517 5631 533 5663 ¹
562 5637 611 5680 In
632 5627 767 5686 Fxld.,
789 5639 851 5678 ne
1034 5638 1128 5675 non
1156 5624 1237 5674 sit.
1264 5625 1411 5674 Abest
1426 5622 1678 5691 particula,
1704 5634 1815 5682 twn,
1838 5634 1867 5670 τι
1893 5631 1997 5672 Mss.

515 5693 535 5727 ³
562 5698 633 5739 Er.
659 5698 713 5739 et
734 5684 864 5746 ιον..
885 5684 1083 5739 malum.
1114 5694 1169 5734 Αι
1190 5698 1289 5733 All].
1319 5693 1371 5734 et.
1394 5692 1520 5741 Mss,
1545 5684 1687 5746 male.

516 5754 538 5785 ³
561 5751 674 5800 Edd.
696 5764 708 5799 :
738 5756 791 5801 Et
812 5743 925 5799 cum
946 5747 1147 5799 venires.
1167 5756 1230 5812 ΔΑι
1251 5746 1419 5812 plures
1440 5754 1566 5812 stssu
1594 5743 1846 5812 iureiure}.

515 5812 929 5884 fueg.’et.\'atig.
970 5818 1103 5884 31.55.,
1133 5804 1354 5884 sine'illo
1393 5807 1512 5871 filia:
1556 5820 1650 5875 non
1685 5805 1909 5867 erigitur.
1954 5804 2043 5855 Alii

456 5868 668 5940 quiutu
691 5886 706 5924 :
734 5873 837 5925 sine
857 5868 943 5925 illo
960 5872 1083 5934 felt:
1103 5877 1226 5934 eget.
1393 5868 1402 5871 '
1623 5869 1629 5875 '

1720 406 1780 464 S.
1820 396 2188 461 AUGUSTlNl
2231 398 2532 456 EPISCOPI

3634 405 3742 463 Q88

2145 509 2249 564 oris
2272 526 2382 580 ejus
2413 526 2517 565 non
2549 525 2692 580 pars,
2726 510 2818 566 sed
2850 512 3014 569 omnis
3038 514 3194 568 virtus
3222 530 3415 569 eorum.

2216 602 2271 658 5.
2305 602 2466 666 Sane,
2496 605 2708 665 fratres,
2736 604 2912 659 videte
2938 605 3129 661 eadem
3159 622 3319 678 opera
3348 608 3467 664 Filii
3492 619 3550 666 et
3570 611 3746 682 Spiri-

2148 702 2234 749 tus
2258 698 2452 749 sancti.
2484 695 2598 750 Non
2625 696 2767 751 enim
2800 698 3130 768 negligenter
3155 702 3585 769 prtetereundum
3616 715 3702 758 est
3727 747 3747 770 ,

2147 793 2367 857 propter
2392 785 2652 857 quosdam
2698 787 2910 858 iniquos
2951 788 3274 846 discretores
3316 801 3372 845 et
3411 792 3750 851 turbulentos

2147 877 2480 933 confusores.
2512 878 2805 951 Utrumque
2830 882 2971 935 enim
3000 882 3140 937 male
3168 883 3245 937 fit.
3275 883 3619 942 Confunduut
3648 890 3747 953 illi.

2149 970 2290 1025 male
2317 968 2694 1037 discernenda,
2725 981 3025 1026 creaturam
3051 989 3175 1028 cum
3213 975 3509 1043 Creatore;
3538 989 3594 1033 et
3623 996 3748 1036 cum

2150 1061 2222 1118 sit
2236 1071 2449 1118 creator
2465 1061 2693 1133 Spiritus
2714 1063 2830 1124 Dei.
2848 1064 2990 1119 inter
3002 1078 3278 1122 creaturas
3297 1083 3417 1122 eum
3440 1085 3743 1127 numerant.

2151 1152 2230 1209 Illi
2254 1152 2581 1220 discernunt,
2610 1163 2666 1210 et
2691 1154 3023 1212 confundunt
3052 1174 3065 1210 :
3095 1158 3509 1220 confundantur.
3536 1174 3593 1215 ut
3612 1178 3743 1217 cono

2151 1252 2448 1300 vertantur.
2490 1244 2631 1300 Audi
2671 1245 2833 1300 modo
2872 1263 3038 1302 unum
3086 1264 3221 1319 opus
3264 1249 3378 1303 Filii
3422 1263 3473 1305 et
3514 1250 3749 1322 Spiritus

2152 1335 2347 1393 sancti.
2378 1335 2609 1392 Verbum
2638 1347 2785 1394 certe
2820 1338 2915 1394 Dei
2959 1339 3125 1395 Filius
3153 1352 3257 1406 est,
3304 1356 3359 1397 et
3381 1346 3607 1413 Spiritus
3638 1351 3752 1402 oris

2153 1429 2271 1500 ejus
2296 1428 2527 1499 Spiritus
2575 1440 2794 1486 sanctus
2821 1440 2923 1487 est.
2965 1431 3128 1487 Verbo
3156 1433 3366 1489 Domini
3387 1440 3499 1493 σαιιὲ
3544 1442 3751 1495 solidati

2151 1528 2289 1577 sunt.
2317 1520 2456 1589 Quid
2480 1531 2566 1579 est
2591 1532 2770 1579 autem
2807 1524 3064 1581 solidatos
3088 1543 3227 1592 esse,
3278 1530 3377 1584 uisi
3409 1529 3607 1595 habere
3634 1528 3747 1588 sta-

2151 1613 2317 1673 bilem
2339 1621 2397 1670 et
2433 1613 2644 1669 ﬁrmam
2668 1615 2920 1671 virtutem
2939 1616 2965 1670 τ
2995 1616 3061 1671 Et
3088 1617 3286 1688 Spiritu
3312 1622 3416 1675 oris
3440 1624 3551 1692 ejus
3588 1627 3755 1681 omnis

2154 1710 2316 1766 pinus
2340 1724 2537 1767 eorum.
2564 1708 2750 1770 Posset
2777 1719 2831 1769 et
2857 1711 2936 1770 sic
2963 1710 3089 1775 dici,
3123 1711 3324 1784 Spiritu
3353 1715 3461 1769 oris
3491 1717 3608 1784 ejus
3626 1720 3753 1774 coeli

2155 1804 2372 1862 solidati
2424 1815 2568 1874 sunt,
2598 1816 2655 1865 et
2705 1809 2879 1865 Verbo
2906 1806 3111 1867 Domini
3142 1810 3317 1869 omnis
3339 1808 3506 1871 virtus
3537 1831 3752 1874 eorum.

2155 1894 2309 1964 Quod
2345 1905 2432 1953 est
2475 1897 2619 1953 enim
2660 1900 2825 1954 omnis
2865 1902 3022 1957 virtus
3045 1910 3254 1970 eorum,
3299 1907 3399 1961 hoc
3425 1919 3506 1962 est
3546 1908 3756 1966 solidati

2155 1994 2292 2041 sunt.
2323 1981 2437 2044 Hoc
2462 2002 2592 2060 ergo
2617 1987 2745 2046 facit
2781 1991 2945 2047 Filius
2971 2002 3025 2049 et
3059 1993 3287 2065 Spiritus
3316 2008 3555 2056 sanctus.
3586 2001 3755 2058 Num-

2157 2065 2285 2146 quid
2312 2079 2429 2137 sine
2455 2078 2615 2137 Patre
2633 2081 2660 2135 τ
2683 2081 2814 2152 Quis
2840 2097 2968 2155 ergo
2994 2085 3119 2140 facit
3140 2101 3233 2155 per
3257 2087 3490 2144 Verbum
3519 2108 3676 2147 suum
3698 2103 3755 2151 et

2157 2167 2417 2239 Spiritum
2446 2186 2624 2238 suum.
2654 2173 2757 2229 nisi
2784 2175 2936 2246 cujus
2968 2175 3201 2235 Verbum
3231 2188 3334 2247 est,
3370 2192 3423 2236 et
3451 2186 3571 2251 cuju
3630 2186 3756 2257 Spi-

2157 2261 2331 2318 ritus?
2354 2262 2587 2321 Trinitas
2613 2281 2741 2339 ergo
2766 2266 2882 2323 hate
2908 2283 3046 2325 unus
3076 2270 3236 2327 Deus.
3268 2270 3419 2326 lluuc
3449 2273 3633 2331 ιιόυιιιιι
3661 2280 3754 2348 qui

2158 2354 2307 2409 novit
2326 2355 2573 2422 adorare,
2599 2356 2740 2413 hunc
2764 2357 2962 2428 ubique
2988 2358 3151 2415 habet
3173 2359 3263 2431 qui
3287 2363 3302 2395 ¹
3328 2378 3387 2418 se
3403 2368 3752 2423 converterit.

2157 2442 2275 2499 Non
2317 2445 2459 2502 enim
2484 2447 2743 2516 quaeritur
2765 2447 2833 2503 ab
2861 2451 3100 2517 aversis;
3138 2453 3232 2506 sed
3273 2453 3386 2522 ipse
3415 2466 3570 2510 vocnt
3598 2470 3755 2513 avero

2157 2548 2268 2595 sos.
2296 2544 2355 2591 ut
2383 2536 2602 2607 impleat
2627 2551 2938 2594 conversos.

2230 2628 2284 2685 6.
2316 2628 2479 2694 Sane,
2512 2629 2725 2696 fratres,
2772 2633 3009 2700 exceptis
3053 2633 3158 2688 illis
3196 2635 3349 2691 caelis
3387 2639 3756 2707 superioribus

2160 2723 2355 2794 ignotis
2397 2724 2553 2779 nobis
2582 2725 2633 2779 in
2664 2736 2804 2780 terra
2841 2726 3229 2793 laborantibus,
3262 2738 3319 2784 et
3362 2746 3455 2799 per
3494 2731 3756 2790 humanas

2158 2815 2495 2886 conjecturas
2560 2825 2849 2887 utcumque
2892 2817 2992 2872 ista
3052 2820 3461 2890 qozerentibus;
3510 2828 3756 2895 exi-eptis

2159 2923 2289 2979 ergo
2317 2908 2424 2965 illis
2445 2908 2618 2977 cmlis,
2658 2909 2747 2980 qui
2777 2910 3045 2980 quomodo
3074 2912 3181 2967 sint
3209 2928 3371 2983 super
3410 2915 3636 2971 invict-tn
3664 2919 3753 2973 vel

2159 3012 2291 3073 quot
2325 3002 2453 3066 sint,
2498 3002 2583 3058 vel
2607 3002 2799 3074 quibus
2824 3004 2995 3059 modis
3021 3003 3258 3061 distincti
3289 3007 3416 3074 siut,
3446 3010 3636 3077 quibus
3664 3011 3756 3067 in-

2159 3092 2294 3149 colis
2318 3093 2521 3165 impleti
2540 3086 2670 3161 sint,
2692 3110 2794 3165 qua
2817 3094 3168 3164 dispositione
3189 3110 3461 3168 regantur,
3480 3104 3757 3170 quomodo

2160 3186 2233 3242 ibi
2277 3202 2415 3242 unus
2454 3187 2670 3257 quidam
2719 3188 2951 3260 hymnus
2991 3188 3304 3245 indeficieus
3347 3194 3637 3247 concito-us
3685 3198 3758 3249 ab

2159 3280 2408 3355 omnibus
2452 3278 2707 3349 praedicet
2734 3280 2900 3335 Deum
2929 3281 2974 3349 ',
3006 3283 3227 3337 multum
3255 3294 3337 3337 est
3374 3285 3439 3338 ad
3480 3302 3577 3341 nos
3606 3290 3759 3346 inve.

2160 3372 2297 3437 nire,
2328 3372 2619 3442 satagimus
2648 3382 2824 3427 tamen
2852 3372 3151 3441 pervenire.
3184 3372 3258 3427 lbi
3289 3383 3372 3429 est
3404 3377 3546 3432 enim
3576 3381 3753 3447 patria

2160 3474 2366 3529 nostra,
2398 3477 2555 3533 quam
2584 3462 2737 3533 longa
2764 3463 2992 3519 fortasse
3024 3465 3451 3535 peregrinatione
3475 3468 3624 3521 obliti
3652 3487 3720 3523 su
3739 3503 3753 3510 -

2160 3569 2303 3610 mus.
2335 3555 2448 3610 Vox
2478 3554 2621 3610 enim
2666 3562 2844 3609 nostra
2875 3564 2958 3609 est
2988 3556 3039 3608 in
3081 3554 3174 3609 illo
3203 3557 3406 3626 psalmo
3444 3576 3457 3611 :
3501 3558 3613 3613 Heu
3641 3578 3756 3627 me,

2159 3647 2399 3719 quoniam
2442 3646 2777 3718 peregrinatio
2820 3662 2931 3699 mea
2973 3646 3253 3717 longinqua
3298 3650 3433 3719 facta
3460 3660 3531 3703 est
3574 3648 3755 3723 (Psnl.

2159 3755 2303 3804 cxtx,
2336 3737 2426 3811 5)!
2470 3738 2611 3809 Ergo
2637 3736 2705 3793 de
2730 3736 2835 3792 illis
2860 3737 3011 3792 cmiis
3052 3746 3109 3791 ct
3134 3738 3263 3792 mibi
3301 3738 3518 3795 difticile
3545 3752 3625 3796 est
3643 3742 3760 3798 dis-

2160 3837 2352 3899 putare
2383 3869 2400 3894 ,
2444 3827 2490 3883 si
2532 3836 2707 3882 tamen
2748 3844 2852 3881 non
2884 3826 3236 3897 impossibile.
3280 3838 3336 3884 et
3363 3831 3512 3884 vobis
3554 3832 3759 3888 iutelli~

2159 3935 2306 3991 gere.
2338 3918 2497 3976 Certe
2525 3920 2614 3990 qui
2641 3934 2727 3974 me
2756 3918 2809 3973 iu
2858 3918 2939 3973 bis
2966 3920 3125 3973 rebus
3155 3919 3427 3977 intellectu
3469 3925 3753 3994 pta-venit,

2160 4013 2369 4069 fruatur
2412 4029 2519 4083 quo
2567 4014 2871 4084 praecessit,
2920 4024 2974 4068 et
3020 4022 3138 4068 oret
3178 4030 3279 4087 pro
3323 4032 3411 4073 me
3457 4027 3516 4073 ut
3557 4033 3759 4089 sequar

2159 4122 2280 4177 ego.
2311 4106 2527 4161 Interim
2554 4106 2791 4177 exceptis
2818 4106 2922 4160 illis
2946 4106 3119 4172 cmlis,
3154 4106 3327 4165 habeo
3350 4108 3419 4164 de
3447 4111 3638 4180 quibus
3667 4112 3759 4168 liic

2159 4208 2448 4269 utcumque
2489 4198 2771 4264 disseram,
2814 4198 2969 4252 nobis
3008 4199 3279 4268 proximos
3326 4201 3495 4257 caalos
3534 4214 3758 4263 sanctos

2159 4291 2255 4348 Dei
2284 4290 2591 4362 Apostolos,
2623 4289 3001 4359 prmdicatores
3029 4290 3177 4346 verbi
3202 4293 3463 4357 veritatis,
3489 4310 3582 4364 per
3612 4311 3756 4365 quos

2158 4387 2328 4444 caelos
2363 4384 2619 4456 compluti
2647 4401 2856 4451 sumus,
2896 4394 2955 4440 ut
2983 4401 3079 4455 per
3117 4395 3283 4441 totttm
3315 4387 3570 4443 mundum
3598 4406 3757 4458 seges

2159 4478 2414 4535 Ecclesia:
2454 4476 2775 4547 pullularet;
2804 4476 2903 4531 etsi
2944 4493 3067 4531 cum
3096 4465 3312 4533 zizaniis
3356 4478 3567 4534 interim
3593 4494 3751 4534 cout-

2158 4586 2375 4629 munem
2399 4570 2587 4627 bibens
2612 4571 2861 4640 pluviam,
2885 4569 2978 4624 sed
3003 4581 3178 4627 tamen
3204 4570 3459 4627 horreum
3476 4587 3581 4628 nou
3607 4571 3754 4629 bubi-

2160 4672 2277 4719 tura
2301 4676 2626 4728 commune._

2229 4755 2284 4810 7.
2308 4752 2450 4823 Ergo
2463 4742 2582 4807 cum
2603 4751 2801 4807 dictum
2823 4762 2985 4818 esset,
3004 4750 3353 4809 Misericordia
3376 4753 3583 4809 Domini
3597 4756 3754 4826 plerm

2157 4855 2231 4903 est
2265 4856 2398 4900 terra
2431 4860 2452 4899 :
2481 4844 2631 4915 quasi
2676 4859 2970 4914 quaereres,
3022 4842 3172 4900 Unde
3218 4843 3434 4915 impleta
3477 4857 3557 4902 est
3604 4856 3750 4903 terra

2157 4935 2519 4993 misericordia
2551 4933 2798 4989 Domini?
2830 4934 2982 4990 Prius
3010 4934 3158 4990 missi
3188 4944 3313 4991 sunt
3338 4937 3481 5000 eali,
3513 4939 3601 5007 qui
3643 4941 3751 4994 tui-

2156 5026 2499 5082 sericordiam
2526 5024 2734 5079 Domini
2775 5032 3087 5094 spargerent
3114 5040 3277 5095 super
3305 5035 3522 5087 terram.
3561 5037 3616 5083 et
3646 5030 3751 5085 hoc

2156 5131 2320 5187 super
2365 5124 2529 5170 totam
2577 5125 2794 5169 terram.
2824 5114 2958 5170 Nam
2997 5115 3117 5179 vide
3161 5116 3286 5188 quid
3325 5117 3393 5172 de
3437 5119 3566 5189 ipsis
3594 5122 3750 5177 caelis

2155 5208 2279 5263 alibi
2304 5207 2497 5263 dicitur
2520 5224 2532 5257 :
2557 5205 2689 5297 Gali.
2708 5213 2946 5259 enarrant
2983 5205 3199 5276 gloriam
3227 5205 3348 5273 Dei,
3386 5218 3432 5262 et
3454 5226 3609 5281 opera
3636 5228 3750 5265 nta-

2155 5320 2312 5356 nuum
2354 5318 2463 5367 ejus
2505 5299 2778 5353 annuntiat
2820 5299 3212 5363 ﬁrmamentum.
3260 5300 3415 5368 Quod
3456 5297 3615 5365 (εαξη,
3646 5302 3750 5357 hoc

2156 5396 2566 5448 firmamentum.
2601 5388 2719 5444 Dies
2760 5390 2863 5443 diei
2901 5400 3092 5442 eructat
3132 5390 3355 5455 verbum,
3397 5401 3444 5445 et
3482 5407 3584 5444 nos:
3611 5393 3748 5446 nocti

2154 5495 2419 5539 annuntiat
2457 5482 2735 5537 scientiam.
2769 5481 2881 5534 Non
2926 5490 3185 5545 cessatur,
3232 5496 3338 5536 non
3370 5490 3593 5536 tacetur.
3638 5482 3747 5538 Sed

2156 5578 2242 5631 ubi
2289 5574 2729 5644 ριίυιΙίνεινυιἹιιιῑ,
2772 5579 2830 5626 et
2867 5585 3144 5642 quousque
3188 5572 3589 5643 pervenerunt?
3620 5571 3747 5629 Non

2152 5678 2269 5722 sunt
2312 5666 2541 5735 (aquila;
2574 5679 2729 5733 neque
2758 5678 3030 5729 sermones,
3066 5679 3281 5730 quorum
3324 5679 3424 5719 non
3465 5663 3747 5720 audiantur

2218 5802 2230 5832 ¹
2259 5799 2332 5846 sic
2354 5804 2460 5845 Mss.
2487 5804 2541 5845 Αι
2563 5795 2696 5849 add,
2725 5806 2817 5857 quo
2839 5807 2888 5844 se
2910 5792 3208 5857 conuerterit.

2216 5864 2237 5893 ³
2258 5867 2361 5911 Mss.
2401 5866 2515 5922 Reg.
2544 5866 2595 5908 et
2614 5856 2780 5918 \atie.,
2804 5856 3097 5920 praxinetur
3120 5864 3240 5907 Deo.
