4008 6366
249 397 353 455 9.89

252 530 390 567 voces
415 529 608 567 eorum.
641 509 749 567 Sed
778 509 880 564 hoc
901 508 1130 579 pertinet
1157 504 1224 559 ad
1251 503 1302 558 id
1325 503 1445 573 quia
1474 500 1711 555 omnium
1744 495 1846 550 lin-

252 606 368 674 guis
395 604 553 658 loculi
582 611 709 656 sunt
737 603 787 655 in
816 616 924 656 uno
950 600 1068 654 loco
1099 597 1236 667 (Act.
1273 613 1330 661 tl,
1356 596 1433 664 4).
1463 592 1713 648 Omnium
1748 588 1850 641 lin-

253 699 371 767 guis
402 696 586 762 locuti,
618 694 975 764 impleverunt
1003 691 1143 760 quod
1187 690 1386 743 dictum
1428 696 1529 749 cst,
1586 683 1706 736 Non
1735 687 1850 734 sunt

254 787 470 857 loquela:
509 802 666 854 neque
703 798 978 847 sermones,
1010 797 1223 853 quorum
1252 795 1351 833 non
1395 777 1671 830 audiantur
1707 785 1850 826 voces

255 894 448 934 eorum.
466 876 572 933 Sed
601 876 934 947 quzcro,ipsa
951 889 1050 928 vox
1081 874 1134 926 in
1153 871 1400 926 omnibus
1430 868 1620 936 linguis
1648 879 1850 931 quous-

256 987 360 1041 que
381 971 703 1042 pervenerit,
725 985 845 1040 quzc
869 968 1188 1036 impleverit.
1209 964 1344 1018 Audi
1375 977 1502 1030 ergo
1522 958 1661 1029 quod
1682 957 1853 1025 sequi-

259 1071 376 1116 tur:
410 1061 472 1116 In
488 1079 683 1133 omnem
705 1071 890 1114 tetram
911 1059 1030 1113 exiit
1049 1074 1201 1112 sonus
1223 1071 1414 1118 eorum,
1435 1064 1479 1106 et
1497 1053 1548 1105 in
1574 1053 1700 1120 ﬁnes
1717 1048 1854 1102 orbis

257 1165 408 1207 terra:
424 1152 572 1207 verba
591 1167 758 1206 eorum
777 1149 944 1221 (Psat.
969 1164 1116 1212 xvm,
1139 1145 1280 1211 2—5).
1297 1147 1557 1212 Quorum,
1574 1140 1673 1194 nisi
1691 1137 1855 1192 ecclo-

258 1259 376 1296 rum
397 1243 486 1312 qui
512 1251 765 1296 enarrant
793 1239 1016 1309 gloriam
1042 1237 1131 1289 Dei
1153 1237 1176 1288 ?
1200 1236 1339 1302 Ergo
1367 1233 1479 1286 siin
1503 1244 1715 1284 munem
1749 1237 1855 1281 ter-

259 1350 372 1387 ram
392 1334 521 1388 exiit
540 1345 703 1386 sonus
722 1345 926 1390 comm,
946 1339 1000 1382 ct
1023 1327 1073 1380 in
1091 1328 1223 1379 lines
1238 1325 1383 1377 orbis
1401 1335 1556 1375 terra:
1579 1320 1738 1375 verba
1761 1332 1854 1371 eo-

261 1442 400 1484 rum.
428 1425 550 1494 quid
582 1421 987 1493 prardicaveriut
1016 1420 1191 1483 nobis,
1221 1417 1417 1471 iudicet
1443 1415 1596 1468 nobis
1623 1411 1710 1482 qui
1735 1410 1857 1465 illos

260 1516 426 1570 misit.
468 1514 668 1569 Iudicat
695 1514 872 1583 plane,
915 1509 1139 1564 ﬁdeliter
1188 1507 1387 1561 indicat
1415 1523 1428 1558 :
1457 1505 1578 1574 quia
1623 1512 1678 1557 et
1702 1510 1857 1554 autc-

261 1623 421 1678 quam
454 1605 639 1661 ﬁerem
674 1602 914 1674 praedixit
950 1601 1146 1662 futura,
1180 1599 1268 1652 ille
1296 1597 1449 1665 cujus
1487 1593 1663 1649 omnia
1694 1607 1857 1662 opera

264 1701 316 1754 iu
365 1698 487 1753 ﬁde.
519 1696 834 1752 Resurrcxit
871 1698 1013 1748 enim
1042 1707 1072 1745 a
1119 1691 1365 1752 mortuis,
1413 1697 1466 1742 et
1515 1683 1861 1741 contrectatis

267 1791 524 1846 membris
551 1790 661 1844 suis
687 1789 895 1858 agnitus
922 1802 950 1839 a
980 1783 1304 1852 “discipulis
1340 1781 1452 1833 suis
1489 1779 1561 1832 ait
1589 1796 1603 1831 :
1639 1776 1859 1844 Oporte-

266 1883 348 1936 bat
389 1885 497 1951 pati
519 1881 795 1942 Christum,
828 1887 872 1932 et
902 1892 1160 1946 resurgere
1188 1891 1220 1926 a
1245 1875 1458 1925 mortuis
1499 1869 1643 1922 tertio
1669 1867 1770 1931 die,
1814 1874 1861 1920 et

269 1974 538 2044 pradicari
585 1973 636 2023 in
682 1970 884 2023 nomine
925 1969 1036 2038 ejus
1076 1964 1414 2035 paenitentiam
1445 1973 1490 2014 et
1521 1959 1864 2012 remissionem

269 2074 611 2135 peccatorum.
643 2061 818 2124 Umle,
863 2069 919 2115 et
961 2054 1276 2128 quousque?
1310 2052 1413 2106 Per
1454 2067 1627 2125 omnes
1654 2057 1823 2120 gentes
1845 2088 1862 2115 ,

268 2159 364 2222 ait,
408 2153 765 2225 incipientibus
807 2151 870 2204 ab
896 2149 1179 2205 Jerusalem
1225 2145 1377 2215 (Luc.
1424 2159 1568 2206 xstv,
1616 2141 1707 2207 46,
1750 2140 1863 2210 47).

269 2251 438 2318 Quam
481 2246 903 2304 misericordiam
934 2259 1061 2300 vero
1089 2257 1277 2297 omnes
1307 2246 1677 2307 exspectamus
1698 2275 1712 2299 ,
1757 2232 1865 2287 fra-

272 2352 402 2404 tres,
453 2341 756 2396 uberiorem
788 2354 819 2393 a
850 2337 1117 2400 Domino,
1169 2333 1268 2388 nisi
1319 2342 1375 2385 ut
1423 2342 1638 2400 peccata
1686 2339 1866 2381 noSIra

272 2434 648 2489 dimittantur?
677 2432 808 2487 Cum
860 2444 990 2500 ergo
1036 2442 1098 2483 ea
1145 2428 1216 2480 sit
1264 2439 1453 2494 magna
1505 2419 1866 2476 misericordia

277 2527 510 2591 Domini,
561 2523 808 2579 remissio
835 2529 1197 2592 peccatorum,
1240 2525 1297 2572 et
1327 2515 1465 2570 hanc
1495 2512 1867 2568 remissiOnem

273 2627 614 2689 peccatorum
656 2613 903 2685 pratdixit
944 2611 1199 2667 Dominus
1238 2606 1512 2679 praedicari
1561 2619 1655 2674 per
1683 2616 1872 2658 oumes

275 2719 482 2780 gentes,
504 2705 855 2764 Misericordia
870 2702 1076 2758 Domini
1094 2701 1246 2771 plena
1269 2707 1342 2753 est
1362 2707 1513 2752 terra.
1541 2693 1694 2750 Unde
1713 2694 1870 2763 plena

275 2811 359 2856 est
385 2798 567 2855 terra?
596 2795 959 2852 Misericordia
996 2791 1227 2848 Domini.
1268 2787 1490 2858 Quare?
1517 2786 1648 2854 Quia
1677 2785 1872 2854 ubique

277 2891 498 2946 dimittit
525 2896 740 2960 peccata
782 2887 944 2953 Deus,
990 2883 1113 2956 quia
1159 2882 1303 2936 misit
1344 2880 1512 2936 caelos
1539 2879 1631 2950 qui
1675 2887 1873 2932 terram

276 2982 666 3052 compluerent.

351 3076 406 3131 8.
442 3076 500 3129 Et
532 3073 800 3143 quomodo
826 3070 939 3124 ausi
969 3075 1093 3122 sunt
1123 3064 1223 3135 ipsi
1247 3063 1367 3119 coeli
1395 3062 1473 3117 ire
1501 3076 1621 3116 cum
1659 3058 1872 3125 ﬁducia,

279 3183 348 3222 ex
373 3165 676 3221 hominibus
705 3160 931 3218 inﬁrmis
959 3160 1080 3215 coeli
1107 3157 1245 3224 ﬁeri,
1273 3155 1374 3210 nisi
1404 3155 1529 3225 quia
1569 3152 1726 3208 Verbo
1763 3151 1877 3206 Do-

279 3258 408 3311 mini
435 3257 547 3312 creti
584 3254 792 3311 solidati
828 3251 993 3308 sunt?
1021 3249 1173 3307 Unde
1201 3248 1345 3303 enim
1389 3246 1646 3301 haberent
1674 3252 1876 3298 tantam

281 3351 533 3405 virtutem
577 3361 706 3403 oves
729 3345 870 3401 inter
907 3345 1082 3414 lupos,
1112 3342 1214 3396 nisi
1241 3341 1365 3411 quia
1410 3339 1610 3409 Spiritu
1635 3339 1738 3391 oris
1766 3337 1878 3405 eius

281 3442 449 3496 omnis
487 3441 650 3495 virtus
678 3453 851 3492 eorum
869 3437 895 3491 ?
929 3434 1084 3501 Ecce,
1115 3432 1302 3504 inquit,
1330 3431 1474 3485 mitto
1499 3445 1586 3484 vos
1609 3429 1738 3483 sicut
1765 3445 1879 3483 oves

281 3533 336 3586 in
365 3530 528 3584 medio
567 3530 804 3600 luporum
846 3524 1058 3598 (Matth.
1090 3540 1146 3590 χ,
1193 3520 1303 3594 t6).
1337 3521 1382 3578 0
1414 3521 1636 3576 Domine
1667 3520 1879 3574 miseri-

283 3623 599 3680 cordissime
622 3624 637 3676 ι
661 3620 819 3676 Certe
842 3619 945 3674 ltoc
967 3617 1116 3683 facis,
1137 3624 1194 3670 ut
1214 3612 1582 3670 misericordia
1606 3622 1694 3667 tua
1723 3613 1878 3682 plena

283 3720 356 3772 sit
385 3728 547 3772 terra.
571 3715 627 3772 Si
659 3729 784 3785 ergo
810 3713 880 3768 ita
908 3725 970 3767 es
995 3709 1319 3772 misericors,
1353 3716 1410 3760 ut
1435 3705 1657 3776 impleas
1683 3713 1878 3760 terram

286 3806 674 3872 misericordia,
703 3802 823 3859 vide
849 3816 985 3873 quos
1012 3801 1196 3866 mittis,
1225 3798 1346 3853 vide
1385 3811 1490 3868 quo
1519 3796 1707 3851 mittis.
1740 3795 1878 3863 Quo,

285 3903 526 3972 inquam,
570 3899 762 3964 mittis,
792 3905 847 3953 et
872 3911 1006 3966 quos
1032 3892 1240 3948 mittis?
1267 3890 1408 3948 Oves
1448 3890 1500 3944 in
1529 3887 1762 3944 medium
1795 3888 1879 3941 lu-

288 4012 494 4065 porum.
531 3991 681 4049 Unus
708 3990 862 4060 lupus
883 3988 928 4043 si
957 3988 1196 4041 mittatur
1226 3984 1276 4038 in
1308 3981 1542 4037 medium
1571 3982 1880 4035 innumera-

288 4087 474 4140 biliqu
504 4084 703 4146 ovium,
739 4079 858 4151 quis
885 4078 933 4134 ei
965 4076 1210 4132 resistit?
1239 4072 1378 4142 Quid
1411 4088 1515 4126 non
1557 4071 1841 4126 coaturbat
1863 4112 1880 4136 ,

290 4179 394 4233 nisi
436 4179 571 4230 forte
601 4173 724 4245 quia
754 4173 864 4226 cito
896 4169 1164 4224 satiatur?
1189 4167 1323 4221 Nam
1371 4164 1547 4218 omnia
1578 4163 1881 4217 devoraret.

288 4272 453 4327 Mittis
492 4268 731 4322 infirmos
758 4267 898 4318 inter
921 4260 1134 4317 διεπιοεῖ
1175 4259 1346 4323 Mitto,
1379 4256 1569 4327 inquit,
1609 4255 1735 4324 quia
1760 4254 1884 4309 caeli

290 4366 447 4423 fiunt,
477 4372 534 4415 ut
563 4370 759 4416 tcrratn
805 4355 1132 4426 compluant.
1162 4351 1316 4408 Unde
1355 4350 1476 4405 caeli
1510 4348 1754 4401 homines
1799 4347 1884 4401 in-

291 4457 470 4511 firmi?
505 4452 610 4509 Sed
641 4451 841 4522 Spiritu
866 4450 969 4501 oris
995 4447 1107 4516 ejus
1133 4443 1296 4497 omnis
1325 4443 1482 4496 virtus
1520 4455 1713 4492 eorum.
1748 4437 1885 4492 Ecce

291 4550 397 4616 lupi
429 4545 681 4600 tenebunt
711 4556 824 4602 vos,
857 4549 910 4594 et
939 4536 1148 4591 tradent
1172 4549 1288 4598 vos,
1315 4540 1370 4586 et
1393 4530 1620 4584 offerent
1643 4537 1884 4600 potesta-

293 4641 437 4691 tibus
482 4645 698 4705 propter
745 4647 938 4684 nomen
988 4642 1184 4682 meum.
1233 4625 1350 4680 Jam
1396 4637 1489 4675 vos
1517 4629 1723 4674 armate
1769 4635 1881 4672 vos.

295 4732 505 4784 Virtute
532 4725 750 4781 vestra?
777 4723 945 4777 Absit.
977 4718 1149 4773 Nolite
1172 4717 1391 4784 cogitare
1413 4713 1533 4783 quid
1563 4710 1839 4779 loquamini
1869 4725 1888 4763 :

293 4839 397 4873 non
427 4820 561 4874 enim
605 4833 691 4870 vos
719 4814 833 4870 estis
875 4813 961 4881 qui
990 4808 1271 4877 !oquinu'ni,
1320 4806 1408 4858 sed
1449 4802 1673 4872 Spiritus
1715 4798 1888 4852 Patris

291 4913 444 4968 uestri
463 4913 552 4982 qui
578 4909 802 4979 loquitur
819 4907 873 4958 in
893 4906 1028 4957 vobis
1059 4899 1218 4972 (Ibid.
1255 4900 1342 4962 t9,
1370 4895 1461 4968 20)
1496 4913 1508 4947 :
1540 4895 1662 4964 quia
1687 4892 1886 4961 Spiritu

294 5008 399 5074 qris
431 5005 543 5073 ejus
567 5000 732 5054 omnis
761 4997 916 5051 virtus
937 5010 1130 5048 eorum.

368 5099 424 5154 9.
455 5097 612 5152 Facta
640 5102 765 5146 sunt
786 5089 935 5152 hate;
959 5086 1108 5141 miSsi
1129 5091 1252 5137 sunt
1278 5079 1536 5149 Apostoti,
1561 5077 1890 5146 pertulerunt.

295 5198 600 5259 pressurus.
622 5180 887 5251 Numquid
912 5176 1072 5233 modo
1098 5185 1270 5230 tantas
1291 5171 1507 5225 ferimus
1533 5178 1590 5222 ut
1613 5169 1891 5220 audiamus

296 5284 438 5345 bam,
466 5288 694 5349 quantas
717 5273 792 5328 illi
819 5281 877 5327 ut
903 5270 1232 5325 seminarent
1262 5262 1409 5317 haec?
1437 5260 1573 5316 Non.
1605 5259 1716 5312 Erit
1739 5273 1885 5327 ergo,

297 5376 512 5436 fratres,
540 5369 903 5424 infructuosus
932 5363 1082 5417 labor
1119 5366 1300 5412 noster
1325 5356 1348 5409 ?
1375 5353 1513 5408 Non.
1547 5351 1714 5405 Video
1757 5364 1890 5404 con-

295 5465 644 5535 stipationem
685 5466 942 5514 vestram.
970 5452 1064 5508 sed
1093 5461 1150 5506 et
1173 5465 1268 5504 vos
1296 5446 1488 5502 videtis
1516 5443 1766 5499 sudorem
1793 5457 1892 5496 no—

295 5534 491 5615 strum.
537 5555 593 5610 Si
624 5553 934 5610 toleramus.
975 5557 1030 5600 et
1064 5541 1508 5612 conregnabimus
1536 5535 1614 5610 (ll
1649 5534 1780 5589 Tim.
1814 5549 1847 5587 tt
1875 5573 1890 5598 ,

300 5655 417 5722 t2).
453 5651 591 5706 Ecce
632 5647 766 5700 facta
815 5651 936 5697 sunt
982 5640 1088 5692 illa.
1145 5639 1218 5690 Ex
1261 5634 1366 5688 illis
1401 5631 1590 5685 ovibus
1619 5628 1798 5682 missis
1841 5626 1894 5680 in

299 5720 538 5800 medium
565 5742 811 5808 luporum
833 5749 884 5786 et
913 5728 1199 5785 memorias
1216 5736 1510 5796 martyrum
1533 5720 1890 5777 celebramus.

369 5863 387 5891 ⁸
418 5868 546 5917 uss,
571 5852 762 5917 agnitus
787 5843 1029 5908 discipulis
1052 5839 1167 5892 Suis.

1315 383 1710 445 ENARRATIO
1750 381 1814 436 ΙΝ
1856 377 2177 434 PSALMUM
2209 377 2422 433 XXXII.

3440 383 3546 443 290

1958 492 2128 547 Locus
2159 493 2282 560 iste,
2312 493 2522 562 quando
2550 496 2800 567 martyris
2834 497 2972 552 beati
3000 500 3074 571 (α)
3102 513 3296 567 corpus
3327 518 3549 573 percus-

1954 598 2072 638 sum
2104 593 2206 644 est,
2247 584 2384 653 lupis
2415 583 2604 652 plenus
2645 595 2761 640 erat
2788 604 2803 641 :
2831 588 2955 641 vicit
2984 600 3060 643 tot
3105 591 3257 660 lupos
3299 609 3400 648 una
3432 597 3548 651 ovis

1958 682 2130 743 capta,
2163 684 2216 727 ct
2246 674 2483 743 implerit
2509 677 2682 730 locum
2714 678 2901 733 ovibus
2921 681 3035 734 ovis
3059 684 3252 738 occisa.
3282 684 3551 745 Sa:viebat

1958 774 2083 819 tunc
2127 782 2273 820 mare
2317 768 2620 836 ingentibus
2663 773 3092 840 persequentium
3141 777 3406 842 ﬂuctibus,
3440 782 3550 836 ibat

1958 859 2009 912 in
2041 858 2242 912 aridam
2271 861 2537 916 sitientem
2575 862 2771 918 caelum
2807 865 2918 919 Dei.
2951 867 3105 921 Modo
3131 881 3308 924 autem
3342 887 3436 941 per
3462 874 3553 928 illa

1956 965 2075 1020 qua:
2103 952 2178 1005 illi
2213 955 2348 1020 passi
2378 967 2520 1019 sunt,
2548 957 2637 1026 qui
2679 957 2847 1012 aciem
2897 972 3173 1029 ruperunt,
3201 965 3552 1033 glorificatum

1958 1051 2040 1096 est
2067 1060 2258 1097 nomen
2288 1045 2485 1101 Christi
2522 1064 2534 1100 :
2565 1051 2844 1120 occupavit
2886 1053 3045 1108 etiam
3093 1055 3234 1126 ipsas
3265 1068 3556 1126 potestates

1958 1134 2238 1188 ambulans
2265 1152 2426 1204 super
2459 1138 2629 1206 capita
2675 1143 2990 1196 tumentium
3017 1147 3303 1216 gurgitum.
3341 1149 3400 1202 Et
3432 1152 3552 1220 quia

1960 1223 2059 1278 ista
2091 1225 2226 1279 facta
2255 1238 2397 1290 sunt,
2431 1228 2591 1282 modo
2631 1232 2789 1284 etiam
2818 1234 2906 1302 qui
2937 1236 3130 1300 vident,
3166 1238 3400 1292 uetulum
3430 1257 3551 1295 cre-

1959 1315 2167 1407 dentes,
2199 1319 2567 1374 conventicula
2601 1333 2805 1388 nostra,
2849 1325 3258 1392 celebrationes,
3300 1330 3556 1386 solemni-

1962 1417 2117 1470 tates,
2149 1409 2330 1466 laudes
2375 1411 2480 1481 jam
2523 1414 2832 1470 manifestas
2862 1427 2915 1470 et
2947 1419 3183 1486 publicas
3220 1421 3311 1476 Dei
3342 1425 3552 1487 nostri,

1963 1502 2158 1569 putatis
2203 1516 2297 1556 eos
2349 1517 2453 1557 non
2501 1503 2702 1569 dolere,
2753 1509 2948 1576 putatis
2993 1525 3098 1564 non
3131 1510 3404 1567 fremere?
3449 1514 3555 1568 Sed

1964 1607 2105 1645 tmnc
2133 1592 2383 1661 impletur
2404 1593 2544 1663 quod
2569 1594 2636 1649 de
2664 1596 2769 1651 illis
2811 1597 3011 1653 dictum
3042 1609 3125 1654 est
3157 1618 3170 1654 :
3205 1600 3454 1656 Peccator
3481 1605 3558 1658 vi-

1964 1683 2118 1745 debit,
2148 1694 2194 1738 et
2240 1687 2502 1740 irascetur.
2532 1687 2669 1752 Quid
2712 1705 2860 1759 ergo,
2887 1692 3006 1761 quia
3040 1693 3340 1748 irascetur?
3369 1695 3444 1751 Ne
3489 1698 3558 1750 ti-

1965 1792 2134 1839 meas,
2167 1777 2301 1841 ovis,
2331 1778 2535 1849 lupum.
2588 1780 2744 1836 Modo
2791 1784 2962 1837 minas
3007 1801 3191 1839 eorum
3223 1798 3276 1841 et
3317 1788 3562 1845 fremitus

1967 1883 2073 1922 non
2102 1869 2350 1924 timeatis.
2384 1869 2633 1926 Irascitur
2662 1889 2675 1926 :
2705 1873 2798 1928 sed
2823 1875 2949 1943 quid
2994 1878 3281 1944 sequitur?
3318 1878 3563 1936 Dentibus

1966 1959 2074 2012 suis
2102 1961 2299 2030 frondet
2325 1971 2372 2013 et
2401 1961 2614 2015 tabescet
2646 1961 2816 2034 (Psat.
2851 1980 2956 2028 cu,
2995 1965 3106 2038 l0).

2059 2050 2143 2104 10.
2176 2049 2325 2123 [νει-ε.
2351 2051 2498 2123 7-9.)
2525 2053 2657 2121 Quia
2685 2070 2812 2125 ergo
2839 2057 2999 2111 modo
3027 2058 3168 2114 salsa
3198 2061 3361 2116 maris
3382 2078 3517 2133 aqua
3542 2105 3561 2131 ,

1970 2160 2090 2216 qum
2125 2146 2413 2211 remansit,
2444 2148 2496 2201 in
2527 2147 2860 2203 Christianos
2887 2151 3078 2207 sznvire
3106 2169 3209 2206 non
3237 2156 3430 2222 audet,
3461 2173 3560 2212 oc-

1970 2237 2171 2292 cultum
2215 2246 2393 2292 autem
2431 2253 2674 2294 murmur
2703 2239 2844 2295 rodit
2871 2240 2887 2271 ¹
2922 2241 2972 2294 iu
3003 2257 3093 2306 se,
3123 2251 3176 2296 et
3206 2245 3338 2299 intra
3368 2257 3566 2302 morta-

1972 2329 2075 2384 lem
2123 2330 2316 2397 pellem
2357 2328 2534 2384 fremit
2565 2331 2814 2385 conclusa
2844 2333 3094 2403 salsugo;
3127 2335 3302 2390 videte
3329 2338 3456 2406 quid
3482 2354 3568 2394 εε-

1972 2422 2150 2488 quitur
2190 2437 2204 2474 :
2248 2419 2570 2492 Congregans
2613 2423 2740 2476 sicut
2776 2424 2829 2476 in
2859 2434 3018 2477 utrem
3044 2442 3201 2494 aquas
3232 2429 3405 2482 maris.
3430 2429 3567 2485 Cum

1972 2527 2099 2582 ergo
2123 2520 2276 2566 antea
2310 2527 2456 2567 mare
2489 2512 2667 2566 liberis
2693 2513 2939 2570 ﬂuctibus
2964 2515 3217 2572 satviebat
3237 2559 3254 2585 ,
3287 2521 3444 2576 modo
3468 2537 3568 2574 au-

1977 2610 2081 2657 tem
2110 2604 2248 2657 intra
2279 2603 2523 2657 mortalia
2551 2614 2767 2672 pectora
2798 2605 3058 2660 inclusum
3085 2623 3328 2664 amarum
3353 2622 3456 2677 est,
3482 2613 3571 2669 ille

1976 2693 2102 2750 fecit
2119 2695 2207 2764 qui
2241 2696 2292 2748 in
2321 2694 2424 2748 illis
2448 2695 2612 2760 vicit,
2641 2695 2731 2765 qui
2761 2696 2938 2764 posuit
2963 2706 3089 2752 tunc
3117 2700 3251 2753 mari
3275 2703 3568 2770 terminos,

1977 2798 2032 2842 ut
2062 2787 2113 2841 in
2143 2803 2202 2843 se
2233 2796 2533 2843 remeantes
2557 2789 3048 2846 comminuerentur
3073 2791 3264 2848 ﬂuctus
3288 2801 3424 2865 ejus.
3455 2797 3574 2865 Ipse

1975 2883 2316 2954 congregavit
2358 2882 2507 2937 velut
2543 2881 2595 2937 in
2632 2890 2804 2937 utrem
2843 2899 3035 2953 aquam
3065 2887 3228 2942 maris
3271 2903 3287 2943 :
3334 2891 3575 2945 mortalis

1979 2975 2132 3046 pellis
2168 2976 2402 3046 contegit
2437 2990 2671 3029 amaram
2703 2977 3101 3046 cogitationem.
3130 2977 3402 3036 Timentes
3429 2984 3573 3037 enim

1978 3069 2105 3141 pelli
2149 3084 2294 3136 suae,
2340 3073 2480 3124 intus
2523 3077 2707 3124 tenent
2748 3069 2888 3140 quod
2933 3085 3037 3124 non
3079 3071 3277 3127 audent
3307 3075 3573 3130 emittere.

1979 3162 2110 3218 Nam
2167 3161 2353 3217 eadem
2407 3169 2493 3216 est
2546 3159 2846 3215 amaritudo
2879 3179 2892 3213 :
2925 3164 3003 3216 sic
3030 3162 3296 3229 oderunt,
3323 3165 3401 3220 sic
3421 3165 3575 3220 dete-

1980 3262 2205 3309 stantur.
2245 3252 2347 3308 Sed
2369 3251 2510 3321 quod
2552 3260 2676 3305 tunc
2702 3260 2887 3321 aperte
2912 3253 3165 3307 saaviebat
3182 3295 3198 3321 ,
3227 3271 3368 3310 nunc
3391 3258 3575 3310 occul-

1982 3354 2074 3412 te;
2115 3344 2238 3416 quid
2271 3344 2416 3399 aliud
2451 3343 2623 3398 dicam
2678 3359 2835 3414 quam
2862 3344 3004 3414 quod
3035 3345 3233 3401 dictum
3261 3359 3378 3414 est,
3410 3348 3578 3404 Frm-

1981 3439 2102 3503 det,
2142 3447 2190 3492 et
2228 3437 2440 3491 tabescet
2462 3437 2488 3486 ?
2533 3436 2632 3490 Eat
2671 3450 2799 3506 ergo
2827 3436 3064 3491 Ecclesia
3084 3480 3099 3504 ,
3129 3439 3368 3494 ambulet
3398 3457 3412 3496 :
3442 3440 3578 3498 facta

1982 3541 2066 3585 est
2100 3529 2184 3583 via
2207 3570 2223 3595 ,
2263 3537 2428 3584 strata
2470 3527 2544 3601 (b)
2581 3536 2762 3582 nostra
2803 3527 2871 3582 ab
2898 3529 3219 3599 imperatore
3245 3532 3446 3586 munita
3471 3542 3574 3588 est.

1984 3623 2306 3679 Ferveamus
2345 3621 2397 3676 in
2442 3621 2720 3676 itineribus
2760 3621 3018 3676 bonorum
3057 3637 3277 3692 operum
3303 3665 3318 3690 ,
3361 3623 3465 3680 hoc
3498 3631 3582 3682 est

1983 3714 2126 3770 enim
2152 3714 2427 3769 ambulare
2451 3725 2717 3768 nostrum.
2748 3713 2814 3767 Et
2839 3713 2882 3767 si
2913 3713 3126 3783 quando
3145 3715 3382 3769 existunt
3406 3724 3581 3772 tenta-

1985 3809 2189 3862 tionum
2211 3821 2476 3876 pressura:
2495 3805 2635 3859 unde
2653 3819 2756 3858 non
2789 3804 3124 3873 sperabatur,
3149 3805 3257 3874 jam
3288 3820 3584 3876 congrega-

1986 3902 2051 3953 tis
2094 3897 2246 3953 velut
2284 3897 2336 3950 itt
2383 3906 2552 3950 utrem
2591 3896 2744 3965 aquis
2789 3896 2950 3950 maris
2977 3937 2992 3961 ,
3019 3897 3377 3967 intelligamus
3405 3898 3584 3952 Domi-

1986 4007 2113 4046 num
2154 3991 2330 4045 facere
2369 3989 2471 4044 hoc
2509 3988 2576 4043 ad
2614 3988 2946 4058 disciplinam
2973 4030 2988 4054 ,
3029 3997 3085 4042 ut
3113 3990 3348 4044 excutiat
3373 4005 3404 4045 a
3431 3990 3587 4046 nobis

1986 4084 2128 4139 male
2165 4082 2526 4153 pratfideutem
2565 4083 2586 4113 ³
2620 4080 2689 4135 de
2716 4082 3094 4150 temporalibus
3123 4084 3462 4137 securitatem
3487 4125 3501 4145 .
3530 4091 3585 4139 et

1985 4174 2180 4244 dirigat
2229 4187 2327 4226 nos
2374 4171 2425 4224 in
2468 4185 2692 4240 regnum
2741 4185 2895 4224 suum
2944 4171 3245 4239 composito
3294 4171 3584 4229 desiderio.

1987 4266 2138 4334 Quod
2163 4262 2487 4320 desiderium
2515 4261 2944 4317 tribulationibus
2966 4261 3091 4315 hinc
3118 4273 3276 4332 atque
3300 4262 3426 4320 hinc
3443 4279 3581 4319 con-

1989 4357 2332 4413 tundeutibus
2371 4354 2716 4427 producitur,
2745 4363 2805 4408 ut
2832 4355 3000 4408 simus
3030 4354 3215 4408 canori
3240 4355 3458 4410 auribus
3481 4356 3587 4410 Do-

1989 4453 2119 4508 mini
2161 4462 2409 4520 tanquam
2450 4449 2592 4503 tubae
2616 4447 2863 4503 ductiles.
2892 4446 3097 4501 Dictum
3128 4455 3209 4501 est
3236 4447 3378 4502 enim
3407 4457 3461 4502 et
3486 4447 3588 4503 ltoc

1990 4547 2042 4599 iu
2092 4544 2355 4607 Psalmis,
2404 4552 2459 4595 ut
2503 4541 2554 4594 in
2602 4539 2740 4593 tubis
2782 4537 3067 4592 ductilibus
3105 4537 3382 4592 laudemus
3421 4538 3588 4594 Deum

1991 4637 2163 4710 (Psal.
2196 4650 2340 4690 xcvn
2358 4675 2372 4696 ,
2398 4633 2476 4700 6).
2503 4630 2651 4686 Tuba
2679 4629 2892 4684 ductilis
2917 4629 3110 4683 malleo
3141 4628 3452 4698 producitur
3472 4671 3488 4696 ,
3519 4629 3589 4682 ita

1989 4728 2338 4783 christianum
2383 4739 2478 4779 cor
2519 4723 2571 4776 in
2611 4721 2780 4776 Deum
2809 4734 3174 4790 prcssurarum
3203 4719 3372 4790 plagis
3402 4729 3589 4776 exten-

1989 4821 2154 4876 ditur.

2063 4915 2149 4968 ‘lt.
2194 4908 2589 4965 Meminerimus
2625 4921 2752 4975 ergo
2777 4946 2792 4968 ,
2822 4904 3016 4958 fratres
3040 4945 3054 4969 ,
3079 4903 3190 4972 jam
3222 4903 3307 4958 bis
3337 4903 3585 4973 tempori-

1992 5007 2090 5060 bus
2114 5047 2130 5071 ,
2172 5003 2364 5075 quibus
2402 5009 2717 5069 congregata
2755 5007 2836 5052 est
2865 4996 3007 5049 velut
3033 4995 3086 5048 in
3116 5004 3285 5050 utrem
3311 5011 3445 5065 aqua
3476 5012 3592 5051 ma-

1994 5101 2067 5154 ris
2085 5141 2100 5162 ,
2142 5112 2247 5150 non
2273 5095 2460 5150 deesse
2489 5093 2598 5146 Deo
2621 5091 2759 5144 unde
2787 5089 3020 5158 proferat
3047 5104 3154 5158 quo
3181 5105 3276 5143 nos
3307 5089 3592 5152 emendet;

1993 5208 2112 5248 cum
2137 5188 2508 5244 emendatione
2537 5183 2690 5238 nobis
2718 5197 2850 5249 opus
2871 5191 2972 5236 est.
3002 5180 3124 5235 Ideo
3146 5181 3286 5236 enim
3313 5182 3584 5252 sequitur:

2001 5285 2201 5338 I’onens
2224 5282 2277 5334 in
2306 5279 2554 5335 thesauris
2579 5276 2802 5347 abyssos.
2836 5275 3138 5330 'l‘ltesauros
3170 5274 3595 5330 Deidicitsecre—

1998 5387 2107 5430 tum
2157 5374 2268 5428 Dei.
2312 5371 2470 5426 Novit
2504 5370 2594 5424 ille
2631 5367 2867 5422 omnium
2912 5366 3100 5429 corda,
3140 5365 3266 5435 quid
3292 5363 3359 5419 ad
3387 5374 3594 5434 tempus

1998 5466 2268 5538 proferat,
2301 5463 2444 5517 unde
2469 5459 2738 5533 proferat,
2771 5468 3022 5529 quantam
3051 5467 3369 5528 potestatem
3399 5459 3595 5514 tribuat

2061 5581 2078 5611 ι
2106 5577 2241 5635 Εᾶᾶη
2267 5575 2415 5639 rugit.
2442 5579 2496 5622 At
2519 5580 2645 5639 Mss,
2671 5570 2818 5621 rodit.

2059 5644 2080 5710 ξ
2105 5643 2183 5710 sic
2196 5631 2378 5710 aliquot
2401 5645 2505 5685 MSS.
2532 5635 2642 5683 Fdd.
2680 5647 2820 5692 vero,
2845 5631 3189 5695 providentem.

2062 5702 2488 5824 gignier:
2533 5765 2610 5809 est
2647 5760 2722 5807 via
2767 5755 2956 5820 publica
3002 5755 3279 5818 lapidibus,
3324 5767 3415 5806 seu
3463 5745 3598 5804 silice

2002 5827 2204 5877 munita.
