4008 6322
460 389 554 453 £291

458 516 612 572 malis
651 515 704 572 iu
750 515 916 572 bonos
941 558 956 582 ,
997 516 1062 574 ad
1099 516 1414 588 iudicandos
1447 516 1661 588 quidem
1693 519 1859 576 malos
1881 560 1897 586 ,
1929 534 2051 579 eru-

456 606 682 662 diendos
720 618 895 665 autem
935 611 1122 664 boum.
1160 608 1315 666 Nevit
1344 609 1609 680 quomodo
1635 610 1748 668 hzcc
1776 622 1928 682 agat.
1960 612 2048 686 qui

459 705 607 772 punit
647 705 697 757 itt
740 705 1000 758 thesauris
1029 705 1270 778 abyssos.
1301 703 1567 775 ἰδίειν-ει)
1593 708 1733 779 quod
1765 711 2003 779 sequitur
2035 729 2048 767 :

459 794 656 849 Tintcat
698 794 975 850 Dominum
1013 797 1176 852 omnis
1214 804 1374 853 terrae
1394 794 1511 854 Non
1540 797 1796 869 glorietur
1821 801 2049 874 superba

464 886 642 942 la-titia
685 888 962 945 temeraria
1005 888 1388 954 exsultatione,
1427 887 1611 948 dicens
1640 908 1652 946 :
1683 890 1800 947 iam
1827 907 2050 964 congre-

461 989 581 1046 gata
606 989 687 1033 est
711 979 853 1036 velut
879 978 930 1033 in
962 987 1132 1035 utrcnt
1158 994 1290 1049 aqua
1321 981 1520 1045 maris;
1552 982 1671 1048 quis
1699 982 1825 1039 mibi
1847 983 2046 1056 aliquid

465 1070 618 1128 tacict
638 1077 660 1126 ’ἰ
686 1071 804 1145 quis
828 1087 1022 1128 nocere
1041 1072 1294 1128 audebit?
1321 1071 1505 1130 Nescis
1529 1076 1649 1142 quia
1680 1075 1855 1146 posuit
1882 1075 1968 1132 illc
1994 1076 2047 1133 in

462 1161 722 1219 thesauris
751 1161 970 1234 abyssos
990 1203 1003 1226 ,
1034 1165 1207 1219 nescis
1232 1163 1372 1220 unde
1404 1163 1635 1234 proterat
1656 1165 1795 1235 quod
1817 1181 1949 1236 opus
1966 1175 2050 1224 est

457 1252 523 1306 ad
555 1252 923 1324 ﬂagellandnm
949 1263 1000 1309 te
1027 1263 1177 1326 pater
1201 1263 1322 1310 tuus
1341 1253 1363 1312 ?
1384 1253 1484 1324 Qui
1505 1255 1716 1325 quidem
1741 1257 1792 1310 in
1813 1256 2050 1329 discipliz

457 1359 579 1397 nam
619 1353 758 1400 luam
810 1344 966 1401 habet
1003 1344 1179 1418 abyssi
1206 1344 1515 1414 thesauros,
1547 1347 1738 1418 quibus
1763 1356 1816 1404 te
1843 1349 2047 1404 erudiat

457 1436 522 1488 ad
573 1437 848 1491 thesauros
893 1437 1168 1492 oculorum.
1219 1437 1359 1508 Ergo
1397 1437 1508 1492 redi
1544 1438 1611 1493 ad
1641 1441 1884 1496 timorem
1909 1481 1924 1506 ,
1956 1441 2044 1512 qui

455 1527 559 1592 jam
589 1528 702 1583 ibas
727 1528 776 1581 in
807 1529 1165 1582 securitatem.
1191 1529 1430 1588 Exsultet
1459 1539 1620 1599 terra,
1652 1532 1744 1590 sed
1766 1540 1822 1587 et
1842 1532 2043 1589 timeat.

458 1617 699 1673 Exsultat
731 1637 743 1671 :
777 1621 983 1688 quare?
1007 1619 1138 1688 Quia
1162 1621 1523 1678 misericordia
1552 1622 1763 1677 Domini
1792 1624 1944 1691 plena
1964 1632 2050 1679 cst

459 1718 616 1762 terra.
648 1710 853 1764 Timent
880 1730 892 1765 :
922 1727 1086 1779 quare
1110 1713 1132 1764 ‘i
1159 1711 1290 1778 Quia
1315 1715 1394 1767 sic
1419 1715 1762 1784 congregavit
1790 1716 1842 1768 itt
1873 1725 2045 1770 utrem

458 1815 622 1868 aquas
649 1803 809 1855 maris
830 1844 844 1866 ,
867 1813 918 1856 ut
947 1813 1168 1870 poneret
1192 1805 1242 1855 in
1267 1802 1528 1858 thesauris
1548 1805 1791 1876 abyssos.
1815 1807 1899 1861 Fit
1917 1822 2046 1876 ergo

461 1895 511 1947 in
556 1894 643 1947 illa
678 1893 817 1963 quod
857 1896 979 1949 alibi
1023 1897 1254 1952 breviter
1281 1906 1563 1967 utrumque
1587 1899 1778 1952 dicitur
1807 1917 1822 1954 :
1853 1899 2048 1954 Servitc

463 1988 682 2042 Domino
721 1991 770 2042 in
809 1990 1020 2054 timore,
1059 2000 1106 2044 et
1147 1977 1391 2045 exsultat:
1423 1992 1468 2045 ei
1493 2008 1606 2045 cum
1636 2003 1850 2052 tremore
1869 1990 2042 2066 (Psat.

460 2096 535 2144 tt,
568 2081 677 2148 ii).

531 2172 615 2225 19..
663 2171 859 2226 Tinteat
901 2171 1176 2227 Dominum
1221 2175 1383 2229 omnis
1426 2183 1559 2229 terra
1598 2189 1618 2229 :
1657 2175 1718 2230 ob
1746 2175 1858 2248 ipso
1881 2160 2046 2230 autem

456 2275 860 2320 commoveantur
901 2283 1070 2322 omnes
1109 2282 1194 2340 qut
1232 2266 1514 2323 inhabitant
1541 2265 1709 2323 orbem
1736 2275 1900 2322 terrae.
1929 2265 2042 2322 Non

459 2357 678 2429 timeant
699 2357 925 2412 alterum
955 2372 1049 2425 pro
1078 2357 1168 2412 illo
1193 2373 1208 2413 :
1234 2356 1297 2412 ab
1320 2357 1431 2427 ipso
1453 2365 1853 2413 commoveantur
1875 2373 2046 2412 omnes

457 2451 543 2515 qui
583 2449 863 2504 inhabitant
901 2450 1067 2507 orbem
1109 2458 1274 2508 terrm.
1320 2449 1454 2506 Fera
1481 2450 1675 2506 satvit‘i
1703 2450 1866 2505 Deum
1897 2449 2042 2506 time.

457 2543 689 2612 Serpens
717 2543 1033 2599 insidiatur?
1062 2543 1226 2602 Deum
1255 2543 1403 2601 time.
1431 2542 1604 2602 Homo
1630 2554 1681 2600 te
1701 2543 1852 2601 odit?
1878 2544 2044 2602 Deum

459 2635 607 2690 time.
653 2633 900 2688 Diabolus
941 2643 989 2689 te
1030 2634 1336 2708 impugnat?
1379 2634 1543 2691 Deum
1570 2637 1716 2692 time.
1743 2635 1872 2692 Tota
1900 2637 2042 2692 enim

451 2736 695 2782 creatura
740 2728 840 2782 sub
880 2728 972 2783 illo
1005 2737 1090 2784 est
1125 2743 1284 2801 quem
1322 2729 1525 2799 jnbcris
1552 2731 1761 2788 timere.
1793 2730 2045 2799 Quoniam

455 2821 565 2891 ipse
591 2820 719 2876 dixit
739 2861 754 2888 ,
781 2830 827 2876 ct
857 2824 994 2891 facta
1018 2830 1134 2876 sunt
1157 2835 1173 2888 ;
1203 2821 1314 2893 ipse
1340 2821 1596 2879 mandavit
1614 2862 1630 2891 ,
1653 2832 1698 2879 et
1716 2832 1887 2880 creata
1907 2831 2042 2880 sunt.

456 2909 570 2970 "ac
609 2911 662 2967 in
702 2910 911 2969 Psalmo
939 2912 1199 2985 sequitur.
1227 2912 1361 2969 Cum
1387 2914 1528 2970 enim
1556 2913 1810 2981 dixisset,
1835 2913 1909 2971 Ab
1931 2915 2043 2988 ipso

453 3013 860 3063 commoveantur
903 3018 1076 3060 onum
1119 3005 1207 3079 qui
1249 3004 1528 3063 inhabitant
1553 3004 1721 3065 orbem
1751 3016 1898 3063 terra
1927 3023 1948 3067 .'
1975 3023 2043 3066 ne

452 3103 792 3154 converteret
828 3109 886 3153 se
928 3093 1090 3154 homo
1125 3095 1192 3154 ad
1232 3096 1521 3155 timendum
1557 3098 1754 3170 aliquid
1779 3099 1922 3158 aliud
1943 3143 1960 3169 ,
1988 3109 2045 3160 et

451 3204 673 3248 aversus
697 3205 725 3246 ε
758 3191 949 3248 timore
975 3188 1090 3257 Dei,
1121 3191 1331 3249 timeret
1356 3205 1450 3264 pro
1472 3190 1560 3249 illo
1578 3191 1807 3266 aliquam
1829 3203 2039 3250 creatu-

452 3297 566 3340 ram
593 3325 606 3349 .
635 3291 690 3340 et
717 3281 963 3340 adoraret
991 3280 1132 3352 quod
1160 3282 1351 3340 tacttnu
1378 3292 1488 3351 est,
1516 3282 1738 3340 dimisso
1762 3285 1852 3356 qui
1883 3285 2040 3353 iecit;

449 3374 787 3434 conﬁrmavit
813 3388 913 3431 nos
938 3373 991 3432 in
1015 3376 1208 3432 timore
1238 3373 1329 3431 Dei
1357 3383 1605 3444 tanquam
1633 3374 1817 3433 dicens
1847 3375 1999 3434 nobis
2023 3418 2038 3446 ,

450 3480 504 3527 et
550 3467 827 3540 alloquens
869 3480 966 3524 nos
1011 3481 1028 3524 :
1065 3465 1202 3539 Quid
1241 3466 1621 3524 formidaturus
1660 3483 1719 3523 cs
1751 3468 1946 3539 aliquid
1976 3469 2043 3526 de

449 3562 588 3621 ratio
606 3601 621 3626 .
663 3557 862 3632 aliquid
898 3559 965 3618 de
1006 3569 1143 3616 terra
1163 3601 1179 3626 ,
1211 3558 1408 3631 aliquid
1435 3559 1501 3616 de
1527 3561 1702 3617 mari?
1730 3560 1852 3629 Ipse
1876 3562 2037 3629 dixit,

451 3666 498 3709 et
542 3658 676 3726 facta
719 3661 875 3720 sunt;
912 3653 1172 3710 mandavit
1196 3693 1212 3716 ,
1259 3661 1306 3707 et
1334 3660 1504 3710 creata
1528 3662 1667 3709 sunt.
1694 3653 1796 3723 Qui
1825 3653 1953 3710 dixit
1988 3663 2043 3710 et

452 3746 584 3805 facta
621 3754 773 3813 sunt,
820 3744 1090 3802 mandavit
1127 3752 1182 3803 ει
1215 3754 1394 3802 creata
1421 3753 1576 3807 sunt,
1603 3760 1722 3801 cum
1746 3744 1896 3815 jubet
1924 3763 2040 3802 mo-

453 3847 684 3904 ventur,
725 3851 847 3895 cum
884 3835 1035 3906 jubet
1061 3835 1361 3908 quiescunt.
1398 3835 1464 3893 Et
1492 3837 1689 3893 malitia
1718 3837 1992 3894 hominum
2020 3839 2038 3872 ι

447 3929 790 4001 cupiditatem
813 3926 1035 3983 nocendi
1067 3933 1242 3998 potest
1261 3923 1457 3985 habere
1477 3927 1744 4000 propriam
1769 3944 1784 3984 :
1810 3935 2042 4000 potesta-

451 4032 558 4082 trm
599 4031 774 4078 autcm
817 4020 862 4077 si
892 4019 983 4078 ilic
1020 4035 1125 4076 non
1164 4019 1286 4086 dat,
1317 4034 1422 4077 non
1449 4018 1628 4076 habet.
1660 4017 1782 4074 Non
1809 4031 1882 4075 est
1907 4023 2041 4082 enim

452 4122 668 4187 potestas
697 4112 796 4168 nisi
815 4129 846 4168 a
869 4109 976 4168 Deo
1005 4111 1181 4187 (Rom.
1213 4127 1308 4169 χιιι
1335 4151 1350 4180 ,
1385 4110 1439 4187 1)
1474 4129 1488 4170 :
1517 4111 1791 4170 deﬁnitiva
1818 4125 2038 4172 sentcn-

450 4210 520 4266 tia
566 4206 808 4276 Apostoli
849 4215 951 4262 est.
992 4205 1107 4264 Non
1137 4204 1310 4270 dixit,
1338 4203 1454 4264 Non
1481 4213 1568 4263 est
1594 4207 1856 4274 cupiditas
1882 4208 1981 4265 nisi
2010 4224 2037 4264 a

451 4303 578 4359 lim.
627 4299 717 4358 Est
755 4297 897 4353 enim
941 4296 1076 4354 maia
1104 4295 1400 4368 cupiditas,
1431 4311 1551 4370 quas
1579 4311 1684 4354 non
1710 4307 1790 4357 est
1821 4315 1850 4354 a
1884 4298 1992 4356 Deo
2020 4320 2036 4358 :

447 4391 539 4450 sed
580 4391 702 4464 quia
745 4389 854 4463 ipsa
899 4388 1034 4445 mala
1072 4386 1334 4456 cupiditas
1375 4385 1503 4445 nulli
1529 4397 1719 4452 nocet,
1746 4389 1792 4448 si
1819 4389 1904 4446 ille
1931 4406 2036 4447 non

447 4482 711 4554 portitittat
733 4519 749 4549 ,
784 4477 904 4534 Non
931 4487 1001 4532 est
1019 4516 1037 4544 ,
1070 4477 1238 4548 inquit
1262 4519 1277 4541 ,
1310 4486 1526 4551 potestas
1555 4479 1653 4537 nisi
1676 4495 1707 4529 a
1735 4478 1862 4537 Deo.
1887 4479 2038 4539 Unde

449 4571 588 4625 Deus
629 4569 790 4625 homo
831 4575 979 4623 stans
1014 4577 1140 4625 ante
1180 4566 1452 4624 hominem
1478 4606 1494 4636 ,
1537 4565 1658 4624 Non
1683 4569 1919 4636 haberes,
1952 4571 2035 4623 iu-

445 4662 592 4730 quit,
633 4660 684 4714 δη
730 4675 807 4714 nte
851 4666 1182 4728 potestatem.
1226 4657 1325 4714 nisi
1365 4655 1487 4713 data
1513 4656 1687 4730 fuisset
1712 4658 1802 4715 tibi
1825 4659 2038 4732 desuper

448 4755 626 4826 (Joan.
659 4769 747 4810 aut
772 4793 787 4816 .
818 4752 927 4824 tt).
962 4749 1052 4808 ilic
1073 4748 1380 4822 judicabat,
1406 4749 1493 4806 ille
1521 4749 1743 4806 docebat
1769 4769 1784 4810 :
1806 4767 1926 4808 cum
1946 4753 2036 4822 tu-

448 4843 724 4901 dicabatur
748 4883 762 4909 ,
785 4841 1012 4898 docebat
1030 4881 1044 4904 ,
1077 4849 1131 4894 ut
1150 4839 1412 4913 iudicaret
1441 4853 1575 4912 quos
1601 4839 1890 4898 docuerat:
1915 4841 2033 4900 Non

445 4938 653 4994 haberes
675 4977 690 5002 ,
734 4933 936 5005 inquit,
976 4933 1032 4990 in
1062 4949 1142 4986 me
1181 4941 1504 5005 potestatem,
1533 4933 1631 4989 nisi
1649 4942 1772 4992 esset
1801 4933 1922 4990 data
1947 4935 2035 4990 tibi

443 5029 677 5098 desuper.
706 5023 844 5098 Quid
875 5025 1020 5082 hoc?
1050 5023 1224 5081 Homo
1250 5031 1455 5082 tantum
1489 5040 1595 5083 non
1615 5023 1772 5083 habet
1799 5037 2035 5099 potesta-

444 5129 549 5177 tem
574 5159 590 5184 ,
623 5117 725 5176 nisi
755 5132 874 5176 cum
897 5116 1162 5190 acceperit
1179 5116 1604 5191 desuper?Quid
1630 5118 1742 5190 ipse
1767 5117 2026 5185 diabolus,

442 5225 603 5266 ausus
628 5218 711 5267 est
736 5208 818 5265 vel
847 5223 1004 5265 uitam
1033 5207 1296 5266 avicuiam
1325 5207 1513 5266 tollere
1540 5208 1656 5268 viro
1684 5219 1869 5266 sancto
1895 5209 1996 5266 Job
2013 5251 2029 5274 ,

440 5301 542 5357 nisi
585 5301 728 5371 prius
767 5299 966 5356 diceret
989 5339 1004 5366 .
1053 5296 1198 5356 Mitte
1235 5314 1440 5355 manum
1475 5308 1647 5367 tuam,
1689 5299 1789 5355 hoc
1813 5309 1892 5356 cst
1918 5340 1933 5367 ,
1964 5303 2029 5357 da

442 5390 797 5463 potestatem?
821 5391 912 5448 itit:
936 5389 1169 5456 Volebat,
1197 5389 1289 5449 scd
1315 5390 1400 5448 ille
1426 5404 1530 5447 non
1551 5390 1759 5447 sinebat
1778 5391 2030 5460 ;.qnando

441 5486 530 5542 illc
571 5483 846 5558 permisit,
893 5482 980 5540 ille
1021 5482 1191 5554 potuit
1234 5498 1247 5540 ε
1299 5495 1402 5539 non
1430 5496 1557 5550 ergo
1584 5480 1674 5539 ille
1702 5482 1902 5550 potuit,
1935 5480 2029 5538 sed

438 5576 528 5647 qui
571 5573 834 5651 permisit.
879 5571 1005 5628 idco
1046 5572 1182 5632 bene
1208 5571 1447 5630 eruditus
1474 5574 1585 5648 ipse
1610 5573 1746 5642 Joh,
1781 5589 2023 5641 nonan,

502 5730 517 5762 ί
542 5734 615 5796 tjr.
643 5735 694 5776 ut.
717 5733 858 5796 Iov.:_
872 5723 1170 5796 ςωισυιεδσίι
1191 5731 1255 5776 ,ει
1270 5786 1278 5796 1
1289 5722 1472 5796 molita
1504 5723 1771 5796 hominum,
1790 5723 2027 5796 cupiditas

439 5788 698 5854 (coniurant.
738 5787 1058 5854 cupiditutrm
1079 5785 1300 5854 nocendi
1324 5795 1485 5854 potest
1519 5788 1657 5838 Immo
1697 5785 1869 5847 habere
1913 5803 2026 5854 pru-

436 5852 611 5914 priam.
639 5859 728 5906 eos
749 5847 828 5900 hic
848 5857 952 5903 atas.
978 5847 1239 5904 lectionem
1261 5850 1613 5905 substitutum»

1697 399 1754 457 S.
1799 399 2167 458 AUGUSTINI
2190 399 2492 462 ENSCOPI

3636 403 3748 471 ω

2153 514 2292 574 sicut
2310 516 2420 590 jam
2444 531 2870 578 commemorare
2896 518 3046 578 vobis
3067 519 3302 580 solemus
3319 562 3336 588 ,
3370 520 3629 582 Dominus
3654 527 3748 580 tto-

2154 606 2231 665 dit
2265 616 2320 664 et
2353 607 2596 668 diabolus
2636 608 2892 680 abstulit;
2922 610 3016 670 sed
3038 651 3053 678 ,
3086 608 3334 670 Dominus
3358 611 3496 672 dedit
3516 655 3532 680 ,
3563 624 3613 670 et
3641 611 3745 668 Do.

2151 700 2320 756 minus
2360 698 2570 758 abstulit
2601 715 2620 756 :
2648 700 2776 758 sicut
2815 699 3032 759 Domino
3078 703 3308 775 placuit,
3339 705 3413 760 ita
3450 707 3644 780 factum
3669 715 3752 764 est

2152 789 2275 862 (Job
2343 805 2399 848 ι.
2433 791 2492 851 Η
2519 831 2534 854 ,
2563 790 2694 864 9t);
2728 808 2832 850 non
2857 835 2872 860 ,
2903 795 3279 862 sicutdiabolo
3311 797 3520 868 placuit.
3553 795 3750 852 Videte

2152 896 2279 955 ergo
2298 923 2313 951 ,
2342 882 2532 940 fratres
2550 885 2653 940 mei
2671 924 2685 948 .
2722 899 2840 940 cum
2869 894 3014 941 tanto
3037 884 3217 940 laboro
3247 886 3632 945 manducantes
3661 903 3750 942 sa-

2152 971 2357 1028 lubrem
2383 982 2437 1028 et
2460 973 2639 1029 utilem
2670 989 2891 1046 panem,
2921 973 3096 1034 videto
3124 990 3191 1032 ne
3219 989 3538 1049 quamquam
3562 977 3750 1034 timea-

2151 1062 2219 1116 tis
2268 1062 2367 1118 nisi
2415 1063 2718 1120 Dominum.
2773 1065 2976 1122 Pra‘tcr
3023 1081 3144 1120 eum
3199 1081 3265 1121 ne
3314 1062 3502 1122 timeas
3541 1067 3705 1124 alium
3733 1109 3748 1133 ,

2151 1151 2422 1228 Scriptura
2463 1155 2556 1212 tibi
2599 1156 2746 1211 dicit.
2781 1155 3010 1212 Proinde
3043 1158 3224 1214 timeat
3267 1156 3545 1213 Dominum
3571 1157 3755 1214 omnis

2151 1252 2290 1302 terra
2311 1286 2326 1310 ,
2370 1245 2457 1312 qui
2503 1247 2679 1316 posuit
2717 1245 2771 1304 in
2812 1247 3074 1302 thesauris
3109 1247 3221 1302 suis
3248 1248 3490 1322 abyssos.
3521 1248 3602 1304 Ab
3631 1249 3753 1320 ipso

2148 1346 2324 1406 autem
2392 1350 2828 1396 commoveantur
2882 1355 3070 1396 omnes
3125 1341 3213 1410 qui
3272 1341 3511 1396 habitant
3557 1342 3752 1395 orbem

2152 1437 2326 1484 terrae.
2363 1429 2615 1498 Quoniam
2653 1431 2763 1504 ipse
2789 1431 2918 1487 dixit
2935 1471 2950 1498 ,
2980 1441 3026 1488 ct
3052 1435 3188 1503 facta
3215 1440 3374 1498 sunt;
3400 1439 3508 1511 ipse
3534 1433 3752 1485 tumsdao

2149 1524 2213 1577 vit
2234 1563 2250 1590 ,
2279 1533 2326 1579 et
2353 1533 2523 1579 creata
2545 1534 2685 1580 sunt.

2223 1615 2309 1669 15.
2351 1614 2504 1687 [vers.
2546 1614 2655 1689 l0.]
2693 1615 2801 1672 Sed
2840 1615 2951 1685 jam
2990 1624 3334 1671 cessaverunt
3391 1630 3548 1686 reges
3576 1613 3703 1672 mali
3729 1655 3746 1680 ,

2149 1704 2270 1760 facti
2316 1718 2442 1761 sunt
2476 1707 2600 1762 boni
2631 1725 2644 1760 :
2679 1705 3020 1764 crediderunt
3041 1708 3057 1739 ¹
3091 1715 3146 1764 ct
3174 1707 3314 1778 ipsi,
3342 1706 3548 1779 signum
3569 1705 3753 1763 crucis

2149 1797 2343 1852 Christi
2372 1799 2422 1851 in
2455 1797 2630 1853 l‘ronte
2644 1799 2754 1870 jam
2787 1809 3000 1871 portant
3031 1800 3313 1868 pretiosius
3334 1800 3544 1870 signum
3569 1799 3751 1870 quali-

2150 1886 2240 1940 bet
2281 1904 2491 1958 gcmma
2533 1889 2848 1948 diadematis
2880 1907 2894 1945 :
2923 1890 2997 1946 illi
3023 1891 3111 1961 qui
3141 1890 3425 1947 saevierunt
3445 1931 3460 1956 ,
3488 1890 3749 1945 destructi

2112 2031 2115 2033 _
2149 1989 2291 2035 sunt.
2333 1979 2440 2039 Sed
2482 1981 2599 2052 quis
2639 1980 2768 2038 fecit
2810 1980 2957 2036 hoc?
2999 1980 3158 2037 Fozte
3197 1991 3284 2044 tu,
3319 1989 3372 2035 ut
3401 1979 3621 2035 extollas
3649 1980 3751 2036 te?

2147 2068 2401 2128 Dominus
2437 2070 2650 2145 dissipat
2676 2073 2890 2129 consilia
2914 2074 3140 2143 gentium
3163 2113 3179 2133 ,
3205 2071 3441 2144 reprobat
3467 2082 3634 2126 autem
3659 2088 3753 2124 co-

2148 2161 2415 2232 gitationes
2451 2163 2754 2234 populorum
2779 2204 2794 2230 ,
2839 2173 2887 2219 et
2913 2164 3144 2237 reprobat
3185 2164 3399 2218 consilia
3437 2163 3747 2234 principum.

2147 2253 2373 2322 Quando
2414 2254 2664 2312 dixerunt
2706 2272 2730 2311 :~
2762 2254 3032 2312 Tollamus
3077 2272 3170 2310 eos
3209 2255 3277 2313 de
3303 2265 3482 2320 terra,
3511 2272 3615 2309 non
3641 2255 3750 2310 erit

2149 2361 2343 2404 nomen
2365 2346 2712 2404 christianum
2743 2346 2788 2402 si
2817 2346 2918 2403 hoc
2948 2346 3237 2404 fecerimus
3262 2363 3274 2401 :
3305 2347 3384 2404 sic
3409 2345 3747 2409 occidantur,

2146 2441 2226 2498 sic
2265 2449 2650 2514 torqueantur,
2694 2442 2820 2499 talia
2865 2451 2923 2500 ει
2967 2442 3089 2498 talia
3119 2442 3224 2499 illis
3253 2441 3748 2514 lnﬂigantur.t)icta

2148 2541 2272 2589 sunt
2319 2533 2468 2604 haec,
2517 2543 2571 2590 ct
2609 2534 2749 2590 inter
2798 2534 2913 2592 hinc
2959 2533 3132 2591 crevit
3178 2534 3440 2591 Ecclesia.
3488 2534 3748 2604 Iit-probat

2145 2625 2475 2698 cogitationes
2531 2625 2835 2700 populorum
2862 2666 2881 2694 ,
2943 2635 2990 2680 ct
3045 2625 3281 2700 reprobat
3334 2625 3548 2683 consilia
3603 2627 3719 2693 pri»

2145 2715 2336 2788 cipum.

2219 2806 2310 2866 ιι.
2362 2803 2526 2884 [ναι.
2581 2805 2706 2884 11.]
2755 2806 3036 2866 Consilium
3080 2824 3195 2864 mo
3238 2806 3447 2866 Domini
3484 2815 3650 2863 manet
3692 2809 3746 2864 in

2144 2907 2412 2965 uernum,
2435 2898 2764 2974 cogitationes
2794 2899 2961 2955 cordis
2989 2899 3102 2967 eius
3129 2899 3185 2956 in
3209 2901 3398 2954 secuta
3420 2897 3744 2954 malorum.

2147 2989 2413 3064 Repetitio
2443 2991 2724 3048 sententiae
2748 2999 2852 3048 est.
2884 2991 3037 3058 Quod
3067 2999 3193 3047 ante
3219 2991 3293 3046 ait
3315 2991 3614 3055 consilium,
3641 2989 3746 3049 huc

2144 3082 2220 3141 sit
2247 3091 2432 3154 postea
2457 3082 2786 3156 cogitationes
2805 3084 2972 3139 cordis
3000 3097 3020 3140 :
3047 3091 3103 3139 et
3121 3082 3260 3156 quod
3285 3097 3446 3154 supra
3474 3082 3552 3138 ait
3573 3093 3745 3138 manet

2145 3175 2200 3230 in
2235 3185 2479 3230 uernum
2499 3214 2517 3241 ,
2555 3174 2659 3230 hoc
2683 3175 2757 3229 ait
2784 3183 2970 3246 postea
2997 3174 3050 3230 in
3073 3174 3262 3231 saecula
3282 3177 3604 3232 sa'cutomn.
3635 3175 3746 3240 Ro-

2147 3265 2335 3338 petitio
2357 3306 2373 3334 ,
2419 3265 2754 3325 conﬁrmatio
2794 3274 2897 3324 est.
2935 3264 3014 3322 Ne
3037 3275 3214 3322 autem
3245 3266 3439 3339 putetis
3461 3305 3478 3334 ,
3507 3263 3701 3321 fratres
3721 3306 3742 3333 ,

2145 3360 2267 3432 quia
2297 3358 2433 3414 dixit
2458 3357 2788 3430 cogitationes
2813 3357 2982 3414 cordis
3001 3398 3016 3422 ,
3048 3357 3199 3428 quasi
3231 3357 3420 3413 sedere
3450 3357 3658 3424 Deum,
3685 3365 3742 3413 et

2143 3450 2379 3519 cogitare
2423 3447 2550 3520 quid
2588 3456 2712 3519 agat
2735 3489 2749 3516 ,
2795 3456 2851 3504 et
2891 3447 3175 3518 exquirere
3198 3448 3483 3502 consilium
3511 3445 3739 3504 taciemli

2145 3543 2344 3614 aliquid
2368 3543 2450 3598 rei
2477 3557 2582 3598 non
2607 3540 2856 3600 faciendi.
2877 3540 3006 3596 Tua:
3031 3551 3156 3596 sunt
3180 3541 3324 3607 istm,
3347 3553 3380 3596 ο
3406 3538 3570 3596 Ιιοιιιο
3591 3581 3606 3602 ,
3631 3550 3741 3594 tar-

2144 3636 2337 3691 ditatus
2386 3653 2401 3688 :
2456 3649 2624 3706 usque
2669 3634 2722 3688 in
2764 3633 3098 3690 velocitatem
3143 3634 3310 3690 currit
3351 3631 3569 3689 verbum
3596 3631 3738 3701 ejus.

2143 3725 2367 3795 Quando
2408 3733 2583 3798 potest
2622 3740 2770 3781 mora
2815 3739 2936 3782 esse
2965 3723 3300 3796 cogitationis
3329 3724 3381 3778 in
3412 3723 3503 3778 illo
3532 3725 3698 3780 retbo
3719 3765 3737 3790 ,

2143 3816 2286 3891 quod
2316 3832 2478 3871 unum
2503 3824 2585 3872 est
2606 3857 2623 3883 ,
2649 3824 2705 3872 (ιι
2729 3816 2905 3870 omnia
2925 3815 3298 3886 complectitur
3315 3815 3341 3870 i
3358 3814 3461 3872 Sed
3483 3816 3740 3872 dicuntur

2145 3909 2494 3979 cogitationes
2537 3907 2663 3972 Dei,
2713 3914 2770 3964 ut
2813 3914 2869 3962 tu
2917 3906 3210 3979 intelligas,
3256 3915 3314 3962 ut
3353 3906 3644 3962 secundum
3684 3919 3738 3965 te

2143 3999 2342 4056 audeas
2378 3998 2589 4068 erigere
2613 4012 2710 4055 cor
2733 3996 2815 4053 vel
2843 3997 2910 4051 ad
2939 3995 3097 4054 verba
3127 4007 3232 4054 tua:
3259 3996 3550 4055 inﬁrmitati
3579 3998 3737 4056 simi-

2145 4097 2212 4153 Iia
2242 4114 2256 4150 :
2286 4095 2408 4168 quia
2445 4110 2534 4150 res
2568 4095 2681 4163 ipsa
2708 4093 2932 4150 multum
2961 4103 3045 4149 est
3067 4091 3134 4147 ad
3161 4101 3230 4149 te.
3259 4089 3593 4164 Cogitationes
3616 4108 3736 4146 cor-

2144 4190 2223 4245 dis
2261 4194 2370 4260 cjus
2404 4190 2459 4247 in
2495 4187 2682 4244 secula
2722 4187 3044 4244 catulorum.
3081 4185 3211 4252 Qua:
3237 4195 3362 4251 sunt
3385 4187 3738 4257 cogitationes

2141 4282 2322 4338 cordis
2360 4280 2478 4353 ejus
2498 4319 2516 4348 ,
2558 4277 2778 4351 etquod
2805 4286 2888 4333 est.
2910 4277 3187 4338 consilium
3213 4276 3419 4333 Domini
3447 4276 3587 4346 quod
3615 4293 3734 4330 tua-

2143 4381 2234 4431 ttet
2274 4371 2326 4426 in
2365 4370 2668 4426 :cternum?
2697 4369 2893 4426 Cntttt'a
2925 4366 3063 4437 quod
3092 4366 3374 4423 consilium
3404 4367 3586 4438 utquid
3619 4367 3734 4423 fre-

2142 4471 2394 4516 muerunt
2423 4471 2613 4532 gentes
2634 4500 2648 4524 ,
2676 4470 2729 4514 ει
2755 4458 2932 4530 populi
2965 4458 3199 4513 meditati
3223 4467 3349 4512 sunt
3370 4455 3734 4527 inauia(Psul.

2141 4567 2178 4610 tt
2204 4594 2218 4620 ,
2265 4553 2291 4608 1
2323 4552 2630 4623 )?Qttando
2660 4553 2874 4626 quidem
2909 4553 3166 4606 Dominus
3187 4551 3437 4620 reprobat
3457 4552 3737 4622 cogitatio.

2141 4662 2237 4704 nos
2261 4648 2610 4718 populorum,
2633 4656 2687 4702 ct
2713 4644 2962 4715 reprobat
2986 4642 3207 4700 consilia
3232 4641 3549 4714 principum.
3581 4643 3738 4702 Unde

2140 4740 2298 4810 igitur
2330 4738 2608 4794 consilium
2659 4737 2864 4794 Domini
2908 4746 3084 4792 manet
3119 4736 3172 4794 in
3211 4746 3468 4794 aeternum
3491 4779 3504 4800 ,
3536 4737 3636 4792 nisi
3665 4738 3737 4790 du

2141 4831 2295 4887 nobis
2332 4840 2456 4888 ante
2499 4831 2764 4902 prasscivit
2797 4839 2854 4885 et
2879 4827 3274 4901 przcdcstinavit
3305 4826 3518 4901 (Ephes.
3545 4843 3563 4884 ι
3586 4871 3602 4893 ,
3633 4831 3690 4899 4)
3712 4831 3739 4886 2

2138 4923 2268 4996 Quis
2293 4925 2426 4980 tollit
2455 4925 2975 4995 prardcstiuationcm
3006 4921 3137 4978 Dei?
3163 4925 3302 4979 Ante
3327 4926 3508 4979 mundi
3528 4927 3734 4981 conati.

2127 5015 2398 5091 ltutiOuem
2439 5014 2567 5071 vidit
2608 5029 2738 5076 nos,
2771 5013 2898 5070 fecit
2925 5030 3020 5068 nos
3042 5053 3057 5077 ,
3089 5013 3394 5070 emendavit
3423 5030 3556 5080 nos,
3589 5017 3736 5072 misit

2137 5108 2204 5165 ad
2251 5123 2348 5163 nos
2373 5147 2388 5172 ,
2433 5107 2656 5163 redemit
2708 5122 2804 5163 nos
2843 5125 2857 5158 :
2892 5105 2992 5160 hoc
3019 5105 3138 5175 ejus
3164 5105 3443 5163 consilium
3473 5117 3650 5163 manet
3680 5109 3735 5165 in

2136 5210 2394 5257 wtcrnum
2423 5240 2438 5264 ,
2480 5198 2596 5254 lucc
2633 5198 2748 5266 ejus
2773 5195 3024 5267 cogitatio
3051 5206 3228 5255 manet
3257 5199 3308 5252 in
3335 5199 3527 5252 Satcula
3557 5215 3734 5253 samni—

2135 5287 2327 5345 lorum.
2372 5287 2729 5344 Frcmuerunt
2764 5298 2951 5360 gentes
2979 5297 3102 5344 tunc
3126 5298 3310 5358 aperte
3334 5290 3654 5345 ﬂuctuantes
3679 5302 3736 5346 ct

2134 5381 2457 5444 esurientes,
2501 5379 2882 5438 contabescant
2927 5393 3068 5434 nunc
3112 5386 3362 5447 tanquam
3414 5380 3631 5436 inclusa:
3677 5391 3731 5438 et

2131 5485 2469 5542 congregatae
2513 5474 2565 5528 in
2613 5485 2784 5530 utrem
2824 5489 2837 5526 :
2885 5471 3188 5529 habuerunt
3217 5473 3412 5528 iiboras
3441 5475 3726 5540 audacias,

2134 5565 2365 5624 habeant
2407 5575 2583 5625 truces
2623 5574 2676 5618 et
2703 5581 2909 5624 amaras
2941 5565 3308 5636 cogitationes.
3343 5565 3566 5638 Quando
3598 5583 3725 5636 pos.

2132 5667 2255 5714 sum
2268 5657 2544 5715 destruere
2559 5657 2696 5733 quod
2719 5658 2804 5715 ille
2819 5657 3088 5728 cogitavit,
3106 5668 3156 5716 ct
3173 5669 3350 5712 manet
3367 5661 3416 5711 in
3433 5661 3731 5715 internum?

2201 5748 2289 5804 i5.
2332 5746 2482 5822 (ocra.
2522 5746 2634 5819 43.]
2681 5748 2818 5814 Quid
2859 5757 2942 5804 cst
2985 5757 3160 5803 autem
3201 5747 3346 5803 hoc?
3394 5749 3549 5802 Beata
3601 5767 3726 5822 gens

2199 5855 2216 5884 ‘
2243 5859 2296 5902 In
2318 5859 2446 5913 item,
2468 5858 2730 5903 cesserunt.
