4008 6338
135 386 219 438 ea;
933 375 936 377 ’
1173 372 1568 434 ENARRATIO
1607 370 1670 426 IN
1709 372 1716 426 1

1822 369 2042 440 iLMUM_
2069 370 2286 432 XXXil.

127 504 244 571 Qttis
283 509 366 554 est
405 499 493 570 qui
534 513 643 553 non
682 495 783 551 hoc
809 494 992 550 audito
1018 491 1189 562 erigat
1214 490 1320 546 se?
1343 490 1544 549 Amant
1565 485 1708 542 enim

124 608 300 647 omnes
342 590 725 646 beatitudinem
765 604 779 640 :
818 598 873 643 et
909 585 1031 641 ideo
1054 583 1290 655 perversi
1315 590 1439 637 sunt
1467 577 1712 659 homines

125 684 236 750 quia
263 682 386 736 mali
414 681 599 735 volunt
620 695 739 734 esse
763 718 779 743 ,
806 676 986 732 miseri
1014 674 1204 730 nolunt
1230 692 1243 728 :
1276 682 1329 727 et
1353 687 1475 727 cum
1504 672 1572 724 sit
1601 687 1711 723 ma-

127 771 244 825 litize
284 770 549 825 individua
587 784 770 824 comes
814 767 1060 832 miseria,
1111 765 1196 818 isti
1229 763 1464 834 perversi
1495 778 1598 814 non
1624 775 1711 815 so-

128 863 228 916 lum
258 863 380 916 tnaii
401 875 521 916 esse
548 861 730 913 volunt
752 899 768 923 ,
797 868 850 912 ct
879 858 1056 910 miseri
1089 856 1270 909 nolunt
1294 853 1434 924 quod
1461 852 1572 906 fieri
1606 866 1709 904 non

129 965 324 1021 potest;
369 952 464 1008 sed
503 954 627 1007 ideo
664 952 849 1005 volunt
891 949 1014 1003 mali
1056 962 1214 1012 esse,
1256 961 1324 1000 ne
1367 943 1546 998 miseri
1581 943 1706 996 sint.

127 1044 254 1111 Quid
291 1054 373 1100 est
400 1043 513 1116 ’hoc
554 1044 693 1112 quod
724 1042 841 1095 .dixi
890 1058 905 1095 :
950 1039 1072 1093 ideo
1096 1038 1282 1113 volunt
1306 1036 1428 1091 mali
1455 1050 1575 1091 esse
1597 1075 1614 1097 ,
1644 1050 1712 1088 ne

126 1137 296 1192 miseri
342 1136 492 1191 sint?
532 1135 878 1190 Considerate
919 1132 1031 1185 hoc
1061 1131 1329 1200 paululum
1375 1130 1429 1182 in
1465 1127 1712 1182 omnibus

123 1224 423 1282 hominibus
467 1225 558 1296 qui
604 1227 738 1279 maia
781 1223 1016 1286 uiciunt,
1062 1217 1201 1278 beati
1231 1236 1447 1290 semper
1474 1234 1593 1274 esse
1617 1234 1711 1273 vo-

125 1318 253 1371 lunt.
284 1316 508 1370 Furtum
539 1313 664 1369 facit
695 1332 710 1369 :
741 1314 936 1381 qua-ris
955 1354 970 1380 ,
1002 1313 1210 1383 quate?
1232 1312 1456 1380 Propter
1479 1309 1672 1363 famem
1691 1349 1707 1368 .

124 1419 335 1477 propter
373 1408 768 1461 necessitatem.
812 1403 955 1474 Ergo
981 1420 1046 1457 uc
1076 1404 1240 1458 miser
1263 1401 1565 1464 sit,-maius
1590 1409 1707 1467 est;

122 1511 174 1554 et
198 1500 317 1555 ideo
339 1499 590 1554 miserior
611 1506 712 1559 est,
741 1498 863 1566 quia
895 1498 1067 1550 maius
1087 1504 1189 1550 est.
1222 1494 1562 1565 Depellenda:
1585 1509 1712 1566 ergo

123 1591 348 1650 miseriae
373 1604 534 1645 ausa
558 1630 574 1654 ,
602 1598 659 1644 et
679 1581 1017 1659 acquirendae
1048 1573 1388 1642 beatitudinis
1408 1600 1566 1641 causa
1589 1625 1605 1652 ,
1635 1585 1713 1639 fa-

122 1687 265 1737 ciunt
306 1695 496 1736 omnes
544 1679 787 1734 homines
830 1677 1084 1748 quidquid
1130 1676 1212 1732 vel
1254 1675 1376 1732 boni
1406 1675 1604 1732 faciunt
1627 1675 1711 1731 vel

123 1772 241 1826 mali
289 1789 303 1826 :
343 1785 559 1842 semper
596 1784 724 1840 ergo
769 1769 905 1824 beati
935 1783 1055 1824 esse
1085 1769 1285 1822 volunt.
1316 1765 1444 1822 Sive
1470 1766 1607 1823 male
1630 1765 1712 1819 vi-

124 1874 305 1919 va-ntes
327 1903 343 1925 .
369 1863 482 1917 sive
504 1862 639 1917 bene
664 1862 900 1915 viventes
916 1891 932 1923 ,-
960 1858 1099 1916 beati
1126 1871 1248 1914 esse
1271 1859 1455 1914 volunt
1481 1875 1497 1913 :
1528 1867 1712 1914 etnon

123 1956 379 2027 (ontingit
416 1955 666 2009 omnibus
699 1953 843 2023 quod
881 1959 1071 2008 omnes
1099 1967 1218 2008 esse
1261 1951 1468 2006 volunt.
1510 1950 1712 2008 Omnes

121 2049 260 2100 enim
305 2045 444 2100 beati
473 2061 593 2100 esse
617 2044 836 2111 volunt,
868 2059 974 2099 non
999 2051 1175 2098 autem
1205 2053 1363 2099 erunt
1391 2043 1491 2099 nisi
1519 2043 1591 2098 illi
1619 2043 1711 2113 qui

119 2140 238 2207 iusti
266 2153 386 2192 esse
414 2136 696 2191 voluerint.
724 2136 789 2190 Et
807 2149 935 2190 ecce
963 2135 1147 2191 nescio
1166 2134 1285 2205 quis
1308 2146 1365 2189 ut
1385 2134 1529 2214 male
1553 2132 1713 2190 faciat

120 2231 306 2284 beatus
343 2228 456 2282 vult
496 2238 634 2282 esse.
682 2225 875 2283 Unde?
912 2225 992 2281 Ex
1037 2225 1288 2296 pecunia,
1319 2241 1384 2281 ex
1412 2235 1637 2297 argento
1659 2235 1714 2281 et

117 2335 245 2372 auro
273 2360 288 2382 ,
345 2336 411 2374 ex
465 2317 714 2386 praediis,
768 2314 946 2371 fundis
976 2356 993 2382 ,
1049 2316 1296 2372 domibus
1321 2357 1338 2383 ,
1375 2316 1670 2390 unancipiis
1693 2361 1711 2388 ,

119 2423 306 2480 [intima
344 2409 553 2473 szeeuli,
601 2406 807 2464 honore
833 2408 1058 2463 volatieo
1086 2416 1141 2463 et
1172 2408 1428 2477 perituro.
1457 2408 1715 2474 liabemio

117 2501 314 2571 aliquid
359 2500 546 2556 volunt
582 2501 723 2556 beati
761 2514 881 2556 esse
913 2517 928 2554 :
955 2515 1138 2571 quaere
1164 2516 1295 2571 ergo
1319 2503 1446 2574 quid
1478 2503 1713 2573 habeas,

117 2607 170 2650 ut
209 2595 395 2650 beatus
425 2593 520 2650 sis.
549 2594 683 2648 Cum
713 2593 856 2648 enim
880 2593 1070 2652 beatus
1096 2595 1291 2662 fueris,
1323 2594 1512 2652 melior
1536 2596 1716 2665 utique

115 2687 218 2742 eris
237 2728 252 2750 ,
293 2700 454 2756 quam
483 2700 606 2740 cum
639 2686 800 2741 miser
828 2702 910 2743 es.
946 2687 1082 2742 Fieri
1111 2696 1289 2742 autem
1320 2703 1425 2742 non
1452 2698 1632 2762 potest
1660 2699 1718 2744 ut

116 2793 198 2831 res
223 2775 461 2831 deterior
489 2785 539 2829 lc
566 2775 733 2834 faciat.
754 2779 1056 2834 meliorem.
1089 2777 1259 2832 Homo
1281 2789 1343 2833 es
1364 2818 1382 2844 ,
1403 2775 1639 2834 deterius
1663 2788 1716 2835 te

116 2881 194 2925 est
213 2867 472 2941 quidquid
495 2872 670 2941 cupis,
693 2886 800 2941 quo
819 2871 1005 2925 beatus
1029 2883 1149 2926 esse
1172 2868 1465 2926 desideras.
1489 2869 1714 2940 Aurum,

113 2968 395 3030 argentum
415 3005 433 3030 ,
462 2956 714 3035 quaelibet
734 2975 959 3033 corpora
979 3002 997 3027 ,
1025 2959 1221 3031 quibus
1239 2959 1412 3015 inbias
1438 2959 1716 3032 acquiren-

114 3053 195 3112 dis
216 3098 234 3117 .
264 3053 606 3129 possidendis
625 3093 640 3118 ,
669 3052 910 3108 fruendis
929 3092 945 3119 ,
976 3049 1231 3108 inferiora
1251 3059 1376 3108 sunt
1401 3060 1472 3108 te.
1499 3051 1580 3109 Tu
1605 3064 1724 3107 me-'

113 3149 240 3216 lior,
268 3161 332 3202 es
381 3155 439 3201 tu
478 3145 652 3215 potior
677 3143 714 3190 .¹
755 3158 816 3198 es
861 3159 877 3198 :
921 3151 977 3197 et
1016 3141 1206 3214 utique
1259 3140 1340 3197 vis
1380 3141 1570 3197 melior
1595 3157 1716 3198 esse

113 3234 271 3308 quam
299 3255 364 3294 es
386 3278 400 3301 ,
433 3252 555 3292 cum
585 3236 772 3291 beatus
795 3249 916 3291 esse
937 3233 1017 3290 vis
1034 3274 1049 3300 ,
1079 3234 1202 3305 quia
1227 3233 1392 3289 miser
1418 3248 1499 3290 es.
1532 3234 1719 3290 Melius

112 3342 193 3387 (‘sl
211 3332 362 3387 enim
385 3330 566 3400 utique
593 3328 803 3385 beatum
824 3341 945 3384 esse
966 3366 984 3394 ,
1005 3341 1164 3398 quam
1187 3327 1460 3382 miserum.
1485 3326 1578 3383 Vis
1597 3343 1717 3385 esse

113 3425 305 3478 melior
333 3434 384 3478 te
413 3439 427 3476 :
452 3429 506 3477 et
524 3420 721 3491 quaeris
739 3461 754 3484 ,
778 3418 1042 3490 perquiris
1071 3433 1165 3488 per
1188 3433 1308 3490 qua
1328 3418 1380 3473 id
1409 3419 1533 3484 ﬂat,
1562 3403 1715 3494 dcte?

111 3518 255 3582 riora
297 3524 371 3568 te.
417 3511 684 3582 Quidquid
727 3509 1004 3582 quaesieris
1045 3509 1099 3564 in
1146 3517 1325 3572 terra.
1366 3507 1601 3565 deterius
1635 3519 1718 3564 est

110 3606 272 3677 quam
311 3615 388 3658 tu.
419 3602 534 3658 Hoc
557 3601 733 3656 omnis
760 3596 922 3655 liotno
948 3607 1097 3669 optat
1123 3599 1298 3655 amico
1321 3613 1420 3655 suo
1443 3641 1459 3666 ,
1489 3600 1570 3656 sic
1593 3615 1716 3656 eum

110 3699 327 3766 ailjurat
368 3713 383 3748 :
425 3694 514 3751 Sic
554 3693 745 3749 melior
774 3693 849 3770 sis
871 3733 886 3757 .
911 3691 990 3748 sic
1017 3691 1292 3748 meliorem
1320 3699 1373 3747 te
1401 3689 1676 3748 videamus
1699 3734 1714 3754 .

109 3791 187 3842 sic
209 3788 280 3841 de
308 3797 364 3842 te
390 3786 609 3840 meliore
643 3783 987 3854 gaudeamus.
1019 3782 1172 3850 Quod
1198 3783 1374 3839 amico
1398 3791 1548 3853 aptat
1570 3824 1587 3849 ,
1617 3782 1717 3837 hoc

110 3895 160 3934 et
205 3883 326 3949 ipse
366 3877 497 3930 vult.
543 3876 742 3945 Accipe
778 3889 908 3945 ergo
937 3873 1096 3929 ﬁdele
1121 3873 1424 3929 consilium.
1452 3872 1636 3929 Melior
1667 3881 1718 3927 te

112 3971 192 4024 vis
231 3955 414 4032 esse,'
448 3966 572 4022 novi
595 4009 610 4030 ,
652 3980 842 4020 omnes
880 3965 1125 4019 novimus
1153 4004 1170 4027 ,
1210 3978 1400 4020 omnes
1435 3966 1714 4020 volumus:

111 4077 299 4132 quaere
325 4054 471 4130 quod
498 4068 577 4113 est
607 4056 797 4113 melius
825 4065 877 4112 te
897 4097 913 4124 ,
941 4065 998 4110 ut
1019 4055 1143 4110 inde
1163 4053 1414 4110 eﬂiciaris
1435 4055 1623 4110 melior
1643 4063 1716 4110 te.

186 4156 277 4208 16.
325 4152 538 4205 intuere
581 4163 724 4204 nunc
772 4146 965 4203 cmlum
1012 4155 1065 4201 et
1107 4154 1304 4201 terram
1337 4162 1350 4199 :
1382 4160 1488 4201 non
1516 4146 1607 4212 tibi
1638 4147 1716 4202 sic

112 4247 344 4312 pulchra
371 4258 597 4313 corpora
632 4242 894 4312 placeant,
925 4247 982 4294 ut
1009 4237 1090 4295 eis
1118 4229 1447 4295 lieribeatus
1477 4238 1628 4294 velis.
1659 4237 1718 4293 ιιι

114 4340 301 4391 animo
340 4346 425 4390 est
451 4334 590 4406 quod
627 4333 847 4403 qua-ris.
876 4331 1071 4387 Beatus
1108 4330 1252 4386 enim
1291 4344 1413 4386 esse
1451 4330 1573 4385 vis:
1603 4329 1721 4402 ipso

113 4435 301 4484 animo
330 4438 423 4482 tuo
443 4441 624 4498 quaere
649 4421 774 4495 quid
805 4421 1105 4490 sitmelius.
1133 4420 1266 4478 Cum
1295 4420 1440 4485 enim
1469 4419 1576 4475 duo
1613 4420 1721 4476 sint

112 4522 370 4590 quaedam
397 4562 412 4583 ,
442 4522 543 4575 hoc
569 4528 690 4584 est,
717 4516 928 4573 animus
964 4521 1019 4570 et
1052 4528 1280 4585 corpus,
1317 4528 1383 4569 eo
1419 4510 1560 4585 quod
1605 4513 1721 4568 istis

113 4617 332 4670 tltitbbtis
371 4611 501 4668 illud
542 4611 734 4664 melius
770 4608 839 4663 sit
864 4605 1004 4679 quod
1050 4597 1260 4662 animus
1283 4604 1517 4671 dicitur,
1547 4611 1723 4675 potest

113 4723 320 4778 corpus
347 4713 500 4758 luunt
542 4701 734 4755 melius
773 4699 886 4754 fieri
924 4711 1017 4768 per
1047 4695 1320 4752 meliorem
1344 4736 1361 4760 ,
1386 4680 1513 4767 quia
1542 4693 1724 4764 subje-

113 4814 270 4856 ctum
298 4807 386 4855 est
415 4810 612 4865 corpus
639 4795 842 4849 animo.
870 4790 1052 4845 Potest
1081 4803 1211 4860 ergo
1236 4787 1430 4849 melius
1457 4784 1572 4843 tieri
1597 4802 1720 4842 cor—

115 4912 219 4964 pus
266 4904 421 4947 tuum
467 4904 561 4959 per
608 4886 842 4942 animum
883 4893 1029 4938 tuum
1056 4901 1066 4932 :
1092 4888 1150 4936 ut
1188 4895 1309 4937 cum
1348 4877 1508 4934 fuerit
1545 4880 1724 4948 justus

113 4990 341 5041 animus
367 4993 509 5044 tuus.
527 4979 597 5034 sit
625 4983 807 5048 postea
833 4972 1132 5029 iuuuortale
1147 4971 1308 5027 etiam
1333 4984 1527 5039 corpus
1549 4978 1720 5027 tuum.

111 5081 224 5135 Pt‘r
252 5077 423 5131 animi
448 5073 593 5129 enim
619 5067 1060 5125 illuminationem
1084 5070 1319 5120 meretur
1333 5076 1527 5133 corpus
1548 5063 1724 5117 incor-

115 5173 437 5241 ruptionem
458 5207 472 5232 ,
507 5173 565 5218 ut
596 5161 686 5217 ﬁat
715 5158 983 5214 inferioris
1007 5155 1273 5226 reparatio
1297 5167 1393 5223 per
1423 5151 1723 5216 meliorem.

113 5265 171 5320 Si
216 5276 357 5332 ergo
381 5255 628 5328 corporis
670 5252 743 5308 t'ui
783 5252 978 5308 bonum
1018 5248 1228 5302 animus
1271 5253 1394 5300 tuus
1460 5253 1571 5310 est,
1599 5244 1724 5316 quia

114 5371 362 5426 θοι-νοτε
411 5363 504 5405 tuo
533 5347 722 5403 melior
762 5351 846 5400 est
873 5358 888 5407 ;
919 5357 1040 5397 cum
1070 5338 1266 5411 quaeris
1309 5337 1507 5393 bonum
1536 5344 1684 5391 tuum
1707 5375 1724 5402 ,

118 5447 254 5500 illud
288 5458 473 5515 quzcre
503 5437 642 5511 quod
675 5434 867 5490 melius
897 5441 978 5488 est
1011 5431 1192 5487 animo
1223 5438 1336 5486 tuo.
1360 5427 1494 5495 Quid
1522 5433 1606 5481 est
1633 5441 1728 5515 au-

116 5546 232 5590 tem
273 5513 493 5588 animus
526 5523 956 5584 tuusYAtteude.
988 5535 1054 5574 ne
1084 5519 1220 5574 forte
1238 5525 1586 5574 contemnens
1615 5513 1728 5595 ani-

119 5639 275 5678 mum
301 5633 474 5685 tuum,
492 5628 547 5675 et
565 5626 758 5688 putans
778 5611 960 5668 nescio
978 5608 1102 5681 quid
1119 5623 1239 5665 esse
1256 5607 1357 5665 vile
1372 5617 1425 5662 et
1439 5605 1725 5675 abiectum.

118 5719 318 5772 viliora
356 5695 568 5786 qumras
617 5706 814 5780 quibus
857 5700 1192 5766 beatiticetur
1229 5698 1441 5754 animus
1483 5704 1623 5752 tuus.
1669 5693 1729 5753 in

186 5882 204 5912 ⁸
232 5880 316 5929 sic
335 5854 646 5928 mvetn'ﬂss.
674 5864 764 5918 Alli
784 5871 908 5928 octo,
932 5860 1182 5930 paratior.
1207 5864 1264 5912 Αι
1282 5853 1415 5917 ωιιη
1442 5851 1632 5921 fortior.

3303 361 3410 423 εθι

1818 485 1998 539 animo
2029 495 2142 540 tuo
2164 493 2248 538 est
2288 483 2464 552 imago
2493 481 2586 552 Dei
2613 520 2627 545 ,
2653 495 2810 539 mens
2837 477 3069 541 hominis
3095 477 3237 549 capit
3265 492 3409 532 eam.

1824 577 2039 646 Accepit
2065 591 2206 643 eam,
2236 584 2293 631 et
2324 564 2628 631 inciinando
2651 588 2712 628 se
2732 574 2798 627 ad
2826 583 3098 643 peccatum
3124 570 3410 626 decolora-

1820 671 1924 723 vit'
1948 683 2086 723 eam.
2121 669 2236 739 Ipse
2265 671 2331 725 ad
2360 685 2481 724 eam
2511 668 2654 722 venit
2681 666 3016 725 uerormator.
3037 665 3127 737 qui
3148 672 3266 721 erat
3292 663 3416 732 eius

1818 771 1942 814 aute
1975 761 2230 816 formator
2254 780 2267 826 ;
2289 762 2409 833 quia
2442 778 2537 831 per
2565 759 2790 818 verbum
2823 757 2956 812 facta
2981 767 3104 811 sunt
3130 757 3416 820 omnia.._ct

1819 867 1912 918 per
1932 851 2162 906 Verbum
2187 852 2441 923 impressa
2465 865 2544 908 est
2568 853 2681 909 inec
2708 848 3263 924 itnago.VetIil-il>$|lm
3280 847 3419 901 VBP-

1820 942 1973 1006 butn,
2009 954 2064 997 ιιι
2088 943 2394 998 audiremus
2429 948 2496 997 ab
2516 947 2775 1016 Apostolo
2801 986 2816 1012 ,
2845 947 3215 1016 Reformamini
3235 952 3288 1009 in
3318 966 3416 1014 no-

1817 1033 1964 1086 uitate
1991 1036 2168 1090 utentis
2197 1047 2372 1090 restrre
2396 1036 2571 1108 (Rom.
2605 1053 2696 1103 xtl,
2721 1038 2796 1110 2).
2828 1039 2945 1095 Jatn
2974 1056 3103 1112 ergo
3131 1055 3378 1113 superest
3397 1086 3412 1108 ,

1819 1132 1875 1177 ut
1906 1140 2116 1195 qumras
2155 1127 2278 1196 qttid
2308 1128 2378 1182 sit
2419 1129 2607 1184 melius
2636 1145 2795 1198 quam
2833 1133 3043 1187 animus
3095 1142 3236 1188 tuus.
3274 1134 3414 1203 Quid

1816 1218 1937 1282 erit,
1970 1217 2196 1272 obsecro
2226 1260 2238 1280 .
2267 1219 2369 1273 nisi
2398 1219 2540 1274 Deus
2565 1221 2726 1275 tuus?
2750 1219 2864 1275 Non
2895 1223 3101 1278 invenis
3128 1225 3267 1279 aliud
3298 1241 3412 1281 meo

1819 1307 1920 1360 lius
1946 1310 2125 1364 animo
2153 1298 2276 1375 tuo;
2309 1309 2429 1380 quia
2458 1326 2579 1365 cum
2613 1313 2765 1367 fuerit
2800 1315 3030 1383 perfecta
3070 1330 3253 1371 natura
3283 1327 3368 1372 tua
3393 1360 3408 1383 ,

1817 1399 2034 1467 Angelis
2068 1402 2382 1470 aequabitur.
2415 1402 2530 1457 Jam
2562 1419 2719 1474 supra
2752 1421 2856 1460 nou
2902 1417 2984 1462 est
3023 1407 3124 1462 nisi
3163 1406 3407 1465 Creator.

1819 1488 1974 1556 Erige
2028 1499 2080 1544 te
2120 1491 2187 1546 ad
2242 1491 2422 1569 illurn,
2469 1493 2574 1547 noli
2630 1494 2958 1566 desperare.
3007 1497 3114 1552 noli
3179 1498 3357 1554 dicere
3389 1538 3405 1562 .

1815 1577 2036 1633 Multum
2082 1590 2163 1634 est
2191 1581 2256 1636 ad
2305 1598 2410 1638 me.
2447 1582 2611 1653 Magis
2642 1588 2862 1638 multum
2896 1595 2979 1641 est
3023 1587 3089 1642 ad
3133 1599 3183 1643 te
3211 1588 3412 1646 habere

1815 1668 1955 1726 forte
2015 1686 2201 1726 aurum
2268 1673 2407 1742 quod
2454 1674 2679 1742 quaeris.
2725 1677 2926 1730 Aurum
2975 1679 3073 1731 etsi
3130 1679 3363 1735 volucris
3391 1721 3408 1745 ,

1817 1759 1952 1815 forte
2007 1776 2110 1816 non
2155 1762 2408 1828 habebis;
2460 1765 2625 1819 Deum
2670 1781 2790 1820 cum
2838 1768 3097 1834 Volueris,
3145 1770 3408 1838 habebis;

1815 1851 1935 1921 quia
1985 1863 2037 1908 et
2083 1863 2364 1925 antequam
2391 1856 2556 1909 velles
2586 1858 2728 1912 venit
2758 1858 2823 1912 ad
2865 1868 2916 1912 te
2938 1900 2953 1925 ,
2979 1869 3036 1914 et
3077 1877 3197 1915 cum
3224 1838 3412 1920 avcrla

1816 1942 2088 1998 voluntate
2119 1959 2264 2000 esses
2306 1948 2513 2001 vocavit
2542 1957 2624 2012 te.
2651 1961 2706 2003 et
2749 1965 2869 2004 cum
2925 1965 3216 2008 conversus
3263 1969 3414 2010 esses

1817 2038 2006 2091 terruit
2054 2047 2105 2092 te
2132 2080 2149 2105 ,
2199 2049 2254 2096 et
2297 2054 2425 2122 cum
2471 2045 2690 2098 territus
2725 2045 3060 2117 contitercris
3108 2047 3129 2078 ³
3167 2047 3415 2100 consola-

1818 2138 1902 2183 tus
1929 2139 2011 2185 est
2041 2142 2110 2185 te.
2140 2131 2243 2189 Iste
2267 2133 2354 2204 qui
2389 2135 2480 2191 tibi
2507 2137 2752 2210 przestitit
2775 2136 2953 2190 omnia
2977 2179 2993 2203 ,
3024 2137 3124 2191 iste
3157 2139 3248 2208 qui
3289 2140 3413 2195 fecit

1815 2229 1876 2275 ut
1898 2234 2077 2284 esses,
2111 2225 2200 2292 qui
2243 2240 2365 2281 cum
2409 2227 2490 2281 his
2526 2229 2616 2300 qui
2657 2238 2834 2283 tecum
2878 2243 3000 2284 sunt
3043 2233 3203 2285 etiam
3255 2233 3411 2286 malis

1817 2325 2035 2387 priestat
2055 2316 2245 2385 solem,
2276 2328 2492 2389 pratstat
2521 2321 2774 2389 pluviam,
2805 2331 3018 2391 pra-stat
3045 2320 3268 2382 fructus.
3294 2322 3412 2377 fou-

1821 2422 1920 2472 tes,
1946 2411 2105 2463 vitam
2127 2451 2142 2474 ,
2167 2393 2432 2481 salutem
2457 2417 2631 2465 tantas
2649 2413 3042 2468 consolationes
3064 2451 3094 2479 ,λ
3109 2425 3287 2468 servat
3317 2415 3411 2470 tibi

1817 2499 2016 2570 aliquid
2054 2501 2194 2572 quod
2223 2515 2327 2556 non
2353 2501 2446 2557 det
2478 2502 2577 2556 nisi
2611 2504 2728 2558 tibi.
2759 2502 2894 2571 Quid
2935 2513 3017 2558 est
3051 2515 3229 2578 autem
3269 2506 3414 2576 quod

1819 2591 1912 2648 tibi
1934 2602 2110 2647 servat
2131 2635 2147 2660 ,
2179 2593 2279 2648 nisi
2309 2595 2409 2648 se?
2440 2593 2568 2648 Pete
2593 2593 2733 2651 aliud
2755 2636 2771 2658 .
2803 2595 2847 2647 si
2878 2595 3069 2648 melius
3098 2594 3410 2652 inveneris:

1819 2699 1876 2740 se
1908 2686 1998 2741 tibi
2029 2695 2204 2740 servat
2234 2683 2392 2743 Deusl
2417 2688 2610 2753 Avare,
2638 2687 2764 2760 quid
2791 2687 2963 2742 iubias
2985 2689 3123 2741 cmlo
3143 2697 3197 2742 et
3220 2689 3414 2744 terra}?

1820 2775 2006 2833 Melior
2022 2787 2104 2832 est
2131 2777 2218 2847 qui
2242 2777 2580 2834 fecitcmlum
2606 2785 2888 2833 et-terram
2919 2795 2932 2834 :
2963 2777 3136 2849 ipsum
3165 2779 3411 2848 visurus,

1819 2867 1992 2942 ipsum
2026 2868 2303 2925 habiturus
2328 2868 2348 2900 ³
2373 2883 2451 2924 es.
2481 2868 2617 2937 Quid
2641 2868 2838 2940 quaeris
2859 2878 2916 2924 ut
2937 2878 3024 2924 ttta
3054 2869 3122 2925 sit
3151 2868 3241 2927 illa
3263 2869 3412 2940 villa,

1817 2957 1873 3016 et
1902 2961 2165 3018 transiens
2196 2975 2292 3033 per
2318 2960 2462 3017 illam
2491 2961 2623 3017 dicis
2647 2979 2660 3016 :
2688 2961 2883 3020 Beatus
2910 2961 3066 3032 cujus
3083 2971 3166 3019 est
3198 2976 3383 3034 posses
3407 2999 3413 3006 -

1819 3051 1901 3108 sio
1942 3050 2082 3106 ista?
2110 3051 2221 3106 lloe
2255 3051 2442 3123 dicunt
2477 3067 2636 3122 quam
2685 3052 2832 3106 nutiti
2865 3052 2958 3122 qui
3005 3061 3280 3109 transeunt
3317 3067 3415 3125 per

1820 3141 1964 3197 illam
1990 3150 2078 3198 :et
2105 3150 2283 3198 tamen
2313 3156 2435 3197 cum
2463 3141 2718 3208 dixerint,
2744 3151 2798 3196 et
2826 3151 3102 3199 transeunt
3131 3158 3223 3216 per
3242 3143 3410 3217 illam,

1819 3240 2042 3302 possunt
2064 3241 2223 3305 caput
2252 3232 2451 3302 agitare
2478 3242 2531 3290 et
2560 3233 2853 3302 suspirare,
2882 3232 3136 3306 numquid
3162 3241 3218 3292 et
3244 3234 3415 3307 posst.

1818 3324 1981 3381 dere’
2003 3323 2170 3383 Sonat
2196 3325 2460 3397 cupiditas
2479 3366 2493 3393 ,
2526 3335 2682 3382 sonat
2703 3325 2953 3397 iniquitas
2977 3343 2991 3377 :
3014 3325 3109 3383 sed
3143 3341 3248 3381 non
3276 3340 3412 3382 cou-

1818 3418 2061 3491 cupiscas
2088 3434 2201 3474 rem
2232 3418 2456 3490 proximi
2488 3417 2560 3472 tui
2586 3415 2767 3486 (Deut.
2799 3433 2852 3485 v,
2879 3416 2994 3486 2|).
3023 3416 3217 3472 Beatus
3258 3416 3415 3488 cujus

1818 3522 1903 3569 est
1931 3513 2016 3567 illa
2040 3512 2183 3579 villa,
2210 3511 2363 3583 cujus
2383 3517 2468 3567 est
2492 3510 2682 3564 domus
2708 3512 2829 3578 ista,
2857 3510 3011 3582 cujus
3029 3519 3114 3567 est
3142 3524 3268 3582 ager
3289 3510 3411 3565 iste.

1818 3604 2115 3676 Compesce
2158 3603 2534 3676 iniquitatem,
2574 3601 2697 3658 audi
2738 3602 3012 3656 veritatem
3048 3619 3061 3659 :
3095 3599 3252 3656 Beata
3293 3617 3415 3672 gem

1820 3674 1968 3769 cujus
1996 3704 2086 3752 est.
2119 3674 2426 3766 Quid‘liam
2472 3693 2637 3748 nostis
2666 3691 2793 3766 tptid
2824 3693 3060 3749 dicturus
3103 3708 3246 3748 sum.
3275 3690 3418 3765 Ergo

1801 3785 2122 3846 :tiesiderate
2172 3796 2229 3840 ιιι
2284 3786 2563 3854 habeatis,
2619 3795 2744 3841 tunc
2793 3784 3008 3841 (lellil-ltil
3060 3785 3196 3842 beati
3243 3786 3415 3844 eritis.

1822 3880 1934 3935 lloc
1959 3880 2074 3936 solo
2101 3879 2237 3934 beati
2266 3879 2418 3935 eritis
2448 3894 2462 3934 :
2491 3892 2549 3934 re
2576 3877 2795 3934 meliore
2821 3891 2981 3947 quam
3008 3891 3102 3933 rus
3128 3877 3280 3944 estis,
3303 3893 3416 3933 me-

1823 3973 1982 4029 liores
2008 3971 2178 4028 eritis.
2211 3971 2349 4025 Deus
2367 3978 2472 4038 est,
2496 3969 2734 4040 inquam,
2760 3969 2946 4026 melior
2975 3976 3049 4034 te,
3078 3970 3166 4040 qui
3195 3967 3320 4027 fecit
3341 3980 3413 4025 te.

1818 4061 1980 4117 Βεαά
2004 4079 2126 4134 gem
2152 4063 2299 4133 cujus
2323 4071 2396 4117 est
2439 4059 2689 4114 Dentium
2724 4057 2860 4115 Deus
2886 4076 3076 4115 eorum.
3112 4061 3221 4120 ΙΙου
3247 4075 3366 4116 ama
3397 4101 3414 4126 .

1825 4152 1924 4209 hoc
1967 4152 2220 4224 posside,
2251 4153 2351 4207 hoc
2395 4165 2518 4207 cum
2569 4154 2648 4208 vis
2694 4151 2947 4217 italu-his,
2982 4153 3081 4208 hoc
3121 4153 3286 4225 gratis
3313 4151 3413 4208 ha-

1823 4243 1992 4300 bcbis.

1895 4335 1982 4394 l7.
2021 4333 2183 4393 Beata
2202 4350 2340 4406 'gens
2364 4333 2508 4404 cujus
2541 4342 2612 4386 est
2644 4330 2893 4387 Dominus
2929 4330 3061 4386 Deus
3085 4349 3280 4387 eorum.
3306 4331 3417 4390 No.

1823 4436 1938 4483 ster
1965 4427 2134 4482 Deus!
2159 4423 2322 4496 Cujus
2343 4424 2486 4478 enim
2513 4439 2618 4478 non
2647 4434 2729 4479 est
2755 4424 2893 4479 Deus
2916 4424 2936 4480 ξ
2959 4423 3074 4480 Non
3118 4425 3274 4495 plane
3301 4441 3419 4482 om-

1825 4517 2189 4574 nium-eodem
2213 4514 2394 4571 modo.
2420 4513 2614 4572 Noster
2641 4515 2828 4584 magis.
2859 4526 3040 4571 tiuster
3068 4498 3155 4588 qui
3188 4516 3420 4575 vivimus

1823 4609 1890 4664 de
1929 4607 2020 4663 ilio
2063 4617 2310 4677 tanquam
2349 4603 2418 4658 de
2458 4618 2595 4676 pane
2635 4613 2842 4660 nostro.
2872 4605 2988 4672 ipse
3026 4605 3094 4660 sit
3135 4605 3421 4662 haereditas

1827 4709 2006 4756 nostra
2031 4742 2046 4766 ,
2073 4697 2359 4773 possessio!
2391 4709 2590 4754 nosna.
2621 4696 2705 4753 An
2748 4695 2887 4754 forte
2943 4705 3144 4754 temere
3191 4698 3421 4760 dicimus

1825 4790 2069 4848 faciendo
2092 4789 2244 4846 nobis
2267 4787 2432 4842 Deum
2462 4787 2877 4861 possessionem,
2902 4802 3024 4844 cum
3045 4789 3114 4843 sit
3142 4789 3418 4858 Dmuinus,

1825 4896 1947 4936 cum
1976 4882 2047 4937 sit
2087 4879 2345 4935 Creatori
2365 4878 2478 4932 Non
2507 4888 2586 4933 est
2621 4878 2716 4935 ista
2749 4880 3021 4937 temeritas
3051 4895 3068 4934 :
3097 4880 3321 4937 allectus
3339 4891 3422 4938 est

1827 4971 2077 5028 desiderii
2103 5011 2118 5038 ,
2150 4979 2206 5025 et
2249 4969 2474 5026 dulcedo
2503 4971 2636 5037 spei.
2665 4969 2813 5023 Dicat
2855 4969 3029 5026 anima
3047 5011 3064 5036 ,
3087 4973 3308 5030 omnino
3333 4985 3420 5028 so.

1828 5079 1955 5119 cura
1980 5063 2118 5119 dicat
2148 5080 2161 5118 :
2188 5061 2326 5117 Deus
2353 5076 2501 5116 meus
2531 5048 2589 5116 es
2610 5069 2685 5126 tu;
2705 5062 2792 5134 qui
2823 5061 3162 5120 dicitanimte
3190 5073 3420 5121 nostrze:

1833 5155 1988 5212 Salus
2015 5165 2102 5208 tua
2121 5170 2211 5226 ego
2241 5169 2353 5207 sum
2381 5151 2553 5215 (Prol.
2591 5168 2774 5221 sxxw,
2797 5153 2875 5221 5).
2912 5154 3093 5221 Dii-at,
3123 5171 3307 5212 secura
3337 5157 3422 5212 dic

1831 5255 1917 5302 cat
1945 5264 1956 5298 :
1988 5260 2093 5302 non
2120 5242 2277 5302 faciet
2312 5242 2556 5314 injuriam
2593 5258 2712 5298 cum
2749 5243 2852 5302 hoc
2879 5243 3103 5313 dixerit;
3137 5247 3241 5302 imo
3269 5248 3424 5304 faciet

1832 5339 1876 5392 si
1903 5352 2010 5393 ﬂlill
2043 5334 2254 5391 dixerit.
2280 5333 2517 5389 Arbores
2543 5337 2756 5390 volebas
2784 5334 2981 5392 habere
3013 5337 3210 5409 quibus
3236 5329 3425 5396 brain:

1833 5431 2015 5486 assus?
2041 5427 2179 5484 Audi
2225 5427 2553 5498 Scripturam
2581 5427 2845 5482 dicentem
2893 5428 2961 5482 de
3003 5427 3261 5499 sapientia
3297 5428 3428 5488 τιλ-

1834 5537 1990 5595 gnum
2017 5520 2130 5575 vita:
2151 5528 2221 5574 est
2253 5518 2484 5574 omnibus
2505 5519 2870 5588 possidentibus
2892 5536 3021 5577 eam.
3051 5522 3190 5578 Ecce
3213 5537 3426 5594 posse...

1835 5615 2042 5672 sionem
2083 5620 2320 5667 nostram
2361 5608 2502 5666 dixit
2541 5624 2661 5664 esse
2691 5611 3005 5682 sapientiam
3060 5614 3163 5672 Sed
3187 5628 3253 5672 no
3275 5625 3427 5684 putes

1900 5727 1918 5791 ξ
1949 5722 2131 5791 Aliquot
2148 5695 2275 5776 διεδ..
2301 5718 2629 5791 dederoravit.

1901 5787 1923 5820 ι
1946 5788 2162 5847 nutuque.
2189 5792 2314 5832 uss...
2340 5793 2582 5847 conterere.
2610 5787 2670 5833 is.

1904 5848 1926 5884 ³
1944 5843 2215 5902 ουωιῑυοιιιι
2240 5853 2342 5896 Mss.
2362 5879 2376 5906 ,
2411 5843 2656 5898 Mentitur.
