4008 6312
648 332 751 391 ἐθῦ

645 450 815 521 ipsam
835 447 1173 518 sapientiam,
1202 447 1325 517 quia
1352 450 1748 517 possessionem
1772 454 1917 502 tuam
1940 445 2075 501 dixit
2095 446 2239 502 Scri-

642 551 822 611 ptura,
853 539 1053 610 aliquid
1089 554 1211 595 esse
1255 538 1397 609 quod
1438 538 1511 594 sit
1540 548 1592 594 te
1641 538 1899 605 inferius,
1921 540 2162 609 sequitur
2188 550 2243 594 et

640 634 883 706 adjuugit
912 652 926 688 :
956 632 1025 687 Et
1051 631 1447 688 incumbentibus
1470 634 1525 686 in
1550 648 1664 685 eam
1690 631 1821 685 velut
1840 632 1894 685 in
1926 630 2203 685 Dominum
2223 671 2238 694 ,

641 728 784 780 tuta‘
812 724 1092 796 (Prou.m,
1111 724 1224 795 18).
1254 723 1394 780 Ecce
1409 723 1665 778 Dominus
1691 730 1813 777 tuus
1843 723 2013 776 factus
2037 730 2119 776 est
2144 720 2239 775 tibi

640 820 791 883 quasi
834 818 1056 873 baculus
1078 834 1091 870 :
1116 830 1338 874 securus
1362 816 1525 871 homo
1546 814 1839 881 incumbit,
1865 812 1988 883 quia
2013 812 2104 867 ille
2131 828 2238 867 non

644 880 967 973 succumbit.
997 912 1090 967 Dic
1114 925 1242 979 ergo
1271 921 1523 973 securus,
1553 905 1823 975 possessio
1852 912 1942 960 tua
1973 914 2091 969 est,
2118 920 2239 973 pos-

642 1006 924 1065 sidentibus
951 1022 1085 1061 eam.
1116 1002 1388 1074 Scriptura
1411 999 1562 1065 dixit,
1596 997 1840 1068 implevit
1865 995 2055 1051 liducia
2081 995 2239 1051 dubi-

645 1103 901 1158 tationem
930 1100 951 1131 ²
979 1108 1121 1153 tuam
1151 1113 1164 1148 :
1191 1094 1280 1149 die
1321 1104 1542 1147 securus
1569 1132 1585 1157 ,
1628 1104 1749 1145 ama
1770 1102 1997 1144 securus
2029 1129 2043 1152 .
2082 1102 2237 1158 spera

642 1208 886 1250 securus.
914 1190 1026 1245 Tua
1047 1188 1205 1244 etiam
1233 1186 1319 1239 illa
1341 1184 1501 1238 verba
1523 1182 1631 1235 sint
1656 1181 1706 1235 in
1731 1179 1967 1244 Psalmo,
1987 1176 2237 1233 Dominus

642 1305 761 1359 pars
791 1284 1097 1339 Iiwreditatis
1120 1295 1245 1334 mea:
1269 1277 1441 1350 (Psal.
1463 1292 1554 1340 xv,
1581 1276 1663 1346 5).

712 1380 800 1434 18.
856 1378 995 1447 Ergo
1034 1373 1157 1428 inde
1202 1370 1345 1427 beati
1389 1368 1629 1433 erimus,
1673 1365 1842 1420 Deum
1888 1362 2232 1432 possidendo.

637 1471 775 1537 Quid
813 1466 976 1537 ergo?
1001 1464 1110 1520 Nos
1150 1459 1544 1532 possidebimus
1581 1472 1702 1511 eum
1724 1497 1739 1521 ,
1766 1464 1821 1509 et
1862 1454 1954 1509 ille
1988 1468 2094 1508 non
2136 1469 2237 1509 nos

636 1559 969 1634 possidebit?
1005 1555 1156 1612 Unde
1192 1566 1322 1624 ergo
1366 1548 1528 1605 Isaias
1560 1565 1574 1600 :
1606 1546 1826 1600 Domine
1847 1585 1864 1611 ,
1896 1544 2099 1615 posside
2143 1560 2236 1599 nos

640 1655 792 1729 (ικαὶ.
821 1669 942 1709 xxvi
962 1693 978 1716 .
1010 1652 1114 1719 15,
1145 1664 1246 1704 sec.
1278 1644 1483 1716 LXX)?
1512 1642 1758 1699 Possidet
1781 1655 1911 1712 ergo
1932 1681 1948 1705 ,
1979 1648 2036 1695 et
2067 1639 2238 1711 possi-

636 1751 814 1815 detur,
839 1758 896 1803 et
920 1754 1086 1801 totum
1117 1751 1336 1813 propter
1356 1754 1478 1795 nos.
1510 1737 1627 1793 Non
1655 1735 1800 1791 enim
1840 1733 2111 1802 quomodo
2130 1774 2144 1795 ,
2178 1740 2237 1787 ut

636 1857 737 1899 nos
761 1856 826 1897 es
855 1840 947 1893 illo
972 1836 1112 1892 beati
1138 1834 1327 1894 simus,
1349 1828 1656 1901 possidetur
1684 1843 1715 1882 a
1739 1825 1916 1892 nobis,
1948 1824 2021 1879 ita
2044 1832 2100 1879 et
2119 1823 2233 1890 ille,

636 1944 696 1991 ut
719 1932 907 1988 beatus
924 1928 1013 1994 sit,
1026 1924 1265 1999 possidet
1284 1936 1402 1978 nos.
1426 1921 1494 1976 Et
1514 1918 1771 1989 possidet,
1790 1925 1844 1973 et
1867 1915 2173 1986 possidetur
2188 1924 2230 1984 ³,

635 2039 746 2081 non
770 2021 841 2076 ob
864 2018 1005 2075 aliud
1026 2018 1125 2073 nisi
1147 2025 1204 2071 ut
1224 2030 1325 2070 nos
1346 2012 1487 2068 beati
1513 2010 1700 2065 simus.
1727 2007 2069 2064 Possidemus
2086 2022 2231 2072 eum,

634 2128 690 2176 et
711 2113 947 2187 possidet
965 2126 1083 2173 nus;
1097 2108 1220 2179 quia
1239 2105 1467 2162 colimus
1481 2118 1603 2159 eum
1628 2110 1684 2157 et
1708 2101 1835 2156 colit
1857 2114 1977 2155 nos.
1997 2099 2234 2155 Colimus

634 2224 759 2267 eum
800 2199 1052 2275 tanquam
1099 2198 1381 2255 Dominum
1434 2195 1602 2250 Deutn
1629 2234 1644 2257 ,
1673 2192 1803 2248 colit
1846 2205 1945 2245 nos
1981 2200 2233 2261 tanquam

637 2313 832 2357 terram
854 2311 1027 2351 suam.
1054 2292 1190 2362 Quia
1219 2289 1448 2346 colimus
1475 2301 1622 2347 eum.
1655 2298 1816 2340 nemo
1835 2282 2045 2338 dubitat
2066 2279 2233 2350 ;.quia

634 2394 763 2448 colit
800 2407 898 2445 nos
920 2429 938 2456 ,
965 2389 1084 2458 quis
1122 2383 1279 2441 nobis
1308 2371 1554 2435 indicat?
1583 2376 1679 2431 llle
1704 2374 1795 2445 qui
1820 2373 1897 2429 ait
1928 2392 1941 2428 :
1970 2371 2084 2443 Ego
2117 2389 2234 2426 sunt

578 2500 582 2504 ‘
634 2488 769 2551 vitis,
793 2500 884 2540 vos
904 2481 1022 2538 estis
1039 2485 1317 2541 sarmenta,
1337 2470 1498 2527 Pater
1523 2485 1666 2524 meus
1685 2466 1915 2540 agricola
1933 2475 2006 2520 est
2046 2464 2230 2536 (Joan.

635 2595 732 2646 xv,
764 2578 815 2643 1,
846 2575 923 2647 5).
954 2573 1094 2629 Ecce
1118 2578 1174 2626 et
1200 2572 1254 2624 in
1285 2568 1388 2622 isto
1410 2564 1616 2635 psalmo
1639 2571 1927 2660 utrumque
1953 2558 2108 2660 nobis
2144 2557 2231 2613 di-

634 2672 776 2726 citur
793 2709 811 2735 ,
839 2675 1126 2733 utrumque
1146 2659 1300 2715 nobis
1324 2655 1606 2712 indicatur.
1634 2652 1754 2708 iam
1778 2650 1917 2706 dixit
1947 2650 2069 2720 quia
2104 2662 2232 2720 pos-

635 2762 875 2818 sidemus
887 2772 1009 2813 eum
1032 2770 1047 2807 :
1069 2752 1229 2807 Beata
1247 2765 1368 2822 gens
1386 2747 1534 2818 cujus
1545 2753 1617 2800 est
1632 2742 1880 2798 Dominus
1890 2739 2027 2795 Deus
2037 2755 2231 2796 eorum.

635 2854 802 2925 Cujus
824 2860 909 2906 est
958 2846 1153 2902 fundus
1184 2840 1319 2898 iste?
1349 2839 1512 2895 Illius.
1537 2835 1704 2905 Cujus
1734 2833 1859 2891 ille?
1880 2833 2026 2925 Illius
2048 2830 2092 2885 δ.
2125 2830 2234 2925 Ct_t-

635 2921 729 3018 jus
751 2953 837 2999 est
858 2938 998 2997 iste?
1023 2937 1269 2991 Dicamus
1290 2930 1374 3001 de
1405 2930 1515 2984 Deo
1535 2969 1551 2993 ,
1578 2926 1820 3018 dicamus
1849 2922 2004 3018 cujus
2166 2921 2234 2975 Et

636 3011 907 3109 quomodo
930 3028 1086 3087 nobis
1110 3023 1250 3082 solet
1277 3018 1615 3119 responderi,
1637 3013 1851 3088 quando
1864 3013 1949 3119 .de.
1973 3011 2154 3119 fundis
2178 3021 2234 3068 et

636 3108 705 3187 de
730 3125 947 3201 prmdiis
973 3119 1239 3192 aliquibus
1271 3114 1464 3184 amplis
1500 3121 1658 3181 atque
1680 3108 2057 3201 amoenissimis
2081 3122 2233 3176 quze-

637 3197 807 3286 rim'us
835 3237 849 3273 :
869 3219 963 3274 Est
985 3212 1203 3286 quidam
1228 3216 1467 3270 senator,
1489 3215 1543 3259 et
1566 3200 1694 3257 illud
1717 3210 1809 3255 aut
1834 3197 1964 3254 illud
1989 3206 2231 3266 vocatur,

637 3284 792 3385 cujus
817 3317 899 3366 est
920 3284 1020 3363 ista
1049 3301 1315 3374 possessio
1338 3317 1352 3353 :
1375 3306 1430 3352 et
1451 3295 1699 3355 dicimus,
1723 3290 1918 3346 Beatus
1934 3288 2024 3345 ille
2048 3288 2231 3385 homo.

637 3383 730 3467 Sic
754 3408 798 3461 si
826 3415 1130 3476 quaeramus
1149 3438 1165 3460 .
1193 3395 1358 3463 Cujus
1396 3400 1482 3447 est
1522 3390 1665 3445 Deus
1689 3385 1829 3442 iste?
1856 3385 1954 3440 Est
1990 3383 2234 3455 quedam

641 3504 792 3559 beata
818 3510 950 3570 gens
975 3492 1128 3563 cujus
1149 3498 1234 3565 est
1260 3505 1275 3541 :
1304 3500 1426 3541 nam
1455 3481 1712 3538 Dominus
1735 3479 1880 3535 Deus
1901 3490 2090 3533 eorum
2126 3486 2231 3530 est.

641 3597 712 3653 Et
737 3609 843 3649 non
869 3592 1003 3645 sicut
1029 3593 1247 3641 senator
1280 3580 1373 3635 ille
1398 3575 1639 3649 possidet
1656 3572 1877 3627 fundum
1907 3584 2104 3671 suum,
2128 3583 2233 3671 non

641 3696 820 3742 autem
848 3677 1149 3751 possidetur
1171 3690 1201 3727 a
1223 3670 1387 3727 fundo
1414 3682 1514 3722 suo
1532 3708 1548 3731 ,
1575 3665 1655 3720 sic
1677 3673 1733 3720 et
1760 3663 1901 3718 Deus
1933 3660 2108 3731 gentis
2136 3658 2237 3713 hu-

638 3778 747 3849 jus.
771 3773 923 3831 Uude
962 3780 1021 3824 ut
1047 3768 1164 3836 ejus
1190 3763 1360 3819 simus
1383 3802 1398 3825 ,
1432 3758 1678 3813 laborare
1713 3754 1973 3849 debemus
1999 3768 2014 3806 :
2037 3751 2131 3807 sed
2159 3752 2236 3849 al-

643 3846 905 3927 terutrum
957 3878 1017 3918 se
1070 3856 1363 3929 possident.
1411 3850 1649 3907 Audistis
1677 3846 1801 3917 quia
1844 3860 1977 3917 gens
2003 3846 2238 3913 p0§sidet

642 3976 767 4015 eum
798 3973 816 4012 :
842 3954 1001 4009 Beata
1027 3966 1171 4021 gens,
1192 3946 1338 4017 cujus
1364 3950 1437 3996 est
1463 3938 1713 3993 Dominus
1741 3936 1878 3991 Dens
1902 3951 2098 3991 eorum.

642 4054 754 4110 dite
799 4049 922 4120 quia
951 4054 1007 4101 et
1048 4044 1137 4099 ille
1165 4036 1401 4111 possidet
1428 4033 1573 4130 illam
1599 4049 1614 4085 :
1645 4029 1882 4099 Populus
1905 4043 2054 4099 quem
2090 4027 2240 4130 elegit

648 4144 896 4200 Dominus
931 4139 988 4193 in
1014 4133 1362 4190 Itwreditatem
1397 4124 1512 4180 sibi.
1535 4123 1699 4179 Beata
1726 4135 1858 4191 gens
1898 4123 2239 4189 possessione

644 4253 741 4292 sua
767 4278 780 4299 ,
814 4236 968 4288 beata
1009 4224 1296 4282 haereditas
1321 4229 1635 4288 possessore
1670 4228 1769 4268 suo
1792 4254 1808 4278 ,
1832 4210 2051 4281 populus
2092 4225 2237 4279 quem

644 4330 795 4401 eti-git
826 4321 1071 4379 Dominus
1095 4318 1148 4370 in
1165 4310 1507 4408 [nereditatem
1524 4304 1639 4361 sibi.
1699 4396 1733 4408 ’Δ
1788 4392 1847 4408 π
1921 4392 1933 4403 .
2118 4407 2121 4408 ν
2148 4391 2160 4403 ⁸
2180 4391 2214 4408 μ

720 4391 807 4474 19.
841 4415 861 4490 [
899 4428 1031 4468 vers.
1077 4404 1207 4478 15.]
1234 4401 1469 4490 Defensio
1511 4396 1735 4490 respexit
1777 4392 2030 4490 Dominus
2056 4434 2069 4457 ,
2109 4391 2237 4490 vidit

640 4525 818 4564 omnes
844 4480 978 4574 illios
1006 4499 1283 4553 hominum.
1297 4489 1498 4544 Omnes
1510 4488 1594 4542 hic
1620 4488 1692 4541 ita
1717 4483 1920 4553 accipe,
1939 4490 1998 4536 ut
2017 4482 2191 4552 gentis
2218 4480 2240 4513 ⁸

649 4598 789 4653 illius
824 4607 1013 4650 omnes
1049 4586 1316 4654 intelligas
1353 4580 1496 4635 illam
1543 4574 1908 4631 Incredibilem
1957 4579 2234 4672 tenentes,

645 4691 734 4744 vel
757 4689 899 4742 illam
926 4679 1291 4736 ltmrcditaletn
1322 4671 1629 4725 existentes.
1659 4663 1951 4718 Hzereditas
1977 4674 2059 4715 est
2095 4663 2238 4766 enim

652 4784 741 4838 Dei
788 4780 888 4850 ipsi
923 4788 1130 4831 omnes.
1178 4770 1247 4824 Et
1283 4768 1428 4834 ipsos
1451 4763 1472 4793 ‘
1501 4774 1691 4814 omnes
1731 4756 1799 4811 de
1828 4758 1968 4811 caelo
1996 4756 2242 4850 reSpexit

655 4845 927 4937 Dominus,
953 4877 1009 4923 et
1035 4866 1166 4919 vidit
1193 4876 1287 4915 eos
1317 4858 1403 4912 ille
1424 4855 1513 4925 qui
1540 4850 1782 4905 ait:Cum
1803 4864 1932 4902 esses
1953 4847 2042 4900 sub
2063 4845 2242 4899 arbore

648 4968 757 5037 ﬁci,
785 4966 886 5021 vidi
906 4958 1084 5030 te(Id.
1117 4972 1153 5021 t,
1184 4955 1295 5023 48).
1322 4949 1463 5004 Vidit
1487 4946 1629 5001 enim
1661 4958 1783 4999 eum
1815 4941 1937 5012 quia
1960 4942 2241 4995 miseratus

717 5146 735 5176 ί
761 5140 895 5197 Edd.,
918 5137 971 5188 in
996 5135 1149 5197 domo
1159 5137 1278 5181 tuta.
1303 5126 1393 5197 Sed
1420 5125 1589 5197 verius
1610 5120 1794 5197 aliquoi.
1813 5125 1944 5197 ξιξ-ε

653 5184 967 5263 ιηεαῗῖἓῖιῖζ
993 5184 1093 5263 alii,
1132 5192 1185 5243 in
1227 5188 1481 5240 Dominum
1517 5191 1638 5239 tuta.
1655 5184 1795 5245 juxta
1816 5187 1967 5230 crare.
2000 5185 2127 5239 LXX,
2163 5184 2243 5244 eps

656 5265 835 5376 “1‘33
1174 5312 1289 5364 edd.
1303 5324 1440 5370 vero,
1449 5305 1660 5372 imle
1671 5301 1921 5369 ﬁduciam,
1936 5299 2131 5352 removit
2148 5300 2242 5351 du-

657 5388 969 5501 bniumlt
1010 5449 1159 5494 totum
1189 5442 1385 5501 propter
1412 5446 1514 5482 nos.
1547 5435 1602 5501 _L‘t
1639 5426 1779 5501 cytim‘
1805 5438 1891 5501 nos

658 5484 1178 5572 e.»..'§,"",'»b;§w'£[a?}g
1191 5484 1334 5572 inob'is
1364 5508 1379 5544 :
1404 5502 1455 5543 nt
1477 5485 2008 5572 autem‘illebe-at-ushsit
2028 5498 2246 5572 1832!)sz

658 5546 1257 5630 iiiiWuSsW-Tiﬁaim
1289 5565 1333 5608 et
1372 5571 1456 5606 nos
1491 5550 1757 5617 Ροδδίίλεωτ
1793 5564 1824 5599 α
1861 5547 2012 5608 "abi"
2053 5546 2148 5598 m
2187 5546 2245 5597 ab

658 5634 1084 5753 ⁶⁸¹²ἑ⁸ῗέιὲίῗεηάηε
1104 5685 1187 5736 me
1204 5681 1383 5753 ξιιιέξιτς
1405 5673 1751 5753 exerceatis“-

725 5759 749 5818 ξ
772 5756 907 5818 add,
932 5744 1123 5818 gentes._
1145 5745 1314 5818 melius
1336 5744 1660 5818 Mss,

724 5814 750 5849 ⁸
770 5809 1088 5867 Ριωὲἑωδε..
1106 5809 1203 5873 ipsi
1223 5818 1405 5865 anates,
1430 5810 1475 5854 et
1499 5813 1647 5863 tpstus
1665 5809 1845 5849 anates.

1897 335 1956 390 S.
1995 329 2367 391 AUGUSTINI
2407 335 2706 393 EPISCUPI

2340 457 2432 502 est
2454 464 2598 504 eum.
2638 450 2790 506 Unde
2820 452 3134 527 plerumque
3161 471 3411 531 rogantes
3435 463 3864 529 misericordiam
3894 478 3909 505 '
3928 518 3947 540 ,

2346 538 2575 595 dicimus
2600 539 2820 607 homini,
2848 544 2983 601 Vide
3011 563 3117 603 me.
3144 549 3209 605 Et
3233 552 3303 607 de
3333 554 3427 611 illo
3454 559 3545 628 qui
3574 568 3629 616 te
3651 538 3947 623 contemnit

2348 631 2475 700 quid
2499 631 2672 688 dicis?
2692 633 2806 688 Non
2834 651 2923 692 me
2945 639 3109 695 videt.
3142 642 3237 698 Est
3257 659 3387 716 ergo
3411 650 3656 719 quadam
3688 656 3826 711 visio
3847 659 3946 712 mi-

2346 724 2575 777 Serantis
2597 725 2647 791 ⁸,
2672 740 2777 781 non
2818 728 2955 783 visio
2981 732 3269 800 punientis.
3304 736 3393 791 Illa
3433 739 3567 796 visio
3605 743 3674 798 ad
3724 759 3947 816 peccata

2346 815 2742 872 animadversio
2771 829 2856 874 est
2884 838 2899 876 :
2926 836 3046 891 qua:
3075 824 3163 879 ille
3202 839 3425 896 peccata
3448 847 3551 888 non
3593 837 3707 890 vult
3728 815 3902 895 videri
3929 884 3948 907 ,

2346 906 2437 974 qui
2462 906 2591 963 dicit
2618 910 2831 966 :Auerte
2856 913 3037 983 faciem
3064 927 3204 972 tuam
3230 937 3262 973 a
3286 926 3507 992 peccatis
3534 930 3657 983 meis
3685 928 3860 1004 (Psal.
3894 906 3947 999 ι..

2346 995 2462 1088 11).
2486 997 2641 1066 Quod
2661 1002 2774 1056 vult
2794 1003 3024 1073 ignosci.
3052 1024 3157 1063 non
3181 1012 3293 1065 vult
3317 1016 3533 1083 agnosci
3566 1036 3581 1071 :
3611 995 3830 1088 Auerte,
3864 995 3949 1079 in;

2345 1086 2481 1155 quit,
2515 1088 2702 1158 faciem
2731 1102 2873 1146 tuum
2895 1110 2928 1148 a
2954 1100 3171 1166 peccatis
3201 1101 3342 1156 meis.
3365 1102 3498 1158 Cum
3527 1094 3655 1178 ergo
3687 1086 3949 1170 averterit

2343 1180 2531 1235 faciem
2558 1198 2709 1238 suam
2737 1200 2767 1239 a
2798 1188 3155 1255 peceatis'tuis
3176 1233 3193 1257 ,
3221 1211 3326 1249 non
3363 1197 3563 1253 videbit
3593 1202 3687 1256 te?
3711 1204 3780 1258 Et
3806 1208 3949 1264 unde

2342 1270 2469 1326 alibi
2496 1272 2627 1329 dicit
2651 1292 2666 1329 :
2703 1274 2788 1330 Ne
2815 1290 3010 1334 avertas
3030 1284 3213 1352 [aciem
3244 1295 3382 1340 tuam
3404 1304 3436 1341 a
3460 1306 3541 1345 me
3564 1291 3741 1364 (Psal.
3768 1311 3843 1351 xx
3854 1313 3905 1353 vt
3926 1341 3945 1363 .

2342 1360 2441 1433 9)?
2468 1362 2613 1435 Ergo
2639 1379 2846 1425 avertat
2887 1386 2918 1425 a
2958 1370 3192 1442 peccatis
3229 1378 3334 1434 tuis
3356 1420 3373 1447 ,
3405 1397 3510 1437 non
3552 1360 3765 1444 avertat
3786 1404 3821 1444 a
3846 1398 3901 1446 te

2342 1452 2522 1510 videat
2568 1466 2659 1525 te,
2690 1460 3009 1519 misereatur
3048 1466 3160 1534 tui,
3204 1470 3484 1529 subveniat
3526 1476 3644 1532 tibi.
3687 1479 3785 1535 De-
3817 1482 3948 1539 calo

2338 1549 2559 1618 respexit
2572 1547 2843 1621 Dominus,
2868 1556 2993 1610 uidit
3012 1574 3183 1615 omnes
3195 1561 3332 1631 ﬁlios
3628 1587 3649 1627 :
3663 1574 3950 1644 pertinen-

2340 1647 2422 1695 tes
2449 1640 2518 1696 ad
2546 1642 2737 1699 Filium
2767 1645 3019 1705 hominis.

2409 1730 2499 1828 2D.
2526 1731 2696 1805 [ειη.
2732 1736 2852 1811 14.]
2886 1738 2960 1794 De
2998 1755 3287 1814 purpurato
3309 1747 3595 1807 habitacqu
3618 1769 3713 1809 suo
3741 1770 3765 1811 :
3798 1760 3949 1828 quod

2338 1820 2436 1877 sibi
2468 1828 2809 1895 praeparavit.
2846 1830 2986 1887 Vidit
3009 1848 3108 1891 nos
3132 1836 3199 1892 de
3239 1842 3509 1909 Apostolis
3538 1885 3555 1909 ,
3580 1845 3715 1902 vidit
3743 1820 3850 1906 nos
3878 1851 3951 1908 do

2339 1913 2775 2013 prmdicatoribus
2803 1922 3042 2013 veritatis
3064 1966 3079 1990 ,
3111 1926 3243 1983 vidit
3268 1945 3368 1987 nos
3407 1930 3477 1989 de
3512 1935 3735 2007 Angelis
3756 1980 3774 2007 ,
3804 1957 3950 2013 quos

2336 2004 2405 2059 ad
2457 2022 2558 2061 nos
2604 2009 2768 2067 misit.
2808 2011 2933 2070 Haec
2968 2018 3145 2073 omnia
3182 2018 3375 2078 domus
3426 2025 3561 2095 ejus,
3605 2004 3721 2087 haec
3757 2004 3949 2089 omnia

2338 2095 2698 2191 habitaculum
2721 2103 2838 2171 ejus
2868 2123 2882 2160 :
2911 2108 3034 2176 quia
3063 2109 3176 2167 haec
3207 2116 3383 2170 omnia
3409 2119 3530 2173 cmli
3569 2122 3658 2191 qui
3680 2136 3951 2182 enarrant

2340 2189 2562 2257 gloriam
2584 2192 2700 2247 Dei.
2734 2193 2871 2249 Vidit
2895 2214 3067 2254 omnes
3093 2202 3229 2270 filios
3252 2204 3546 2274 hominum;
3567 2189 3951 2285 deproperare

2336 2282 2624 2363 habitacula
2648 2303 2743 2341 suo
2770 2292 2988 2361 respesit
3011 2309 3166 2362 super
3183 2311 3355 2353 omnes
3373 2303 3460 2369 qui
3476 2301 3706 2357 habitant
3726 2282 3947 2363 terram.

2337 2372 2440 2446 Ipsi
2485 2386 2611 2432 sunt
2634 2418 2648 2441 ,
2679 2381 2760 2435 sui
2799 2394 2922 2437 sunt
2944 2383 3002 2449 ³,
3027 2399 3158 2455 gens
3210 2386 3299 2442 illa
3325 2400 3409 2445 est
3447 2391 3599 2449 beata
3620 2435 3639 2461 ,
3664 2410 3822 2465 cujus
3861 2409 3951 2456 est

2340 2467 2597 2559 Dominus
2629 2471 2771 2527 Deus
2815 2489 3032 2543 eorum;
3067 2478 3291 2549 populus
3324 2481 3414 2537 ille
3445 2494 3528 2539 est
3551 2527 3567 2551 ,
3590 2501 3751 2557 quem
3776 2491 3951 2559 elegit

2336 2558 2596 2617 Dominus
2622 2563 2675 2617 in
2705 2563 3072 2622 hazreditatem
3108 2569 3211 2625 sibi
3235 2588 3249 2624 :
3273 2572 3400 2641 quia
3421 2586 3518 2644 per
3546 2590 3737 2635 omnes
3766 2589 3949 2640 terras

2334 2663 2451 2745 est,
2477 2664 2533 2709 et
2558 2670 2664 2710 non
2686 2664 2770 2712 est
2797 2658 2850 2713 in
2876 2669 3049 2730 parte.
3073 2660 3318 2735 Respexit
3339 2680 3492 2738 super
3519 2684 3693 2735 omnes
3718 2673 3813 2745 qui
3841 2674 3951 2729 Isa-

2335 2744 2498 2800 bitant
2523 2755 2730 2801 terram.

2405 2835 2498 2893 2i.
2527 2836 2549 2913 [
2586 2855 2713 2894 vers.
2753 2840 2841 2897 15.
2864 2839 3018 2917 1ραὶ
3049 2844 3201 2915 ﬁnxit
3225 2847 3523 2920 singillatim
3548 2852 3707 2908 corda
3738 2870 3945 2911 mm.

2335 2933 2493 2988 Manu
2513 2936 2702 3006 gratiae
2730 2950 2863 3002 suae,
2891 2953 3050 2993 manu
3076 2940 3457 2998 misericordias
3484 2958 3597 3000 sum
3631 2947 3949 3017 tinxitacor-

2336 3022 2426 3091 da,
2458 3026 2739 3095 plasmavit
2765 3027 2929 3085 corda
2957 3039 3159 3097 nostra,
3187 3030 3336 3087 tinxit
3361 3034 3694 3105 singillatim,
3722 3039 3948 3113 singula

2335 3116 2578 3184 quaedam
2620 3117 2781 3173 corda
2810 3118 2947 3174 dans
2980 3121 3157 3190 nobis,
3185 3139 3304 3194 quas
3334 3134 3508 3181 tamen
3535 3141 3641 3182 non
3671 3129 3941 3188 dirimunt

2337 3208 2615 3263 unitatem.
2643 3209 2925 3278 Quomodo
2945 3211 3251 3289 singillatim
3277 3215 3516 3275 membra
3554 3217 3791 3276 formata
3817 3233 3949 3278 sunt

2335 3299 2537 3366 omnia,
2567 3299 2872 3370 singillatim
2901 3299 3101 3357 habent
3124 3318 3287 3373 opera
3310 3318 3429 3373 sua,
3450 3315 3506 3361 et
3526 3315 3707 3364 tamen
3736 3309 3794 3366 in
3825 3314 3950 3369 uni-

2337 3397 2445 3445 tate
2482 3388 2725 3461 eorporis
2754 3391 2974 3458 vivunt;
3008 3407 3196 3448 manus
3235 3393 3363 3451 facit
3401 3397 3543 3467 quod
3596 3401 3791 3457 oculus
3834 3418 3947 3460 non

2337 3481 2483 3547 facit,
2507 3484 2655 3537 auris
2685 3483 2737 3537 id
2762 3484 2905 3539 valet
2928 3485 3072 3555 quod
3098 3500 3200 3542 nec
3218 3487 3406 3543 oculus
3437 3504 3538 3544 nec
3563 3506 3757 3548 manus
3775 3496 3946 3559 valet;

2337 3574 2514 3628 omnia
2542 3583 2719 3631 tamen
2747 3574 2799 3629 in
2824 3577 3022 3631 unitate
3045 3586 3355 3647 operantur,
3384 3588 3439 3634 et
3458 3595 3648 3636 manus
3672 3592 3731 3638 et
3748 3585 3952 3643 oculus

2338 3674 2393 3720 et
2417 3666 2565 3721 auris
2589 3665 2801 3721 diversa
2825 3666 3060 3735 faciunt,
3091 3684 3191 3725 nec
3215 3671 3317 3725 sibt
3340 3670 3694 3731 adversantur
3726 3692 3740 3729 :
3774 3679 3859 3733 sic
3884 3691 3946 3736 et

2340 3758 2392 3812 in
2421 3757 2620 3813 Christi
2651 3774 2881 3830 corpore
2920 3760 3115 3832 singuli
3158 3762 3403 3818 homines
3423 3807 3439 3830 ,
3468 3776 3722 3837 tanquam
3767 3787 3949 3827 mein-

2344 3852 2437 3905 bra
2478 3852 2685 3923 singula
2717 3851 2875 3907 donis
2910 3853 3024 3909 suis
3065 3855 3336 3926 gaudent,
3362 3858 3483 3928 quia
3527 3860 3616 3916 ille
3643 3863 3738 3932 qui
3778 3865 3955 3938 elegit

2340 3945 2593 4017 populum
2617 3947 2670 4001 in
2700 3947 3063 4003 hereditatem
3090 3948 3191 4005 sibi
3210 3992 3227 4017 ,
3260 3951 3411 4007 ﬁnxit
3435 3953 3744 4025 singillatim
3777 3962 3953 4017 corda

2341 4051 2547 4090 eorum.
2575 4035 2841 4105 Numquid
2865 4038 2998 4091 enim
3014 4054 3187 4093 omnes
3213 4043 3432 4108 apostoli
3452 4043 3743 4113 7numquid
3768 4065 3955 4107 omnes

2342 4126 2638 4197 prophetis?
2669 4127 2916 4199 numquid
2947 4145 3122 4183 omnes
3166 4131 3435 4187 doctores!
3479 4136 3725 4207 numquid
3768 4156 3953 4200 omnes

2340 4217 2476 4271 dona
2505 4217 2686 4272 habent
2709 4219 3014 4273 sanitatum?
3032 4222 3276 4291 numquid
3303 4239 3476 4279 omnes
3505 4226 3692 4298 linguis
3717 4230 3953 4299 loquun.

2343 4312 2463 4365 tur?
2498 4309 2745 4378 numquid
2776 4326 2950 4364 omnes
2987 4312 3420 4381 interpretantur?
3458 4315 3562 4370 Alii
3596 4319 3808 4388 quidem
3861 4344 3956 4395 per

2344 4403 2594 4473 Spiritum
2621 4402 2773 4454 datur
2796 4417 2960 4455 sermo
2985 4402 3271 4479 sapientiae,
3296 4405 3389 4458 alii
3403 4423 3567 4461 sermo
3586 4408 3840 4479 sciasliw,
3860 4416 3958 4471 alii

2344 4496 2469 4564 ﬁdes
2488 4496 2763 4549 secundum
2778 4494 3007 4549 eumdem
3023 4478 3292 4563 Spiritum,
3312 4498 3456 4552 alteri
3472 4500 3605 4553 dona
3622 4505 3955 4563 curationum

2348 4589 2387 4660 (I
2426 4587 2546 4641 Cur.
2573 4603 2643 4640 xu
2670 4628 2685 4651 ,
2715 4589 2749 4642 8
2773 4627 2789 4653 ,
2814 4586 2849 4642 9
2874 4630 2890 4650 ,
2916 4586 2987 4641 29
3008 4629 3021 4651 ,
3054 4586 3165 4658 50).
3205 4587 3383 4656 Quare
3402 4590 3426 4645 l
3448 4590 3584 4657 Quia
3632 4592 3790 4651 ﬁnxit
3837 4599 3954 4655 sin-

2342 4682 2563 4752 gillatim
2615 4681 2776 4736 corda
2829 4695 3036 4736 eorum.
3092 4681 3374 4749 Quomodo
3417 4695 3594 4739 autem
3650 4685 3704 4741 in
3764 4706 3949 4747 mem-

2344 4774 2453 4827 bris
2496 4773 2691 4827 uostris
2732 4772 2942 4827 diversa
2995 4782 3120 4827 sunt
3168 4787 3328 4841 opera
3353 4815 3368 4837 ,
3404 4773 3497 4828 sed
3543 4776 3752 4832 sanitas
3791 4796 3907 4834 una
3941 4804 3953 4834 ;

2345 4867 2422 4921 sic
2470 4867 2520 4919 in
2564 4864 2815 4919 omnibus
2861 4863 3115 4919 membris
3158 4863 3353 4918 Christi
3398 4866 3606 4920 diversa
3659 4884 3899 4926 munera
3936 4916 3953 4939 ,

2344 4960 2437 5015 sed
2462 4957 2695 5013 Charitas
2715 4970 2839 5010 una.
2870 4955 2968 5023 Qui
2990 4955 3137 5024 ﬁnxit
3164 4955 3459 5027 singillatim
3489 4958 3643 5011 corda
3666 4974 3876 5017 comi.

2416 5052 2504 5107 29..
2543 5050 2644 5118 Qui
2671 5049 2905 5119 intelligit
2935 5049 3106 5101 omnia
3134 5063 3287 5118 apera
3313 5063 3508 5102 eorum.
3533 5047 3790 5121 Intelligit
3813 5058 3954 5125 quid

2346 5144 2465 5199 est?
2503 5140 2775 5198 Secretius
2811 5147 2867 5195 et
2902 5138 3126 5194 interius
3172 5139 3333 5194 videt.
3376 5138 3552 5195 Ilabes
3590 5141 3643 5195 in
3683 5144 3904 5211 psalnm
3934 5163 3951 5180 ο

2348 5234 2582 5304 lntellige
2608 5233 2878 5287 clamorem
2898 5246 3065 5284 meum
3091 5228 3262 5300 (Psal.
3290 5215 3339 5295 v,
3361 5231 3443 5303 9.).
3476 5231 3593 5287 Non
3614 5234 3762 5290 enim
3787 5239 3951 5306 quasi

2346 5328 2569 5383 vocibus
2606 5339 2743 5394 opus
2781 5333 2885 5388 est,
2916 5333 2973 5377 ut
3004 5324 3279 5393 perveniat
3308 5324 3504 5395 aliquid
3533 5324 3599 5379 ad
3630 5341 3793 5384 aures
3825 5329 3951 5389 Dei.

2347 5418 2596 5473 Occultos
2634 5417 2779 5469 visus
2821 5413 3122 5469 intellectus
3148 5423 3389 5469 vocatur.
3436 5409 3755 5486 Expressius
3783 5421 3949 5490 dixit,

2348 5526 2507 5583 quam
2534 5510 2577 5563 si
2606 5509 2830 5575 diceret,
2859 5506 3018 5563 Videt
3045 5508 3224 5563 omnia
3253 5523 3414 5579 opera
3444 5524 3630 5566 eorum
3660 5531 3674 5569 :
3704 5529 3774 5568 ne
3814 5523 3950 5575 tune

2414 5666 2432 5732 ε
2457 5671 2525 5732 na.
2541 5665 2596 5732 .iu
2616 5669 2724 5732 us.
2750 5669 2806 5711 Αι
2824 5663 2874 5732 is
3258 5659 3611 5732 misericordia-

2414 5727 2435 5758 ²
2460 5725 2593 5785 Edd.,
2616 5722 2888 5793 nsisergntis
2908 5722 3099 5793 corde
3113 5730 3211 5793 vos
3220 5761 3245 5793 ,_
3258 5722 3441 5793 cordis,
3460 5724 3601 5793 abest
3614 5734 3643 5770 a

2418 5790 2440 5821 ³
2461 5792 2534 5839 sic
2550 5781 2656 5836 uss.
2682 5794 2737 5834 Al.
2747 5782 2897 5835 Ede:
2922 5784 3019 5849 Ipsi
3038 5791 3146 5836 sunt
3167 5782 3264 5850 sui,
3281 5792 3387 5835 sunt
3408 5796 3524 5849 grus
3544 5782 3632 5837 illa
3652 5781 3811 5838 Nata.
