4008 6346
164 347 273 408 297

164 475 380 534 putares
408 457 580 515 videri
609 473 769 529 opera
801 456 900 512 ista
924 501 937 523 ,
969 457 1184 527 quando
1231 468 1285 511 et
1329 468 1384 512 tu
1426 457 1576 512 vides
1620 473 1757 528 opus

164 554 422 616 hominis:
452 551 626 606 Homo
667 549 862 606 factum
894 550 1126 604 hominis
1166 560 1311 603 moto
1341 550 1455 620 ejus
1482 552 1500 580 ί
1529 565 1758 619 corpore

162 645 328 708 videt,
361 645 502 698 Deus
541 653 718 697 autem
757 643 810 699 in
861 642 1024 697 corde
1051 641 1216 697 videt.
1259 641 1400 710 Quia
1443 657 1574 710 ergo
1617 645 1760 696 intus

162 736 328 799 videt,
360 734 561 789 dictum
586 743 703 799 est,
735 733 972 804 intelligit
1016 734 1186 787 omnia
1215 750 1370 803 opera
1396 749 1592 785 eorum.
1625 734 1761 788 Dant

161 827 270 879 duo
310 824 670 896 pauperibus;
716 838 854 878 unus
892 823 995 878 sibi
1024 823 1328 878 mercedem
1371 824 1564 893 quierit
1591 823 1760 877 caele-

162 927 328 981 stem,
374 917 511 970 alius
553 915 840 969 ltumanam
880 913 1089 969 laudem
1121 932 1133 968 :
1168 924 1221 967 tu
1269 914 1320 968 in
1361 912 1572 967 duobus
1599 929 1760 967 unam

163 1025 277 1062 rem
309 1007 477 1070 rides,
510 1007 647 1060 Deus
677 1007 807 1058 duas
837 1005 1083 1073 intelligit
1113 1020 1127 1066 ι
1171 1005 1315 1058 Ξιιιιιε
1341 1004 1484 1058 enim
1514 1002 1763 1072 intelligit

133 1109 212 1152 ει
262 1099 408 1152 intus
458 1096 732 1167 agnoscit.
776 1095 910 1150 ﬁnes
949 1096 1184 1162 ipsorum
1233 1095 1397 1158 videt,
1439 1093 1763 1149 intentiones

165 1191 310 1260 ipsas
345 1188 507 1242 videt.
541 1186 642 1255 Qui
682 1187 912 1260 intelligit
943 1186 1115 1242 omnia
1139 1202 1296 1257 opera
1331 1202 1523 1241 eorum.

235 1281 328 1335 23.
355 1277 520 1353 [vers.
549 1278 636 1334 16.
657 1277 681 1356 ]
705 1278 827 1337 Non
852 1279 1023 1336 saluus
1045 1280 1133 1350 ﬁet
1157 1294 1247 1334 rex
1273 1293 1361 1350 per
1389 1277 1765 1332 multitudinem

165 1373 369 1426 virtutis
409 1388 536 1429 suta.
581 1370 661 1428 Ad
710 1371 988 1427 Dominum
1035 1384 1259 1437 omnes,
1306 1370 1360 1424 in
1408 1369 1517 1424 Deo
1555 1383 1763 1424 omnes.

167 1461 304 1532 Spes
335 1474 421 1519 tua
444 1464 464 1495 '
492 1461 639 1519 Deus.
673 1462 764 1528 sit,
808 1460 1063 1517 fortitudo
1105 1469 1191 1515 tua
1237 1460 1375 1516 Deus
1403 1461 1511 1525 sit,
1544 1459 1768 1514 ﬁrmitas

170 1565 256 1614 tua
293 1555 434 1613 Deus
459 1553 547 1618 sit.
576 1553 828 1611 exoratio
849 1551 871 1586 ³
899 1562 987 1608 tua
1013 1553 1127 1622 ipse
1153 1551 1244 1618 sit,
1273 1552 1387 1606 laus
1417 1559 1506 1604 tua
1538 1551 1649 1622 ipse
1674 1551 1765 1614 sit,

171 1648 292 1704 linis
316 1645 368 1704 in
396 1661 503 1718 quo
535 1645 838 1719 requiescas
865 1645 978 1716 ipse
1001 1645 1091 1705 sit.
1119 1643 1443 1715 adjutorium
1471 1659 1592 1698 eum
1618 1643 1768 1698 labo-

172 1752 261 1796 ras
290 1738 406 1810 ipse
431 1737 518 1793 sit.
547 1736 688 1794 Audi
716 1737 992 1792 veritatem
1025 1753 1039 1789 :
1066 1734 1188 1790 Non
1229 1736 1398 1790 salvus
1425 1735 1514 1803 ﬁet
1551 1751 1642 1789 rea:
1680 1751 1770 1803 per

171 1828 548 1887 multitudinem
589 1828 789 1882 uirtutis
833 1841 942 1882 suae
992 1841 1012 1882 :
1054 1842 1146 1880 nec
1187 1827 1334 1898 gigas
1375 1827 1546 1880 salvus
1584 1828 1678 1881 erit
1720 1827 1772 1878 in

173 1918 499 1974 multitudine
535 1916 850 1987 fortitudinis
887 1932 1012 1970 sate.
1062 1914 1226 1986 Gigas
1269 1915 1534 1987 superbus
1579 1915 1774 1984 aliquis

169 2022 276 2078 est,
323 2011 586 2067 extollens
632 2024 694 2065 se
733 2009 990 2064 adversus
1036 2009 1236 2072 Deum,
1278 2008 1424 2062 velut
1469 2006 1594 2078 quia
1633 2005 1656 2038 ⁸
1691 2017 1774 2062 εει

173 2104 288 2174 ipse
331 2102 530 2172 aliquid
575 2101 629 2157 in
681 2115 740 2156 se
775 2111 832 2155 et
875 2115 970 2170 per
1009 2116 1087 2155 se.
1130 2098 1248 2154 Non
1277 2098 1340 2154 ﬁt
1377 2099 1477 2154 iste
1513 2098 1688 2161 salvus
1717 2099 1772 2156 in

173 2193 520 2249 multitudine
542 2192 756 2247 virtutis
786 2206 921 2246 suae.

244 2286 338 2340 24.
363 2281 531 2358 [βενε.
561 2284 646 2351 l7,
671 2280 798 2356 18.]
825 2281 933 2338 Sed
957 2296 1153 2351 equum
1179 2280 1339 2336 habet
1364 2295 1636 2352 magnum,
1667 2279 1776 2335 for-

177 2385 311 2442 tem,
341 2373 597 2438 validum,
627 2372 901 2437 velocem;
945 2379 1124 2442 potest
1164 2370 1213 2425 si
1250 2370 1452 2440 aliquid
1492 2370 1774 2442 ingruerit,

176 2467 288 2522 cito
313 2466 464 2520 illum
496 2464 565 2519 de
596 2463 833 2535 periculo
863 2461 1135 2518 liberare?
1177 2460 1293 2515 Non
1324 2460 1567 2528 fallatur,
1596 2461 1780 2515 audiat

175 2557 321 2629 quod
349 2556 590 2622 sequitur
613 2573 626 2609 :
646 2553 876 2608 Mendax
897 2570 1051 2624 equus
1078 2553 1146 2606 ad
1165 2554 1401 2607 salutem.
1430 2551 1780 2607 lntellexistis

177 2649 308 2721 quid
331 2649 534 2704 dictum
563 2647 634 2702 sit
659 2664 673 2702 :
703 2646 932 2702 Mendax
956 2663 1110 2716 equus
1133 2646 1201 2699 ad
1244 2644 1506 2699 salutent?
1534 2643 1652 2700 Non
1685 2643 1782 2699 tibi

179 2741 463 2813 promittat
508 2753 680 2808 equus
728 2746 850 2793 tuus
895 2736 1124 2793 salutem
1162 2753 1176 2790 :
1216 2737 1264 2791 si
1307 2735 1398 2790 tibi
1450 2735 1779 2804 promiserit,

177 2833 492 2887 snectietur.
539 2828 599 2886 Si
641 2829 788 2885 enim
838 2828 978 2884 Deus
1019 2826 1266 2893 voluerit,
1316 2825 1630 2882 liberabor-is
1673 2842 1688 2880 :
1733 2824 1784 2881 si

181 2926 330 2980 Deus
358 2921 622 2990 noluerit,
653 2920 880 2975 cadente
920 2936 1061 2990 equo
1087 2919 1246 2974 altius
1289 2916 1472 2973 cades.
1506 2917 1626 2974 Non
1654 2931 1786 2990 ergo

181 3013 384 3084 putetis
410 3012 636 3075 dictum,
665 3010 892 3065 ﬂendos:
916 3026 1070 3078 equus
1097 3009 1166 3062 ad
1191 3009 1427 3077 salutem,
1453 3008 1605 3080 quasi
1633 3023 1786 3063 men-

182 3106 286 3160 dax
327 3105 508 3176 justus
550 3103 616 3157 ad
660 3103 909 3166 salutem,
943 3099 1089 3172 quod
1117 3101 1264 3156 velut
1299 3101 1429 3171 justi
1460 3101 1528 3156 ad
1558 3100 1783 3156 salutent

182 3200 532 3254 mentiantur.
576 3195 691 3250 Non
722 3204 806 3250 εει
844 3195 988 3250 enim
1016 3195 1273 3264 scriptum
1303 3210 1516 3264 trquus,
1546 3192 1689 3262 quod
1713 3193 1784 3248 ab

179 3291 437 3359 :eqnitate
451 3288 666 3351 dicitur;
683 3286 778 3341 sed
790 3301 966 3358 equus,
981 3283 1179 3340 anintal
1190 3284 1514 3355 quadrupes.
1528 3283 1642 3338 Hoc
1657 3298 1791 3354 grae-

177 3397 282 3436 cus
307 3381 477 3436 codex
500 3379 701 3434 iudicat
723 3378 822 3450 (α).
854 3377 920 3433 Et
946 3377 1340 3448 redarguuntur
1363 3377 1502 3431 mala
1522 3378 1787 3446 iumenta,

184 3474 438 3528 homines
464 3471 555 3547 qui
581 3471 681 3528 sibi
712 3479 958 3542 qumrunt
996 3469 1307 3526 occasiones
1345 3468 1746 3525 mendaciorum
1773 3486 1786 3522 :

180 3582 312 3626 cum
337 3565 610 3638 Scriptura
641 3563 804 3631 dicat,
833 3561 905 3620 οε
924 3563 1058 3636 quod
1081 3561 1342 3629 mentitur,
1365 3562 1546 3617 occidit
1566 3562 1793 3616 animum

182 3661 349 3737 (Sep.
381 3675 418 3722 I.
448 3658 538 3728 ll)
564 3673 581 3722 ;
615 3666 691 3725 et;
718 3654 912 3714 Perdes
939 3671 1112 3711 omnes
1154 3654 1242 3728 qui
1283 3654 1553 3726 loquuntur
1575 3653 1790 3709 menda-

181 3756 322 3813 cium
347 3751 523 3826 (Paul.
555 3765 608 3818 ν,
639 3748 727 3824 Ἰ).
771 3748 910 3818 Quid
949 3756 1033 3805 est
1062 3761 1226 3819 ergo,
1258 3745 1489 3801 Mendax
1523 3761 1680 3817 equus
1720 3744 1791 3799 ad

185 3845 461 3907 salutetur
501 3843 758 3902 Mctttitur
795 3840 889 3898 tibi
917 3854 1086 3912 equus
1112 3838 1329 3910 quando
1358 3837 1621 3909 promittit
1645 3838 1792 3891 salu-

184 3950 321 3997 tem.
373 3933 640 4009 Numquid
687 3947 860 4006 equus
904 3931 1066 3988 alicui
1116 3929 1385 3999 loquitur,
1429 3934 1486 3983 et
1533 3927 1794 3998 promittit

189 4028 468 4086 salutem?
510 4025 622 4084 Sed
661 4039 786 4081 cum
818 4033 875 4080 tu
905 4022 1056 4078 vides
1085 4036 1282 4092 equum
1310 4022 1447 4074 bene
1484 4018 1791 4085 formatum,

187 4121 354 4178 bimis
397 4117 624 4182 viribus.
674 4129 870 4187 magno
911 4128 1074 4169 cursu
1121 4111 1426 4182 praeditum,
1466 4110 1566 4165 ista
1614 4110 1794 4164 omnia

189 4213 344 4269 velut
387 4211 706 4283 promittunt
746 4208 841 4264 tibi
885 4207 956 4262 de
1001 4205 1096 4261 illo
1139 4204 1365 4258 salutem
1400 4220 1414 4257 :
1445 4202 1540 4257 sed
1579 4202 1792 4267 fallunt,

190 4307 239 4362 si
273 4306 423 4363 Deus
464 4319 573 4359 non
613 4310 825 4367 tuetur,
855 4299 978 4371 quia
1007 4297 1236 4353 Mendax
1275 4312 1432 4367 equus
1461 4295 1530 4348 ad
1557 4297 1792 4349 salutem.

191 4399 408 4469 Equum
431 4393 616 4464 accipe
639 4393 801 4448 etiam
829 4389 1054 4462 ﬁgurate
1071 4387 1369 4459 quamlibet
1388 4386 1795 4456 amplitudinem

190 4487 382 4545 szuculi
416 4484 594 4554 hujus,
623 4481 916 4554 quemlibet
943 4481 1205 4536 honorem
1246 4479 1299 4533 iu
1343 4493 1504 4548 quem
1535 4478 1799 4546 superbus

193 4575 452 4634 ascendis
479 4593 494 4630 :
525 4590 633 4645 quo
674 4573 838 4628 altius
880 4571 1200 4643 ingrederis,
1243 4583 1311 4624 eo
1349 4577 1403 4625 te
1442 4584 1548 4622 non
1593 4576 1798 4622 tantum

194 4666 512 4728 eelsiotenu
539 4665 634 4720 sed
675 4663 836 4719 etiam
863 4661 1111 4718 tutiorem
1145 4660 1278 4715 falso
1307 4669 1480 4729 putas.
1518 4659 1800 4726 Quomodo

197 4759 348 4814 enisa
378 4766 431 4812 te
449 4754 666 4825 dejiciat
697 4753 892 4817 nescis,
923 4760 1072 4806 tanto
1099 4751 1292 4806 elisum
1335 4748 1574 4820 gravius,
1597 4758 1800 4818 quanto

196 4848 493 4906 sublimius
538 4845 818 4902 ferebaris.
866 4842 1096 4898 Mendax
1136 4858 1296 4911 equus
1335 4840 1406 4895 ad
1451 4840 1667 4895 salutem
1693 4856 1712 4894 :
1746 4841 1801 4894 in

199 4941 520 4998 abundantia
544 4950 714 4994 autem
737 4938 935 4993 uirtutis
960 4951 1067 4992 sua:
1091 4951 1194 4990 non
1222 4934 1316 4989 erit
1341 4933 1534 4988 salvus.
1567 4932 1634 4987 Et
1659 4932 1802 4988 unde

201 5037 310 5092 erit
333 5035 519 5091 salvus
537 5033 564 5089 τ
609 5033 724 5088 Non
756 5031 827 5088 de
855 5032 1071 5098 virtute,
1104 5045 1210 5084 non
1238 5028 1306 5084 de
1327 5027 1530 5083 viribus
1552 5066 1567 5090 ,
1597 5042 1704 5081 non
1735 5025 1802 5079 de

203 5128 419 5186 honore
439 5169 454 5192 ,
482 5141 590 5180 non
615 5125 683 5179 de
722 5124 912 5194 gloria,
945 5136 1053 5177 non
1080 5122 1150 5176 de
1175 5134 1336 5190 equo.
1367 5120 1434 5173 Et
1460 5117 1650 5173 unde?
1685 5117 1803 5186 Quo

203 5218 342 5274 ibo?
378 5215 479 5273 Ubi
525 5215 790 5270 inveniam
831 5214 974 5268 unde
998 5213 1178 5268 salvus
1204 5209 1353 5266 sim?
1396 5210 1512 5266 Noli
1541 5210 1629 5264 diu
1654 5227 1806 5279 qua:-

201 5325 352 5374 rere,
402 5308 511 5362 noli
557 5307 734 5376 longe.
780 5303 916 5358 Ecce
959 5303 1092 5358 oeuli
1140 5302 1344 5357 Domini
1383 5317 1536 5372 super
1577 5301 1807 5354 timentes

269 5445 288 5476 ι
318 5441 454 5498 add,
477 5440 660 5502 factum
923 5441 1054 5487 motu
1073 5436 1179 5499 ejus
1208 5433 1261 5485 in
1294 5445 1496 5499 corpore
1533 5432 1680 5484 ridet.
1716 5431 1809 5482 Ali-

201 5513 336 5570 quot-
354 5509 483 5562 uss,
509 5507 638 5552 moto
659 5507 764 5562 ejus
784 5512 1002 5562 corpore.
1083 5557 1094 5568 _
1357 5557 1368 5568 _
1444 5557 1455 5568 ο
1777 5554 1788 5566 ι

269 5569 292 5598 ι
321 5573 470 5616 vetus
489 5561 834 5634 codexpolbﬁ
858 5562 933 5634 λιιι
953 5569 1211 5634 pomtnum
1239 5572 1410 5620 ornats,
1437 5571 1486 5608 ιη
1529 5565 1624 5609 Deo
1658 5569 1812 5607 onmts

203 5640 318 5690 spes
340 5635 440 5682 tua.
467 5634 598 5677 Deus
621 5623 683 5673 sit
701 5623 932 5690 fortitudo
952 5630 1053 5690 tua.

271 5691 294 5722 ³
319 5694 369 5754 In_
392 5689 615 5752 pluribus
635 5683 764 5754 uss,
783 5683 1066 5735 exhortatio.

272 5754 296 5783 δ
322 5749 506 5814 Aliquot
525 5756 659 5805 Uss”
681 5749 781 5808 cui.

272 5816 350 5876 (tt)
371 5823 526 5875 Ippos.

408 5887 694 5949 PATBOL.
731 5876 967 5941 XXXV
985 5875 1031 5934 ι.

1212 344 1614 402 ENARRATIO
1655 344 1720 400 IN
1761 344 2084 403 PSALMUM
2119 347 2331 404 XXX".

3340 358 3446 416 298

1861 474 1995 511 eum.
2033 459 2233 513 Videtis
2254 460 2374 529 quia
2407 461 2504 528 ipsi
2534 471 2656 516 sunt
2685 479 2821 534 quos
2847 468 3118 535 prospexit
3148 467 3216 523 de
3245 467 3458 524 ltabita~

1863 549 1985 603 eulo
2014 563 2130 602 suo.
2161 549 2296 602 Ecce
2319 544 2458 604 oculi
2490 552 2693 606 Domini
2722 571 2873 618 super
2913 557 3138 613 timentes
3166 575 3301 627 eum,
3328 578 3450 631 spe-

1864 650 2033 694 rantes
2071 657 2224 712 super
2251 644 2653 696 misericordiam
2674 647 2785 713 ejus
2809 663 2828 700 :
2856 663 2962 703 non
2992 649 3060 704 de
3089 651 3292 707 meritis
3321 654 3457 717 suis,

1866 747 1972 785 non
1998 731 2067 786 de
2097 734 2314 796 virtute,
2345 750 2450 787 tton
2481 735 2550 788 de
2579 735 2890 792 fortitudine
2909 780 2925 805 ,
2955 755 3060 793 non
3085 742 3153 796 de
3176 757 3335 812 equo,
3365 744 3461 798 sed

1864 822 1935 876 de
1961 823 2330 878 misericordia
2359 824 2498 894 ejus.

1938 915 2028 969 9.5.
2072 913 2240 988 [εει-ε.
2275 914 2388 990 19.]
2429 915 2501 972 Ut
2550 929 2695 971 eruat
2738 937 2770 971 α
2815 930 2976 975 morte
3023 923 3221 978 animas
3266 941 3465 978 eorum.

1868 1004 2044 1059 Vitam
2087 1015 2343 1061 :eternam
2393 1011 2672 1076 promittit.
2719 1009 2855 1078 Quid
2906 1012 2958 1064 in
3006 1013 3104 1067 ista
3154 1016 3466 1082 pcregrina-

1870 1097 2058 1152 tione?
2090 1098 2342 1166 ntunquid
2368 1097 2614 1153 deserit?
2649 1099 2778 1154 Vide
2798 1101 2924 1170 quid
2953 1104 3196 1173 sequitur
3225 1123 3238 1157 :
3265 1103 3339 1158 Et
3361 1107 3468 1160 alat

1868 1203 1954 1240 eos
1982 1188 2033 1241 in
2065 1189 2218 1260 fume.
2250 1187 2485 1258 Tempus
2512 1189 2664 1244 famis
2692 1199 2774 1246 est
2808 1192 2987 1256 modo,
3016 1203 3229 1262 tempus
3267 1201 3464 1251 saturi-

1873 1277 1996 1331 tatis
2034 1287 2152 1347 post
2190 1278 2313 1333 erit.
2358 1278 2458 1344 Qui
2501 1296 2600 1334 nos
2637 1282 2688 1335 in
2737 1281 2877 1338 fame
2920 1282 3078 1353 hujus
3107 1289 3466 1356 corruptionis

1872 1383 1979 1422 non
2027 1368 2249 1434 deserit,
2300 1369 2630 1426 immortales
2684 1372 2848 1427 factos
2894 1376 3163 1443 quomodo
3210 1379 3471 1433 satiabit?

1872 1457 1977 1514 Sed
2005 1460 2254 1530 quamdiu
2285 1468 2495 1532 tempus
2523 1471 2607 1517 est
2644 1462 2831 1528 famis,
2867 1465 3198 1521 tolerandum
3224 1480 3300 1522 est
3323 1509 3340 1536 ,
3369 1469 3468 1522 dn-

1874 1551 2098 1605 randum
2126 1560 2230 1615 est,
2263 1552 2712 1621 perseverandum
2741 1563 2824 1609 est
2849 1571 3019 1625 usque
3048 1556 3101 1610 in
3131 1556 3315 1615 linem.
3351 1558 3468 1614 Jatn

1875 1641 2136 1697 currendo
2163 1652 2289 1696 sunt
2315 1643 2494 1698 omnia
2512 1686 2528 1710 ,
2561 1645 2681 1715 quia
2713 1655 2765 1700 et
2795 1645 2877 1700 via
2915 1659 2998 1701 est
3021 1648 3181 1718 plana
3201 1690 3216 1712 ,
3243 1657 3300 1703 ει
3324 1651 3470 1717 cogi-

1878 1733 2094 1786 tandum
2125 1743 2208 1787 est
2239 1734 2367 1802 quid
2399 1744 2693 1802 portemus.
2725 1735 2914 1792 Adhuc
2953 1737 3172 1807 quidem
3209 1749 3475 1808 spectato-

1878 1842 1966 1882 res
1989 1827 2041 1881 in
2061 1827 2456 1896 amphitheatro
2482 1825 2618 1882 forte
2640 1829 2932 1898 insaniunt,
2958 1841 3012 1885 et
3035 1830 3090 1885 in
3112 1831 3227 1886 sole
3250 1831 3474 1887 sedent:

1878 1927 1934 1972 et
1958 1933 2055 1972 nos
2083 1918 2128 1972 si
2155 1927 2383 1984 stamus,
2407 1926 2588 2000 tamen
2618 1919 2668 1972 in
2699 1920 3010 1975 umbraculo
3039 1935 3227 1975 sumus
3245 1962 3261 1986 ,
3290 1931 3343 1975 et
3370 1923 3478 1976 uti-

1879 2008 2102 2092 liora.et
2127 2009 2430 2081 pulchriora
2459 2020 2585 2066 sunt
2613 2025 2732 2082 quae
2760 2023 3066 2080 spectamus
3090 2013 3130 2064 ί.
3162 2012 3480 2082 Spectemus

1881 2101 2139 2171 pulchra,
2189 2111 2244 2157 et
2289 2117 2319 2155 a
2366 2101 2592 2172 pulchro
2639 2112 2967 2173 spectemur.
3014 2102 3331 2174 Spectemus
3382 2120 3481 2158 nos

1881 2202 2063 2246 mente
2087 2206 2150 2247 ea
2181 2207 2302 2264 qua:
2339 2191 2592 2248 dicuntur
2619 2192 2676 2248 in
2713 2195 2962 2249 sensibus
2999 2194 3300 2249 divinarum
3332 2195 3479 2251 Scri—

1884 2293 2180 2353 pturarum,
2224 2291 2287 2337 et'
2321 2283 2649 2353 gaudeamus
2691 2283 2781 2339 tali
2826 2284 3153 2354 spectaculo.
3202 2284 3484 2356 Spectator

1881 2384 2059 2429 autem
2087 2384 2270 2431 noster
2292 2375 2413 2447 quis
2437 2377 2563 2431 est?
2588 2374 2726 2432 Ecce
2745 2375 2880 2429 oculi
2906 2374 3110 2429 Domini
3131 2393 3285 2448 super
3304 2379 3484 2431 timeu-

1885 2475 1958 2522 tes
2003 2483 2142 2535 eum,
2184 2477 2444 2538 sperantes
2486 2467 2542 2522 in
2584 2466 2930 2522 misericordia
2967 2468 3079 2539 eius
3115 2482 3135 2521 :
3176 2476 3234 2521 ut
3269 2478 3414 2522 eruat
3451 2485 3486 2523 a

1884 2568 2049 2613 morte
2075 2558 2273 2626 animas
2300 2574 2495 2624 eorum,
2526 2567 2574 2612 et
2599 2557 2707 2611 alat
2733 2573 2819 2611 eos
2846 2557 2900 2611 in
2931 2561 3087 2629 fame.

1955 2647 2048 2704 26.
2089 2646 2402 2723 [κῆλα]
2449 2646 2558 2706 Sed
2605 2657 2823 2718 propter
2865 2647 3311 2718 peregrinationis
3355 2650 3487 2703 tole-

1886 2738 2114 2795 rantiam
2144 2739 2397 2809 quamdiu
2427 2737 2598 2794 fames
2642 2747 2758 2804 est,
2799 2746 2855 2794 et
2895 2749 3273 2810 exspectamus
3309 2740 3363 2794 in
3403 2742 3486 2795 via

1888 2833 2036 2890 reﬁci
2061 2835 2105 2900 ’,
2150 2849 2218 2888 ne
2246 2833 2598 2899 deﬁciamus;
2645 2833 2771 2904 quid
2811 2833 2966 2889 nobis
3003 2833 3295 2905 imponitur
3315 2833 3337 2865 ³
3357 2875 3374 2901 ,
3403 2838 3486 2888 vel

1888 2925 2018 2993 quid
2062 2925 2304 2994 profiteri
2355 2923 2657 2980 debemus?
2704 2923 2891 2979 Anima
2935 2934 3108 2978 nostra
3155 2925 3352 2995 patiens
3396 2927 3490 2978 crit

1890 3015 2136 3070 Domino.
2179 3015 2380 3071 Secura
2419 3013 2756 3085 exspectabit
2799 3015 3220 3070 misericorditer
3262 3017 3490 3084 promit-

1893 3114 2126 3173 tentem,
2157 3105 2577 3161 misericorditer
2603 3103 2624 3137 ⁸
2658 3115 2715 3160 ει
2739 3105 2999 3161 veraciter
3023 3104 3365 3162 exhibentem
3396 3123 3409 3160 :
3439 3118 3492 3160 ει

1889 3199 2065 3255 donec
2093 3199 2374 3265 exhibeat,
2405 3197 2531 3270 quid
2561 3198 2825 3269 agamus?
2856 3197 3042 3251 Anima
3077 3207 3253 3251 nostra
3294 3197 3492 3268 patiens

1892 3293 1986 3348 erit
2017 3292 2257 3346 Domino.
2284 3291 2390 3346 Sed
2421 3289 2548 3362 quid
2567 3332 2584 3357 ,
2615 3290 2660 3344 si
2687 3288 2740 3344 in
2768 3289 2881 3360 ipsa
2917 3289 3168 3358 patientia
3196 3304 3302 3343 non
3332 3288 3490 3344 dura-

1895 3385 2116 3442 bimus?
2166 3385 2276 3440 Imo
2323 3385 2478 3454 plane
2517 3383 2829 3438 durabimus
2860 3400 2874 3436 :
2907 3380 3161 3447 Quoniam
3203 3381 3411 3450 adjutor
3444 3391 3494 3434 et

1897 3487 2146 3548 protector
2188 3487 2357 3530 noster
2400 3462 2493 3528 est.
2542 3474 2776 3544 Adjuvat
2821 3471 2874 3526 in
2924 3486 3118 3541 pugna,
3169 3471 3400 3540 protegit
3425 3473 3495 3526 ab

1896 3578 2052 3636 aestu,
2082 3585 2188 3624 non
2219 3579 2272 3622 te
2296 3566 2521 3635 deserit,
2545 3565 2737 3631 tolera,
2761 3563 2915 3617 dura.
2943 3561 3041 3632 Qui
3068 3562 3497 3631 perseveraverit

1898 3676 2066 3731 usque
2095 3661 2146 3716 in
2176 3659 2360 3725 ﬁnem,
2391 3658 2424 3712 ιι
2446 3672 2481 3712 ε
2504 3656 2683 3711 salvus
2707 3656 2811 3710 erit
2841 3653 3056 3724 (Matth.
3085 3668 3237 3720 xxiv,
3269 3654 3382 3724 15).

1968 3755 2060 3808 27.
2104 3751 2273 3826 [vera
2299 3745 2419 3823 ει]
2472 3749 2540 3808 Ει
2584 3748 2715 3818 quid
2756 3763 2883 3802 eum
2928 3746 3336 3815 perduraveris,
3372 3761 3495 3801 cum

1902 3847 2110 3916 patiens
2141 3844 2341 3911 fueris,
2369 3857 2490 3898 cum
2522 3855 2691 3912 usque
2715 3839 2782 3895 ad
2815 3841 2976 3894 ﬁnem
3007 3839 3337 3908 perveneris,
3367 3839 3497 3908 quid

1899 3941 1991 3995 tibi
2034 3937 2181 3993 erit?
2226 3937 2340 4004 Qua
2388 3933 2636 3991 mercede
2665 3931 2904 3990 toleras?
2948 3929 3133 4000 utquid
3180 3941 3324 3984 tanta
3362 3929 3497 3986 dura

1900 4029 2101 4085 tamdiu
2150 4026 2389 4098 pateris?
2437 4025 2692 4093 Quoniam
2730 4025 2784 4078 in
2827 4023 2940 4094 ipso
2982 4022 3237 4078 lmtabitur
3278 4040 3367 4076 cor
3403 4040 3500 4076 no-

1898 4133 2080 4185 strunt,
2113 4131 2160 4174 et
2187 4121 2240 4173 in
2265 4119 2468 4173 nomine
2495 4127 2671 4171 sancto
2699 4117 2808 4186 ejus
2827 4116 3160 4186 speravimus.
3190 4114 3358 4184 Spera
3387 4115 3494 4180 hic,

1900 4224 1960 4269 ut
1991 4212 2190 4268 laeteris
2216 4212 2287 4265 ihi
2321 4229 2335 4264 :
2365 4209 2508 4265 esuri
2540 4218 2594 4263 et
2619 4207 2706 4264 siti
2734 4207 2842 4271 hic,
2875 4216 2934 4264 ut
2963 4205 3196 4275 epularis
3223 4206 3316 4259 ibi.

1970 4305 2062 4361 ‘18.
2105 4299 2428 4378 [ners.‘2?..]
2475 4300 2728 4356 Hortalus
2770 4309 2853 4353 est
2897 4297 2965 4351 ad
3010 4297 3213 4361 omnia,
3260 4297 3504 4366 implevit

1903 4413 2002 4452 nos
2040 4394 2236 4467 gaudio
2263 4393 2403 4462 spei,
2446 4391 2720 4461 pmposuit
2763 4389 2917 4444 nobis
2959 4388 3085 4460 quid
3132 4404 3409 4451 amemus,
3444 4388 3497 4441 in

1901 4504 2010 4559 quo
2035 4486 2154 4542 solo
2177 4495 2235 4540 et
2262 4486 2330 4539 de
2371 4499 2479 4554 quo
2521 4483 2638 4536 solo
2670 4493 3052 4550 praesumamus
3081 4496 3094 4531 :
3126 4486 3246 4547 post
3287 4478 3403 4532 ha:c
3445 4480 3502 4530 lit

1903 4581 2077 4635 oratio
2114 4577 2298 4634 brevis
2327 4586 2381 4631 et
2410 4573 2643 4630 salubris
2671 4590 2684 4626 :
2718 4569 2840 4626 Fiat
2864 4569 3213 4624 misericordia
3243 4580 3328 4622 tua
3349 4610 3364 4634 ,
3400 4569 3500 4621 Do-

1904 4675 2079 4741 mine,
2110 4688 2262 4741 super
2305 4686 2419 4722 nos.
2468 4667 2535 4722 Et
2578 4681 2686 4735 quo
2731 4661 2968 4719 merito?
3015 4661 3163 4716 Sicut
3190 4661 3504 4730 speravimus

1904 4764 1958 4818 in
1989 4773 2053 4818 te.
2101 4762 2200 4817 Fui
2240 4758 2562 4832 quibusdam
2592 4767 2889 4817 onerosus;
2930 4752 3104 4808 sentio
3139 4770 3152 4805 :
3183 4751 3500 4821 quibusdam

1905 4867 2091 4910 autem
2114 4853 2275 4908 etiam
2303 4851 2412 4905 cito
2451 4846 2728 4902 terminavi
2762 4858 3103 4904 sermonem;
3147 4851 3201 4896 et
3244 4841 3346 4896 hoc
3376 4855 3504 4894 sen-

1908 4947 1983 5002 tio
2027 4964 2040 4999 :
2085 4946 2363 5014 ignoscant
2411 4939 2609 4998 inﬁrmi
2650 4934 2983 5001 fortioribus,
3032 4943 3086 4989 et
3133 4948 3232 5004 pro
3279 4932 3505 4987 inﬁrtttk

1907 5038 2266 5108 deprecentur
2291 5031 2562 5087 fortiores.
2591 5028 2648 5082 ln
2675 5043 2783 5082 uno
2806 5041 3032 5095 corpore
3056 5024 3236 5080 omnia
3262 5027 3502 5076 membra

1907 5129 2098 5189 simus,
2139 5142 2170 5180 a
2211 5125 2388 5194 capite
2430 5131 2617 5177 nostro
2659 5128 2971 5190 vegetamur
3001 5134 3015 5170 :
3047 5126 3102 5170 et
3143 5116 3196 5169 in
3247 5115 3339 5169 illo
3383 5129 3509 5180 spes

1911 5231 2094 5274 nostra
2131 5228 2215 5272 εει
2235 5257 2251 5277 .
2278 5225 2334 5270 ει
2360 5217 2416 5270 in
2446 5214 2540 5268 illo
2570 5210 2823 5266 fortitudo
2853 5218 3034 5264 nostra
3065 5216 3167 5262 εει.
3199 5206 3315 5260 Νοιι
3346 5205 3504 5258 dubi»-

1978 5372 2196 5418 ‘Omnes
2233 5379 2384 5430 prope
2419 5373 2528 5415 Mss.
2567 5370 2848 5414 constanter
2881 5361 3096 5430 habent,
3137 5367 3465 5430 exsprclemm
3498 5371 3512 5406 :

1915 5443 2107 5481 necnon
2133 5422 2336 5492 metes;
2361 5434 2715 5492 exspectatun.
2760 5422 3117 5488 exspectaculo,
3163 5429 3467 5482 exspectatur
3494 5436 3510 5474 .-

1913 5493 2039 5552 loco,
2064 5487 2352 5553 spectemur,
2372 5487 2662 5553 spectaculo.
2694 5492 2949 5550 spectator.

1978 5556 2001 5625 ξ
2025 5548 2672 5625 aliqttotatssvreﬁcientes.

1983 5617 2002 5648 ³
2025 5617 2099 5680 sic
2113 5607 2169 5663 in
2196 5622 2301 5680 ipss.
2328 5607 2385 5662 Ᾰι
2405 5607 2458 5660 ui
2481 5610 2616 5680 rod,
2640 5607 2874 5674 quamdiu
2890 5607 3157 5680 famesest,
3175 5612 3514 5680 eximamus

1917 5679 1967 5730 in
1969 5676 2089 5788 (“via
2119 5672 2301 5785 ttéeties',
2347 5687 2407 5724 ne
2461 5666 2761 5734 deﬁciamus.
2811 5666 2932 5730 Quid
2987 5667 3122 5718 nobis
3167 5666 3395 5733 imponit,
3430 5669 3505 5717 t'cl

1919 5754 1967 5788 αι
2043 5773 2059 5788 ι
2086 5754 2114 5786 c
2169 5774 2181 5786 .

1954 5747 2059 5797 md,
2086 5747 2181 5786 etc.

1919 5754 2320 5862 ῳιξαιῖιῗῗιίιὼυε
2340 5806 2442 5848 uss.
2468 5795 2614 5846 deest
2636 5795 2732 5858 hic,
2758 5791 3158 5846 misaicorditer.

2923 5880 3154 5957 (Diam)
