4008 6396
202 467 298 522 5m

205 589 304 639 est,
335 574 460 630 Cum
481 574 687 627 mulavit
709 573 900 626 vultum
927 587 1072 623 suum
1099 581 1268 622 coram
1300 569 1583 621 Abimelecli
1608 610 1620 628 ,
1651 577 1695 620 et
1723 567 1801 618 di-

207 669 342 721 misit
372 684 507 730 crint,
539 676 586 719 et
609 665 747 725 abiit,
779 665 1038 731 scriptum
1061 675 1181 714 esse
1211 662 1260 712 in
1287 662 1590 730 Regnorum
1615 659 1764 711 libris
1791 700 1807 722 ,

208 761 280 813 ub
319 758 498 812 munia
531 757 687 810 nobis
709 759 904 824 scripta
931 764 1055 808 sunt
1083 769 1200 822 qua!
1226 752 1495 821 pertinent
1520 750 1586 804 ad
1615 764 1701 803 res
1717 764 1810 819 ge-

207 862 318 905 stas
348 849 511 903 David
542 866 555 900 :
589 848 683 902 sed
715 862 818 900 non
852 845 1150 899 invenimus
1175 845 1295 906 hoc,
1319 852 1374 895 et
1403 850 1579 894 tamen
1607 838 1808 906 aliquid

210 945 515 999 invenimus
567 941 706 996 unde
753 947 1005 1009 appareat
1061 937 1163 991 hoc
1209 949 1328 988 esse
1381 944 1627 987 tractum.
1676 931 1807 986 Nam

212 1037 468 1104 scriptum
500 1044 582 1086 est
621 1032 742 1103 quia
783 1046 902 1084 cum
948 1029 1152 1096 fugeret
1199 1026 1362 1080 David
1413 1033 1808 1094 persecutorem

211 1127 363 1186 Satn.
392 1125 617 1182 contulit
658 1140 714 1178 se
747 1123 812 1177 ad
844 1121 1006 1174 Achis
1038 1134 1216 1188 regem
1245 1117 1407 1181 Geth,
1441 1115 1491 1168 id
1520 1124 1600 1169 est
1629 1113 1693 1168 ad
1723 1131 1808 1168 re-

213 1235 335 1292 gem
374 1219 649 1284 cujusdam
689 1216 860 1284 gentis
908 1213 1097 1267 vicina:
1140 1228 1302 1280 regno
1332 1209 1642 1264 Iudaeorum
1681 1226 1693 1261 :
1741 1208 1812 1260 ibi

217 1312 493 1374 latitabat,
526 1319 580 1365 ut
629 1307 1050 1378 persecutionem
1082 1305 1258 1360 Saulis
1308 1304 1553 1359 evitaret.
1607 1301 1814 1356 llecens

214 1413 393 1457 autem
423 1411 538 1457 erat
564 1400 730 1472 gloria
762 1399 895 1468 ejus,
924 1397 1062 1451 unde
1091 1411 1185 1466 pro
1211 1394 1490 1448 benefacto
1517 1392 1712 1447 meruit
1734 1391 1817 1444 in-

216 1493 412 1546 vidiatn
435 1533 453 1558 ,
486 1489 696 1561 quando
738 1487 945 1544 Goliam
990 1485 1291 1551 interfecit,
1322 1493 1377 1538 et
1407 1484 1460 1539 in
1493 1499 1595 1537 Una
1638 1472 1811 1553 pugna

209 1586 440 1668 gloriam
481 1583 929 1650 securitatemque
957 1579 1103 1649 regni
1135 1588 1190 1632 et
1218 1578 1328 1646 regi
1359 1587 1414 1632 et
1445 1576 1640 1646 popqu
1664 1589 1815 1628 com-

218 1677 442 1750 paravit.
476 1677 600 1731 Sanl
632 1684 812 1729 autem
839 1688 959 1728 cum
993 1681 1320 1744 provocante
1354 1669 1505 1726 Golia
1536 1678 1812 1732 wstuaret,

216 1778 487 1840 prostrato
505 1768 655 1822 Golia
687 1766 856 1820 hostis
876 1779 996 1820 esse
1018 1763 1186 1832 cmpit
1209 1763 1280 1827 ei,
1307 1777 1400 1830 per
1423 1760 1576 1830 cujus
1597 1775 1815 1813 manum

219 1867 430 1916 hostem
463 1868 780 1923 necaverat,
818 1866 872 1911 ct
903 1856 1089 1910 invidit
1116 1855 1302 1926 gloriae
1339 1853 1504 1908 David
1534 1870 1547 1905 :
1583 1851 1819 1907 maxime

213 1955 342 2024 quia
385 1951 608 2024 populus
653 1951 704 2004 in
732 1947 1099 2004 exsultatione
1137 1949 1498 2010 constitutus,
1551 1951 1604 1997 ct
1651 1942 1819 1996 choro

214 2049 326 2118 jam
354 2046 494 2101 facto
526 2044 778 2099 mulieres
808 2049 1163 2095 cantaverunt
1185 2039 1410 2108 gloriam
1454 2035 1642 2100 David,
1674 2035 1818 2105 quod

217 2140 349 2194 Sail!
381 2135 731 2207 percussisset
757 2134 812 2188 in
842 2131 1096 2194 millibus,
1129 2139 1181 2190 et
1211 2128 1372 2183 David
1398 2127 1450 2182 in
1477 2127 1633 2181 denis
1658 2126 1821 2179 milli-

219 2235 342 2288 bus.
371 2231 508 2286 Hine
537 2229 624 2284 ille
650 2235 955 2282 commotus
981 2264 998 2289 ,
1031 2222 1172 2293 quod
1196 2229 1438 2292 coeperat
1471 2218 1668 2273 habere
1708 2232 1823 2270 ma-

213 2324 392 2395 jorem
421 2320 641 2394 gloriam
667 2334 763 2388 per
788 2332 947 2372 unam
977 2329 1208 2385 pugnam
1235 2327 1385 2381 puer,
1407 2309 1595 2411 etiam
1619 2310 1670 2362 in
1699 2308 1820 2411 lau-

215 2416 374 2470 dibus
401 2413 640 2468 omnium
673 2409 782 2480 regi
817 2405 1249 2479 pratponebatur,
1284 2412 1343 2457 ut
1367 2419 1428 2458 se
1464 2401 1626 2455 habet
1654 2401 1819 2470 pesti-

217 2509 380 2563 lentia
409 2506 594 2561 livoris
619 2513 674 2559 et
702 2501 949 2572 superbia
976 2499 1179 2564 smcnli,
1214 2496 1454 2552 invidere
1479 2506 1738 2563 θωνα-ιιι,
1768 2502 1823 2547 et

220 2599 490 2670 persequi.
521 2597 675 2652 Tunc
703 2595 791 2649 ille
821 2609 880 2648 se
904 2632 918 2656 ,
956 2601 1013 2645 ut
1040 2591 1171 2656 dixi,
1199 2588 1504 2644 contulerat
1529 2588 1595 2642 ad
1636 2601 1820 2690 regem

217 2691 382 2756 Geth,
410 2688 500 2760 qui
523 2687 814 2742 vocabatur
837 2683 1018 2738 Achis.
1047 2684 1368 2752 Suggestum
1391 2689 1473 2733 est
1500 2688 1680 2736 autem
1710 2683 1820 2749 regi

219 2781 345 2850 ipsi,
373 2778 517 2850 quod
549 2777 696 2832 illum
725 2774 863 2844 apud
883 2790 941 2829 se
958 2772 1201 2834 haberet,
1222 2769 1311 2842 qui
1331 2785 1576 2840 magnam
1598 2767 1823 2838 gloriam

217 2872 423 2927 habere
467 2878 705 2939 cmperat
734 2867 785 2921 in
829 2867 1022 2936 populo
1061 2863 1368 2919 Judteorum
1391 2904 1405 2926 ,
1429 2871 1484 2916 et
1509 2861 1710 2916 dictum
1739 2870 1824 2917 est

216 2964 296 3018 illi
329 2981 343 3018 '.
378 2959 564 3014 Nonne
589 2962 679 3014 iste
707 2968 776 3011 est
806 2957 988 3019 David,
1015 2957 1097 3009 cui
1117 2956 1326 3008 chorum
1349 2959 1570 3024 [curant
1592 2953 1824 3007 mulieres

219 3053 494 3112 Israelita.
527 3051 743 3104 dicentes
773 3065 792 3102 :
823 3049 955 3103 Sat'tl
979 3047 1218 3117 percussit
1244 3047 1293 3100 in
1322 3045 1562 3106 millibus,
1585 3056 1633 3099 et
1662 3044 1826 3099 David

218 3148 272 3199 in
298 3145 443 3197 (lenis
475 3141 694 3195 millibus
718 3141 744 3194 ?
771 3141 826 3196 bi
854 3150 1029 3192 autem
1062 3148 1276 3208 propter
1309 3138 1445 3191 hanc
1477 3137 1702 3207 gloriam
1730 3137 1815 3191 in-

219 3239 406 3290 sidere
434 3234 505 3286 illi
540 3239 780 3302 emperat
809 3231 957 3295 Saitl,
994 3245 1171 3283 nonne
1203 3227 1549 3282 metuendum
1578 3237 1696 3282 erat
1723 3229 1824 3281 Da-

222 3328 333 3390 vid,
370 3341 437 3381 ne
461 3334 512 3378 ct
541 3325 630 3379 ille
659 3338 751 3377 rex
776 3321 843 3376 ad
877 3338 1034 3391 quem
1067 3319 1383 3387 confugerat
1407 3360 1420 3382 ,
1453 3318 1612 3372 vellet
1640 3319 1824 3388 oppri-

219 3435 374 3474 mere
406 3432 552 3481 cum,
583 3431 743 3484 quem
776 3422 958 3483 posset
983 3413 1050 3468 de
1090 3412 1264 3465 vicino
1289 3411 1497 3466 hostem
1532 3410 1749 3473 habere,
1779 3410 1824 3464 si

216 3513 431 3566 salvum
471 3508 746 3563 servaret?
776 3505 965 3559 Timuit
1001 3515 1047 3559 ct
1076 3506 1255 3568 illum,
1291 3513 1359 3569 et,
1392 3504 1528 3559 sicut
1565 3504 1822 3573 scriptum

216 3607 324 3658 cst.
359 3597 567 3649 mutavit
602 3593 793 3647 vultum
818 3609 967 3646 suum
1005 3609 1175 3645 coram
1205 3591 1349 3658 ipsis,
1385 3601 1430 3643 et
1460 3588 1748 3655 affectabat,
1779 3599 1826 3642 ct

215 3687 601 3760 lgntpaaizabat
643 3686 710 3737 ad
737 3685 869 3740 ostia
887 3685 1129 3750 civitatis,
1158 3692 1202 3736 ct
1228 3683 1480 3754 ferebatur
1505 3684 1556 3735 in
1594 3681 1826 3737 manibus

215 3781 352 3843 suis,
377 3789 424 3832 et
448 3774 736 3847 providebat
757 3775 825 3828 ad
849 3775 977 3828 ostia
1003 3785 1182 3844 portae,
1212 3783 1256 3826 et
1283 3772 1456 3826 salivae
1476 3773 1827 3826 discurrebant

213 3888 378 3941 super
408 3869 612 3923 barbam
644 3870 774 3939 ejus.
812 3866 952 3920 Vidit
975 3882 1098 3921 eum
1125 3881 1218 3920 rex
1245 3866 1329 3919 ille
1356 3865 1492 3934 apud
1517 3881 1673 3934 quem
1706 3866 1826 3920 late-

217 3963 335 4027 ‘bnt,
361 3972 418 4017 et
442 3963 518 4014 ait
541 3960 651 4013 suis
681 3976 694 4012 :
731 3957 920 4026 Uti/uid
941 3958 1062 4010 milii
1093 3956 1407 4026 arreptitiam
1429 3955 1829 4047 istumadduxi-

222 4054 314 4108 stis
335 4055 362 4106 ?
403 4053 767 4121 numquidnam
788 4050 1071 4102 intraturus
1101 4057 1170 4101 est
1197 4048 1250 4101 in
1277 4047 1498 4100 domum
1530 4046 1732 4100 meam?
1760 4046 1827 4100 Et

221 4147 302 4200 sic
341 4145 493 4198 illum
538 4141 740 4195 dimisit
781 4139 1065 4210 projiciens
1108 4139 1260 4193 illum
1289 4155 1302 4189 :
1335 4146 1388 4192 et
1432 4139 1654 4191 recessit
1702 4138 1825 4191 inde

222 4238 391 4293 David
418 4234 701 4291 incolumis
717 4249 815 4304 per
841 4232 993 4286 istam
1016 4231 1382 4301 ﬁgurationem
1413 4228 1606 4282 furoris
1629 4229 1668 4299 (l
1697 4228 1822 4299 Reg.

219 4345 359 4393 svn,
391 4341 536 4392 xvnt,
566 4341 676 4392 ius,
713 4339 823 4386 κω,
850 4323 1042 4387 l0-l5;
1072 4337 1198 4386 χχιι,
1237 4322 1311 4394 l).
1343 4320 1446 4374 Pro
1475 4321 1572 4373 iSta
1603 4335 1732 4390 ergo
1762 4323 1793 4372 ﬁ

217 4418 508 4490 gul-alioue
551 4413 745 4469 furoris
773 4413 1015 4468 videtur‘
1049 4411 1116 4466 ad
1148 4413 1314 4480 ipsam
1355 4409 1632 4465 historiam
1666 4411 1829 4480 perti—

220 4530 356 4568 nere
384 4512 527 4583 quod
550 4509 641 4565 hic
665 4508 917 4578 scriptum
948 4516 1031 4562 est
1059 4523 1072 4561 :
1105 4503 1341 4559 Psalmth
1367 4503 1550 4565 Dauid,
1576 4521 1694 4554 cum
1716 4522 1829 4556 nm-

218 4607 346 4660 [αυξτ
374 4605 568 4658 vultum
608 4618 754 4656 suum
780 4616 950 4654 coram
978 4595 1264 4653 Abinth
1292 4606 1337 4652 et
1372 4597 1562 4650 dimisit
1599 4614 1748 4663 cuiu,
1780 4607 1829 4652 et

221 4697 369 4754 abiit.
412 4695 521 4750 Sed
565 4694 656 4750 ille
698 4691 860 4746 Achis
904 4698 1036 4757 erat,
1094 4704 1201 4744 non
1251 4689 1588 4743 Abimelech.
1618 4686 1828 4743 Nomen

223 4789 372 4844 enim
415 4786 588 4841 solum
637 4799 741 4838 non
786 4781 998 4836 videtur
1045 4778 1336 4835 convenire
1365 4797 1378 4832 :
1403 4793 1529 4835 nam
1562 4794 1649 4833 res
1679 4780 1827 4849 geSta

221 4894 398 4950 prope
438 4875 567 4946 ipsis
596 4873 776 4929 verbis
817 4873 1016 4942 pariter
1053 4871 1326 4941 designata
1358 4877 1441 4924 est
1469 4870 1522 4923 in
1566 4869 1825 4936 Psalmis,

220 4973 421 5043 quibus
444 4968 638 5039 scripta
661 4975 742 5022 est
767 4967 816 5020 in
844 4965 1150 5035 Regnorum
1175 4963 1331 5017 libro.
1362 4962 1485 5016 Ideo
1515 4963 1682 5033 magis
1708 4978 1825 5016 mo.

227 5080 356 5118 vere
378 5076 479 5116 nos
502 5058 662 5114 debet
684 5059 749 5112 ad
773 5056 1121 5129 quaarendnm
1149 5065 1570 5121 sacramentum,
1593 5057 1714 5125 quia
1740 5073 1830 5109 no.

228 5171 353 5209 men
381 5160 647 5207 mutatum
669 5159 770 5204 est.
802 5148 936 5203 Nam
959 5162 1134 5217 neque
1154 5146 1281 5200 illud
1308 5147 1424 5200 sine
1440 5161 1604 5200 causa
1631 5146 1825 5199 factum

225 5241 581 5316 cst,qnamvis
593 5241 661 5294 sit
673 5238 985 5304 factum;scd
1001 5237 1121 5307 quia
1136 5235 1334 5306 aliquid
1350 5235 1604 5305 figurabat
1623 5253 1637 5288 :
1656 5251 1829 5304 neque

225 5340 330 5394 hoc
350 5341 475 5394 sine
503 5351 663 5392 causa
693 5336 947 5403 scriptum
975 5341 1088 5399 est,
1116 5340 1172 5386 et
1212 5331 1430 5385 nomine
1470 5339 1825 5384 commutato.

286 5431 351 5486 3.
394 5427 602 5485 Videtis
627 5436 795 5486 certe.
827 5426 1042 5487 fratres,
1077 5422 1490 5494 proftmditatem
1523 5437 1830 5476 sacramen-

223 5534 422 5580 torum.
463 5521 517 5577 δί
544 5536 652 5575 non
691 5527 774 5574 est
803 5518 854 5572 in
893 5516 1183 5588 mysterio,
1212 5513 1355 5585 quod
1388 5529 1417 5566 a
1448 5529 1617 5584 puero
1645 5513 1828 5570 Colias

226 5619 435 5674 hccisus
456 5624 567 5680 est;
597 5630 708 5670 non
732 5621 814 5666 est
840 5611 892 5665 in
920 5607 1198 5682 mysterio,
1229 5607 1356 5677 quia
1385 5607 1684 5660 immutavit
1711 5607 1830 5660 vnl-

218 5722 338 5766 sum
369 5723 547 5773 suum,
578 5717 636 5762 et
659 5703 964 5766 affectabat,
1005 5710 1059 5755 et
1087 5699 1500 5771 tympanizabat,
1521 5707 1581 5752 et
1598 5698 1829 5752 cadebat

289 5887 305 5917 ι
333 5891 440 5936 "me
461 5884 633 5933 verba.
665 5873 868 5944 proﬂua
886 5886 1003 5938 ergo
1023 5870 1327 5944 ﬁguratione,
1349 5873 1579 5944 onattuut
1601 5869 1829 5934 plerique

219 5947 336 5998 llas.
356 5957 407 6000 et
421 5947 613 5998 habent
630 5956 660 5992 :.
682 5940 878 5992 Videtur
901 5936 1102 6003 eiga’ad
1117 5936 1299 6000 ipsam.
1323 5942 1420 5985 etc.

1230 454 1627 512 ENARRATIO
1665 452 1733 509 IN
1774 453 2097 509 PSALMUM
2143 455 2382 512 Χκιῑιιι.

3417 473 3524 533 sos

1922 569 1986 619 ad
2019 572 2151 622 ostia
2181 571 2410 624 civitatis
2436 583 2488 624 ct
2513 575 2576 626 ad
2601 577 2733 629 ostia
2763 576 3029 646 portuum
3057 583 3239 636 salivae
3267 586 3522 644 decurre-

1917 657 2043 712 bant
2072 675 2236 728 super
2267 663 2486 718 barbam
2514 665 2650 734 ejus.
2684 667 2835 722 Unde
2862 671 2972 724 ﬁeri
3006 685 3178 740 potest
3209 688 3265 729 ut
3289 694 3393 732 non
3419 679 3520 735 hoc

1918 750 2118 820 aliquid
2148 753 2511 822 signiﬁcaret?
2533 760 2746 826 quando
2773 761 2987 829 quidem
3017 777 3200 831 aperte
3225 767 3355 822 dicit
3379 773 3525 839 Apo-

1917 842 2088 897 stolus
2122 861 2134 895 :
2172 843 2296 899 Hau:
2317 857 2485 899 autent
2513 848 2562 900 in
2589 850 2757 918 ﬁgura
2787 853 3140 923 contingebant
3166 858 3306 921 illis;
3338 863 3528 930 scripta

1913 944 2032 987 sunt
2061 945 2228 988 autem
2251 948 2455 1008 propter
2475 957 2585 1003 nos,
2617 940 2669 993 in
2695 959 2820 1008 quos
2845 945 2962 1011 linis
2982 950 3284 1000 sitculorum
3311 950 3527 1005 obvenit.

1917 1024 1974 1076 Si
2011 1026 2140 1078 nihil
2185 1027 2450 1098 signiﬁcat
2495 1046 2685 1084 manna
2714 1074 2728 1096 ,
2777 1033 2843 1086 de
2874 1051 2980 1104 quo
3009 1037 3136 1089 dicit
3178 1041 3474 1105 Apostolus
3511 1061 3522 1093 :

1921 1114 1990 1167 Et
2021 1117 2184 1170 cibum
2215 1119 2533 1187 spiritualcm
2562 1126 2992 1179 manducauerunt
3034 1145 3052 1183 :
3087 1131 3128 1181 si
3161 1132 3289 1184 nihil
3324 1133 3494 1203 signiﬁ
3514 1167 3536 1175 -

1919 1215 2006 1258 cat
2026 1208 2166 1275 quod
2201 1207 2429 1263 divisum
2460 1223 2544 1268 est
2566 1230 2732 1277 mare,
2763 1227 2817 1268 et
2851 1234 2946 1286 per
2967 1221 3202 1276 medium
3230 1223 3424 1279 ductus
3447 1242 3527 1282 est

1920 1297 2170 1364 papulas,
2205 1309 2258 1351 ut
2281 1299 2574 1355 evaderent
2599 1308 3027 1373 persecutionem
3059 1311 3378 1380 Pharaonis,
3406 1333 3527 1371 cum

1920 1387 2063 1440 dicat
2090 1389 2381 1456 Apostolus
2414 1410 2425 1442 :
2461 1391 2600 1446 Nolo
2628 1397 2759 1448 enim
2783 1413 2867 1450 vos
2895 1399 3151 1468 ignorare,
3176 1407 3380 1472 fratres,
3412 1409 3530 1475 quia

1923 1488 2090 1546 patres
2123 1481 2283 1532 nostri
2300 1498 2474 1536 omnes
2502 1484 2592 1536 sub
2623 1487 2754 1540 nube
2782 1491 3004 1557 fuerunt,
3039 1503 3085 1545 et
3110 1511 3282 1548 omnes
3309 1497 3364 1550 in
3391 1497 3532 1568 Moy-

1922 1584 2009 1622 sen
2029 1568 2272 1640 baptizati
2291 1583 2408 1626 sunt
2428 1575 2479 1626 in
2508 1577 2636 1630 nube
2667 1589 2713 1630 et
2746 1580 2796 1632 in
2828 1583 2958 1634 mari
2979 1599 3000 1637 :
3031 1586 3073 1637 si
3111 1585 3241 1642 nihil
3266 1589 3527 1657 signiﬁcat

1921 1660 2063 1728 quod
2088 1678 2339 1730 percussa
2365 1677 2515 1733 petra
2533 1684 2668 1736 aqua
2693 1673 2971 1740 proﬂuxit,
2998 1691 3115 1729 cmn
3139 1678 3283 1732 dicat
3305 1683 3534 1750 Aposto-

1922 1753 2007 1807 lus
2041 1772 2054 1808 :
2090 1753 2244 1809 Petra
2263 1768 2430 1810 autent
2458 1770 2566 1813 erat
2590 1760 2823 1818 Christus
2855 1764 2896 1834 (ι
2925 1766 3043 1821 Cor.
3077 1785 3128 1834 x,
3161 1770 3220 1823 li
3245 1755 3261 1835 i,
3301 1771 3406 1840 id)
3440 1791 3452 1825 :
3487 1774 3531 1829 si

1925 1859 2052 1912 ergo
2083 1843 2172 1899 illa
2201 1844 2332 1900 nihil
2356 1848 2680 1918 signiﬁcant,
2705 1856 2950 1921 quamvis
2979 1857 3084 1911 sint
3105 1868 3253 1926 gesta
3285 1880 3299 1915 :
3329 1864 3371 1915 si
3403 1865 3534 1917 nihil

1924 1933 2157 2004 denique
2196 1938 2502 2007 signiﬁcant
2544 1941 2653 1995 duo
2687 1944 2779 1997 ﬁlii
2821 1946 3054 2000 Abralne
3086 1951 3193 2003 nati
3238 1955 3532 2010 secundum

1923 2027 2168 2082 ordinem
2199 2031 2451 2084 nascendi
2482 2031 2791 2099 hominum,
2823 2048 2875 2090 et
2910 2049 3089 2094 tamen
3125 2041 3267 2111 ipsos
3304 2043 3442 2098 duos
3476 2046 3538 2098 ﬁu-

1928 2117 2025 2172 lios
2053 2118 2160 2173 duo
2186 2119 2530 2177 Testamenta
2559 2127 2795 2194 appellat
2827 2133 3138 2197 Apostolus,
3169 2135 3330 2191 Vetus
3350 2153 3405 2191 et
3430 2139 3537 2192 No-

1925 2225 2077 2273 vutn,
2108 2219 2161 2265 et
2185 2211 2315 2267 dicit
2346 2232 2358 2267 :
2397 2213 2523 2268 [hac
2555 2230 2672 2270 sunt
2701 2217 2804 2273 duo
2831 2218 3182 2291 Testamenta,
3207 2245 3321 2297 qua:
3344 2241 3462 2284 sunt
3483 2233 3536 2283 in

1925 2302 2173 2372 allegoria
2203 2305 2362 2373 (Gal.
2396 2325 2445 2361 IV
2469 2352 2483 2374 ,
2508 2311 2616 2380 9.5)
2644 2327 2657 2362 :
2697 2329 2740 2366 ει
2769 2329 2898 2383 ergo
2930 2317 3012 2370 illa
3047 2319 3178 2374 nihil
3210 2323 3530 2392 signiﬁcant,

1926 2409 2045 2463 (pne
2072 2397 2266 2451 videtis
2295 2401 2613 2456 auctoritate
2633 2405 2922 2472 apostolica
2959 2408 3009 2461 in
3041 2413 3296 2480 mysterio
3327 2413 3538 2469 futura-

1929 2501 2045 2538 rntn
2072 2503 2251 2541 rerum
2280 2499 2426 2558 gesta
2452 2505 2606 2557 esse;
2639 2495 2898 2549 debemus
2919 2498 3172 2556 arbitrari
3210 2502 3338 2555 nihil
3368 2504 3536 2575 signi-

1930 2576 2089 2632 ﬁcare
2103 2579 2264 2633 etiam
2286 2579 2386 2635 hoc
2402 2583 2543 2651 quod
2563 2583 2714 2638 vobis
2727 2600 2790 2639 ex
2810 2586 2946 2641 libro
2964 2588 3270 2660 Regnorum
3284 2593 3354 2648 de
3371 2595 3534 2648 David

1925 2668 2086 2736 paulo
2106 2683 2230 2724 ante
2260 2673 2492 2725 narravi.
2516 2673 2631 2727 Non
2662 2691 2791 2745 ergo
2821 2677 2948 2731 nihil
2982 2682 3246 2750 signiﬁcat
3267 2735 3280 2749 ,
3313 2697 3367 2740 et
3394 2689 3536 2755 quod

1927 2773 2125 2813 nomen
2154 2771 2417 2816 mutatum
2439 2773 2522 2818 est
2545 2806 2560 2832 ,
2580 2774 2634 2819 et
2654 2766 2860 2823 dictum
2890 2781 2969 2824 est
2991 2788 3162 2826 coram
3186 2775 3474 2830 Abimelcch
3496 2781 3533 2826 '.

1999 2853 2053 2906 tl.
2098 2853 2361 2910 lntendite
2394 2873 2629 2913 mecum.
2659 2860 2851 2916 Omnia
2880 2865 3022 2920 enim
3059 2883 3179 2936 qum
3205 2869 3319 2924 dixi
3353 2873 3535 2936 modo,

1926 2945 2078 3014 quasi
2103 2947 2170 3000 ad
2199 2963 2416 3004 manum
2438 2951 2705 3019 pertinent
2729 2955 3009 3023 pulsantis,
3032 2960 3267 3014 nondum
3291 2974 3535 3031 apertum

1926 3048 2028 3090 est.
2089 3036 2470 3108 Pulsavimus,
2524 3057 2649 3097 cum
2708 3044 2806 3099 ista
2867 3048 3214 3115 diceremus;
3281 3055 3535 3122 pulsastis

1928 3140 1983 3181 et
2023 3144 2139 3191 vos,
2175 3146 2296 3183 emn
2339 3132 2437 3186 ista
2479 3133 2737 3190 audiretis
2782 3155 2794 3189 :
2838 3139 3014 3194 adhuc
3056 3142 3332 3211 pulscmus
3373 3161 3536 3200 oran-

1928 3216 2018 3279 do,
2055 3228 2114 3272 ut
2157 3219 2412 3274 Dominus
2452 3224 2657 3292 aperiat
2701 3228 2922 3282 nobis”.
2973 3230 3260 3287 Nominum
3303 3234 3541 3290 hebraea-

1931 3327 2046 3364 rum
2097 3313 2354 3368 hahemus
2396 3316 2896 3385 interpretationem
2935 3339 2946 3372 :
2982 3340 3087 3376 non
3117 3324 3402 3381 defuerunt
3438 3330 3539 3384 do-

1928 3405 2001 3457 cti
2029 3404 2147 3466 viri,
2178 3406 2264 3475 qui
2313 3408 2467 3462 nobis
2504 3411 2719 3464 nomina
2748 3427 2813 3466 ex
2844 3413 3060 3469 hehrteo
3098 3417 3152 3470 in
3189 3435 3416 3486 grrecam
3450 3423 3542 3474 lin-

1926 3509 2086 3564 guam
2114 3540 2127 3558 ,
2157 3507 2215 3552 et
2245 3497 2368 3554 inde
2415 3501 2466 3554 in
2522 3502 2740 3556 latinam
2775 3505 3146 3562 transferrent.
3180 3510 3540 3569 Consulentcs

1928 3602 2058 3656 ergo
2091 3589 2304 3643 nomina
2337 3590 2460 3658 ista,
2499 3593 2807 3649 invenimus
2834 3597 3174 3667 interpretari
3203 3602 3538 3671 Abitnelech,

1930 3677 2104 3732 Patris
2133 3681 2243 3741 mei,
2285 3697 2543 3753 regnum;
2574 3694 2629 3739 et
2657 3685 2997 3756 interpretari
3029 3691 3212 3757 Acltis,
3260 3694 3542 3760 Quomodo

1931 3781 2032 3825 est.
2063 3772 2188 3827 lla-c
2219 3777 2435 3830 nomina
2465 3779 2828 3846 attendamus,
2861 3782 2987 3838 inde
3015 3786 3199 3854 incipit
3233 3788 3390 3842 nobis
3410 3806 3540 3859 ape-

1929 3865 2023 3918 riri
2053 3865 2408 3935 pulsantibus.
2452 3870 2506 3924 Si
2536 3872 2754 3940 qna-ris.
2792 3873 2929 3939 Quid
2973 3886 3058 3930 est
3087 3877 3291 3933 Achis?
3324 3897 3543 3952 respon-

1931 3955 2106 4018 detur.
2140 3957 2421 4026 Quomodo
2445 3971 2547 4016 est.
2573 3962 2854 4028 Quomodo
2883 3975 2986 4030 est,
3019 3967 3241 4024 verbum
3273 3982 3355 4025 est
3377 3973 3545 4026 admi-

1932 4049 2121 4113 rantis,
2154 4058 2209 4103 et
2233 4064 2341 4104 non
2371 4051 2742 4122 intelligentia.
2770 4055 3111 4123 Abitnelcch,
3137 4059 3313 4114 Patris
3337 4066 3439 4116 tnei
3467 4082 3544 4118 re-

1931 4154 2092 4206 gnum
2122 4157 2139 4193 :
2177 4140 2360 4201 David,
2401 4141 2559 4196 Manu
2593 4144 2764 4198 fortis.
2799 4146 2857 4201 lu
2892 4147 3058 4216 ﬁgura
3089 4148 3289 4205 Christi
3333 4153 3500 4208 David
3527 4200 3539 4216 ,

1931 4229 2067 4282 sicut
2095 4229 2281 4285 Colias
2307 4231 2360 4284 in
2389 4233 2553 4301 figura
2585 4233 2785 4289 diaboli
2817 4253 2828 4286 :
2861 4246 2917 4291 et
2945 4238 3087 4306 quod
3120 4241 3281 4294 David
3318 4257 3548 4312 prostra-

1935 4320 2009 4372 \‘ll.
2047 4321 2276 4386 Goliam,
2306 4321 2555 4378 Christus
2596 4335 2682 4381 est
2720 4327 2810 4397 qui
2839 4329 3041 4382 occidit
3078 4329 3373 4388 diabolum.
3403 4335 3542 4403 Quid

1932 4422 2015 4465 est
2053 4421 2231 4466 autem
2271 4412 2517 4469 Christus
2559 4419 2651 4486 qui
2691 4419 2966 4473 diabolum
2999 4423 3230 4478 occidit?
3263 4425 3548 4482 llumilitas

1932 4500 2131 4555 occidit
2169 4503 2499 4572 superbiam.
2531 4505 2666 4560 Cum
2695 4523 2825 4578 ergo
2851 4509 3126 4566 Christum
3153 4516 3399 4579 nomino,
3433 4518 3540 4573 fra-

1937 4601 2046 4649 tres
2065 4593 2192 4661 mci,
2214 4597 2444 4651 maxime
2469 4599 2622 4653 nobis
2642 4599 2912 4656 humilitas
2927 4607 3360 4663 commendatur.
3389 4609 3542 4665 Yiatu

1934 4683 2077 4739 enim
2120 4686 2275 4741 nobis
2322 4685 2453 4742 fecit
2492 4704 2588 4757 per
2627 4690 3030 4748 humilitatem:
3064 4696 3187 4765 quia
3229 4715 3323 4768 per
3363 4718 3545 4772 snper-

1935 4774 2078 4830 biam
2098 4791 2504 4833 recesseramus
2535 4795 2562 4831 a
2588 4780 2716 4846 Deo,
2749 4782 2924 4836 redire
2949 4783 3017 4838 ad
3044 4801 3170 4840 eum
3197 4789 3300 4843 nisi
3331 4806 3426 4860 per
3455 4791 3548 4845 hn'

1933 4867 2214 4922 utilitatem
2245 4884 2352 4923 non
2384 4879 2714 4940 poteramus,
2744 4882 2799 4926 et
2829 4889 2989 4944 quem
3017 4876 3172 4932 nobis
3211 4895 3553 4950 praeptmere-

1936 4975 2055 5013 mus
2075 4960 2140 5012 ad
2161 4960 2500 5025 imitandum,
2524 4976 2631 5015 non
2656 4962 3009 5019 habebamus.
3027 4964 3217 5021 Omnis
3241 4970 3386 5023 enim
3411 4989 3547 5024 tuon

1935 5053 2115 5109 talitas
2155 5052 2432 5108 hominum
2476 5057 2730 5124 superbia
2763 5066 3052 5112 lnmuerat.
3098 5062 3164 5115 Et
3202 5061 3247 5116 si
3289 5065 3549 5118 existeret

1936 5146 2129 5215 aliquis
2146 5146 2364 5201 humilis
2384 5146 2462 5201 vir
2481 5148 2532 5200 in
2551 5149 2763 5217 Spiritu,
2788 5150 2927 5204 sicut
2945 5163 3097 5205 erant
3121 5153 3426 5224 Propheta,
3445 5157 3548 5210 Ρςι-

1938 5235 2204 5302 triarchzn,
2225 5236 2618 5307 dedignabatur
2633 5255 2802 5309 genus
2821 5241 3115 5297 humanum
3147 5245 3341 5300 imitari
3373 5249 3548 5302 humi-

1937 5329 2014 5383 les
2032 5327 2298 5383 homines.
2327 5327 2404 5383 Ne
2425 5343 2555 5400 ergo
2573 5329 2955 5402 dedignaretur
2975 5335 3136 5388 homo
3165 5335 3361 5391 imitari
3382 5340 3548 5392 Inmr-

1937 5435 2059 5474 nem
2075 5418 2503 5486 humilem,Deus
2517 5418 2689 5475 factus
2705 5431 2788 5476 est
2800 5422 3101 5488 lnnnilis,ut
3115 5426 3197 5479 vel
3211 5428 3287 5481 sic
3301 5433 3550 5497 superbia

1936 5511 2149 5582 generis
2189 5510 2406 5565 humani
2436 5526 2543 5568 non
2569 5512 2952 5584 dedignaretur
2987 5518 3138 5585 sequi
3170 5520 3391 5590 vestigia
3433 5523 3549 5580 Dei.

2008 5603 2062 5658 5.
2106 5602 2236 5657 Erat
2282 5613 2498 5666 autem,
2531 5610 2592 5656 ιιι
2619 5605 2820 5671 nostis,
2871 5609 3194 5661 sacriﬁcium
3239 5611 3550 5668 Jndzcormu

1938 5704 2092 5749 antea
2116 5695 2412 5748 secundum
2442 5695 2687 5750 ordinem
2717 5699 2895 5752 Aaron
2925 5698 2978 5752 in
3008 5699 3236 5755 victimis
3262 5719 3543 5772 pecorum.

2003 5810 2019 5842 ί
2047 5815 2124 5877 Er.
2148 5818 2198 5859 et
2217 5815 2356 5877 tam,
2395 5815 2449 5859 Et
2471 5811 2603 5872 quod
2637 5809 2719 5877 [lic
2756 5811 2940 5862 dictum
2972 5821 3042 5863 est
3067 5829 3232 5865 coram
3261 5816 3552 5877 abimclccls,

1939 5872 2018 5937 (et
2037 5871 2260 5933 addunt).
2282 5870 2538 5937 ibicoraat
2565 5872 2704 5937 .tchs's
2733 5885 2750 5922 :
2773 5877 2904 5937 quod
2927 5889 2955 5923 a
2979 5885 3087 5925 MSS.
3109 5881 3266 5928 abest.

2003 5935 2022 5964 ²
2049 5941 2177 5994 διέβη
2194 5933 2387 5986 orando
2410 5941 2459 5985 ut
2475 5934 2678 6011 aperiat
2694 5949 2711 5986 :
2729 5933 2926 6001 oniisso,
2954 5939 3183 5992 bonum:
3205 5942 3352 5999 nobis.
