4008 6396
492 401 603 458 303

496 517 673 570 ethoc
697 514 751 568 in
779 510 1074 584 mysterio:
1106 505 1342 562 nondum
1371 514 1488 561 erat
1516 500 1837 559 sacriﬁcimn
1859 495 2101 570 corporis

497 622 554 667 et
599 607 876 678 sanguinis
926 603 1161 669 Domini,
1209 598 1355 670 quod
1400 597 1586 652 ﬁdeles
1635 602 1867 655 norunt.
1913 601 1968 647 et
2008 590 2102 660 qui

494 699 849 770 Evangelium
878 696 1143 765 legerunt,
1166 689 1311 762 quod
1332 689 1653 744 sacriﬁcium
1678 699 1819 740 nunc
1841 681 2099 738 dill'usum

492 802 582 846 est
627 769 740 844 toto
781 787 914 841 orbe
945 794 1232 840 terrarum.
1274 779 1564 851 Proponite
1604 790 1733 846 ergo
1778 769 1935 828 vobis
1976 782 2102 828 ante

503 885 687 939 oculos
712 882 821 935 duo
845 877 1131 943 sacriﬁcia,
1168 886 1223 930 et
1248 873 1379 929 illud
1407 868 1703 926 secundum
1724 866 1967 922 ordinem
1988 866 2098 920 Aa-

502 994 632 1040 ron,
668 983 725 1030 et
759 973 864 1027 hoc
890 969 1185 1026 secundum
1228 966 1472 1022 ordinem
1516 958 1932 1018 Melchisedech.
1964 958 2104 1013 Scri-

504 1083 653 1141 ptum
701 1073 786 1121 est
832 1063 975 1119 enim
1007 1079 1021 1115 :
1053 1059 1254 1113 Jurarit
1303 1056 1585 1120 Dominus,
1627 1065 1675 1108 et
1718 1068 1820 1107 non
1850 1051 2103 1121 pmnitebit

500 1137 712 1217 runtytu
736 1170 793 1210 es
816 1151 1051 1208 sacerdos
1072 1151 1123 1206 in
1152 1158 1398 1203 wternum
1421 1143 1697 1201 secundum
1718 1141 1947 1196 ordinem
1977 1137 2103 1193 Mel-

499 1248 733 1302 rhiscdec
787 1245 961 1317 (Psat.
989 1259 1097 1307 cxx,
1127 1243 1208 1311 4).
1235 1241 1308 1294 De
1334 1254 1442 1310 quo
1469 1236 1665 1292 dicitur
1693 1249 1708 1290 :
1744 1232 1787 1288 T
1787 1250 1821 1286 ιι
1849 1248 1901 1286 es
1925 1247 2097 1286 sacer—

499 1343 590 1394 dos
628 1342 680 1393 in
717 1348 963 1394 internum
988 1333 1267 1389 secundant
1318 1330 1548 1385 ordinem
1595 1324 1972 1381 Melchisedec.’
2023 1323 2099 1377 De

499 1430 726 1485 Domino
756 1436 942 1483 nostro
967 1425 1092 1481 Jesn
1118 1424 1352 1480 Christo.
1381 1419 1513 1488 Quis
1539 1429 1658 1475 erat
1705 1414 2099 1472 Mclchisedcc?

496 1522 609 1579 [lex
637 1521 839 1577 Salem.
868 1518 1048 1574 Salcm
1078 1516 1269 1571 civitas
1294 1513 1396 1568 fuit
1421 1523 1599 1578 antea,
1626 1511 1713 1565 illa
1738 1525 1863 1581 qua:
1890 1503 2095 1580 postea,

491 1617 633 1675 sicut
674 1611 818 1668 docti
862 1607 1259 1681 prodiderunt,
1289 1604 1585 1660 Jerusalem
1624 1600 1764 1657 dicta
1809 1609 1910 1655 est.
1954 1599 2099 1669 Ergo

493 1715 779 1774 antequam
813 1700 885 1756 ibi
913 1705 1205 1769 regnarent
1230 1695 1426 1761 Judmi,
1460 1694 1531 1748 ibi
1570 1702 1688 1747 erat
1716 1691 1807 1745 ille
1837 1689 2092 1744 sacerdos

495 1791 871 1858 Melchisedec,
926 1789 1018 1860 qui
1072 1787 1323 1843 scribitur
1361 1785 1417 1839 in
1457 1782 1655 1839 Genesi
1693 1780 1958 1837 Sacerdos
2004 1780 2095 1833 Dei

493 1885 696 1941 excelsi
730 1881 882 1954 (Gen.
912 1897 1020 1947 xiv,
1055 1878 1167 1949 18).
1199 1876 1317 1948 ipse
1343 1875 1577 1932 occurrit
1598 1872 1848 1939 Abrahae,
1882 1871 2096 1943 quando

494 1974 744 2033 liberavit
777 1973 881 2042 Lot
906 1971 976 2026 de
1010 1985 1170 2025 manu
1222 1966 1692 2037 persequentium,
1723 1974 1776 2018 et
1808 1962 2097 2035 prostravit

496 2081 590 2121 eos
619 2081 648 2118 a
675 2062 871 2135 quibus
900 2062 989 2116 ille
1015 2059 1317 2121 tenebatur.
1346 2066 1402 2112 et
1421 2056 1669 2110 liberavit
1690 2055 1907 2111 fratrem
1933 2071 1946 2107 :
1978 2060 2092 2121 pnsl

494 2155 869 2212 liberationem
894 2152 1072 2207 fratris
1090 2147 1326 2206 oecuriit
1345 2147 1395 2203 ei
1422 2146 1794 2203 Melchisedec.
1824 2145 1889 2198 Et
1916 2151 2094 2197 tantus

491 2246 1000 2312 eratMelchisedec,
1018 2260 1049 2298 a
1075 2258 1183 2314 quo
1206 2240 1621 2298 benediceretur
1641 2237 1933 2294 Abraham.
1957 2236 2093 2292 Pro-

488 2341 614 2395 tulit
641 2354 834 2410 panem
861 2346 917 2394 et
943 2335 1127 2393 vinum
1145 2376 1161 2397 .
1198 2342 1255 2388 et
1290 2332 1567 2388 benedixit
1592 2329 1891 2394 Abraham,
1922 2337 1975 2383 et
2003 2328 2094 2383 de-

488 2431 569 2487 dit
606 2431 658 2487 ei
697 2430 938 2486 decimas
973 2425 1269 2484 Abraham.
1312 2423 1504 2479 Videte
1550 2420 1677 2495 quid
1724 2419 1968 2492 protulit,
2006 2418 2092 2476 et‘

492 2538 654 2593 quem
678 2520 972 2577 benedixit.
1001 2519 1065 2574 Et
1092 2518 1293 2573 dictum
1320 2525 1406 2571 est
1428 2526 1610 2586 postea
1637 2532 1651 2568 :
1674 2512 1756 2569 Τιι
1782 2531 1834 2568 es
1859 2513 2094 2568 sacerdos

489 2614 544 2666 in
563 2624 817 2668 internum
841 2610 1121 2665 secundum
1150 2608 1379 2664 ordinem
1407 2604 1763 2661 Melchisedec.
1795 2604 1960 2660 David
1990 2604 2094 2659 hoc

491 2708 544 2760 in
571 2705 772 2775 Spiritu
800 2702 935 2756 dixit
962 2702 1122 2771 longe
1150 2708 1272 2769 post
1298 2697 1568 2754 Abraham
1599 2715 1614 2753 :
1645 2696 1976 2767 temporibus
1999 2711 2093 2749 an-

489 2806 598 2853 tem
626 2794 857 2851 Abralnc
882 2793 982 2849 fuit
1018 2791 1392 2848 Melchisedec.
1433 2791 1507 2846 De
1535 2805 1640 2861 quo
1666 2790 1772 2845 alio
1800 2789 1963 2857 dicit,
1998 2788 2078 2844 Tu

485 2907 541 2945 es
567 2888 804 2946 sacerdos
829 2889 881 2942 in
903 2897 1144 2942 teternum
1170 2884 1445 2939 secundum
1469 2883 1696 2937 ordinem
1724 2879 2086 2949 Melchisedec,

488 2982 589 3038 nisi
616 2982 686 3039 de
712 2981 805 3036 illo
833 2980 988 3049 cujus
1015 2978 1185 3034 nostis
1215 2975 1580 3032 sacriﬁcium?

559 3074 614 3129 6.
654 3070 931 3130 Sublatum
962 3080 1044 3126 est
1068 3084 1196 3141 ergo
1228 3067 1549 3125 sacriﬁcium
1587 3067 1762 3121 Aaron
1787 3106 1804 3132 ,
1836 3074 1889 3120 et
1921 3065 2088 3136 cmpit

484 3180 609 3221 esse
658 3162 979 3219 sacriﬁcium
1035 3160 1330 3217 secundum
1397 3158 1640 3214 ordinem
1708 3156 2087 3213 Melehisedee.

488 3250 628 3326 Ergo
658 3256 870 3309 mutavit
901 3253 1082 3309 nescio
1108 3252 1228 3322 quis
1253 3252 1449 3306 vultum
1483 3265 1651 3304 suum.
1693 3247 1824 3318 Quis
1861 3256 1945 3306 est
1989 3247 2089 3303 iste

486 3348 669 3404 nescio
696 3347 862 3419 quis?
905 3346 1022 3401 Non
1066 3346 1137 3400 sit
1177 3344 1360 3400 nescio
1404 3343 1564 3414 quis:
1596 3350 1755 3397 notus
1782 3349 1866 3399 est
1893 3341 2038 3398 enim
2064 3340 2088 3376 ⁸

488 3438 744 3493 Duniinus
770 3450 950 3491 noster
969 3434 1126 3491 Jesus
1145 3434 1412 3489 Christus.
1431 3433 1488 3488 in
1510 3446 1736 3502 corpore
1755 3441 1809 3488 et
1829 3431 2088 3502 sanguine

483 3546 583 3588 suo
612 3532 780 3587 voluit
808 3545 930 3585 esse
956 3528 1182 3583 salutem
1213 3536 1469 3580 nostram.
1512 3523 1666 3580 Unde
1704 3533 1885 3579 autem
1934 3538 2086 3577 com-

485 3623 757 3678 mentiavil
782 3636 980 3690 corpus
1022 3628 1077 3673 et
1117 3618 1431 3689 sanguinem
1474 3631 1628 3671 suum
1658 3614 1890 3687 (Matth.
1919 3632 2041 3672 xxVI
2065 3656 2082 3685 ,

481 3715 552 3770 26
580 3715 641 3785 )?
668 3714 744 3768 De
788 3710 1088 3766 humilitate
1131 3724 1247 3762 sua.
1292 3706 1404 3762 Nisi
1452 3707 1594 3761 enim
1640 3715 1781 3762 esset
1830 3706 2079 3771 humilis,

484 3825 584 3864 nec
613 3805 1026 3861 manducaretur
1046 3844 1064 3868 ,
1093 3817 1193 3856 nec
1228 3802 1524 3857 biberetur.
1576 3800 1804 3869 Respice
1844 3800 2082 3855 altitudi-

482 3915 605 3953 nem
636 3897 803 3967 ipsitss
827 3913 840 3949 :
867 3892 934 3949 In
959 3894 1213 3966 principio
1233 3901 1340 3946 erat
1376 3891 1590 3946 Verbum
1614 3932 1629 3956 ,
1658 3902 1706 3946 et
1736 3890 1952 3957 Verbum
1974 3902 2083 3946 erat

482 3991 623 4061 apud
654 3990 853 4056 Deum,
884 3996 929 4042 et
951 3985 1089 4041 Deus
1114 3992 1221 4039 erat
1258 3983 1478 4038 Verbum
1502 3985 1521 4052 (
1542 3982 1701 4038 Joan.
1730 4000 1749 4038 ι
1772 4025 1787 4048 ,
1821 3985 1845 4039 1
1874 3984 1913 4054 ).
1943 3984 2081 4040 Ecce

478 4083 631 4135 l'lilllS
661 4080 1017 4147 sempiternus
1047 4095 1060 4131 :
1094 4075 1189 4131 sed
1233 4073 1558 4130 manducant
1586 4076 1772 4145 Angcli
1797 4117 1812 4139 ,
1848 4076 2078 4130 mandu-

478 4182 602 4228 rant
626 4187 873 4241 superna:
898 4169 1131 4223 Virtutes
1154 4208 1171 4233 ,
1200 4166 1524 4221 manducent
1547 4168 1793 4222 caelestes
1812 4167 2040 4237 Spiritus
2058 4210 2076 4231 .

476 4275 533 4321 et
559 4263 947 4322 manducantes
973 4261 1283 4331 saginantur
1308 4298 1323 4325 ,
1349 4267 1405 4314 et
1434 4259 1698 4329 integrum
1726 4270 1908 4316 manet
1933 4262 2075 4332 quod

475 4371 572 4413 eos
598 4355 758 4412 satiat
781 4362 837 4410 et
873 4351 1130 4408 laetiﬁcat.
1179 4349 1312 4416 Quis
1352 4357 1529 4404 autem
1579 4349 1741 4404 homo
1786 4361 1967 4421 posset
2007 4351 2075 4407 ad

471 4448 624 4507 illum
653 4446 834 4502 cibum
856 4442 881 4498 'l
909 4442 1065 4499 Unde
1087 4456 1183 4496 cor
1204 4449 1315 4494 tam
1336 4439 1587 4495 idoneum
1608 4440 1681 4494 illi
1711 4442 1875 4497 cibo?
1897 4441 2077 4510 Opor-

474 4540 621 4595 tebat
644 4552 774 4606 ergo
802 4543 863 4590 ut
889 4548 1075 4589 mensa
1102 4531 1189 4586 illa
1217 4531 1571 4596 laet-esceret,
1615 4539 1672 4586 et
1713 4531 1777 4586 ad
1821 4532 2073 4602 parvulos

470 4630 801 4701 perveniret.
830 4626 984 4683 Unde
1009 4631 1187 4679 autem
1220 4622 1279 4677 ﬁt
1303 4623 1456 4678 cibus
1485 4622 1609 4679 lac?
1650 4624 1793 4678 unde
1828 4624 1979 4680 cibus
2018 4626 2072 4681 in

470 4723 557 4777 lac
603 4717 938 4776 convertitur
963 4757 979 4783 ,
1036 4715 1139 4769 nisi
1162 4729 1259 4785 per
1301 4728 1519 4768 carnem
1562 4714 1897 4783 trajiciatur?
1934 4714 2068 4772 Nam

471 4820 645 4867 mater
671 4809 776 4864 hoc
800 4807 944 4862 facit.
974 4804 1126 4872 Quod
1150 4804 1438 4859 manducet
1468 4812 1638 4860 mater
1662 4846 1678 4871 ,
1709 4806 1813 4860 hoc
1839 4808 2069 4861 mandu-

467 4910 559 4958 cat
585 4900 802 4957 infans:
832 4897 927 4954 sed
954 4896 1077 4966 quia
1107 4896 1282 4950 minus
1325 4893 1551 4951 idoneus
1598 4903 1682 4950 est
1727 4896 1899 4952 infans
1927 4939 1943 4963 ,
1975 4900 2067 4969 qui

468 5009 608 5067 pane
633 4999 880 5047 vescatur
901 5031 918 5058 ,
947 4990 1120 5060 ipsum
1151 5002 1342 5057 panem
1383 4999 1555 5042 mater
1582 4987 1822 5043 incarnat
1849 5030 1865 5055 ,
1892 4999 1946 5045 et
1974 5006 2069 5061 per

466 5086 827 5142 humilitatem
872 5081 1186 5137 mammillaa
1232 5087 1289 5133 et
1326 5079 1479 5160 lactis
1528 5092 1785 5147 succum,
1835 5079 1905 5136 de
1951 5081 2068 5151 ipso

465 5193 605 5251 pane
643 5178 811 5248 pascit
850 5174 1129 5229 infantem.
1174 5169 1455 5237 Quomodo
1496 5184 1627 5240 ergo
1665 5171 1734 5227 de
1775 5173 1891 5242 ipso
1930 5190 2067 5243 pane

466 5269 610 5339 pavit
635 5280 736 5321 nos
760 5263 1031 5332 Sapientia
1075 5261 1211 5316 Dei?
1254 5260 1386 5324 Quia
1443 5259 1663 5314 Verbum
1710 5279 1830 5317 caro
1873 5268 2065 5335 factum

462 5367 534 5413 est
560 5399 575 5421 ,
608 5367 653 5411 et
675 5357 916 5411 habitavit
940 5353 994 5407 in
1017 5352 1160 5406 nobis
1201 5349 1383 5421 (Ibid.
1437 5349 1567 5421 14).
1601 5351 1787 5406 Videte
1807 5368 1933 5423 ergo
1963 5354 2062 5409 hu-

460 5448 744 5504 militatem
767 5464 781 5501 :
804 5446 927 5516 quia
943 5456 1136 5514 panem
1162 5441 1486 5509 Angelorum
1506 5443 1845 5496 manducavit
1870 5444 2029 5499 horno
2044 5488 2060 5513 ,

462 5554 519 5594 ut
552 5540 811 5609 scriptum
836 5546 919 5591 est
942 5575 958 5599 ,
992 5532 1190 5589 Panem
1213 5533 1327 5585 caeli
1370 5532 1509 5585 dedit
1547 5532 1619 5585 eis
1642 5574 1657 5596 ,
1688 5549 1868 5601 panem
1894 5533 2063 5606 Ange-

525 5656 543 5687 ι
570 5653 642 5723 sic
664 5649 1052 5723 plureslatssrttt
1258 5642 1440 5723 fidele
1462 5643 1581 5709 quid
1604 5646 1801 5710 protulit
1838 5648 1883 5699 ei
1919 5661 2063 5712 quem

462 5708 724 5764 benedicit.
742 5718 798 5771 Et
819 5708 1003 5760 dictum
1022 5716 1093 5759 est
1114 5708 1162 5758 ei
1182 5712 1362 5771 postea.

524 5779 543 5807 ⁸
570 5770 786 5836 Nonnulli
813 5774 975 5833 probae
1017 5779 1145 5836 nota;
1181 5767 1308 5829 Μῦς..
1349 5767 1462 5831 Quis
1482 5775 1552 5823 est
1583 5768 1673 5823 iste
1709 5770 1869 5821 nescio
1901 5772 2007 5836 quis
2033 5772 2060 5823 :7

454 5840 476 5886 1
496 5838 629 5888 sario
647 5835 755 5898 quis
777 5840 931 5884 notas.
960 5842 1035 5883 Est
1058 5833 1204 5892 enim,
1232 5841 1325 5885 etc.

1751 385 1810 440 5.
1853 379 2221 438 AUGUSTI-Nl
2266 382 2567 443 EPISCOPI

3693 396 3800 454 ὅθι

2213 498 2377 553 lorum
2405 503 2724 558 manducavit
2763 507 2913 560 homo
2955 506 3141 579 (Psal.
3176 523 3355 564 Lxxvn
3381 551 3394 574 ,
3422 509 3493 565 ει
3516 512 3571 581 ):
3598 510 3650 564 id
3679 523 3798 577 est.

2212 588 2445 646 Verbum
2490 593 2619 647 illud
2656 611 2763 664 quo
2803 610 3092 668 pascuntur
3131 599 3319 670 Angeli
3366 602 3754 672 sempiternum
3780 637 3797 666 ς

2208 681 2349 751 quod
2392 693 2475 736 est
2514 686 2724 754 aequale
2771 686 2952 754 Patri,
2998 689 3342 749 manducavit
3395 693 3556 746 homo
3605 708 3618 747 :
3674 697 3799 764 quia

2208 790 2321 828 cum
2350 776 2403 829 in
2439 779 2604 848 [arma
2649 778 2747 832 Dei
2787 792 2910 835 esset
2932 824 2947 844 ,
2990 799 3091 837 non
3131 780 3367 854 rapinam
3410 764 3691 841 arbitratus
3728 796 3802 842 est

2207 879 2316 919 esse
2336 869 2548 936 azqnalis
2579 868 2703 924 Deo.
2730 870 3050 941 Saginantur
3086 873 3176 928 illo
3215 875 3401 944 Angeli
3434 876 3563 931 :sed
3612 886 3797 931 mue!-

2206 954 2377 1022 ipsum
2417 960 2730 1027 exinanivit,
2763 971 2822 1016 ut
2868 964 3213 1019 mandat-aret
3239 982 3427 1036 panem
3470 968 3795 1037 Angelornm

2204 1045 2371 1103 homo
2392 1088 2408 1113 ,
2438 1049 2656 1119 formam
2681 1046 2809 1105 icrvi
2837 1055 3088 1122 accipiens
3107 1098 3123 1120 ,
3150 1056 3201 1109 in
3230 1058 3608 1113 similitudinem
3633 1059 3800 1113 hami-

2206 1153 2327 1190 uum
2351 1141 2517 1209 [artus
2540 1183 2555 1206 ,
2584 1151 2630 1195 et
2655 1144 2827 1197 habitu
2857 1145 3083 1200 iuventus
3108 1157 3162 1201 ut
3188 1147 3377 1214 homo;
3418 1150 3701 1202 humiliavit
3738 1165 3795 1206 se

2206 1229 2373 1297 [nctus
2393 1229 2627 1286 obedienc
2652 1250 2806 1306 usque
2827 1235 2895 1290 ad
2926 1249 3133 1289 mortem
3158 1279 3173 1299 ,
3202 1248 3412 1291 mortem
3437 1249 3603 1292 autem
3628 1240 3795 1294 erucis

2206 1323 2223 1386 (
2245 1318 2476 1394 Philipp.
2508 1340 2542 1380 ιι
2567 1367 2581 1388 .
2611 1326 2746 1397 6-8)
2773 1344 2787 1380 τ
2817 1340 2872 1382 ut
2892 1330 3001 1398 jam
3029 1331 3097 1385 tle
3138 1345 3299 1385 cruce
3323 1330 3798 1387 annimendaretnr

2204 1411 2357 1467 nobis
2413 1428 2540 1469 caro
2586 1427 2642 1473 et
2685 1421 2901 1492 sanguis
2947 1420 3152 1479 Domini
3200 1437 3395 1481 novum
3445 1422 3791 1478 sacriﬁcium.

2202 1499 2336 1570 Quia
2380 1505 2587 1560 ntutavit
2630 1508 2821 1563 vultum
2865 1526 3009 1565 suum
3046 1527 3219 1567 coram
3264 1511 3578 1584 Abimeleclt,
3615 1514 3664 1568 id
3710 1524 3797 1570 est

2202 1606 2383 1685 coram
2414 1610 2581 1666 regno
2623 1600 2811 1669 patris.
2855 1600 3095 1673 itegmnn
3139 1606 3282 1662 enim
3325 1607 3524 1675 patris.
3567 1623 3791 1685 regnum

2200 1694 2318 1737 erat
2349 1683 2679 1744 Judmorum.
2720 1689 3000 1759 Quomodo
3039 1708 3258 1766 regnum
3305 1697 3509 1767 patris?
3547 1683 3793 1773 Regnum

2204 1775 2368 1832 David
2397 1820 2411 1841 ,
2445 1796 2665 1850 regnum
2694 1784 2945 1841 Abraha‘.
2992 1785 3123 1843 Nam
3173 1804 3395 1863 regnum
3441 1790 3532 1849 Dei
3574 1790 3790 1863 Patris,

2202 1868 2372 1940 magis
2393 1869 2632 1927 Ecclesia
2661 1890 2819 1946 quam
2849 1878 3075 1948 populus
3095 1878 3399 1939 Judatorum
3425 1899 3441 1940 :
3472 1882 3565 1942 sed
3589 1900 3792 1944 secun-

2200 1956 2327 2014 dum
2369 1976 2584 2017 carnem
2625 1980 2850 2035 regnum
2894 1969 3057 2038 patris
3097 1970 3325 2041 populus
3366 1972 3550 2031 lsracl.
3578 1973 3789 2032 Dictum

2198 2059 2284 2107 est
2309 2054 2453 2109 enim
2484 2073 2497 2111 :
2527 2055 2595 2111 Et
2620 2057 2760 2112 dabit
2785 2059 2832 2114 ei
2874 2059 3015 2116 Deus
3052 2062 3221 2118 sedem
3262 2061 3433 2119 David
3477 2066 3638 2138 patris
3676 2068 3791 2141 ejus

2200 2142 2220 2216 (
2246 2143 2370 2199 Luc.
2403 2161 2459 2211 ι,
2491 2145 2562 2201 32
2581 2146 2623 2220 ).
2657 2149 3065 2207 Demonstratur
3090 2168 3219 2225 ergo
3248 2154 3540 2213 secundum
3568 2171 3789 2215 carnem

2199 2245 2351 2306 pater
2379 2238 2585 2294 Domini
2612 2256 2731 2296 esse
2761 2242 2925 2299 David
2951 2262 2967 2298 :
3013 2245 3303 2301 secundum
3328 2246 3657 2304 divinitatem
3685 2264 3787 2305 au-

2200 2334 2305 2382 tem
2336 2327 2580 2385 Christus
2605 2347 2713 2387 non
2744 2332 2883 2389 ﬁlius
2904 2375 2919 2401 ,
2964 2335 3058 2390 sed
3101 2336 3358 2393 Dominus
3400 2337 3583 2393 David.
3614 2338 3787 2396 Jndati

2198 2432 2327 2473 vero
2352 2418 2629 2475 Christum
2662 2424 2954 2479 secundum
2984 2440 3199 2482 carnem
3229 2436 3424 2484 norunt
3445 2468 3463 2497 ,
3492 2430 3788 2488 secundum

2197 2507 2529 2566 divinitatem
2556 2527 2662 2567 non
2691 2525 2907 2569 norunt.
2943 2516 3067 2572 ideo
3104 2514 3230 2573 fecit
3264 2518 3367 2574 illis
3392 2520 3742 2590 qumslionem
3768 2563 3784 2589 ,

2198 2610 2255 2657 et
2273 2600 2413 2658 dixit
2438 2622 2454 2659 :
2475 2603 2637 2676 Cujus
2657 2606 2820 2674 ﬁlium
2843 2623 2949 2662 esse
2968 2608 3133 2662 dicitis
3161 2608 3458 2667 Christum?
3481 2612 3544 2667 Et
3562 2628 3787 2681 respon-

2196 2693 2429 2751 derunt:
2459 2695 2651 2775 Filium
2674 2695 2862 2754 David.
2892 2698 2960 2754 Et
2986 2700 3072 2755 ille
3091 2717 3111 2754 :
3155 2702 3418 2769 Quomodo
3452 2721 3571 2775 ergo
3619 2704 3788 2760 David

2196 2788 2252 2842 in
2279 2790 2463 2861 spiritu
2492 2802 2636 2846 vocat
2661 2809 2773 2847 eum
2802 2792 3101 2861 Dominum,
3128 2795 3213 2849 ubi
3236 2797 3347 2850 ait:
3368 2796 3512 2851 Dixit
3537 2797 3789 2853 Dominus

2197 2880 2419 2937 Domino
2444 2900 2554 2939 meo
2576 2926 2593 2951 ,
2627 2883 2762 2940 Sede
2790 2884 2859 2938 ad
2885 2887 3141 2941 dexteram
3184 2905 3346 2943 meam
3368 2931 3383 2951 .
3414 2889 3572 2945 donec
3598 2909 3787 2959 pannus

2195 2988 2368 3028 omnes
2391 2965 2623 3032 inimicos
2646 2985 2759 3031 tuos
2786 2978 2877 3030 sub
2908 2978 3116 3048 pedibus
3143 2981 3243 3034 tuis
3263 2980 3289 3035 7
3313 2978 3375 3036 Si
3397 2997 3513 3053 ergo
3542 2981 3704 3035 David
3730 2984 3787 3037 in

2193 3066 2376 3135 spiritu
2406 3077 2549 3123 vocat
2577 3085 2690 3123 eum
2718 3067 2993 3124 Dominum
3016 3112 3032 3137 ,
3059 3075 3309 3142 quomoda
3349 3074 3487 3142 ﬁlius
3521 3075 3632 3145 ejus
3669 3086 3742 3129 est
3761 3075 3787 3128 .’

2194 3153 2264 3213 Et
2284 3174 2385 3213 non
2407 3169 2674 3231 potuerunt
2696 3160 2775 3215 illi
2793 3162 3130 3233 respondere(
3151 3162 3333 3218 Matth.
3361 3181 3477 3220 xxu
3503 3206 3519 3234 ,
3548 3167 3717 3222 42-46
3736 3167 3783 3238 ):

2195 3248 2320 3319 quia
2347 3264 2453 3307 non
2486 3260 2749 3307 noverant
2776 3251 2828 3306 in
2860 3251 3085 3308 Domino
3113 3252 3353 3321 Christo,
3382 3255 3481 3310 nisi
3515 3256 3657 3324 quod
3702 3258 3787 3312 vi-

2192 3339 2422 3397 debatur
2467 3342 2677 3411 oculis,
2720 3359 2825 3397 non
2870 3344 3014 3416 quod
3059 3345 3223 3403 corde
3261 3347 3671 3420 intelligebatur.
3723 3351 3783 3409 Si

2192 3442 2370 3490 autem
2400 3433 2543 3491 intus
2569 3436 2827 3495 haberent
2857 3440 3041 3495 oculos
3062 3440 3198 3497 sicut
3223 3440 3491 3498 habebant
3518 3443 3648 3499 foris
3672 3488 3689 3510 ,
3713 3464 3785 3502 ex

2191 3525 2411 3597 ecquod
2430 3524 2560 3582 foris
2577 3526 2830 3585 videbant
2857 3530 3212 3599 intelligerent
3240 3532 3402 3588 ﬁlium
3426 3534 3689 3593 David:cx
3713 3553 3785 3591 eo

2189 3616 2334 3689 quod
2351 3617 2492 3673 intus
2509 3616 2895 3691 intelligebant,
2918 3620 3275 3693 intelligerent
3287 3623 3564 3679 Dominum
3586 3628 3781 3682 David.

2264 3708 2315 3763 7.
2359 3707 2576 3766 Mutavit
2629 3726 2749 3785 ergo
2779 3711 2993 3768 .tmltum
3044 3730 3192 3769 suum
3239 3731 3411 3774 coram
3465 3717 3777 3776 Abimelech.

2189 3801 2326 3871 Quid
2380 3811 2505 3871 est,
2556 3819 2727 3858 coram
2773 3804 3107 3862 Abimelceh?
3147 3805 3339 3864 Coram
3376 3822 3542 3881 regna
3587 3812 3777 3881 patris,

2191 3892 2326 3961 Quid
2357 3902 2475 3958 est,
2505 3894 2699 3949 Coram
2743 3910 2909 3965 regno
2951 3896 3164 3968 patris?
3205 3895 3399 3956 Coram
3436 3898 3655 3958 Judzcis.
3711 3901 3781 3963 Et

2188 3985 2379 4039 dimisit
2405 4002 2519 4039 eum
2539 4025 2559 4051 ,
2588 3996 2634 4041 et
2660 3986 2801 4040 abiit.
2830 3985 2997 4056 Quem
3025 3988 3268 4044 dimisit?
3315 3989 3487 4061 Ipsum
3518 3991 3775 4061 ρηριιιιιηι

2188 4073 2495 4130 .lndzeorum
2524 4074 2766 4142 dimisit,
2794 4086 2848 4130 et
2875 4074 3023 4131 ahiit.
3069 4076 3274 4145 Qumﬁs
3313 4079 3470 4135 modo
3498 4080 3775 4140 Christum

2188 4164 2327 4235 apud
2353 4164 2572 4220 Judazos
2593 4204 2611 4229 ,
2645 4176 2698 4221 et
2729 4181 2835 4221 non
2864 4165 3091 4225 invenis.
3114 4166 3267 4225 Unde
3290 4168 3493 4226 dimisit
3517 4180 3574 4227 et
3596 4171 3731 4229 abiit
3748 4176 3777 4231 τ

2185 4256 2319 4322 Quia
2348 4256 2555 4310 mutavit
2584 4254 2777 4310 vultum
2806 4273 2974 4312 suum.
3006 4256 3280 4315 [hercules
3305 4260 3323 4292 ¹
3376 4260 3519 4317 enim
3564 4261 3638 4319 illi
3685 4279 3777 4320 sa-

2182 4348 2387 4405 criﬁcio
2411 4349 2706 4404 secundum
2731 4349 2973 4405 ordinem
2995 4353 3171 4407 Aaron
3196 4393 3213 4418 ,
3243 4367 3348 4409 non
3375 4363 3659 4412 tenuerunt
3685 4373 3777 4413 sa-

2179 4442 2438 4497 criﬁcium
2469 4443 2762 4497 secundum
2788 4442 3029 4498 ordinem
3054 4442 3407 4501 Melchisedee
3431 4443 3625 4518 (Hebr.
3656 4464 3732 4506 vn
3753 4492 3771 4519 ,

2183 4533 2245 4587 Η
2274 4533 2315 4603 );
2346 4541 2402 4589 et
2435 4535 2732 4589 amiserunt
2772 4533 3038 4589 Christum
3063 4575 3079 4601 ,
3120 4543 3175 4591 et
3216 4547 3492 4607 coeperunt
3513 4553 3635 4594 eum
3668 4540 3770 4595 ha-

2179 4622 2308 4679 bere
2336 4622 2536 4681 Gentes
2561 4666 2577 4691 ,
2605 4638 2711 4695 quo
2734 4639 2839 4681 non
2871 4624 3089 4680 miserat
3124 4636 3250 4682 ante
3288 4642 3584 4701 prmcones.
3628 4629 3767 4690 Nam

2178 4716 2246 4770 ad
2279 4716 2397 4772 Illos
2424 4731 2698 4787 prmcones
2728 4716 2984 4783 miserat,
3011 4717 3182 4786 ipsum
3213 4717 3375 4773 David
3399 4760 3416 4787 ,
3450 4720 3719 4778 Abraham
3746 4766 3767 4792 ,

2176 4806 2325 4863 isaae
2351 4815 2409 4863 et
2429 4805 2598 4862 Jacob
2620 4849 2636 4873 ,
2671 4805 2857 4861 Isaiam
2882 4846 2899 4872 ,
2929 4806 3213 4862 Jeremiam
3233 4848 3254 4876 ,
3294 4818 3350 4863 et
3374 4819 3598 4867 ca-teros
3625 4813 3775 4869 Prn—

2178 4898 2368 4968 phctas
2393 4898 2609 4953 miserat
2632 4940 2647 4961 ,
2685 4907 2741 4953 et
2785 4897 2936 4967 pauci
2983 4896 3105 4953 inde
3144 4911 3546 4970 cognoverunt.
3575 4906 3765 4978 etjpsi

2177 4990 2328 5054 pauci
2361 4990 2412 5044 in
2439 4990 2840 5060 comparatione
2868 4989 3202 5056 pereuntium
3228 5007 3243 5046 :
3269 5007 3389 5047 nam
3413 4994 3563 5049 multi
3583 5010 3763 5057 erant.

2175 5084 2332 5138 .c'lillia
2360 5083 2501 5137 enim
2533 5083 2759 5153 legimus
2788 5081 2973 5137 fuisse.
3004 5082 3271 5153 Scriptum
3303 5086 3445 5139 enim
3469 5095 3590 5142 est:
3621 5090 3763 5145 Reti-

2174 5175 2306 5243 quite
2350 5175 2504 5228 salva:
2539 5174 2662 5243 ﬁent
2705 5172 2896 5244 (Rom.
2926 5189 2976 5227 ιιι
3000 5212 3019 5239 ,
3043 5173 3113 5228 27
3135 5172 3177 5246 ).
3204 5173 3311 5230 Sed
3355 5177 3550 5246 quan-is
3599 5181 3762 5235 modo

2173 5264 2520 5319 Cil‘CUﬂlCiStlS
2543 5263 2861 5317 christianos
2886 5305 2901 5329 ,
2926 5274 2978 5317 et
3002 5280 3109 5319 non
3138 5264 3364 5320 invenis.
3387 5265 3551 5323 Erant
3578 5277 3757 5326 autem

2172 5357 2240 5410 de
2279 5355 2683 5409 circumcisione
2727 5355 3027 5409 recentibus
3072 5356 3397 5424 temporibus
3428 5357 3550 5413 ﬁdei
3590 5362 3759 5417 multa

2173 5448 2335 5503 millia
2362 5447 2797 5501 Christianorum.
2823 5447 3028 5511 Qnairis
3057 5448 3215 5501 modo
3237 5488 3253 5513 ,
3280 5458 3333 5502 et
3370 5464 3477 5504 non
3526 5450 3759 5509 invenis.

2176 5540 2363 5593 Merito
2391 5552 2496 5593 non
2524 5538 2751 5592 invenis.
2787 5536 3001 5591 Mutavit
3024 5538 3165 5592 enim
3196 5540 3383 5592 vultum
3410 5557 3556 5593 suum
3584 5558 3760 5596 coram

2172 5630 2460 5685 Abimclcch
2482 5671 2497 5694 ,
2529 5638 2573 5683 et
2601 5629 2791 5682 dimisit
2826 5646 2969 5694 eum,
3010 5639 3056 5683 et
3092 5631 3233 5686 abiit.
3281 5630 3347 5685 Et
3380 5645 3559 5692 coram
3594 5635 3760 5692 Achis

2169 5725 2391 5780 mutavit
2421 5724 2625 5777 vultum
2655 5737 2809 5778 suum
2829 5733 2932 5786 ..ει
2955 5722 3155 5777 dimisit
3177 5740 3299 5778 eum
3328 5767 3343 5791 ,
3370 5734 3427 5779 et
3451 5726 3604 5782 abiit.
3633 5727 3759 5785 ideo

2234 5837 2251 5869 ι
2276 5841 2404 5897 ιιι,
2430 5836 2665 5887 Habentes
2683 5846 2811 5885 enim
2830 5832 2903 5886 illi
2925 5831 3233 5899 sacﬁﬁcuint.
