4008 6348
272 403 378 461 305

274 515 417 571 enim
446 519 650 567 mutata
679 517 804 565 sunt
833 508 1047 564 nomina
1075 548 1091 574 ,
1124 516 1181 560 ut
1213 505 1277 559 ad
1322 506 1561 577 mysterii
1604 503 1872 576 signiﬁca-

278 606 480 661 tionem
513 618 613 658 nos
640 602 904 656 excitaret
944 599 1167 654 mutatio
1208 597 1480 651 nominum
1512 613 1526 650 :
1560 613 1628 651 ne
1659 609 1873 666 putare-

278 712 399 751 mus
427 710 535 750 non
560 692 764 756 narrari
785 700 876 746 aut
896 691 1306 746 commemorari
1331 690 1380 741 in
1408 689 1698 758 Scriptnris
1727 689 1877 743 Psal-

277 803 490 842 morum
516 826 530 847 ,
562 785 663 838 nisi
693 783 834 854 quod
863 785 912 837 itt
937 782 1084 836 libris
1104 782 1413 852 Regnorum
1436 792 1643 849 gestum
1673 781 1878 836 inveni-

278 890 367 934 tur
391 921 405 942 ,
437 888 492 933 et
523 894 628 932 non
655 878 724 932 ibi
755 889 1121 947 qurcrcrcmus
1165 875 1360 944 figuras
1406 872 1703 928 futurorum
1732 916 1747 939 ,
1784 871 1880 929 sed

279 979 536 1040 tanquam
567 984 653 1024 res
682 978 859 1039 gestas
887 968 1274 1036 acciperemus.
1316 964 1448 1020 Cum
1490 981 1619 1035 ergo
1662 965 1880 1020 nomina

280 1070 560 1116 mutantur
577 1099 594 1126 ,
619 1058 742 1128 quid
772 1057 862 1112 tibi
889 1057 1120 1112 dicitur?
1141 1056 1394 1111 Clausum
1424 1065 1508 1110 est
1538 1056 1624 1110 hic
1644 1055 1878 1125 aliquid;

281 1154 436 1222 pulsa
462 1193 477 1214 ,
511 1150 621 1205 noli
655 1151 860 1204 hmrere
900 1149 952 1203 in
999 1148 1216 1214 littera;
1260 1148 1384 1218 quia
1428 1147 1602 1203 littera
1641 1149 1880 1202 occidit:

281 1245 379 1300 si-d
433 1243 678 1300 desidera
729 1242 1012 1312 spiritum;
1054 1242 1276 1311 spiritus
1323 1241 1466 1295 enim
1512 1241 1748 1296 vivificat
1791 1241 1882 1311 (ll

283 1337 406 1391 Cor.
440 1352 536 1402 Ill,
565 1337 640 1410 6)
670 1353 689 1391 :
735 1334 1040 1390 intellectus
1083 1334 1379 1406 spiritualis
1419 1334 1731 1391 credentem
1772 1335 1883 1390 sal-

283 1446 412 1484 vum
441 1429 587 1483 facit.

359 1526 413 1572 8.
456 1518 737 1584 Quomodo
765 1519 783 1551 ¹
823 1532 952 1589 ergo
994 1516 1197 1572 dimisit
1234 1516 1399 1573 Aehis
1441 1533 1660 1588 regem,
1706 1527 1884 1572 atten-

283 1614 399 1667 dite
433 1656 446 1676 ,
477 1612 686 1666 fratres.
724 1610 887 1666 Achis
914 1608 1027 1666 dixi
1057 1610 1435 1681 interpretari,
1467 1609 1751 1678 Quomodo
1779 1619 1884 1665 est.

287 1703 666 1759 Recordauiini
699 1702 1047 1773 Evangelium
1079 1719 1091 1753 :
1124 1701 1338 1773 quando
1358 1701 1675 1772 loquebatur
1709 1701 1888 1756 Domi-

287 1811 392 1849 nus
425 1803 608 1848 noster
635 1792 793 1848 Jesus
820 1791 1065 1848 Christus
1091 1793 1158 1848 de
1186 1807 1410 1860 corpore
1439 1806 1539 1846 suo
1563 1834 1578 1854 ,
1606 1792 1681 1846 ait
1711 1809 1725 1846 :
1769 1790 1890 1846 Nisi

286 1887 401 1954 quis
435 1883 812 1936 manducauerit
840 1899 1042 1937 carnem
1070 1899 1267 1949 nteant,
1301 1892 1347 1934 et
1375 1880 1550 1935 biberit
1590 1882 1890 1953 sanguinem

287 1994 456 2030 meum
478 2019 492 2038 ,
525 1993 626 2029 non
651 1975 850 2028 habebit
883 1976 938 2029 in
981 1992 1035 2029 se
1071 1975 1224 2028 vitam
1247 1989 1266 2028 :
1302 1991 1420 2027 caro
1459 1973 1595 2027 enim
1630 1990 1743 2027 mea
1776 1990 1892 2028 vere

284 2086 402 2122 esea
427 2078 501 2122 est
522 2110 537 2133 ,
569 2079 617 2122 et
638 2067 847 2138 sanguis
873 2083 1014 2120 meus
1038 2083 1152 2122 rere
1172 2077 1319 2136 polus
1349 2074 1418 2120 est
1447 2064 1466 2138 (
1487 2063 1649 2119 Joan.
1671 2080 1724 2120 Vt
1749 2106 1764 2130 ,
1797 2066 1888 2132 54,

286 2161 359 2215 56
382 2160 425 2231 ).
463 2160 526 2213 Et
550 2159 800 2228 discipuli
831 2158 947 2228 ejus
967 2158 1054 2229 qui
1077 2174 1199 2214 eum
1227 2156 1590 2226 sequebantur
1612 2198 1628 2222 ,
1658 2171 1892 2223 extrava-

286 2263 414 2307 runt
441 2295 454 2315 ,
481 2263 535 2306 at
561 2252 961 2307 exhorruerunt
990 2263 1296 2304 sermonem
1326 2290 1340 2312 ,
1371 2257 1424 2302 et
1454 2263 1560 2301 non
1594 2247 1889 2318 intelligen-

288 2355 370 2398 tt-s
403 2350 722 2414 putaverunt
751 2340 932 2397 nescio
971 2341 1096 2411 quid
1143 2340 1336 2394 durum
1383 2338 1565 2394 dicere
1606 2339 1893 2394 Domitium

290 2448 536 2491 nostrum
588 2436 772 2490 Jesum
823 2433 1092 2488 Christum
1119 2475 1134 2493 .
1171 2431 1314 2502 quod
1340 2447 1556 2486 carnem
1587 2432 1702 2502 eius
1730 2447 1891 2501 quam

289 2528 542 2583 videbant
564 2569 579 2593 ,
607 2526 972 2580 tuauducaturi
998 2532 1151 2579 erant
1178 2564 1192 2591 ,
1222 2533 1274 2578 ct
1295 2523 1608 2594 sanguinem
1631 2521 1891 2580 hibituri:

285 2633 345 2676 et
375 2639 478 2674 non
510 2629 797 2688 potuerunt
825 2617 1052 2672 tolerare
1077 2656 1092 2680 ,
1123 2615 1275 2684 quasi
1305 2615 1544 2671 dicentes
1565 2656 1581 2680 ,
1610 2613 1892 2684 Quomodo

287 2714 422 2767 est?
454 2712 622 2767 Error
646 2713 787 2764 enim
819 2717 872 2763 et
898 2707 1192 2777 ignorantia
1224 2714 1280 2762 et
1305 2707 1527 2762 stultitia
1566 2707 1618 2761 in
1661 2721 1893 2777 persona

289 2806 435 2874 regis
467 2804 647 2857 Achis.
681 2801 782 2856 Ubi
822 2801 964 2854 enim
1018 2799 1212 2851 dicitur
1237 2838 1251 2863 ,
1294 2795 1580 2864 Quomodo
1619 2805 1741 2861 est,
1784 2813 1891 2851 non

291 2898 607 2967 intelligitur
639 2915 652 2951 :
683 2894 771 2950 ubi
795 2911 898 2948 ttott
929 2893 1239 2962 intelligitur
1265 2933 1278 2953 ,
1312 2891 1548 2946 tenebrae
1579 2889 1895 2960 ignorantia:

292 2995 441 3044 sunt.
476 2989 608 3044 Erat
650 3002 779 3057 ergo
823 2986 874 3039 in
920 2984 1024 3039 illis
1072 2998 1297 3054 regnum
1342 2981 1694 3052 ignorantiae,
1741 2980 1892 3050 quasi

292 3097 386 3136 rex
420 3079 622 3135 Achis:
657 3078 707 3131 id
749 3085 833 3132 est
860 3117 875 3140 ,
906 3090 1128 3140 regnum
1160 3073 1362 3128 erroris
1387 3073 1468 3127 eis
1492 3069 1891 3127 dominabatur.

294 3173 391 3228 Ille
431 3183 608 3226 autem
648 3169 900 3233 dicebat,
951 3166 1071 3221 Nisi
1111 3167 1222 3240 quis
1267 3165 1645 3220 manducauerit
1692 3180 1896 3218 carnem

294 3284 496 3329 meum,
537 3275 584 3319 et
631 3263 806 3318 biberit
845 3262 1146 3332 sanguinem
1193 3275 1380 3313 meum.
1427 3258 1560 3326 Quia
1597 3264 1896 3313 mutaverat

295 3359 500 3411 vultum
530 3371 684 3411 suum
710 3396 725 3420 ,
749 3353 898 3424 quasi
927 3352 1077 3406 furor
1104 3351 1204 3406 iste
1239 3360 1294 3404 et
1331 3349 1535 3406 insania
1565 3347 1850 3403 videbatur
1876 3387 1893 3415 ,

296 3451 429 3504 dare
458 3463 671 3503 carnem
711 3460 860 3500 suam
890 3441 1314 3499 manducandam
1359 3439 1660 3494 hominibus
1685 3482 1700 3504 ,
1730 3448 1784 3494 et
1811 3439 1897 3492 hi-

295 3542 534 3596 .hcndum
561 3536 895 3608 sanguinem.
942 3533 1064 3592 Ideo
1109 3533 1258 3604 quasi
1305 3532 1523 3586 insanus
1568 3538 1779 3600 putatus
1817 3539 1900 3585 est

303 3631 472 3687 David
498 3672 512 3689 .
560 3627 774 3698 quando
820 3625 956 3681 dixit
984 3626 1097 3696 ipse
1136 3623 1337 3678 Achis:
1381 3621 1727 3692 Arreptiiiunt
1759 3620 1901 3674 hunc

301 3723 433 3778 mihi
464 3720 784 3776 adduxistis.
817 3718 1002 3773 Nonne
1046 3715 1255 3774 videtur
1295 3715 1497 3769 insania
1523 3755 1538 3781 ,
1584 3713 1900 3769 Manducate

301 3830 517 3870 carnem
538 3829 734 3877 meam,
757 3819 811 3866 et
831 3810 992 3864 bibite
1012 3807 1327 3878 sanguinem
1347 3822 1523 3861 meum
1545 3806 1569 3859 ?
1594 3805 1658 3859 Et
1677 3805 1861 3859 dicens
1883 3846 1897 3867 .

305 3907 620 3974 Quicumque
648 3919 748 3958 non
779 3899 1154 3956 manducauerit
1183 3914 1386 3952 carnem
1413 3913 1580 3950 meam
1605 3935 1621 3961 ,
1655 3908 1698 3948 et
1729 3895 1903 3949 biberit

303 3996 604 4067 sanguinem
633 4010 795 4048 meum
820 4033 835 4058 ,
859 4008 959 4045 non
990 3991 1186 4044 habebit
1211 3991 1263 4043 in
1292 4004 1348 4043 se
1373 3989 1524 4043 vitam
1545 4030 1560 4053 ,
1584 3989 1733 4058 quasi
1763 3990 1906 4040 insa-

309 4092 428 4144 nire
452 4089 685 4144 videtur.
717 4086 822 4141 Sed
851 4083 962 4156 regi
993 4084 1154 4138 Achis
1186 4083 1418 4136 insanire
1446 4080 1655 4135 videtur
1677 4121 1691 4142 ,
1731 4079 1783 4133 id
1824 4087 1908 4134 est

307 4181 489 4235 stultis
510 4187 565 4235 et
589 4176 974 4249 ignorantibus.
1006 4174 1127 4229 Ideo
1155 4173 1359 4228 dimisit
1382 4187 1477 4226 eos
1501 4181 1555 4226 et
1581 4170 1710 4225 abiit
1733 4189 1747 4223 ι
1778 4170 1908 4239 fugit

307 4274 380 4328 de
406 4272 570 4326 corde
599 4285 784 4325 eorum
815 4267 1121 4322 intellectus
1145 4306 1159 4326 ,
1185 4282 1251 4318 ne
1278 4279 1399 4316 eum
1429 4262 1633 4331 possint
1659 4276 1908 4330 compre-

308 4362 564 4417 hendere.
600 4360 666 4416 Et
688 4358 813 4429 quid
835 4357 1083 4411 dixerunt
1117 4355 1191 4408 illi
1212 4354 1236 4408 ἲ
1257 4355 1416 4420 Quasi
1443 4394 1456 4415 ,
1482 4351 1762 4419 Quomodo
1787 4361 1869 4405 est
1890 4390 1907 4417 ,

308 4453 452 4524 quod
482 4454 864 4520 interpretatur
890 4449 1072 4502 Achis.
1105 4447 1364 4501 Dixerunt
1392 4445 1535 4500 enim
1577 4462 1590 4499 :
1638 4443 1909 4509 Quomodo

310 4554 473 4616 potest
501 4543 582 4596 hic
621 4540 762 4595 nobis
801 4539 927 4592 dare
961 4538 1268 4590 manducare
1287 4551 1489 4588 carnem
1518 4551 1664 4588 suam
1690 4531 1866 4604 (Ibid.
1885 4573 1902 4595 ,

309 4639 463 4709 53)?
514 4633 860 4704 Arreptitium
917 4629 1179 4700 putabant
1225 4628 1549 4691 Dominum,
1600 4635 1652 4677 et
1704 4625 1909 4678 nescire

310 4731 438 4802 quid
470 4730 776 4798 loqueretur
802 4766 818 4790 ,
848 4733 902 4778 et
930 4722 1180 4776 insanire.
1223 4719 1317 4773 Ille
1354 4728 1530 4772 autem
1561 4716 1649 4786 qui
1691 4722 1912 4769 noverat

312 4820 456 4890 quod
484 4818 692 4872 diccbat
719 4816 772 4870 itt
834 4815 919 4868 illa
969 4813 1265 4866 mutatione
1305 4809 1482 4863 vultus
1527 4808 1648 4871 sui,
1678 4818 1730 4861 et
1761 4805 1912 4875 quasi

316 4910 499 4969 farore
519 4921 573 4966 et
595 4910 799 4965 insania
826 4952 838 4970 ,
864 4915 1198 4961 sacramenta
1228 4902 1550 4973 pnedicabat
1574 4944 1589 4966 ,
1615 4911 1667 4955 ει
1692 4901 1914 4952 allecta-

317 5010 411 5063 bat
443 5051 458 5071 ,
491 5016 544 5060 et
571 5001 966 5074 lyntpanizahat
999 4998 1063 5052 ad
1091 4999 1226 5052 ostia
1252 4995 1503 5050 civitatis.

388 5101 444 5156 9.
485 5097 841 5167 Quzerendutn
865 5105 945 5149 est
967 5092 1093 5164 quid
1117 5093 1186 5145 sit
1209 5095 1226 5157 ,
1250 5101 1303 5145 et
1326 5091 1496 5160 ipsum
1521 5087 1799 5142 affectabat
1824 5127 1839 5150 ,
1864 5094 1919 5139 et

322 5197 387 5249 ad
420 5195 554 5248 ostia
589 5190 1000 5264 tympanizabat.
1034 5186 1148 5241 Non
1194 5186 1310 5238 sine
1350 5197 1508 5237 ("ausa
1555 5181 1752 5235 dietmn
1795 5189 1915 5244 est,

325 5286 625 5342 Provide-but
647 5285 713 5336 ad
737 5283 862 5336 ostia
890 5289 1049 5350 porta:
1071 5294 1089 5332 :
1115 5292 1218 5331 non
1242 5277 1356 5330 sine
1382 5291 1541 5344 causa
1569 5273 1768 5328 dictum
1796 5279 1878 5324 est
1900 5313 1914 5336 ,

322 5382 390 5436 Et
422 5381 596 5435 saliva:
621 5375 950 5430 (lt-currebant
974 5388 1126 5442 super
1145 5369 1348 5423 barbam
1372 5369 1480 5436 ejus
1505 5381 1524 5418 :
1573 5380 1678 5418 non
1725 5362 1919 5415 frustra

321 5475 461 5528 dicta
512 5480 654 5525 sum.
703 5465 949 5521 Mercede
990 5461 1351 5530 inlelligetttize
1378 5459 1399 5490 ²
1430 5459 1712 5511 diuturth
1743 5469 1922 5509 sermo

325 5580 586 5620 euerosus
632 5577 755 5616 esse
799 5573 904 5613 non
946 5557 1123 5610 debet.
1171 5554 1389 5615 Νυςιίέ,
1435 5553 1664 5614 fratres,
1705 5547 1921 5601 Judaios

328 5659 472 5728 ipsos
497 5698 511 5719 ,
540 5668 723 5709 coram
756 5649 947 5720 quibus
992 5647 1081 5701 ille
1122 5643 1346 5697 mulavit
1387 5641 1590 5696 vultum
1636 5654 1832 5700 suum,
1871 5645 1926 5690 et

392 5738 1211 5811 ιωτιηφιο-,ᾼιδιδδ-οιιηουφάρ·

389 5820 408 5847 ¹
432 5794 774 5864 ausit-Md.
808 5794 942 5859 vero,
961 5794 1054 5852 non
1078 5804 1258 5862 (rustra
1285 5797 1414 5849 diua
1439 5801 1564 5859 sunt,
1588 5796 1672 5847 sed
1709 5794 1927 5856 indigent

327 5873 654 5942 intelligentia.
695 5869 957 5921 Diatunius
981 5877 1154 5926 sermo,
1181 5875 1274 5912 etc.

1316 394 1719 450 ENARRATIO
1760 393 1822 449 ΙΝ
1866 395 2190 452 ιι5.ιι,ιιυιι
2234 397 2471 452 XXXIII.

3485 405 3593 460 506

1983 506 2185 562 dimisit
2214 523 2308 563 eos
2333 551 2348 575 ,
2381 519 2436 563 et
2462 510 2628 576 abiit,
2663 510 2821 566 hodie
2849 527 3056 568 vacare.
3089 512 3144 568 Si
3191 514 3262 566 illi
3309 516 3399 584 qui
3429 517 3586 569 Clit-i-

1986 608 2125 654 stum
2157 601 2490 666 amiserunt,
2523 618 2654 672 quos
2685 602 2885 657 dimisit
2913 649 2930 672 ,
2960 616 3011 660 et.
3039 606 3208 670 abiit,
3244 607 3443 663 habent
3474 610 3588 664 ina-

1990 706 2113 744 item
2145 692 2478 746 vacationem
2509 709 2524 757 ;
2554 708 2651 748 nos
2682 694 2945 749 habemus
2983 697 3312 752 fructuosam
3353 704 3590 754 vacatio-

1988 800 2110 838 nem
2137 826 2150 849 ,
2183 795 2240 839 ut
2269 785 2626 854 intelligamus
2668 787 2943 842 Christum
2983 790 3075 860 qui
3118 791 3237 844 illos
3264 789 3465 846 dimisit
3496 835 3508 855 ,
3539 806 3595 848 et

1989 877 2134 930 venit
2157 877 2223 931 ad
2254 893 2370 932 nos.
2398 879 2585 932 Omnia
2611 895 2718 932 non
2746 881 2940 932 frustra
2972 880 3108 934 faeta
3137 891 3264 936 sunt
3289 924 3305 948 ,
3334 894 3389 937 ει
3418 885 3470 936 in
3501 883 3598 937 illo

1989 967 2168 1021 furore
2198 968 2367 1023 David
2393 1009 2407 1031 ,
2437 969 2581 1037 quod
2607 970 2802 1024 dicitur
2832 969 3105 1036 aﬂ'ectabat
3124 1012 3141 1038 ,
3187 983 3232 1025 et
3274 976 3597 1043 tympaniza—

1988 1058 2071 1112 bat
2101 1061 2169 1113 ad
2192 1061 2325 1115 ostia
2355 1062 2569 1116 civitatis
2591 1102 2608 1128 ,
2653 1074 2699 1115 et
2740 1063 2996 1132 ferebatur
3025 1064 3076 1118 in
3108 1064 3338 1118 manibus
3373 1068 3481 1120 suis
3502 1109 3515 1130 ,
3554 1078 3600 1120 et

1992 1153 2280 1218 procidebat
2304 1153 2373 1206 ad
2396 1154 2526 1207 ostia
2556 1165 2744 1224 portat.
2771 1164 2817 1209 et
2857 1157 3030 1209 salitur
3068 1157 3402 1213 decurrebant
3438 1177 3596 1229 super

1991 1242 2199 1295 barbam
2244 1244 2375 1314 ejus.
2421 1243 2706 1311 A/[ectabat
2745 1246 2870 1301 ille:
2924 1247 3050 1316 quid
3097 1261 3217 1312 est,
3263 1248 3585 1316 a/Tectabat?

1991 1331 2255 1387 All'ectum
2285 1333 2535 1390 habebat.
2585 1337 2722 1402 Quid
2765 1346 2847 1390 est
2891 1337 3140 1392 allectum
3195 1339 3433 1396 habere?
3461 1341 3595 1407 Quia

1990 1439 2304 1493 compassos
2349 1436 2431 1480 est
2481 1427 2881 1484 inﬁrmitatibus
2929 1431 3126 1484 nostris
3152 1447 3165 1484 :
3195 1441 3248 1486 et
3277 1431 3399 1486 ideo
3429 1432 3600 1487 voluit

1993 1516 2162 1584 ipsam
2193 1533 2410 1573 carnem
2440 1522 2713 1588 suscipere
2740 1563 2752 1581 .
2789 1523 2839 1574 in
2881 1538 2986 1591 qua
3031 1533 3258 1577 mortem
3302 1524 3594 1579 occideret.

1997 1607 2325 1678 Compassus
2360 1626 2488 1679 ergo
2533 1612 2726 1673 nobis,
2778 1612 3058 1666 alToctasse
3103 1613 3277 1668 dictus
3324 1624 3428 1668 est.
3473 1614 3601 1670 Ideo

1993 1699 2340 1769 reprehendit
2366 1703 2654 1769 Apostolus
2684 1718 2776 1756 eos
2806 1703 2896 1772 qui
2927 1703 3045 1756 duri
3075 1713 3198 1757 sunt
3228 1714 3282 1757 et
3321 1706 3438 1758 sine
3465 1706 3599 1759 alle-

1993 1803 2100 1847 ctu.
2131 1793 2552 1862 Reprehendens
2573 1798 2718 1850 enim
2746 1796 3006 1866 quosdam
3033 1839 3047 1861 ,
3072 1797 3143 1849 ait.
3170 1814 3184 1851 :
3210 1797 3337 1851 Sine
3365 1797 3553 1862 affectu
3578 1839 3598 1862 ,

1995 1885 2104 1938 sine
2155 1886 2500 1940 misericordia
2542 1885 2561 1956 (
2586 1885 2822 1953 Roma,
2869 1889 2931 1942 51
2962 1888 3003 1953 ).
3048 1888 3148 1942 Ubi
3198 1897 3283 1942 est
3334 1889 3600 1952 affectus,

1997 1973 2070 2030 ibi
2103 1975 2492 2032 misericordia.
2527 1974 2628 2032 Ubi
2658 1978 3028 2032 misericordia
3055 1979 3182 2032 est?
3211 1979 3492 2033 Miseratus
3516 1989 3605 2033 est

1997 2083 2096 2121 nos
2125 2067 2382 2138 desuper.
2415 2067 2549 2123 Nam
2585 2069 2632 2124 si
2661 2071 2940 2125 exinanire
2968 2085 3027 2124 se
3057 2070 3222 2124 nollet
3248 2112 3262 2135 ,
3295 2086 3519 2124 manens
3547 2072 3602 2124 ιιι

1995 2176 2060 2215 ea
2088 2160 2257 2215 forma
2306 2160 2359 2215 in
2410 2177 2512 2232 qua
2558 2162 2782 2232 aequalis
2836 2171 2954 2217 erat
3002 2161 3149 2216 Patri
3197 2162 3601 2229 sempiternus,

1996 2267 2210 2322 semper
2236 2267 2335 2306 nos
2364 2251 2417 2305 in
2448 2260 2621 2307 morte
2644 2251 3096 2306 remansissemus
3127 2268 3140 2304 :
3171 2251 3266 2304 sed
3297 2261 3355 2305 ut
3396 2268 3494 2305 nos
3533 2251 3604 2306 de

1999 2354 2173 2397 morte
2207 2343 2537 2412 sempiterna
2579 2342 2871 2406 liberaret,
2898 2357 3006 2411 quo
3051 2357 3152 2395 nos
3191 2351 3470 2409 peccalum
3507 2356 3604 2394 suo

1997 2434 2198 2506 perbiae
2238 2434 2605 2505 perduxerat,
2645 2433 2946 2487 humiliavit
2987 2448 3045 2487 se
3071 2473 3084 2496 ,
3133 2431 3307 2485 factus
3354 2431 3604 2486 subditus

1998 2539 2167 2597 usque
2194 2525 2260 2579 ad
2288 2535 2517 2580 mortem
2543 2565 2559 2592 ,
2594 2533 2820 2578 mortem
2852 2531 3032 2577 autem
3065 2524 3263 2577 crucis.
3299 2521 3442 2591 Ergo
3469 2521 3603 2576 affe-

1997 2617 2346 2689 ctavit,quia
2398 2617 2645 2686 pervenit
2690 2630 2860 2686 usque
2909 2615 2975 2669 ad
3022 2623 3251 2669 mortem
3303 2616 3498 2668 crucis.
3537 2615 3605 2669 lit

1998 2711 2248 2781 quoniam
2299 2710 2398 2780 qui
2439 2709 2772 2778 cruciﬁgitur
2799 2750 2815 2777 ,
2861 2710 2917 2763 in
2963 2708 3109 2779 ligno
3151 2709 3497 2772 extenditur;
3547 2717 3607 2762 ut

1997 2811 2178 2857 autem
2235 2793 2548 2874 tympanum
2605 2801 2736 2866 fiat,
2790 2816 2958 2868 caro,
3014 2801 3065 2855 id
3118 2811 3201 2856 est
3253 2801 3502 2867 corium,
3550 2802 3602 2854 in

1999 2893 2144 2964 ligno
2175 2892 2516 2948 extenditur:
2546 2891 2748 2947 dictum
2771 2904 2854 2948 εει
2875 2933 2892 2959 ,
2923 2902 2970 2946 et
2997 2893 3410 2964 tympanizabat,
3445 2891 3494 2944 id
3523 2901 3607 2946 est

1999 2983 2412 3054 crueifigebatur
2433 3025 2451 3050 ,
2484 2984 2536 3037 in
2568 2984 2721 3055 ligno
2751 2983 3158 3038 cxtendehatur.
3195 2983 3480 3051 Alfectubat
3501 3023 3516 3046 ,
3551 2981 3603 3036 id

1999 3084 2084 3130 est
2109 3117 2125 3142 ,
2157 3074 2408 3130 affectum
2438 3077 2489 3128 iii
2523 3090 2620 3130 nos
2650 3075 2920 3141 habebat,
2967 3085 3024 3127 ut
3058 3075 3292 3128 animant
3323 3088 3474 3128 suam
3504 3087 3604 3142 po-

2001 3174 2156 3223 neret
2183 3182 2280 3238 pro
2309 3167 2501 3222 ovibus
2531 3166 2642 3220 suis
2674 3164 2692 3237 (
2715 3165 2874 3219 Joan.
2903 3180 2938 3219 x
2959 3206 2972 3228 ,
3007 3163 3138 3236 15).
3179 3164 3605 3236 Tympauizabat.

2002 3260 2324 3329 Quomodo?
2353 3260 2434 3313 Ad
2460 3261 2591 3312 ostia
2612 3259 2848 3312 civitatis.
2892 3258 3100 3313 Ostium
3139 3259 3302 3313 nobis
3337 3267 3421 3314 est
3460 3260 3606 3328 quod

2003 3355 2241 3424 aperitur
2268 3396 2281 3415 ,
2313 3361 2372 3406 ut
2397 3353 2680 3406 credamus
2730 3351 2782 3405 in
2816 3351 3005 3404 Deum.
3049 3350 3429 3406 Clauseramus
3470 3353 3605 3406 ostia

2003 3455 2188 3500 contra
2217 3441 2488 3498 Christum
2515 3486 2530 3511 ,
2585 3454 2640 3498 et
2686 3459 3073 3513 aperneramus
3114 3442 3370 3508 diabolo;
3418 3453 3608 3498 contra

2003 3536 2166 3591 vitam
2195 3542 2450 3590 aeternam
2495 3534 2733 3588 clausum
2768 3549 2862 3590 cor
2903 3534 3231 3588 habebamus
3261 3551 3277 3588 :
3312 3535 3398 3588 ille
3425 3544 3603 3588 autem

2006 3630 2264 3684 Dominus
2298 3628 2436 3683 Deus
2466 3636 2650 3682 noster
2673 3669 2687 3691 ,
2718 3627 2840 3696 quia
2874 3627 3116 3680 clausmu
3147 3641 3241 3681 eor
3270 3625 3608 3680 habebamus

2007 3722 2252 3776 homines
2268 3721 2526 3776 adversus
2547 3719 2708 3772 vitam
2722 3728 3000 3781 aeternam,
3023 3732 3120 3772 nec
3140 3728 3447 3786 poteramus
3466 3714 3612 3768 vide-

2007 3829 2068 3868 re
2095 3811 2326 3867 Verbum
2355 3809 2495 3880 quod
2527 3809 2707 3862 vident
2737 3809 3125 3879 Angeli,crnce
3151 3807 3425 3877 aperiebat
3449 3807 3613 3860 corda

2009 3905 2336 3966 mortalium,
2368 3903 2468 3956 hoc
2496 3911 2612 3966 est,
2643 3900 3036 3973 tympanizabat
3079 3900 3144 3954 ad
3187 3903 3323 3955 ostia
3360 3900 3613 3953 civitatis.

2083 3998 2170 4052 10.
2205 3995 2268 4050 Et
2298 3997 2551 4067 ferebatur
2576 3995 2630 4048 in
2660 3996 2894 4048 manibus
2920 3994 3044 4048 suis.
3077 3992 3189 4048 Hoc
3215 4010 3365 4056 vero,
3400 3995 3614 4058 fratres,

2010 4088 2278 4160 quomodo
2311 4098 2492 4156 posset
2521 4086 2633 4141 fieri
2663 4087 2713 4140 in
2743 4085 2979 4150 homine,
3014 4088 3134 4156 quis
3165 4087 3462 4156 intelligat?
3487 4087 3619 4155 Quis

2012 4181 2155 4235 enim
2183 4187 2427 4248 portatur
2453 4178 2504 4230 in
2536 4178 2782 4232 manibus
2810 4177 2962 4231 suis?
2988 4177 3230 4233 Manibus
3259 4178 3484 4231 aliorum
3521 4195 3620 4246 po—

2014 4279 2119 4328 test
2145 4271 2341 4342 portari
2370 4271 2553 4334 homo,
2586 4270 2833 4324 manibus
2858 4271 2970 4323 suis
2997 4286 3158 4326 nemo
3186 4281 3448 4340 portatur.
3477 4272 3622 4338 Quo-

2014 4365 2176 4421 modo
2205 4364 2527 4434 intelligatur
2556 4365 2606 4416 iu
2649 4363 2765 4432 ipso
2806 4363 2969 4417 David
3012 4364 3307 4418 secundum
3350 4365 3576 4418 litteram
3601 4405 3615 4425 ,

2017 4473 2122 4513 non
2148 4456 2486 4520 invenimus;
2518 4455 2570 4509 in
2598 4454 2812 4509 Christo
2835 4465 3013 4508 autem
3041 4455 3364 4510 invenimus.
3388 4454 3625 4508 Fereba-

2017 4561 2104 4606 tur
2127 4551 2269 4606 enim
2298 4550 2542 4603 Christus
2572 4549 2623 4601 in
2655 4548 2900 4601 manibus
2927 4547 3039 4601 suis
3059 4589 3074 4614 ,
3103 4547 3317 4617 quando
3343 4563 3624 4600 commen-

2018 4645 2152 4700 dans
2190 4643 2363 4711 ipsum
2401 4656 2596 4710 corpus
2631 4655 2786 4694 suum
2808 4681 2821 4700 ,
2854 4640 2925 4693 ait
2959 4657 2972 4692 ε
3007 4639 3121 4693 Hoc
3148 4650 3218 4693 est
3248 4657 3430 4710 corpus
3460 4657 3628 4692 meum

2021 4735 2243 4806 (Matth.
2275 4748 2423 4793 xxvt,
2454 4730 2581 4802 26).
2612 4730 2839 4785 Fercbat
2865 4731 3007 4786 enim
3041 4732 3169 4786 illud
3202 4747 3398 4799 corpus
3425 4732 3476 4784 iu
3509 4749 3590 4783 nia
3612 4760 3626 4768 -

2021 4827 2178 4881 nibus
2220 4824 2395 4878 suis'.
2435 4822 2553 4892 Ipsa
2593 4831 2674 4876 est
2716 4822 2991 4876 humilitas
3031 4823 3243 4876 Domini
3286 4823 3455 4886 nostri
3498 4823 3627 4876 .Iesu

2020 4916 2253 4982 Christi,
2296 4916 2406 4984 ipsa
2455 4914 2679 4967 nmltum
2723 4913 3136 4967 eotntnendatur
3181 4913 3506 4966 hominibus.
3550 4911 3630 4964 Ad

2024 5012 2190 5077 ipsam
2218 5022 2317 5061 nos
2346 5007 2608 5066 hortatur,
2639 5005 2852 5066 fratres,
2880 5014 2938 5057 ιιι
2966 5005 3230 5069 vivamus,
3263 5003 3313 5058 id
3342 5013 3424 5056 est
3453 5003 3628 5056 humi-

2023 5102 2226 5156 litatem
2257 5098 2375 5166 ejus
2405 5096 2678 5150 imitemur
2702 5113 2716 5149 :
2741 5104 2797 5148 ut
2824 5096 3190 5166 percutiamus
3219 5094 3451 5158 Goliam,
3479 5103 3532 5148 et
3557 5104 3635 5146 le-

2026 5203 2212 5249 nentes
2228 5190 2496 5245 Christum
2520 5189 2798 5242 rincamus
2819 5187 3146 5258 superbiam.
3172 5185 3479 5238 Procidebut
3502 5186 3638 5238 euitri

2026 5287 2094 5340 ad
2120 5286 2248 5339 ostia
2275 5292 2452 5356 portae.
2481 5279 2618 5348 Quid
2649 5291 2752 5344 est,
2789 5278 3132 5332 Procidebat?
3164 5278 3242 5332 Ad
3276 5277 3637 5331 humilitatem

2027 5394 2084 5432 se
2124 5377 2236 5447 ipse
2265 5373 2568 5443 dejiciebat.
2610 5371 2744 5439 Quid
2777 5380 2891 5435 est,
2925 5370 2994 5423 ad
3021 5371 3150 5435 ostia
3193 5371 3394 5438 parite?
3438 5370 3516 5423 Ad
3551 5371 3638 5423 iu-

2029 5469 2176 5524 itintn
2207 5466 2467 5534 fidei,quo
2483 5463 2613 5518 salvi
2641 5462 2923 5517 efficimur.
2951 5460 3121 5515 Nemo
3147 5462 3287 5514 enim
3321 5461 3504 5529 incipit.
3533 5461 3634 5518 nisi

2031 5561 2098 5614 ait
2137 5560 2288 5614 initio
2329 5556 2448 5610 fidei
2470 5597 2486 5622 ,
2518 5557 2654 5610 sicut
2683 5554 2879 5608 dicitur
2909 5554 2959 5606 in
2995 5552 3230 5606 Canticis
3257 5553 3590 5606 canticorum
3622 5570 3638 5608 :

2044 5650 2239 5716 Vetties,
2265 5659 2310 5702 et
2347 5647 2651 5718 pertransies
2688 5645 2752 5699 ab
2794 5645 2938 5698 initio
2973 5645 3092 5712 ﬁdei
3124 5642 3303 5715 (Cant.
3350 5658 3427 5711 iv,
3458 5644 3512 5708 3,
3540 5657 3645 5696 see.

2101 5787 2115 5816 ¹
2145 5784 2295 5835 Nostri
2321 5795 2494 5830 omnes
2527 5788 2654 5843 Mss,
2689 5778 2888 5831 I-‘ct'ebut
2922 5778 3046 5830 illud
3072 5780 3118 5828 in
3155 5777 3373 5830 manibus
3400 5777 3647 5842 attigit)“:

2039 5854 2108 5900 cst
2131 5844 2396 5904 humilitas,
2424 5852 2523 5893 etc.
