2004 3158
189 149 242 181 301

188 212 284 248 LXX).
299 213 410 242 Venturi
424 221 518 241 sumus
531 213 598 242 facie
610 213 643 240 ad
660 213 772 244 faciem;
787 212 857 240 sicut
868 212 998 247 scriptum

186 266 227 288 est
245 269 253 287 :
270 259 437 287 Dilectissimi
447 281 455 293 ,
472 259 520 294 filii
533 258 582 286 Dei
596 267 700 290 sumus,
714 263 738 285 et
753 259 865 285 nandum
878 258 999 293 apparuit

187 306 248 340 quid
258 306 354 332 erimus
363 313 374 332 :
386 306 480 332 scimus
493 305 553 338 quia
565 312 623 331 cum
634 304 793 339 apparuerit,
806 304 901 330 similes
914 304 938 330 ei
949 304 1000 330 eri-

186 360 252 380 mus.
270 352 392 386 quottth
407 350 549 378 ridebimus
563 359 624 377 eum
636 350 712 377 Sicuti
726 355 761 378 est
776 350 796 386 (1
810 349 889 378 Joan.
904 357 942 383 ut,
956 349 996 386 2).

191 392 338 423 Videbimus
350 404 361 423 :
372 396 499 432 quando?
509 396 575 424 Cum
591 396 641 423 ista
655 397 820 423 transierint.
834 396 901 424 Audi
916 396 996 424 etiam

188 442 299 468 Paulum
322 442 474 476 apostolum
498 450 505 468 :
529 441 649 469 Videmus
668 450 736 468 nunc
755 449 801 476 per
821 442 953 477 speculum
970 442 997 468 in

187 487 332 522 mrigmate,
348 492 408 514 tunc
420 493 506 514 autem
519 487 584 522 {acie
596 488 630 514 ad
643 488 736 523 facim
750 487 760 525 (
769 487 777 514 ι
790 487 849 515 Cor.
866 495 926 521 χιιι,
939 485 996 522 i2).

185 535 339 568 Antequam
348 540 412 568 ergo
421 533 559 560 videamus
566 534 632 561 fuch
641 533 674 561 ad
684 533 777 561 faciem
788 533 914 564 Verbum,
925 533 997 568 quod

186 578 279 605 vident
293 578 388 613 Angcli
398 598 406 608 .
422 586 490 613 opus
504 578 582 606 nobis
595 583 637 606 est
651 578 739 606 adhuc
753 578 831 606 ostiis
845 584 947 614 parun,
962 578 996 606 ad

185 632 247 660 qua:
263 625 377 660 procidit
387 625 529 657 Dominus,
539 625 684 653 bumilians
694 633 724 652 se
733 633 817 660 usque
827 625 860 652 ad
869 628 994 654 mortem.

223 671 269 698 ii.
283 671 352 704 Quid
366 677 408 699 est
422 670 493 705 quod
509 671 596 698 rulime
610 671 778 698 decurrebant
795 677 876 706 super
891 671 995 698 barbam

185 724 241 751 qus
250 716 263 743 Ρ
276 716 304 743 in
321 716 372 744 hoc
386 716 458 744 enim
473 717 615 743 immutari!
632 716 728 743 cultum
742 725 817 744 suum
832 725 919 744 caram
931 717 995 745 Abi-

185 762 292 795 melech,
306 762 348 789 vel
364 762 458 796 Acltis,
474 768 497 789 et
511 762 608 789 dimisit
619 770 687 795 cum,
702 767 726 789 et
738 762 809 789 abiit.
823 762 881 790 Non
895 762 995 790 intelli-

185 812 280 842 gentes
297 808 410 836 dimisit.
431 809 472 836 Ad
493 816 561 844 quos
575 809 661 836 abiit?
676 808 714 836 Ad
730 808 840 837 Gentes.
857 807 928 845 Ergo
944 817 995 838 nos

185 853 367 889 intelligamus
384 854 456 890 quod
479 854 528 890 ipsi
552 862 606 882 non
631 860 787 891 potuerunt.
810 855 996 885 Decurrebant

186 908 269 935 super
282 900 394 928 barbam
412 901 495 928 David
509 901 601 928 salivae
617 910 623 927 :
639 901 702 936 quid
716 906 779 929 sunt
793 901 901 930 saliva?
913 902 994 937 Quasi

187 945 267 972 verba
283 943 414 973 infantilia
427 955 434 973 τ
446 946 538 973 salivae
549 945 621 973 enim
632 951 745 974 currunt
756 946 911 975 infantibus.
923 947 994 975 Non-

185 997 219 1018 ne
230 995 308 1019 erant
321 995 446 1026 tanquam
461 988 591 1019 infantilia
603 993 683 1020 verba
695 1001 702 1020 :
713 992 870 1021 Manducate
883 1001 992 1022 carnem

184 1040 284 1069 meam,
299 1040 327 1063 ct
337 1036 422 1064 bibite
437 1037 594 1073 sanguinem
609 1038 719 1066 meum?
732 1038 785 1066 Sed
799 1039 848 1066 ista
863 1034 993 1067 infantilis

183 1082 266 1109 verba
283 1082 410 1117 tegebant
425 1084 550 1111 virtutem
565 1083 660 1119 ipsius.
674 1084 766 1112 Virtus
781 1085 852 1112 enim
869 1085 896 1113 in
910 1086 993 1114 barba

184 1127 353 1162 intelligitur.
375 1128 472 1156 Satira:
492 1129 572 1164 igitur
585 1129 761 1158 decurrentes
782 1137 863 1166 super
881 1131 991 1160 barbam

184 1172 243 1207 ejus
254 1194 260 1204 ,
275 1173 339 1208 quid
354 1178 433 1205 sunt,
448 1174 499 1201 nisi
518 1175 598 1202 verba
618 1175 724 1203 infirma
741 1177 865 1204 virtutem
880 1178 939 1212 ejus
953 1181 993 1206 ιε.

183 1219 293 1253 gentia?
307 1217 458 1252 lntellcxit,
475 1224 504 1247 ut
521 1220 649 1253 arbitror,
665 1221 801 1250 Sanctitas
817 1221 912 1250 Vestra
927 1223 991 1250 titu-

183 1263 238 1290 lum
252 1263 346 1298 psalmi
361 1264 449 1299 hujus.
465 1264 492 1293 Si
506 1266 619 1293 velimus
628 1266 684 1301 jam
696 1267 831 1295 Psalmum
844 1275 990 1303 exponere,

184 1309 333 1337 timendum
348 1314 390 1337 est
403 1318 438 1338 ne
454 1311 496 1338 illa
512 1319 572 1346 quae
587 1313 700 1340 audistis
720 1313 843 1341 labantur
855 1313 890 1342 de
902 1314 991 1342 cordi-

182 1354 234 1382 bus
255 1355 362 1382 veSIris.
385 1356 500 1383 Titulum
524 1357 620 1391 psalmi
643 1357 724 1392 hujus
745 1359 948 1393 exposuerimus
964 1360 990 1387 in

183 1402 292 1428 nomine
303 1402 410 1429 Domini
421 1404 504 1430 nostri
516 1403 580 1430 Iesu
591 1403 690 1431 Christi
702 1413 710 1431 ;
721 1405 846 1439 quoniam
858 1405 991 1435 crastinus

184 1448 242 1477 dies
255 1448 406 1477 dominicus
419 1453 470 1481 est,
485 1453 513 1476 et
526 1449 655 1477 debemus
669 1450 745 1478 vobis
760 1458 923 1484 sermonem,
936 1452 990 1480 dif-

184 1493 303 1522 feramus
318 1494 345 1522 in
360 1495 523 1529 crastinum,
537 1500 567 1523 ut
580 1496 660 1524 etiam
676 1497 774 1525 Psalmi
790 1502 891 1526 textum
905 1499 991 1526 liben-

184 1544 225 1568 tcr
237 1540 362 1568 audiatis.

347 1594 433 1615 SERMO
449 1595 482 1621 ll,
504 1594 619 1616 HABITUS
632 1596 676 1616 DIE
691 1596 826 1618 DOXlNICO.

218 1642 245 1669 i.
260 1641 311 1675 Qui
327 1642 454 1670 hesterno
466 1643 511 1670 die
522 1643 656 1679 adfuistis,
670 1653 723 1673 non
738 1645 833 1674 dubito
847 1647 918 1682 quod
932 1653 991 1675 rne-

181 1686 314 1714 mineritis
330 1687 530 1722 pollicitationis
544 1693 652 1717 nostrre.
666 1689 784 1725 Tempus
796 1690 868 1719 enim
879 1691 934 1726 jam
947 1697 991 1720 est

182 1732 209 1759 in
225 1732 335 1760 nomine
351 1733 454 1760 Domini
471 1734 591 1762 debitum
606 1735 721 1763 solvere.
736 1735 795 1772 Ipse
808 1737 948 1772 inspiravit
961 1743 990 1766 ut

180 1779 402 1812 promitteremns
412 1800 419 1810 ,
435 1780 493 1815 ipse
507 1780 581 1808 dabit
597 1786 625 1808 ut
642 1782 794 1816 solvamus,
808 1790 916 1818 semper
930 1784 988 1811 exi-

180 1828 282 1852 stentes
294 1824 430 1853 debitores
442 1826 590 1853 charitatis.
603 1826 662 1862 Ipsa
674 1833 714 1855 est
726 1829 798 1856 enim
810 1837 869 1864 quae
881 1836 989 1865 semper

179 1869 318 1902 redditur,
333 1874 361 1897 et
380 1878 487 1906 semper
504 1871 635 1903 debetur.
652 1873 722 1900 sicut
738 1873 803 1902 dicit
819 1875 965 1910 Apostolus
979 1885 987 1903 :

180 1914 286 1942 Nemini
299 1916 437 1951 quidquam
452 1917 562 1945 debeatis
571 1938 579 1951 ,
593 1919 641 1946 nisi
657 1925 684 1946 ut
698 1920 805 1947 invicem
817 1926 861 1947 tias
876 1921 989 1957 diligatis

180 1961 269 1994 (liam.
283 1969 342 1993 xm,
354 1962 394 1998 8).
406 1962 507 1990 Psalmi
520 1964 599 1996 hujus
612 1965 717 1992 titulum
729 1965 786 1994 heri
797 1967 986 2002 exposuimus;

178 2006 256 2041 cujus
276 2007 409 2041 expositio
428 2016 488 2036 eum
509 2017 559 2036 nos
578 2010 678 2038 diutius
700 2012 844 2045 retineret,
865 2013 987 2047 eiusdem

180 2052 275 2085 psalmi
291 2057 392 2080 textum
406 2054 595 2089 exponendum
607 2055 770 2085 distulimus.
785 2058 933 2088 Audiamus
945 2068 988 2087 er-

177 2106 214 2133 go
226 2098 290 2134 quid
304 2098 419 2134 Spiritus
434 2105 544 2128 sanctus
564 2109 612 2136 per
630 2109 662 2130 os
681 2102 823 2137 Pmphc‘tw
840 2106 924 2133 sancti
944 2107 986 2134 sui

177 2144 251 2171 dicat
274 2144 300 2172 in
323 2145 374 2173 isto
393 2152 519 2173 sermone
539 2142 655 2180 Psalmi,
675 2149 745 2182 quod
764 2155 894 2185 congruat
908 2151 986 2179 titulo

175 2198 258 2223 quem
279 2190 407 2218 hesterno
422 2191 465 2219 die
479 2192 663 2220 tractavimus.
681 2193 732 2227 Qui
753 2201 805 2222 non
825 2195 984 2230 adfuerunt,

177 2241 305 2270 tauquam
317 2236 326 2251 ¹
342 2240 369 2263 et
388 2236 440 2263 hoc
455 2236 575 2264 debitum
598 2243 691 2272 petunt
707 2248 714 2266 :
730 2239 778 2267 sed
798 2248 833 2268 ne
852 2241 920 2269 forte
939 2250 987 2277 per

176 2282 244 2308 alias
260 2287 347 2309 tantas
364 2284 486 2316 moras’,
502 2283 657 2311 fraudemus
674 2292 722 2312 eos
738 2286 835 2321 quibus
851 2287 906 2322 jam
922 2289 985 2316 red-

176 2327 296 2354 dendum
311 2332 352 2354 est
367 2328 438 2362 quod
455 2328 595 2361 debemus.
613 2329 730 2358 breviter
744 2339 984 2362 commemoratum

175 2378 335 2408 agnosmnt,
347 2380 475 2409 minutum
492 2381 615 2410 possunt,
628 2377 673 2412 qui
687 2377 767 2406 hodie
776 2379 876 2407 adsunt
886 2385 915 2408 et
927 2381 985 2409 heri

175 2427 229 2446 non
242 2414 397 2447 adfuerunt.
412 2422 439 2447 Si
451 2422 514 2456 quid
525 2427 615 2450 autent
626 2430 674 2451 eos
688 2428 777 2452 movet
787 2426 859 2461 quod
872 2426 985 2463 diligen-

176 2466 228 2492 tius
247 2467 415 2501 interrogare
435 2467 565 2500 debeant,
584 2473 705 2503 patentes
720 2478 800 2499 aures
820 2477 927 2500 nostras
941 2475 983 2501 in-

174 2512 284 2538 venient
305 2512 332 2539 in
352 2512 461 2539 nomine
477 2512 575 2540 Christi
596 2515 655 2542 aliis
676 2517 859 2551 temporibus.
878 2527 913 2547 ne
934 2519 983 2548 ista

174 2563 341 2591 occupentur
351 2556 372 2584 ³,

209 2603 237 2630 Ξ.
256 2604 376 2632 Diximus
392 2605 522 2640 scriptum
536 2613 596 2634 esse
610 2606 636 2634 in
650 2606 719 2635 libro
732 2608 897 2645 Regnorum,
910 2613 982 2646 quod

175 2647 260 2677 David
280 2658 341 2678 cum
362 2650 466 2686 fugeret
487 2651 568 2685 Saul,
590 2653 672 2681 latere
693 2654 778 2682 voluit
798 2655 868 2691 apud
889 2665 981 2693 regem

207 2710 214 2741 ξ
230 2706 298 2741 fuit}.
308 2709 399 2741 tamen.
413 2706 509 2741 Aliquot
515 2711 585 2741 _Mss.,
597 2711 721 2741 tanquam.

205 2739 215 2753 '
228 2737 296 2775 ψ..
306 2744 336 2762 ne
347 2738 414 2775 [inte
421 2737 466 2775 pro
476 2738 532 2764 aliis
540 2737 619 2775 tanta;
628 2737 709 2775 nioras
720 2742 834 2775 (ircientes
840 2743 983 2775 fraudemus

173 2772 221 2792 res.
235 2771 339 2801 tuosque
351 2770 414 2798 apud
425 2773 492 2799 Lov.,
504 2769 590 2800 quibus
596 2771 652 2801 jam
665 2773 789 2798 redditum
800 2769 846 2799 est:
856 2779 901 2801 Nos
917 2769 982 2801 utro:-

173 2806 223 2829 que
236 2799 289 2824 λιιι-ο
300 2799 429 2830 Sequimur
440 2804 492 2825 MSS.

206 2830 214 2845 ³
227 2833 255 2854 Er
278 2835 305 2855 ιιι
316 2834 382 2858 ιιιικ,
392 2837 421 2855 ne
432 2830 473 2865 isti
481 2832 552 2866 modo
562 2838 717 2864 occupentur.
734 2840 759 2860 ,ιι
769 2839 833 2866 uss.
846 2843 875 2862 nc
885 2837 931 2864 ista
940 2846 981 2864 oc-

174 2866 284 2891 τυρεηοιω
293 2879 300 2886 .
315 2868 375 2892 Iun.,
388 2868 417 2887 ne
429 2862 475 2888 ista
487 2865 569 2893 modo,
581 2862 629 2889 etc.

822 151 852 181 S.
867 148 1054 181 AUGUSTINI
1076 152 1230 183 EPISCOPI

1803 158 1856 187 3t!

1053 210 1196 245 quemdam
1212 211 1297 244 Getb,
1314 212 1422 241 nomine
1439 211 1531 242 Achis.
1551 212 1605 242 Sed
1619 221 1680 242 cum
1695 214 1778 251 gloria
1794 215 1855 251 ejus

1053 256 1088 283 ibi
1103 255 1196 283 fuisset
1208 263 1432 291 commemorata,
1445 266 1479 286 ne
1491 267 1539 295 per
1551 259 1662 288 livorem
1673 260 1746 288 idem
1760 268 1808 289 rex
1821 259 1855 289 ad

1052 310 1132 336 quem
1147 302 1312 338 Confugerat,
1328 304 1426 339 aliquid
1440 305 1466 332 in
1480 313 1541 333 eum
1555 306 1764 339 machinaretur,
1778 307 1856 334 ﬁnxit

1052 347 1184 375 insaniam
1194 369 1203 381 ,
1217 354 1244 376 et
1257 349 1333 385 quasi
1355 350 1445 378 furore
1465 357 1604 387 correptus
1615 372 1624 386 ,
1639 352 1743 380 ululavit
1759 353 1855 381 uultum

1051 400 1135 424 suum,
1152 397 1184 425 et,
1202 393 1271 420 sicut
1285 394 1407 429 legimus,
1421 394 1566 429 a/fectabat,
1581 402 1604 423 et
1618 396 1807 432 tympanizabat
1821 398 1856 424 ad

1051 438 1116 465 ostia
1129 439 1251 472 civitatis,
1268 444 1291 467 et
1304 440 1431 476 ferebatur
1445 442 1472 468 in
1486 442 1601 470 manibus
1616 443 1685 477 suis,
1700 448 1724 470 et
1738 444 1856 479 procide-

1052 482 1093 509 bat
1108 483 1143 510 ad
1156 483 1222 511 ostia
1234 490 1325 519 parm.
1341 484 1375 513 Et
1389 486 1454 513 dixit
1472 493 1517 514 rea:
1532 486 1609 515 Athis
1622 495 1632 515 :
1647 489 1714 522 Quid
1727 488 1777 515 hac
1791 489 1856 517 mihi

1050 528 1195 556 adduxistis
1207 530 1301 557 istum?
1316 530 1446 564 Numquid
1456 532 1613 566 arreptilium
1624 542 1669 569 ego
1680 542 1743 567 opus
1754 534 1833 561 habeo
1842 535 1857 560 .’

1051 574 1082 600 Et
1102 575 1140 601 sic
1159 583 1219 602 cum
1236 575 1354 608 dimisit,
1371 581 1399 603 ut
1419 577 1560 611 impleatur
1576 578 1646 613 quod
1663 578 1706 605 hic
1723 580 1854 614 scriptum

1050 625 1100 651 c~t,
1119 619 1227 647 Mutavit
1242 622 1338 648 vultum
1353 630 1436 652 suum.
1453 628 1476 650 εἰ
1496 624 1589 650 dimisi!
1604 632 1670 656 eum,
1685 629 1708 651 cf
1721 625 1791 652 abiit.
1809 625 1854 653 Div

1049 666 1123 691 misit
1142 669 1232 693 autem
1253 674 1342 701 regem
1360 667 1441 695 Achis
1456 678 1462 695 :
1479 668 1520 695 hic
1534 677 1596 696 vero
1612 669 1710 697 dictum
1724 675 1764 698 est
1779 671 1853 706 quod

1050 713 1155 738 mutavit
1168 713 1264 739 vultum
1278 721 1352 740 suum
1366 722 1452 740 coram
1469 715 1621 747 Abimelec/r,
1637 721 1661 742 et
1675 716 1770 743 dimisit
1783 725 1852 750 eum,

1049 762 1072 783 et
1085 757 1156 783 abiit.
1169 758 1290 785 Diximus
1302 764 1390 786 autem
1404 760 1511 786 nomina
1526 766 1624 787 mutata
1638 768 1708 795 esse,
1722 767 1750 789 ut
1762 770 1853 790 sacrae

1048 808 1168 830 montum
1185 804 1373 831 ostenderetur
1388 814 1401 842 ε,
1412 813 1445 832 ne
1460 806 1481 832 si
1498 805 1568 832 idem
1590 814 1687 834 nomen
1707 809 1850 842 repetitum

1048 851 1121 875 esset
1136 849 1162 875 in
1179 849 1256 876 titulo
1271 849 1378 883 l’salmi,
1398 858 1449 878 non
1466 852 1542 878 nobis
1563 853 1737 888 prophetasse
1751 855 1852 890 aliquid

1048 895 1075 921 in
1097 901 1284 929 sacramento,
1306 896 1352 923 sed
1374 899 1448 931 quasi
1467 903 1542 933 gesta
1565 906 1688 926 narrasse
1704 899 1850 929 videretur.
1888 918 1891 921 ‹

1048 940 1197 977 Utrumque
1211 950 1275 977 ergo
1299 952 1396 972 nomen
1419 952 1543 979 maguum
1559 946 1678 973 continet
1695 954 1850 975 sacrameth

1047 991 1113 1013 tum.
1127 987 1194 1015 Nam
1208 989 1289 1016 Achis
1303 990 1501 1025 interpretatur,
1516 990 1654 1024 Quomodo
1665 985 1726 1019 est»:
1742 993 1850 1022 Abimc-

1046 1032 1105 1059 lecb
1127 1033 1327 1068 interpretatur,
1344 1035 1430 1064 Patris
1448 1038 1499 1064 mei
1516 1045 1638 1072 regnum.
1657 1039 1685 1066 In
1703 1039 1749 1067 illo
1767 1040 1850 1067 verbo

1046 1079 1115 1112 quod
1132 1079 1242 1113 dicitur,
1260 1080 1401 1114 Quomodo
1421 1087 1479 1116 est,
1502 1084 1649 1118 ignorantia
1669 1084 1849 1120 signiﬁcatur,

1047 1130 1073 1150 ut
1089 1125 1199 1152 Verbum
1217 1126 1338 1154 mirantis
1352 1133 1379 1155 et
1394 1136 1446 1155 non
1463 1130 1633 1164 agnoscentis
1651 1131 1783 1166 intelligas
1798 1140 1805 1159 :
1822 1131 1857 1160 in-

1047 1171 1097 1196 islo
1116 1175 1203 1198 autem
1221 1173 1290 1206 quod
1308 1173 1407 1201 dicitur
1424 1174 1598 1208 Abimelcclt,
1616 1184 1726 1211 regnum
1738 1176 1848 1205 Iudico.

1045 1223 1104 1243 rum
1116 1217 1289 1252 significatur.
1306 1220 1346 1246 Ex
1359 1219 1457 1248 Christi
1472 1222 1542 1249 enim
1556 1231 1669 1257 persona
1684 1229 1772 1259 potest
1783 1223 1847 1258 dici,

1046 1261 1131 1289 Patris
1147 1264 1197 1290 mei
1214 1271 1344 1299 regnum;
1361 1267 1421 1301 quia
1437 1272 1512 1302 pater
1527 1268 1611 1304 ipsius
1624 1270 1771 1298 secundum
1786 1278 1849 1298 car-

1044 1314 1117 1339 nem,
1134 1308 1232 1341 David;
1247 1315 1273 1337 ct
1292 1307 1401 1346 regnum
1420 1312 1501 1340 David
1521 1320 1578 1341 erat
1597 1315 1622 1342 in
1642 1321 1721 1351 gente
1738 1315 1849 1344 Iudico-

1044 1360 1115 1379 rnm.
1136 1352 1231 1381 Coram
1259 1363 1342 1391 regno
1367 1365 1431 1393 ergo
1457 1361 1538 1393 patris
1561 1360 1601 1388 sui
1624 1362 1729 1389 mutavit
1750 1363 1848 1390 vultum

1043 1408 1128 1432 suum,
1141 1405 1163 1426 et
1176 1401 1271 1428 dimisit
1284 1411 1350 1437 eum,
1363 1409 1385 1430 et
1398 1405 1477 1437 abiit;
1490 1405 1550 1440 quia
1566 1412 1622 1434 erat
1637 1407 1672 1435 ibi
1687 1408 1847 1437 sacrificium

1044 1446 1190 1473 secundum
1205 1448 1327 1476 ordinem
1343 1450 1434 1478 Aaron
1444 1474 1451 1485 ,
1468 1457 1493 1479 et
1508 1458 1598 1487 postea
1615 1453 1671 1488 ipse
1686 1454 1720 1482 de
1733 1462 1848 1491 corpore

1044 1496 1071 1517 et
1085 1493 1213 1526 sanguine
1231 1501 1279 1521 suo
1299 1496 1409 1523 instituit
1429 1498 1589 1526 sacrificium
1610 1500 1756 1528 secundum
1771 1502 1846 1530 ordi-

1044 1544 1104 1563 nem
1121 1538 1309 1567 l‘dclchisedec.
1327 1542 1436 1570 Mutavit
1456 1552 1520 1578 ergo
1538 1546 1639 1573 vultum
1659 1554 1735 1574 suum
1754 1548 1780 1575 in
1800 1556 1847 1575 sa-

1044 1581 1177 1615 cerdotio,
1195 1590 1221 1610 et
1240 1585 1339 1613 dimisit
1361 1593 1467 1622 gentem
1487 1589 1641 1618 Judzeorum
1654 1611 1662 1624 ,
1681 1596 1708 1619 ct
1725 1593 1798 1620 venit
1811 1593 1847 1622 ad

1043 1628 1153 1656 Gentes.
1166 1630 1232 1664 Quid
1246 1636 1288 1659 est
1300 1641 1374 1668 ergo,
1391 1634 1549 1668 A/frrtabat?
1559 1637 1661 1665 Atl'ectu
1673 1638 1766 1673 plenus
1776 1645 1844 1667 erat.

1042 1674 1111 1707 Quid
1132 1676 1202 1703 enim
1225 1682 1277 1704 tam
1299 1678 1405 1713 plemnn
1427 1681 1541 1715 :tliectu,
1563 1690 1641 1718 quam
1662 1684 1846 1714 misericordia

1044 1720 1149 1748 Domini
1173 1724 1255 1750 nostri
1277 1724 1341 1752 Jesu
1361 1727 1476 1758 Christi,
1494 1728 1537 1763 qui
1553 1728 1647 1757 videns
1662 1730 1845 1760 infirmitatem

1043 1771 1180 1798 uestram,
1196 1773 1223 1795 ut
1239 1778 1288 1796 nos
1302 1778 1316 1796 ιι
1334 1771 1494 1807 sempiterna
1516 1779 1601 1802 morte
1616 1775 1758 1809 liberaret,
1774 1782 1846 1805 tern-

1043 1814 1160 1846 poralem
1176 1819 1290 1842 mortem
1304 1825 1363 1844 cum
1378 1823 1448 1845 tanta
1466 1819 1561 1854 injuria
1573 1823 1785 1858 contumeliaque
1799 1832 1846 1852 su-

1042 1859 1144 1893 scepit?
1160 1859 1195 1886 Et
1209 1863 1397 1896 tympnnizabat
1413 1874 1422 1891 :
1435 1865 1494 1899 quia
1511 1870 1666 1901 tympanum
1682 1876 1735 1896 non
1749 1869 1778 1897 tit
1792 1870 1845 1898 nisi

1042 1914 1101 1932 cum
1127 1908 1229 1934 corium
1254 1908 1280 1935 in
1307 1910 1378 1943 ligno
1403 1911 1573 1945 extenditur;
1599 1918 1626 1940 et
1648 1915 1846 1950 tympanizabat

1044 1951 1126 1978 David
1148 1953 1301 1987 signiﬁcatus
1321 1955 1391 1989 quod
1412 1957 1606 1992 crucifigendus
1625 1963 1698 1986 esset
1710 1959 1844 1991 Christus.

1043 1994 1244 2031 Tympanizabat
1259 2005 1347 2027 autem
1362 2002 1395 2028 ad
1410 2003 1474 2029 ostia
1487 2003 1593 2031 civitatis
1611 2013 1618 2031 :
1631 2013 1691 2040 qua:
1705 2010 1767 2033 sunt
1779 2007 1845 2034 ostia

1041 2043 1164 2076 civitatis,
1188 2045 1238 2071 nisi
1258 2046 1338 2073 corda
1359 2053 1448 2074 nostra
1469 2057 1528 2083 qua:
1550 2050 1731 2078 (*lauseramus
1750 2058 1845 2081 contra

1040 2088 1192 2121 Christum,
1208 2091 1251 2124 qui
1267 2091 1300 2119 de
1316 2098 1442 2128 tympano
1457 2095 1544 2122 crucis
1556 2096 1661 2130 aperuit
1673 2097 1754 2125 corda
1768 2105 1843 2126 moro

1041 2134 1152 2162 talium?
1170 2135 1203 2162 Et
1218 2137 1344 2172 ferebatur
1358 2139 1384 2165 in
1404 2140 1519 2167 manibus
1537 2142 1589 2168 suis
1603 2149 1613 2168 :
1628 2142 1762 2177 quomodo
1774 2143 1844 2178 fere»

1039 2180 1114 2207 batur
1128 2182 1154 2208 in
1168 2184 1282 2210 manibus
1298 2185 1372 2211 suis?
1384 2186 1450 2219 Quia
1465 2194 1525 2213 cum
1541 2189 1742 2216 commendaret
1754 2189 1842 2224 ipsum

1039 2236 1136 2261 corpus
1156 2237 1231 2256 suum
1252 2234 1278 2256 et
1299 2232 1454 2266 Sanguinem
1477 2241 1568 2266 suum,
1585 2236 1688 2270 accepit
1705 2236 1731 2263 in
1746 2244 1843 2266 manus

1039 2281 1101 2300 Snas
1115 2275 1185 2309 quod
1202 2282 1299 2303 norunt
1314 2278 1423 2310 tidelcs;
1437 2284 1465 2307 et
1478 2281 1534 2315 ipse
1548 2289 1577 2309 se
1591 2283 1711 2317 portabat
1724 2283 1841 2319 quodam

1039 2320 1135 2351 modo,
1159 2328 1218 2347 cum
1238 2322 1361 2349 diceret:
1380 2323 1436 2351 Hoc
1455 2331 1490 2352 est
1510 2335 1603 2361 corpus
1623 2336 1706 2356 meum
1726 2329 1840 2366 (Matt/t-

1040 2373 1114 2395 xxvt,
1129 2365 1187 2401 C.76).
1205 2366 1236 2392 Et
1252 2369 1397 2400 providebat
1410 2371 1443 2396 ad
1457 2372 1521 2398 ostia
1536 2378 1614 2407 porta:
1626 2382 1635 2400 :
1650 2374 1674 2401 id
1689 2379 1740 2408 est,
1754 2374 1841 2403 humi-

1039 2410 1110 2437 liavit
1131 2418 1170 2438 se.
1192 2411 1248 2439 Hoc
1269 2419 1309 2439 est
1327 2415 1398 2441 enim
1421 2417 1559 2450 procidere
1577 2426 1660 2453 usque
1680 2420 1713 2447 ad
1737 2420 1841 2449 initium

1039 2457 1098 2483 ﬁdei
1121 2463 1229 2485 nostrw.
1247 2459 1349 2487 Ostium
1366 2462 1437 2488 enim
1456 2468 1539 2496 porta:
1555 2465 1659 2492 initium
1675 2465 1752 2498 ﬁdei,
1769 2468 1841 2496 unde

1038 2502 1130 2536 incipit
1141 2503 1269 2537 Ecclesia,
1282 2510 1307 2531 et
1321 2508 1442 2540 pervenit
1453 2516 1536 2543 usque
1549 2510 1581 2535 ad
1593 2511 1726 2544 speciem:
1737 2516 1766 2539 ut
1778 2519 1839 2542 cum

1037 2549 1121 2575 credit
1136 2557 1167 2576 ea
1182 2558 1239 2583 qua:
1255 2559 1306 2577 non
1326 2552 1404 2583 videt,
1422 2559 1555 2581 niterentur
1570 2555 1681 2590 perfrui,
1696 2566 1757 2590 curn
1773 2558 1841 2586 facie

1037 2595 1069 2621 ad
1082 2594 1174 2621 faciem
1190 2595 1279 2623 videre
1290 2599 1411 2631 eruperit.
1426 2599 1469 2626 Sic
1481 2608 1511 2627 sc
1525 2601 1604 2628 habet
1618 2603 1708 2630 titulus
1723 2604 1839 2637 Psaltni;

1038 2640 1153 2667 breviter
1175 2642 1324 2668 audivimus
1340 2652 1346 2669 :
1362 2645 1500 2671 audiamus
1519 2646 1574 2679 jam
1595 2648 1650 2682 ipsa
1673 2650 1751 2676 verba
1771 2650 1837 2678 eiic-

1036 2687 1134 2713 ctantis
1149 2693 1175 2713 et
1192 2689 1395 2722 tyrnpanizantis
1409 2691 1442 2717 :ul
1459 2697 1561 2725 portam
1576 2694 1700 2721 civitatis.

1072 2733 1097 2758 5.
1114 2731 1189 2768 [rem
1206 2732 1245 2769 2.]
1260 2733 1410 2761 Bnmlimn:
1428 2737 1562 2764 Dominum
1581 2739 1607 2766 in
1626 2741 1695 2767 omni
1710 2746 1838 2776 tempore,

1037 2785 1132 2809 smnpcr
1148 2778 1204 2804 Inus
1226 2779 1279 2814 (jus
1300 2781 1323 2805 in
1341 2789 1383 2806 ore
1401 2790 1465 2807 mm.
1488 2782 1555 2810 Dicit
1570 2783 1709 2819 Christus,
1726 2786 1796 2813 dicat
1810 2793 1839 2815 el

1036 2823 1211 2855 christianos;
1225 2825 1284 2857 quia
1297 2832 1321 2851 ιιι
1336 2826 1496 2854 Christianus
1510 2828 1535 2854 iu
1547 2837 1658 2864 corpore
1668 2831 1766 2858 Christi
1778 2838 1835 2866 cst;

1039 2874 1065 2895 et
1081 2873 1220 2904 propterea
1236 2869 1358 2898 Christus
1374 2873 1470 2903 homo.
1489 2879 1517 2901 ut
1533 2880 1624 2910 posset
1639 2884 1697 2904 esse
1712 2877 1830 2904 christia-
