4008 6332
239 374 340 435 309

238 506 333 546 nus
357 489 607 556 angelus,
635 489 724 560 qui
753 491 828 546 ait
851 491 892 552 ¹.
932 488 1233 543 Benedicam
1271 486 1567 542 Dominum.
1607 485 1834 554 Quando

238 581 519 635 benedicens
549 580 866 634 Dominum?
894 581 1117 647 Quando
1153 580 1246 634 tibi
1285 578 1591 634 benefacit?
1623 578 1838 648 quando

235 673 508 727 abundant
551 673 867 727 surcularia?
907 673 1121 743 quando
1170 671 1394 725 multum
1443 669 1678 725 abundat
1723 668 1837 722 fru-

235 769 421 830 menti,
454 766 580 826 olei,
613 767 743 830 viui,
776 765 913 829 auri,
955 765 1180 834 argenti,
1224 765 1634 832 mancipiorum,
1677 777 1839 831 peco-

236 874 382 918 rum,
410 859 661 926 salusque
691 857 788 910 ista
821 857 1060 910 mortalis
1091 853 1422 910 invulnerata
1451 864 1504 908 et
1531 854 1838 920 incorrupta

236 949 498 1018 persistit,
528 963 589 1002 ea
617 964 736 1016 qua:
767 957 1055 1001 nascuntur
1081 956 1330 1002 crescunt
1355 947 1554 1007 omnia,
1585 945 1714 999 nihil
1743 945 1840 998 im.

235 1053 439 1095 matura
490 1051 662 1094 morte
701 1041 1051 1099 subtrahitur,
1085 1039 1308 1094 felicitas
1359 1046 1466 1091 tota
1499 1037 1732 1092 abundat
1788 1037 1839 1087 in

233 1133 422 1193 tiomo,
445 1130 1038 1195 circumﬂuuntmunia,
1064 1141 1187 1182 tunc
1212 1129 1500 1184 benedices
1523 1126 1841 1181 Dominum?

235 1221 350 1273 Non
385 1238 398 1272 :
430 1220 523 1274 sed
551 1221 602 1272 in
629 1221 767 1274 omni
793 1231 1033 1289 tempore.
1074 1219 1217 1289 Ergo
1254 1229 1307 1271 et
1349 1229 1472 1271 tunc
1493 1259 1506 1281 ,
1537 1225 1593 1270 et
1625 1215 1838 1284 quando

236 1313 337 1364 ista
378 1310 676 1365 secundum
711 1321 918 1380 tempus
953 1318 1008 1365 et
1047 1309 1340 1364 secundum
1383 1307 1588 1377 ﬂagella
1632 1306 1842 1360 Domini

240 1401 334 1454 Dei
383 1402 550 1455 nostri
595 1403 894 1466 turbantur,
919 1399 1265 1464 tutfcruntur,
1312 1400 1483 1452 minus
1528 1403 1840 1462 IIJSCUHIIIT,

231 1495 344 1564 jam
379 1505 502 1548 nata
534 1494 858 1548 dilabuntur.
893 1494 1048 1548 Fiunt
1077 1493 1220 1549 enim
1251 1492 1394 1557 hzec,
1428 1501 1479 1545 et
1509 1490 1633 1545 inde
1662 1490 1844 1556 sequi-

239 1597 329 1639 tur
369 1587 613 1655 penuria,
644 1597 873 1656 egestas,
911 1585 1081 1649 labor,
1114 1584 1269 1638 dolor
1298 1591 1352 1638 et
1383 1585 1620 1637 tentatio.
1654 1581 1758 1636 Sed
1789 1593 1843 1634 tu

236 1679 329 1747 qui
368 1678 629 1741 cantasti,
669 1677 974 1730 Bcnedicam
1018 1676 1295 1729 Dominum
1326 1675 1378 1728 in
1408 1675 1544 1728 omni
1585 1683 1843 1743 tempore,

241 1790 444 1844 semper
473 1772 585 1826 laus
611 1774 718 1844 ejus
748 1773 801 1825 in
827 1788 914 1826 ore
938 1788 1068 1836 meo,
1101 1779 1154 1824 et
1179 1769 1392 1839 quando
1418 1768 1518 1822 ista
1545 1767 1656 1829 dat,
1674 1766 1848 1820 bene—

238 1867 364 1929 die;
397 1875 452 1917 et
478 1863 691 1933 quando
721 1865 822 1918 ista
849 1862 1022 1927 tollit,
1054 1860 1297 1917 benedie.
1329 1859 1462 1926 Quia
1493 1858 1582 1912 ille
1611 1857 1730 1919 dat,
1759 1856 1848 1910 ille

241 1957 387 2010 tollit
415 1973 429 2007 ε
463 1956 558 2010 sed
588 1955 823 2026 seipsum
849 1970 879 2007 a
910 1954 1262 2009 benediceute
1288 1968 1347 2007 se
1374 1967 1480 2005 non
1509 1950 1667 2004 tollit.

316 2048 369 2100 ιι.
399 2046 531 2114 Quis
565 2055 648 2100 est
682 2056 860 2100 autem
889 2046 980 2115 qui
1011 2044 1279 2100 benedicit
1307 2042 1590 2096 Dominum
1621 2041 1671 2095 in
1702 2040 1848 2093 omni

242 2152 520 2206 tempore,
558 2138 656 2192 nisi
697 2136 917 2190 humilis
955 2133 1156 2189 corde?
1193 2133 1364 2203 Ipsam
1395 2132 1538 2186 enim
1577 2130 1849 2184 humilita-

243 2242 351 2285 tem
394 2231 576 2285 docuit
615 2230 872 2284 Dominus
918 2239 1102 2283 noster
1146 2228 1198 2280 in
1237 2239 1463 2296 corpore
1501 2233 1554 2280 et
1593 2222 1852 2293 sanguine

242 2338 343 2376 sua
391 2339 404 2375 :
446 2321 565 2390 quia
614 2336 734 2374 cmn
787 2318 1131 2373 commendat
1181 2330 1377 2385 corpus
1427 2324 1482 2370 et
1534 2314 1849 2383 sanguinem

241 2429 436 2475 suum,
470 2411 820 2465 Iunnilitatem
855 2424 1008 2464 suam
1047 2407 1418 2471 commendat,
1450 2407 1501 2459 in
1538 2420 1602 2459 eo
1627 2404 1768 2473 quod
1798 2406 1850 2457 in

245 2504 357 2572 ipsa
390 2503 612 2558 historia
653 2505 910 2571 scriptum
939 2509 1043 2567 est,
1077 2499 1130 2554 in
1160 2501 1251 2554 illo
1274 2499 1426 2570 quasi
1457 2498 1635 2552 furore
1665 2495 1850 2560 David,

243 2595 387 2662 quod
414 2593 880 2662 pr:rtermisitnus,
908 2591 971 2645 Et
999 2593 1172 2645 saliva:
1194 2589 1524 2643 decurrebant
1554 2605 1706 2657 super
1735 2588 1854 2639 bar-

244 2688 362 2738 bam
390 2687 502 2756 ejus
548 2685 682 2740 Cum
710 2684 979 2754 legeretur
1009 2682 1318 2752 Apostolus,
1350 2680 1576 2734 audistis
1603 2679 1743 2746 ipsas
1768 2693 1854 2731 sa-

247 2777 381 2830 livas
401 2819 417 2842 ,
447 2777 542 2831 sed
572 2774 922 2832 decurrentes
962 2789 1126 2844 super
1160 2773 1404 2828 barbam.
1447 2772 1584 2827 Dicit
1621 2771 1814 2838 aliquis
1834 2810 1849 2835 ,

241 2869 391 2933 Quas
418 2867 620 2921 salivas
649 2866 983 2921 audivimus?
1005 2865 1193 2920 Nonne
1219 2865 1379 2919 modo
1404 2865 1571 2918 lectus
1597 2872 1680 2917 est
1710 2864 1854 2930 Apo-

244 2961 449 3022 stolus,
491 2976 614 3016 cum
656 2960 860 3015 diceret
893 2978 907 3014 ε
937 2959 1112 3014 Judtei
1154 2959 1302 3028 signa
1340 2966 1514 3028 petunt
1539 2997 1554 3020 ,
1593 2967 1641 3011 et
1681 2955 1848 3010 (Irasci

249 3054 554 3122 sapientiam
593 3054 871 3123 quarunt?
912 3049 1070 3107 Modo
1115 3052 1310 3106 Icctmn
1350 3059 1432 3105 est
1469 3068 1483 3103 :
1526 3048 1641 3103 Nos
1681 3058 1851 3101 autem

246 3144 616 3210 prasdicamus,
662 3143 863 3214 inquit,
897 3141 1153 3196 Christum
1183 3142 1484 3208 cruciﬁxum
1515 3138 1680 3210 (tunc
1707 3141 1850 3194 enim

247 3235 664 3305 tympanizabat)
690 3233 888 3287 luditis
917 3235 1120 3304 quidem
1144 3232 1465 3292 scandalum,
1491 3231 1730 3286 Gentibus
1752 3249 1850 3285 au-

243 3334 341 3378 tem
381 3326 690 3388 stultitiam;
733 3325 857 3393 ipsis
901 3340 1018 3379 vero
1057 3324 1242 3378 vocatis
1291 3323 1487 3377 Judazis
1530 3333 1576 3376 et
1620 3322 1846 3388 Grecis,

245 3418 502 3470 Christum
533 3416 626 3470 Dei
673 3415 914 3470 Virtutem
949 3427 994 3469 et
1041 3415 1133 3469 Dei
1168 3415 1486 3483 Sapientiam
1516 3431 1534 3469 :
1564 3416 1682 3483 quia
1716 3417 1851 3485 quod

243 3512 455 3562 stultum
483 3519 555 3563 est
588 3507 700 3573 Dei,
726 3508 1002 3578 sapientius
1022 3518 1094 3560 est
1121 3506 1443 3570 hominibus;
1473 3517 1518 3560 ct
1543 3507 1680 3576 quod
1705 3507 1851 3573 in/ir-

245 3618 384 3653 mum
423 3610 495 3653 est
531 3599 659 3662 Dei,
692 3599 870 3668 {artius
904 3609 1159 3668 estquam
1194 3597 1420 3650 homines
1451 3596 1504 3667 (Ι
1532 3596 1649 3650 Cor.
1683 3612 1718 3656 ι,
1747 3596 1844 3648 2'2-

245 3693 356 3761 Ξϐ).
386 3671 586 3745 Salivte
612 3693 753 3744 enim
791 3691 1091 3760 significant
1121 3689 1400 3743 stultitiam
1421 3729 1436 3752 ,
1469 3688 1651 3742 saliva:
1681 3687 1849 3756 signi-

252 3785 410 3838 ficant
466 3781 848 3836 infirmitatem.
897 3779 1003 3835 Sed
1043 3781 1086 3834 si
1126 3779 1266 3849 qhod
1315 3780 1536 3833 stultum
1584 3791 1666 3832 est
1719 3779 1847 3840 Dei,

245 3877 544 3943 sapientius
569 3884 652 3928 est
685 3874 992 3928 hominibus
1013 3916 1027 3936 ,
1057 3884 1108 3928 et
1137 3873 1278 3943 quod
1312 3874 1578 3927 intirtnum
1611 3882 1692 3925 est
1726 3872 1812 3924 llei
1833 3912 1847 3935 ,

247 3967 438 4022 fortius
460 3975 726 4035 estquam
757 3964 999 4019 homines
1023 3982 1036 4019 :
1060 3982 1165 4018 non
1195 3975 1281 4018 tan
1303 3977 1442 4033 piam
1471 3963 1654 4018 saliv.e
1682 3963 1849 4017 allen-

242 4061 406 4123 daut,
451 4057 544 4112 sed
589 4057 839 4119 attende,
889 4057 1012 4124 quia
1059 4071 1220 4122 super
1269 4055 1486 4109 barbam
1535 4054 1846 4108 decurrunt.

243 4150 529 4218 Quomodo
573 4151 718 4204 enim
765 4151 947 4204 salivis
993 4145 1310 4213 infirmitas,
1355 4147 1433 4201 sic
1478 4147 1640 4200 barba
1683 4146 1851 4200 virtus

241 4243 568 4297 mteuditur.
602 4239 754 4295 Texit
799 4255 927 4310 ergo
961 4241 1208 4293 virtutem
1252 4254 1402 4293 suam
1433 4253 1660 4305 corpore
1698 4234 1851 4289 infir-

246 4336 451 4388 mitatis
489 4350 602 4387 sua:
636 4352 650 4386 :
682 4341 737 4385 et
773 4331 913 4401 quod
959 4330 1259 4385 forinsecus
1301 4329 1700 4390 inliriuabatur,
1736 4338 1851 4381 tan-

245 4442 405 4496 quam
435 4426 488 4479 in
518 4424 680 4480 saliva
713 4423 1037 4493 apparebat;
1079 4422 1220 4476 intus
1255 4431 1434 4475 autem
1471 4419 1649 4474 divina
1683 4422 1850 4473 virtus

245 4532 502 4590 tanquam
534 4517 698 4573 barba
732 4515 1027 4586 tegebatur.
1060 4515 1201 4585 Ergo
1229 4514 1498 4567 humilitas
1528 4512 1681 4566 nobis
1704 4528 1851 4566 com-

247 4612 551 4668 Inendalur.
585 4609 717 4663 Esto
757 4607 1004 4670 humilis,
1035 4607 1078 4661 si
1108 4608 1189 4661 vis
1219 4606 1534 4660 benedicere
1569 4605 1848 4658 Dominum

245 4707 299 4760 in
325 4705 474 4757 omni
506 4713 746 4772 tempore
768 4743 782 4764 ,
811 4709 867 4755 et
903 4715 1118 4769 semper
1146 4699 1260 4752 laus
1286 4698 1400 4766 ejus
1428 4697 1498 4751 sit
1529 4697 1580 4751 iu
1613 4714 1706 4751 ore
1736 4709 1846 4751 tuo.

243 4799 382 4867 Quia
427 4796 530 4850 Joh
573 4810 679 4848 non
722 4801 924 4847 tantum
971 4791 1242 4846 benedixit
1283 4790 1596 4855 Domimun,
1636 4789 1850 4857 quando

243 4888 590 4944 abundabant
622 4886 696 4941 illi
728 4885 939 4949 omnia,
974 4883 1167 4953 quibus
1206 4897 1330 4936 eum
1369 4881 1593 4949 legimus
1628 4879 1846 4933 divitem

245 4985 413 5038 fuisse
439 4993 495 5037 ct
532 4980 765 5043 felicem,
795 4991 848 5033 et
878 4993 1089 5049 pecore,
1119 4986 1174 5032 et
1212 4976 1403 5042 servis,
1436 4984 1492 5029 et
1518 4974 1700 5039 domo,
1734 4974 1851 5029 feli-

245 5092 364 5132 cem
399 5075 552 5142 fiiiis,
581 5085 636 5128 et
673 5072 926 5128 omnibus
957 5071 1137 5126 rebus.
1167 5069 1354 5124 Ablata
1386 5077 1506 5122 sunt
1536 5069 1712 5122 omnia
1743 5085 1850 5122 uno

247 5177 515 5236 tempore.
535 5174 587 5219 et
611 5163 848 5232 implevit
867 5160 1007 5232 quod
1033 5161 1084 5214 in
1113 5160 1215 5215 hoc
1239 5159 1444 5227 psalmo
1465 5159 1721 5225 scriptum
1744 5167 1843 5217 est,

245 5258 433 5314 dieens
457 5276 472 5314 :
497 5256 747 5310 Dominus
768 5254 924 5316 dedit,
949 5251 1199 5306 Dominus
1217 5250 1422 5303 abstulit
1442 5267 1460 5314 ;
1480 5249 1607 5302 sicut
1631 5249 1848 5301 Domino

246 5352 472 5419 placuit,
503 5352 574 5402 ita
602 5349 793 5416 factum
824 5356 897 5399 est
925 5361 944 5399 .°
972 5346 1036 5398 sit
1069 5359 1248 5396 nomen
1292 5340 1494 5395 Domini
1536 5341 1847 5393 benedictum

247 5450 263 5502 l
280 5444 381 5497 Joh
414 5459 451 5503 I.
480 5442 541 5495 Ἡ
567 5442 609 5513 ).
643 5440 782 5494 Ecce
815 5437 978 5492 habes
1003 5435 1310 5505 exemplum
1341 5432 1710 5488 benedicentis
1741 5433 1846 5485 Do.

246 5538 450 5590 tniuum
483 5535 532 5587 in
563 5531 708 5586 onmi
741 5539 1001 5597 tempore.

318 5630 371 5684 5.
393 5627 544 5700 (vers.
578 5623 658 5696 5.]
689 5623 866 5691 Quare
885 5632 1060 5676 autem
1085 5617 1352 5675 benedicit
1380 5616 1658 5670 Dominum
1685 5613 1846 5666 homo

247 5721 298 5776 in
333 5720 477 5774 omni
526 5715 808 5787 tempore?
853 5713 982 5780 Quia
1035 5709 1252 5765 humilis
1291 5717 1390 5763 est.
1421 5707 1555 5774 Quid
1603 5715 1685 5760 est
1728 5719 1846 5759 esse

310 5835 324 5898 ξ
355 5831 533 5896 Aliquot
559 5822 934 5898 διθεπωιςγειιιδ,
960 5821 1044 5887 qui
1054 5822 1164 5886 jam
1186 5822 1338 5873 dicat.
1362 5818 1447 5869 Alii
1473 5815 1689 5868 nonnulli
1717 5834 1728 5865 ;
1757 5827 1844 5864 an—

246 5896 390 5958 astu.
416 5891 469 5948 Et
491 5891 613 5959 quid
637 5891 728 5940 ait.

1322 370 1720 427 ENHIRATIO
1767 371 1830 426 IN
1872 371 2196 431 PSALMUM
2229 375 2468 430 XXXIII.

3443 388 3548 440 310

1953 489 2247 544 humilem?
2277 491 2427 546 Nolle
2456 493 2509 545 in
2539 509 2596 546 se
2625 494 2848 548 laudari.
2881 496 2981 564 Qui
3014 498 3065 551 iu
3089 514 3146 552 se
3169 499 3280 552 vult
3313 501 3548 562 Lutdart,

1951 582 2212 651 superbus
2241 593 2343 638 est.
2373 584 2473 649 Qui
2495 587 2758 654 superbus
2781 605 2891 641 non
2923 600 3022 652 est,
3055 589 3274 644 humilis
3298 603 3399 646 est.
3431 592 3547 648 Non

1953 673 2035 725 vis
2060 664 2196 743 ergo
2234 690 2353 728 esse
2397 677 2696 745 superbus?
2730 677 2796 733 Ut
2825 680 2997 747 possis
3028 696 3147 734 esse
3187 681 3399 735 humilis
3421 726 3435 744 .
3464 683 3551 740 dic

1953 764 2093 832 quod
2124 765 2324 820 dictum
2368 777 2450 822 est
2476 786 2489 822 :
2516 766 2583 820 In
2625 767 2842 822 Domino
2887 772 3176 824 latalabitur
3203 775 3374 826 anima
3403 793 3551 837 mea;

1950 856 2162 908 audiant
2193 860 2460 922 mansueti,
2487 869 2532 912 et
2557 859 2808 913 lwtentur.
2837 861 2976 930 Ergo
2998 862 3084 930 qui
3109 879 3212 915 non
3244 865 3293 916 in
3327 864 3553 918 Domino

1951 946 2138 999 ’volunt
2169 947 2394 1008 laudari,
2420 964 2524 1002 non
2548 959 2669 1002 sunt
2693 951 2987 1013 mansueti;
3017 951 3108 1004 sed
3132 960 3331 1018 truces,
3354 957 3554 1023 aSperi,

1953 1037 2098 1099 elati,
2130 1038 2368 1105 superbi.
2401 1037 2648 1093 Jumenta
2680 1052 2955 1096 mansueta
2987 1045 3099 1097 vult
3137 1044 3336 1097 habere
3371 1045 3554 1099 Domi-

1955 1142 2055 1181 nus
2080 1145 2090 1178 :
2117 1138 2236 1182 esto
2261 1131 2562 1197 jmncntum
2597 1131 2831 1195 Domini,
2863 1133 2913 1188 id
2941 1144 3041 1200 est,
3073 1144 3192 1188 esto
3223 1147 3554 1191 mansuetus.

1951 1217 2109 1272 Sedet
2164 1219 2252 1272 ille
2297 1236 2460 1287 super
2504 1232 2588 1284 te,
2641 1221 2754 1290 ipse
2800 1224 2932 1293 regit
2978 1236 3071 1280 te:
3104 1226 3207 1278 noli
3257 1227 3443 1280 timere
3487 1243 3556 1281 ne

1953 1307 2225 1374 offendas,
2275 1319 2328 1364 et
2372 1327 2463 1364 cas
2510 1313 2559 1363 in
2605 1328 2862 1381 princeps.
2898 1314 3180 1369 lnlirmitas
3218 1317 3430 1384 quidem
3466 1326 3553 1370 tua

1954 1408 2056 1457 est.
2091 1399 2183 1451 sed
2213 1401 2430 1454 attende
2459 1402 2579 1470 quis
2612 1403 2702 1454 tibi
2737 1405 3040 1470 pra'sideat.
3075 1406 3260 1459 I’ullus
3289 1408 3422 1459 asini
3457 1423 3547 1470 es,

1953 1488 2048 1542 sed
2072 1487 2344 1544 Christum
2379 1502 2582 1561 portas.
2614 1493 2745 1547 Nam
2775 1506 2828 1548 et
2859 1497 2970 1562 ipse
2997 1496 3048 1548 in
3079 1496 3221 1562 pullo
3243 1499 3374 1550 asini
3407 1498 3552 1552 venit

1953 1580 2018 1632 ad
2061 1582 2366 1646 civitatem,
2421 1592 2476 1636 et
2520 1582 2618 1637 fuit
2666 1583 2793 1638 illud
2839 1585 3137 1654 jumentum
3192 1599 3550 1641 mansuetum.

1952 1671 2219 1742 Numquid
2261 1673 2578 1729 laudabatur
2602 1674 2906 1744 jumentum
2952 1677 3114 1730 illud?
3160 1677 3422 1747 Numquid
3463 1678 3556 1747 ju-

1956 1775 2137 1818 mento
2166 1764 2442 1820 dicebatur
2467 1784 2480 1820 :
2506 1766 2752 1820 Ilosanna
2773 1810 2787 1832 ,
2820 1769 2898 1834 [ili
2923 1767 3120 1832 David,
3155 1770 3442 1825 benedictus
3469 1770 3556 1840 qui

1955 1853 2085 1906 rcuit
2114 1855 2165 1906 in
2196 1856 2399 1908 nomine
2432 1855 2636 1910 Domini
2667 1857 2882 1925 (Matth.
2917 1874 3029 1924 XXI,
3058 1860 3154 1928 9)?
3184 1861 3395 1914 Asellus
3428 1877 3555 1929 por-

1958 1945 2101 2000 tabat
2133 1964 2145 1999 :
2176 1947 2270 2000 sed
2314 1947 2403 2001 ille
2448 1948 2536 2018 qui
2589 1949 2919 2017 portabatur,
2961 1967 2990 2002 a
3032 1950 3461 2018 pratcedentibus
3501 1958 3557 2006 et

1956 2039 2410 2106 consequentibus
2451 2038 2787 2094 laudabatur.
2833 2039 2899 2094 Et
2928 2041 3138 2096 dicebat
3169 2042 3306 2096 forte
3342 2043 3558 2112 jumen-

1959 2137 2069 2182 tum
2092 2147 2105 2182 :
2127 2128 2190 2182 In
2225 2130 2442 2183 Domino
2482 2130 2773 2185 laudabitur
2795 2133 2968 2186 anima
2997 2150 3140 2198 mea;
3165 2135 3377 2187 audiant
3407 2146 3561 2188 man;

1955 2221 2116 2286 sueti,
2162 2231 2207 2274 et
2247 2220 2503 2275 lwtentur.
2552 2221 2833 2292 Nunquam
2878 2222 3006 2277 illud
3046 2223 3182 2278 dixit
3211 2224 3298 2277 ille
3332 2227 3551 2292 asinus,

1958 2311 2181 2366 fratres:
2202 2311 2295 2367 sed
2317 2312 2459 2366 dicat
2481 2312 2605 2367 illud
2635 2314 2858 2383 populus
2880 2313 2969 2383 qui
2989 2315 3226 2368 imitatur
3245 2314 3551 2384 jumentuin

1959 2405 2085 2458 illud
2109 2445 2124 2469 ,
2159 2405 2202 2458 si
2233 2406 2346 2458 vult
2376 2415 2586 2474 portare
2617 2407 2898 2460 Dominum
2926 2422 3104 2461 suum.
3139 2407 3390 2462 Irascitur
3420 2409 3557 2464 forte

1961 2497 2189 2564 populus
2210 2539 2224 2564 ,
2254 2498 2378 2565 quia
2405 2509 2749 2566 comparatur
2777 2499 2943 2552 asello
2975 2499 3026 2552 in
3071 2516 3179 2570 quo
3205 2501 3345 2555 sedit
3373 2503 3557 2557 Domi-

1959 2602 2096 2651 nus;
2145 2597 2197 2641 et
2239 2587 2422 2642 dicent
2463 2589 2593 2642 mihi
2643 2589 2804 2658 aliqui
2854 2589 3068 2659 superbi
3117 2600 3173 2645 et
3217 2591 3387 2646 elati:
3421 2593 3559 2649 Ecce

1960 2679 2141 2734 asinos
2165 2696 2264 2735 nos
2292 2681 2435 2734 fecit.
2459 2681 2542 2736 Sit
2563 2681 2746 2736 asinus
2770 2681 2978 2736 Domini
3006 2682 3251 2752 quisquis
3276 2684 3375 2738 hoc
3397 2684 3556 2747 dicit;

1959 2789 2026 2826 ne
2062 2773 2132 2826 sit
2172 2787 2340 2842 equus
2387 2785 2442 2828 et
2483 2774 2693 2839 mulus,
2726 2774 2919 2844 quibus
2962 2789 3068 2829 non
3109 2784 3192 2829 est
3231 2775 3555 2832 intellectus.

1957 2864 2136 2918 Nostis
2182 2867 2325 2918 enim
2366 2866 2630 2934 psalmum
2675 2866 2762 2921 ubi
2803 2866 3000 2920 dicitur
3027 2885 3041 2920 :
3068 2865 3241 2920 Nolite
3283 2885 3391 2920 esse
3428 2869 3559 2921 sicut

1957 2973 2111 3024 equus
2138 2967 2184 3009 et
2213 2957 2411 3023 mulus,
2443 2957 2623 3027 quibus
2649 2975 2750 3010 non
2780 2967 2854 3012 est
2889 2958 3172 3011 intellectus
3195 2956 3366 3028 (Psal.
3397 2974 3555 3024 xxxi,

1957 3046 2037 3117 9).
2064 3045 2246 3114 Equus
2273 3048 2414 3100 enim
2441 3055 2498 3101 et
2526 3047 2700 3101 mulus
2720 3047 2931 3118 erigunt
2951 3051 3217 3102 cervicem
3239 3049 3552 3118 aliquando.

1957 3149 2012 3192 et
2041 3153 2132 3192 sua
2175 3138 2451 3193 ferocitate
2479 3138 2758 3194 excutiunt
2782 3156 2810 3193 a
2842 3157 2900 3195 se
2929 3156 3224 3196 sessorem.
3267 3143 3563 3196 Domantur

1959 3231 2145 3295 frenis,
2178 3247 2332 3283 canto
2353 3273 2365 3292 ,
2400 3228 2712 3286 verberibus
2733 3273 2746 3291 ,
2779 3230 2952 3284 donec
2978 3231 3189 3284 discant
3217 3232 3467 3295 subesse,
3499 3241 3558 3284 et

1959 3333 2173 3392 portare
2211 3323 2486 3377 detninnm
2532 3341 2710 3378 suum.
2753 3325 2830 3376 Tn
2862 3333 3038 3377 autem
3069 3335 3354 3394 antequam
3403 3326 3556 3379 freno

1961 3416 2252 3469 tundantnr
2278 3432 2370 3469 ora
2403 3425 2521 3477 tua,
2572 3427 2690 3469 esto
2721 3426 3033 3468 mansuetus
3053 3459 3067 3480 ,
3113 3425 3168 3470 et
3197 3427 3344 3484 porta
3379 3417 3560 3470 Domi--

1957 3521 2081 3559 num
2113 3518 2258 3559 tuum
2286 3527 2297 3560 :
2327 3507 2431 3559 noli
2464 3508 2514 3560 in
2546 3518 2594 3560 te
2626 3507 2761 3561 velle
2795 3507 3038 3570 laudari,
3069 3508 3162 3562 sed
3196 3507 3442 3562 laudetur
3468 3509 3558 3564 ille

1955 3599 2045 3667 qui
2077 3614 2236 3665 super
2279 3607 2327 3651 tu
2366 3598 2548 3659 sedet,
2597 3608 2652 3653 et
2687 3599 2835 3652 dices
2869 3617 2880 3651 :
2915 3597 2980 3651 In
3013 3598 3232 3653 Domino
3262 3600 3559 3654 laudabitur

1956 3691 2127 3740 anima
2156 3707 2284 3748 mea,
2314 3689 2526 3742 audiant
2548 3690 2817 3752 mansueti,
2841 3701 2886 3742 et
2911 3690 3161 3744 (tutentur.
3187 3691 3318 3744 Nam
3342 3693 3558 3760 quando

1955 3781 2179 3832 audiunt
2216 3797 2320 3832 non
2350 3781 2645 3843 mansueti,
2678 3795 2780 3834 n0n
2811 3781 3076 3841 hetantnr,
3100 3781 3194 3835 Sed
3219 3783 3555 3837 irascuntur:

1959 3883 2011 3924 et
2043 3872 2139 3941 ipsi
2182 3884 2305 3925 sunt
2345 3872 2433 3940 qui
2476 3871 2661 3925 dicunt
2702 3871 2845 3939 quod
2886 3873 3068 3927 asinos
3112 3889 3206 3926 eos
3247 3873 3554 3929 fecerimus.

1958 3965 2056 4031 Qui
2103 3976 2281 4016 autem
2331 3965 2594 4019 mansueti
2623 3976 2778 4030 sum,
2821 3965 3112 4032 dignentur
3138 3967 3324 4021 audire
3355 3977 3410 4021 et
3435 3983 3559 4022 esse

1955 4055 2096 4124 quod
2125 4054 2368 4107 audiunt.

2029 4169 2079 4222 ϐ.
2102 4167 2252 4239 [νοτε.
2273 4167 2353 4241 4.]
2375 4169 2642 4238 Sequitur,
2679 4169 3007 4238 Magniﬁcale
3035 4170 3309 4225 Dominum
3339 4191 3555 4228 mecum.

1956 4261 2085 4330 Quis
2107 4273 2183 4315 est
2221 4263 2320 4316 iste
2345 4263 2432 4330 qui
2465 4261 2780 4316 exhortatur
2807 4272 2864 4315 nt
2892 4265 3296 4331 magnificemus
3317 4283 3438 4318 cum
3470 4267 3558 4320 illo

1959 4355 2285 4410 Dominum?
2312 4354 2564 4424 Quisquis
2591 4364 2695 4421 est,
2727 4353 2940 4420 fratres,
2977 4355 3028 4408 in
3059 4373 3286 4424 corpore
3314 4357 3513 4412 Christi
3540 4401 3554 4422 ,

1955 4448 2020 4499 ad
2052 4447 2151 4499 hoc
2182 4447 2340 4500 debet
2373 4447 2502 4500 dare
2546 4460 2763 4514 operam
2791 4488 2803 4509 ,
2833 4455 2889 4499 ut
2917 4447 3284 4516 magniticetur
3310 4464 3433 4502 cum
3466 4449 3558 4501 illo

1958 4539 2235 4592 Dominus.
2271 4541 2429 4592 Amat
2454 4538 2594 4591 enim
2630 4539 2914 4592 Dominum
2944 4539 3187 4608 quisquis
3215 4548 3300 4593 est
3331 4540 3451 4593 iste.
3491 4541 3558 4595 Et

1956 4630 2226 4693 t;ll0m0d0
2253 4629 2398 4683 illum
2429 4629 2609 4683 amat?
2634 4629 2700 4685 Ut
2725 4647 2830 4684 non
2861 4631 3094 4685 invideat
3116 4633 3406 4685 eoamatori
3435 4649 3555 4686 suo.

1955 4723 2209 4793 Quisquis
2253 4723 2394 4776 enim
2439 4732 2582 4775 amat
2615 4724 2903 4776 carnaliter
2926 4766 2941 4789 ,
2990 4739 3210 4777 necesse
3241 4733 3324 4777 est
3353 4737 3408 4778 ut
3434 4741 3555 4779 eum

1955 4815 2072 4867 zelo
2101 4814 2349 4881 pestifero
2373 4822 2548 4866 atnct:
2572 4814 2613 4867 si
2647 4811 2786 4866 forte
2816 4829 2911 4881 pro
2935 4829 3129 4883 magno
3152 4813 3348 4867 nudam
3373 4815 3559 4868 videro

1955 4906 2209 4973 potuerit,
2239 4921 2395 4972 quam
2427 4903 2683 4973 pestifero
2709 4919 2894 4958 amore
2919 4904 3264 4966 desideravit,
3295 4905 3556 4974 numquid

1957 4997 2067 5050 vult
2096 5005 2157 5050 ut
2189 4996 2363 5049 videat
2393 4996 2536 5048 illam
2568 5005 2617 5049 et
2659 4996 2835 5050 alius?
2872 4995 3104 5051 Necesse
3142 5008 3228 5052 est
3271 5006 3329 5051 ut
3357 4999 3475 5054 zelo
3503 5009 3560 5054 es

1955 5088 2119 5143 livore
2147 5090 2432 5151 sancietur,
2465 5090 2508 5143 si
2538 5097 2592 5143 ct
2615 5089 2753 5144 alius
2783 5105 2902 5145 eam
2945 5092 3202 5147 viderit‘.
3231 5092 3298 5146 Et
3328 5093 3404 5146 sic
3433 5106 3556 5147 ser-

1955 5189 2108 5232 valttr
2136 5180 2376 5244 castitas,
2405 5180 2447 5232 si
2476 5190 2567 5232 aut
2594 5178 2684 5234 ille
2718 5179 2891 5235 videat
2916 5182 3000 5234 cui
3034 5181 3176 5247 licet,
3201 5192 3254 5237 et
3283 5183 3419 5235 alius
3448 5197 3560 5238 non

1954 5269 2151 5332 videat,
2180 5280 2269 5323 aut
2296 5286 2397 5324 nec
2427 5271 2563 5339 ipse.
2592 5270 2708 5324 Non
2737 5271 2817 5326 sic
2842 5282 2923 5325 cst
2946 5273 3216 5341 Sapientia
3252 5275 3342 5327 Dei
3367 5291 3380 5330 :
3407 5274 3558 5328 vide-

1953 5361 2128 5415 bimus
2161 5362 2301 5414 illam
2333 5361 2467 5415 faeie
2495 5361 2558 5414 ad
2593 5361 2780 5417 facietn
2800 5405 2815 5426 ,
2845 5371 2897 5416 et
2921 5378 3111 5419 omnes
3145 5365 3476 5429 videbimus,
3505 5375 3563 5421 et

1955 5453 2152 5506 nemo1|
2185 5452 2254 5508 ibi
2297 5452 2508 5506 zelabit.
2554 5451 2814 5507 Omnibus
2844 5469 2904 5509 se
2948 5455 3198 5522 exhibet,
3248 5465 3304 5512 et
3355 5457 3560 5527 integra

1953 5553 2065 5606 cst,
2097 5554 2152 5597 et
2175 5554 2320 5598 easta
2352 5553 2436 5597 est
2477 5545 2745 5598 omnibus.
2801 5545 2875 5599 Illi
2928 5556 3199 5601 initiantur
3233 5527 3288 5602 m-
3320 5563 3474 5615 eam,
3505 5558 3564 5603 et

1955 5639 2067 5706 ipsa
2100 5637 2152 5690 in
2185 5653 2280 5690 eos
2308 5653 2410 5690 non
2461 5647 2714 5690 mutatur.
2757 5637 2870 5707 Ipsa
2909 5647 2992 5693 est
3041 5639 3276 5704 veritas,
3322 5640 3436 5709 ipsa
3476 5651 3563 5695 est

2019 5753 2032 5783 ¹
2064 5751 2287 5814 Plerique
2314 5760 2438 5808 Mss,
2463 5750 2511 5800 Si
2530 5759 2574 5816 et
2592 5751 2716 5816 alius
2741 5751 2867 5802 velit.
2889 5751 3088 5816 supple,
3112 5752 3299 5816 ridere.

2017 5816 2037 5880 ξ
2063 5812 2433 5880 μργηῖξιῄηριηυ
2456 5827 2515 5880 se
2538 5814 2604 5880 ibi
2631 5815 2818 5864 zelat't't.
2856 5812 3044 5880 Aliquot
3070 5825 3157 5868 Mss
3175 5812 3203 5878 Ϊ,
3373 5814 3480 5879 Alii,
3501 5812 3575 5868 ibi

1959 5875 2126 5926 :clabit
2157 5889 2175 5926 :
2197 5878 2372 5927 omissa
2396 5874 2631 5940 particula
2651 5890 2720 5928 se.
