4008 6336
483 363 540 425 3'
561 363 579 422 ι
1705 366 1763 425 S.
1805 358 2172 423 AUGUSTINI
2215 363 2517 424 EPISCOPI

477 486 632 550 Deos.
656 487 922 559 Numquid
943 485 1229 558 aliquando
1246 483 1472 541 audistis
1490 523 1506 549 ,
1545 481 1760 546 fratres,
1791 480 1932 552 quod
1963 495 2063 551 po-

476 587 638 638 tuerit
677 579 996 634 commutari
1025 580 1166 633 Deos
1193 575 1415 631 noster?
1441 575 1866 645 Snpereminens
1893 571 2071 626 omni-

475 667 574 729 bus
602 675 799 728 veritas
825 680 937 734 est,
976 668 1209 725 Verbum
1242 667 1338 723 Dei
1368 671 1480 732 est,
1521 665 1792 738 Sapientia
1825 663 1921 719 Dei
1951 672 2070 729 est,

475 782 571 834 per
625 781 783 833 quem
833 763 970 817 facta
1019 772 1145 817 sunt
1189 759 1366 816 omnia
1395 755 1593 814 :habet
1628 769 1894 812 amatores
1920 768 2069 810 suos.

474 859 580 913 Sed
607 857 732 926 quid
777 854 907 910 dicit
945 863 1154 908 amator
1189 851 1390 919 ipsius?
1431 844 1761 922 Magni/itan
1798 840 2073 902 Dominum

475 966 693 1003 mecum.
720 948 855 1003 Nolo
881 947 1027 1003 solus
1055 946 1397 1017 magniﬁcare
1423 943 1707 998 Dominum
1732 981 1748 1009 ,
1773 941 1899 995 nolo
1923 941 2072 995 solus

474 1053 658 1095 amare
681 1079 695 1102 ,
747 1039 872 1093 nolo
909 1038 1056 1091 solus
1093 1035 1363 1107 amplecti.
1405 1033 1520 1089 Non
1562 1033 1704 1089 enim
1743 1031 1788 1086 si
1819 1047 1920 1103 ego
1949 1046 2068 1084 am-

478 1131 665 1197 plexos
697 1130 867 1195 fuero,
899 1144 1005 1182 non
1039 1126 1200 1182 habet
1223 1125 1361 1180 alios
1384 1124 1473 1178 ubi
1495 1138 1686 1178 manus
1710 1131 1888 1192 ponat.
1919 1121 2071 1175 Lati-

475 1221 604 1275 tudo
647 1230 791 1275 tanta
833 1231 916 1274 est
959 1220 1010 1272 in
1051 1219 1163 1288 ipsa
1203 1215 1509 1286 Sapientia,
1555 1224 1615 1269 ut
1641 1228 1832 1268 omnes
1873 1213 2070 1268 anima:

472 1313 866 1383 amplectantur
890 1321 945 1366 et
971 1310 1330 1380 perimantur.
1363 1308 1428 1362 Et
1454 1307 1582 1377 quid
1607 1293 1800 1367 dicam,
1836 1303 2070 1359 fratres?

473 1398 808 1460 Eruliescant
839 1405 928 1473 qui
973 1405 1050 1457 sic
1075 1411 1258 1458 amant
1290 1401 1488 1464 Deum,
1529 1408 1586 1454 ut
1611 1398 1884 1454 invideant
1908 1396 2072 1451 aliis?

472 1498 726 1566 Aurigam
755 1489 947 1565 perditi
975 1493 1218 1549 homines
1237 1501 1441 1557 amant,
1465 1500 1520 1548 et
1543 1491 1784 1562 quisquis
1808 1489 2072 1544 amaverit

473 1587 712 1654 aurigam
754 1595 846 1639 aut
884 1593 1194 1640 venatorem
1217 1623 1232 1648 ,
1275 1583 1390 1636 volt
1425 1592 1482 1636 ut
1525 1588 1669 1636 totus
1693 1580 1921 1652 populus
1945 1593 2069 1635 cum

473 1671 569 1731 illo
596 1685 774 1741 amet;
803 1685 860 1731 et
888 1679 1151 1742 hortatur,
1186 1683 1241 1730 et
1268 1672 1400 1729 dicit
1419 1692 1433 1729 :
1452 1674 1644 1727 Amate
1676 1687 1886 1727 mecum
1917 1669 2070 1725 illum

476 1768 886 1834 pantomimum,
918 1774 1096 1821 amate
1125 1765 1269 1820 illam
1294 1779 1502 1820 mecum
1530 1772 1586 1818 et
1609 1763 1751 1818 illam
1782 1759 2070 1832 turpitudi-

471 1872 621 1911 nem.
664 1856 874 1912 Clamat
905 1857 992 1910 ille
1019 1859 1072 1910 in
1108 1855 1335 1926 populo,
1363 1865 1423 1909 ut
1450 1863 1664 1909 ametur
1686 1869 1809 1908 cum
1836 1851 1932 1907 illo
1957 1861 2073 1906 tur-

472 1947 778 2018 pitudo:et
821 1946 1147 2002 christianos
1185 1961 1294 2001 non
1337 1945 1535 2000 clamat
1583 1943 1637 2000 in
1683 1943 1959 2012 Ecclesia,
2009 1952 2070 1998 ut

471 2055 683 2100 ametur
709 2057 832 2099 cum
863 2044 955 2099 illo
997 2043 1196 2098 veritas
1235 2042 1330 2096 Dei
1357 2041 1371 2096 !
1405 2036 1650 2096 Excitate
1673 2054 1805 2110 ergo
1831 2038 1887 2093 in
1915 2039 2069 2093 vobis

471 2152 709 2191 umorem
732 2178 748 2202 ,
782 2135 974 2190 fratres
992 2178 1008 2202 ,
1042 2144 1098 2189 et
1125 2135 1354 2190 clamate
1397 2132 1690 2204 unicuique
1720 2141 2023 2186 vestrorum
2049 2171 2065 2194 ,

471 2237 528 2282 ct
555 2228 714 2282 dicite
743 2225 1113 2295 :Magniﬁeate
1152 2217 1435 2278 Dominum
1471 2238 1686 2277 mecum.
1730 2222 1809 2277 Sit
1836 2223 1888 2276 in
1915 2221 2069 2277 vobis

472 2318 574 2374 iste
601 2318 798 2375 fenor.
827 2319 1003 2385 Quare
1030 2317 1182 2371 vobis
1226 2317 1520 2371 recitantur
1546 2314 1643 2370 ista
1665 2356 1680 2377 ,
1710 2322 1763 2369 et
1788 2328 2069 2384 exponun-

474 2409 594 2463 tur?
631 2410 685 2465 Si
715 2411 908 2464 amatis
938 2409 1104 2464 Deum
1126 2451 1140 2474 ,
1170 2409 1342 2479 rapite
1369 2421 1559 2463 omnes
1585 2406 1653 2462 ad
1695 2420 1933 2461 amorem
1975 2406 2068 2460 Dei

470 2503 561 2570 qui
608 2503 758 2557 vobis
794 2501 1130 2574 junguntur,
1178 2508 1235 2555 ct
1277 2514 1466 2555 omnes
1514 2497 1605 2570 qui
1647 2506 1773 2552 sunt
1814 2498 1866 2551 in
1907 2497 2070 2552 domo

472 2605 649 2647 vestra
674 2610 688 2644 :
708 2592 752 2647 si
777 2583 987 2647 amator
1011 2607 1040 2646 a
1067 2591 1218 2646 vobis
1243 2604 1440 2661 corpus
1462 2587 1682 2654 Christi,
1715 2587 1768 2643 id
1788 2595 1872 2642 est
1893 2587 2071 2641 unitas

473 2679 751 2751 Ecclesize,
779 2683 952 2754 rapite
989 2697 1085 2738 eos
1111 2682 1176 2737 ad
1205 2681 1488 2737 fruendum
1507 2721 1523 2746 ,
1554 2689 1611 2736 et
1639 2679 1802 2735 dicite
1825 2673 2069 2749 :Magni-

476 2777 625 2844 ﬂente
653 2773 930 2829 Dominum
959 2789 1176 2828 mecum.
1304 2837 1312 2843 ξ

548 2868 600 2920 7.
631 2865 782 2939 [verm
813 2863 894 2939 4.]
936 2865 1005 2919 Et
1039 2865 1317 2920 exaltemus
1356 2879 1539 2918 nomen
1581 2865 1694 2935 ejus
1734 2864 1788 2917 in
1823 2861 2068 2934 ldipsunt.

476 2957 614 3025 Quid
643 2967 746 3021 est,
787 2958 1067 3013 exaltemus
1089 2972 1275 3012 nomen
1297 2957 1411 3026 ejus
1437 2957 1490 3009 in
1515 2955 1736 3025 idipsum
1755 2954 1782 3009 ?
1808 2955 1920 3009 Hoc
1951 2962 2034 3008 est
2051 2993 2068 3016 .

475 3053 531 3108 in
561 3067 750 3107 unum.
778 3050 913 3107 Nam
940 3049 1092 3106 multi
1117 3049 1333 3106 codices
1369 3048 1449 3104 sic
1490 3046 1687 3103 habent
1707 3063 1721 3100 :
1743 3041 2074 3117 Magniﬁcam

473 3145 758 3199 Dominum
799 3159 997 3198 mecum
1017 3183 1035 3208 ,
1079 3152 1130 3196 et
1153 3139 1436 3196 exaltemus
1453 3155 1640 3195 nomen
1675 3139 1787 3208 ejus
1810 3138 1863 3191 in
1886 3153 2067 3191 unum.

476 3237 604 3292 Sive
627 3237 680 3290 in
703 3236 930 3305 idipsunt
956 3233 1200 3301 dicatur,
1242 3232 1357 3288 sive
1383 3232 1437 3286 in
1473 3245 1661 3296 unum;
1691 3231 1792 3285 hoc
1817 3228 1959 3285 idem
1985 3228 2071 3283 di-

471 3328 632 3381 citur.
661 3326 804 3397 Ergo
824 3324 996 3394 rapite
1018 3339 1155 3395 quos
1176 3323 1423 3394 potestis,
1441 3319 1726 3384 hortando,
1756 3318 2066 3390 portando‘,

472 3417 738 3489 rogando,
762 3413 1107 3487 disputando,
1135 3415 1401 3470 rationem
1430 3411 1738 3476 reddendo,
1771 3425 1893 3466 cum
1919 3422 2074 3463 rnnn-

472 3509 794 3576 suetudine,
838 3523 962 3562 cum
1005 3507 1263 3563 lenitate:
1291 3505 1462 3575 rapite
1507 3501 1578 3559 ad
1620 3518 1897 3567 amorem;
1942 3500 2072 3556 utsi

474 3600 822 3672 magniﬁcam
852 3599 1158 3664 Dominum,
1190 3599 1244 3653 in
1274 3614 1436 3654 unum
1465 3594 1826 3668 magniﬁcent.
1855 3594 1922 3650 Et
1948 3609 2074 3664 pars

473 3688 671 3748 Donati
700 3691 908 3747 videtur
936 3690 1040 3745 sibi
1082 3689 1428 3760 magniﬁcare
1466 3687 1750 3746 Dominum
1779 3703 1794 3738 :
1821 3684 1949 3755 quid
1976 3699 2074 3740 eos

475 3783 703 3839 omendit
729 3783 878 3837 orbis
903 3779 1211 3836 terrarum?
1240 3779 1494 3834 Dicamus
1523 3778 1628 3833 illis
1649 3819 1664 3844 ,
1698 3776 1930 3832 fratres:
1955 3775 2073 3853 Mne

475 3875 714 3945 gniﬁcate
742 3873 1014 3927 Dominum
1043 3887 1272 3944 mecum,
1301 3878 1349 3924 et
1372 3869 1652 3924 exaltemus
1677 3884 1860 3922 nomen
1885 3867 1996 3937 ejus
2020 3866 2074 3921 in

474 3982 658 4020 unum.
697 3965 876 4031 Quare
904 3963 958 4019 in
988 3961 1305 4034 praecisione
1334 3959 1496 4016 vultis
1524 3959 1865 4030 magniﬁcam
1893 3959 2075 4013 Domi-

475 4056 648 4111 num?
677 4055 770 4109 Ille
807 4071 947 4109 unus
972 4063 1073 4119 est,
1104 4067 1272 4124 quare
1296 4050 1434 4107 duos
1463 4050 1688 4120 populos
1713 4049 1873 4104 vultis
1899 4048 2075 4104 facere

477 4146 634 4200 Deo?
677 4145 856 4213 Quare
898 4144 1060 4198 vultis
1102 4142 1371 4212 dissipare
1415 4156 1611 4210 corpus
1655 4137 2076 4195 Christi?Certe

477 4236 626 4292 enim
655 4237 770 4306 ipse
798 4233 1068 4304 pendebat
1095 4233 1148 4287 in
1173 4246 1371 4298 cruce,
1401 4229 1616 4300 quando
1643 4228 2031 4300 tympanizabat
2057 4246 2072 4282 :

474 4337 533 4383 ct
567 4343 689 4383 cum
717 4326 975 4398 penderet
1001 4326 1052 4379 in
1080 4338 1275 4390 cruce,
1319 4322 1497 4378 emisit
1521 4322 1806 4400 spiritum;
1834 4331 1889 4376 et
1913 4336 2075 4378 vene-

475 4429 603 4474 runt
643 4419 720 4472 illi
747 4418 837 4488 qui
864 4432 986 4472 eum
1017 4413 1449 4485 suspenderant,
1496 4420 1551 4467 et
1597 4411 1915 4468 invenerunt
1949 4427 2075 4466 eum

476 4512 723 4565 emisisse
751 4509 1020 4580 spiritum,
1049 4515 1106 4561 et
1145 4521 1250 4560 non
1279 4505 1355 4559 illi
1393 4503 1668 4575 fregerunt
1689 4518 1847 4560 crura
1873 4521 1885 4556 :
1913 4505 2075 4558 latro-

477 4602 638 4657 nibus
689 4611 868 4653 autem
919 4598 1095 4652 adhuc
1144 4597 1196 4650 in
1246 4610 1406 4651 cruce
1449 4595 1751 4651 viventibus
1803 4594 2078 4665 fregerunt

480 4693 660 4763 (Joan.
690 4707 804 4755 XIX,
833 4691 920 4752 52,
947 4689 1062 4759 55),
1087 4698 1145 4743 ιιι
1171 4703 1266 4758 per
1291 4688 1462 4759 ipsum
1490 4687 1729 4742 dolorem
1758 4687 2078 4757 compendio

477 4783 670 4839 mortis
696 4784 762 4835 ab
786 4781 879 4836 illo
908 4781 1145 4836 cruciatu
1169 4780 1545 4842 liberarentur,
1574 4777 1843 4848 quomodo
1868 4779 2079 4857 solebat

478 4873 752 4929 crucifixis
800 4872 936 4927 fieri.
978 4868 1122 4941 Ergo
1149 4871 1299 4925 venit
1338 4878 1670 4939 persecutor,
1721 4869 1926 4924 invenit
1971 4870 2076 4924 Do.

479 4966 686 5019 mitium
716 4962 1258 5032 quictuddposuisse
1299 4962 1544 5032 spiritum
1573 4981 1586 5016 :
1611 4963 1731 5032 quia
1765 4962 1878 5030 ipse
1904 4961 2074 5024 dixit,

479 5056 791 5110 Potestatem
821 5054 978 5108 habeo
1031 5054 1250 5118 ponendi
1289 5050 1512 5106 animant
1558 5070 1718 5106 meam
1749 5053 1862 5122 (Id.
1884 5068 1939 5120 κ,
1963 5055 2074 5122 18).

479 5146 589 5200 Pro
616 5145 809 5215 quibus
840 5145 1015 5212 posuit
1042 5145 1276 5198 animam
1303 5145 1492 5197 suam?
1519 5144 1622 5198 Pro
1651 5145 1897 5199 universa
1925 5146 2080 5214 p!che

481 5252 602 5302 sua,
631 5252 730 5307 pro
773 5245 886 5290 toto
920 5245 1147 5305 corpore
1174 5250 1293 5290 suo.
1321 5232 1480 5289 Venit
1504 5251 1634 5305 ergo
1657 5246 1995 5306 persecutor,
2027 5247 2082 5291 et

481 5345 590 5384 non
635 5329 791 5398 fregit
833 5343 989 5382 crura
1018 5325 1215 5382 Citriin
1249 5344 1264 5382 :
1297 5328 1439 5381 venit
1481 5327 1720 5381 Donatus
1757 5336 1812 5381 et
1855 5328 2083 5396 disrupit

482 5421 784 5477 Ecclesiam
820 5419 1042 5476 Christi.
1078 5418 1347 5490 lntegrum
1389 5433 1587 5488 corpus
1612 5417 1814 5474 Christi
1843 5418 1895 5472 in
1923 5435 2082 5474 cnice

482 5513 626 5568 inter
648 5527 837 5566 manus
866 5521 1271 5580 persecuturum
1305 5520 1408 5574 est,
1438 5520 1492 5566 et
1523 5511 1664 5566 inter
1701 5527 1892 5565 manus
1922 5511 2081 5566 Chri-

483 5605 783 5659 stiazrorum
811 5620 917 5657 non
944 5615 1028 5659 cst
1049 5604 1313 5674 integrum
1343 5617 1540 5674 corpus
1566 5602 1840 5659 Ecclesize.
1868 5604 2081 5659 Clame-

551 5737 568 5767 ι
596 5743 702 5784 stss.
727 5736 924 5799 quidam
946 5739 1191 5800 omittunt,
1219 5738 1471 5800 portando.
1498 5735 1714 5788 Nonnulli
1741 5738 1852 5801 ejus
1874 5736 1980 5788 loco
1999 5739 2084 5790 ha-

491 5802 622 5861 bent,
645 5803 905 5860 operando.

3661 366 3770 428 3i!

2181 495 2302 536 mos
2323 496 2455 553 ergo
2473 525 2489 550 ,
2521 481 2743 551 fratres,
2779 498 2904 540 cum
2928 484 3126 556 gemitu
3162 490 3416 558 quantum
3445 499 3730 559 possumus
3761 530 3774 542 .

2177 571 2807 646 diccntes:Magni/ieate
2846 576 3122 632 Dominum
3165 596 3391 648 mecum,
3419 591 3468 635 et
3489 583 3773 636 exaltemus

2178 680 2360 719 nomen
2393 666 2506 736 ejus
2531 667 2586 720 in
2615 683 2794 722 unum.
2823 668 3061 724 Ecclesia
3088 671 3230 724 enim
3261 670 3368 725 illis
3398 671 3634 734 clamat:
3658 687 3763 727 vox

2177 765 2262 810 est
2288 755 2564 820 Ecclesiae,
2586 759 2824 814 clamans
2845 759 2950 815 illis
2967 762 3058 832 qui
3087 776 3148 817 se
3175 761 3581 832 pncciderunt‘.
3611 762 3770 819 Unde

2177 850 2321 903 enim
2371 848 2599 922 disrupti
2646 853 2805 907 sunt?
2845 849 2950 908 Per
2990 854 3315 926 superbiam.
3357 856 3530 912 Docet
3585 865 3767 911 autem

2178 942 2425 1000 Christus
2472 943 2858 1011 humilitatem,
2913 962 3036 1002 cum
3085 948 3426 1006 commendat
3470 964 3667 1019 corpus
3714 960 3774 1005 et

2177 1034 2489 1104 sanguinem
2521 1050 2676 1092 suum
2704 1037 2881 1108 :qood
2912 1038 3143 1093 diximus
3173 1039 3446 1095 Sanctitati
3475 1040 3684 1096 Vestra:
3714 1042 3770 1096 in

2178 1125 2281 1181 hoc
2307 1127 2501 1183 Psalmi
2537 1137 2682 1184 textu
2710 1131 2793 1200 agi
2821 1141 2872 1186 ct
2913 1132 3172 1188 celebrari
3197 1172 3212 1196 ,
3243 1133 3334 1188 ubi
3360 1133 3774 1191 commendatur

2176 1231 2371 1287 corpus
2399 1230 2453 1273 et
2479 1221 2693 1291 sanguis
2712 1221 2932 1288 Christi,
2956 1222 3046 1278 ubi
3067 1224 3473 1279 commendatur
3497 1224 3774 1282 humilitas

2176 1303 2395 1373 Christi,
2425 1325 2584 1379 quam
2615 1325 2710 1378 pro
2737 1312 2889 1367 nobis
2918 1313 3188 1383 suscipere
3215 1313 3460 1385 dignatus
3486 1325 3587 1372 est.

2247 1397 2302 1454 8.
2353 1396 2504 1472 [oers.
2545 1400 2625 1475 5.]
2671 1401 2921 1475 lnqm'sivi
2965 1403 3259 1470 Dominum,
3301 1415 3351 1461 et
3384 1408 3640 1463 emditn't
3665 1424 3770 1464 nte.

2177 1483 2278 1545 Ubi
2321 1490 2595 1547 exaudivit
2638 1493 2928 1551 Dominus?
2973 1494 3139 1553 Intus.
3186 1496 3290 1554 Ubi
3333 1497 3460 1554 dat?
3497 1497 3657 1555 Intus.
3693 1501 3773 1557 lbi

2176 1591 2320 1645 oras,
2350 1581 2421 1635 ibi
2448 1581 2738 1651 exaudiris,
2762 1583 2832 1640 ibi
2859 1581 3199 1642 beatificaris.
3227 1585 3461 1658 Orasti',
3485 1589 3774 1646 exauditus

2176 1683 2270 1737 es,
2316 1671 2650 1729 heatillcatus
2688 1689 2778 1742 es;
2830 1683 2887 1732 et
2927 1691 3035 1733 non
3081 1676 3186 1734 scit
3229 1679 3319 1750 qui
3357 1679 3508 1750 juxta
3548 1691 3601 1738 te
3626 1690 3771 1741 stat:

2177 1770 2383 1832 gestum
2411 1773 2494 1818 est
2519 1773 2689 1821 totum
2715 1766 2768 1821 in
2797 1768 3030 1836 occulto,
3060 1769 3203 1826 sicut
3230 1771 3487 1828 Dominus
3512 1773 3564 1829 in
3586 1775 3772 1830 Evan-

2176 1852 2316 1922 geiio
2343 1853 2512 1910 dicit:
2541 1853 2690 1910 Intra
2725 1857 2779 1911 in
2817 1857 3109 1914 cubiculum
3157 1869 3331 1928 tuum,
3369 1863 3553 1920 claude
3581 1866 3774 1919 ostium

2177 1953 2342 2011 tuum,
2391 1956 2440 2000 et
2479 1963 2573 2001 ora
2613 1948 2667 2002 in
2705 1949 2932 2014 occulto,
2975 1960 3024 2005 et
3069 1945 3230 2007 Pater
3266 1964 3385 2009 tuus
3423 1955 3510 2026 qui
3547 1956 3678 2011 videt
3717 1959 3774 2012 in

2177 2035 2394 2101 occulto,
2439 2037 2614 2091 reddet
2642 2038 2732 2092 tibi
2760 2038 2976 2110 (Matth.
3019 2057 3109 2108 vr,
3157 2042 3236 2115 6).
3277 2043 3409 2099 Cum
3450 2059 3578 2116 ergo
3605 2047 3776 2104 intras

2176 2127 2478 2183 cubiculum
2511 2139 2658 2184 tuom
2683 2131 2901 2198 ,qintras
2928 2146 3023 2187 cor
3049 2142 3218 2189 tuom.
3250 2130 3396 2190 Beati
3425 2135 3514 2206 qui
3539 2136 3777 2206 gaudent

2176 2217 2391 2286 quando
2433 2218 2633 2274 intrant
2670 2219 2737 2275 ad
2764 2237 2860 2276 cor
2883 2235 3037 2278 suum
3063 2262 3080 2291 ,
3125 2233 3180 2280 et
3206 2226 3337 2281 nihil
3366 2227 3488 2282 mali
3517 2228 3587 2283 ibi
3614 2228 3773 2285 inve-

2178 2307 2350 2362 niont.
2399 2310 2650 2366 Attendat
2693 2309 2962 2369 Sanctitas
3007 2312 3531 2388 Vestrazqnomodo
3575 2320 3772 2379 nolunt

2179 2398 2380 2455 intrare
2403 2397 2594 2457 domos
2611 2417 2735 2458 suas
2753 2404 2842 2474 qui
2864 2402 3063 2468 habent
3082 2407 3249 2471 maias
3268 2424 3481 2477 uxores,
3500 2412 3776 2482 quomodo

2176 2497 2376 2547 exeunt
2401 2489 2468 2547 ad
2494 2490 2669 2548 forum
2690 2534 2706 2559 ,
2751 2503 2807 2549 et
2843 2485 3108 2566 gaudent';
3136 2497 3301 2568 capit
3328 2498 3459 2554 hora
3485 2515 3637 2566 esse,
3666 2516 3773 2572 qua

2177 2580 2378 2638 intrent
2399 2584 2451 2639 in
2479 2585 2696 2643 domum
2717 2602 2888 2652 suam,
2923 2579 3344 2648 contristantur:
3369 2592 3613 2650 intratori
3639 2605 3769 2650 sunt

2176 2676 2321 2731 enim
2363 2676 2430 2731 ad
2469 2678 2663 2745 taedia,
2709 2680 2776 2736 ad
2821 2696 3127 2749 murmura,
3170 2683 3235 2739 ad
3266 2684 3671 2747 amaritudines.
3703 2684 3776 2742 ad

2179 2762 2676 2842 e'versiones;-quia
2705 2788 2812 2828 non
2842 2782 2925 2830 est
2948 2774 3143 2832 domos
3168 2776 3488 2846 composita,
3519 2779 3608 2834 ubi
3634 2778 3778 2834 inter

2177 2859 2352 2915 virum
2374 2870 2426 2916 et
2448 2876 2670 2918 uxorem
2693 2879 2798 2936 pax
2826 2865 2970 2921 nulla
2997 2876 3108 2932 est;
3140 2873 3196 2924 et
3222 2868 3413 2924 melius
3438 2869 3510 2924 illi
3536 2880 3619 2926 est
3645 2871 3776 2926 foris

2178 2950 2485 3008 circumire.
2529 2951 2589 3009 Si
2616 2968 2745 3025 ergo
2774 2957 2955 3012 miseri
2999 2965 3159 3025 sunt,
3191 2959 3428 3030 quicum
3454 2961 3680 3017 redeunt
3704 2963 3774 3019 ad

2179 3044 2411 3114 parietes
2437 3059 2598 3111 suos,
2631 3047 2826 3124 timent
2860 3063 2930 3104 ne
2953 3049 3219 3120 aliquibus
3241 3065 3458 3107 suorum
3489 3054 3777 3123 perturba-

2180 3135 2416 3192 tionibus
2443 3146 2779 3204 evertantur;
2809 3148 3011 3210 quanto
3039 3150 3166 3197 sunt
3202 3141 3509 3199 miseriores
3531 3185 3549 3210 ,
3588 3146 3679 3215 qui
3705 3147 3777 3201 nti

2179 3225 2565 3281 conscientiam
2595 3243 2747 3283 suam
2777 3229 2954 3286 redire
2977 3231 3188 3300 nolunt,
3233 3248 3302 3289 ne
3334 3234 3405 3289 ibi
3436 3234 3615 3292 litibus
3644 3250 3777 3307 ρεαδ

2179 3327 2420 3373 catorum
2463 3322 2807 3377 evertantori
2839 3321 2986 3392 Ergo
3014 3333 3071 3379 ut
3100 3326 3274 3394 possis
3299 3326 3473 3383 libens
3503 3329 3686 3385 redire
3706 3327 3779 3386 ad

2178 3422 2274 3462 cor
2302 3417 2485 3473 tuum,
2525 3409 2726 3466 munda
2767 3411 3099 3469 illud:beati
3145 3415 3291 3470 enim
3338 3417 3521 3472 mundi
3548 3422 3776 3488 cordo,

2179 3498 2431 3570 quoniam
2471 3500 2572 3570 ipsi
2615 3501 2783 3557 Deum
2820 3502 3079 3560 videbunt
3107 3503 3312 3578 (ld.'v,
3345 3508 3426 3579 8).
3457 3511 3622 3565 Aufer
3641 3499 3782 3568 inde

2178 3593 2527 3663 cupiditatum
2549 3593 2759 3662 sordes,
2771 3595 2929 3651 aufer
2948 3596 3123 3653 labem
3143 3598 3403 3667 avaritia,
3424 3600 3574 3658 aufer
3595 3600 3780 3662 tabem

2179 3685 2661 3755 superstitionum,
2711 3685 2865 3742 aufer
2919 3687 3198 3760 sacrilegia
3247 3696 3303 3747 et
3351 3692 3521 3748 maias
3570 3697 3782 3766 cogita-

2181 3778 2390 3840 tiones;
2417 3775 2537 3831 odia
2557 3816 2574 3842 ,
2608 3791 2716 3831 non
2750 3776 2874 3833 dico
2896 3777 3158 3835 adversus
3180 3781 3442 3850 amicum,
3489 3784 3583 3839 sed
3613 3785 3781 3842 etiam

2179 3867 2439 3923 adversus
2484 3860 2796 3924 inimicum:
2820 3868 2972 3924 aufer
3016 3868 3117 3926 ista
3156 3873 3370 3938 omnia;
3413 3874 3550 3930 intra
3593 3877 3646 3932 in
3683 3890 3785 3936 cor

2182 3967 2370 4022 tuum,
2415 3965 2472 4014 et
2521 3957 2778 4028 gaudebis
2818 3960 2911 4015 ibi.
2960 3958 3093 4016 Cum
3129 3961 3200 4018 ibi
3241 3965 3468 4035 ceperis
3505 3967 3778 4037 gaudere,

2182 4048 2295 4119 ipsa
2322 4048 2582 4104 munditia
2607 4049 2785 4105 cordis
2817 4051 2891 4106 tui
2918 4049 3205 4110 delectabit
3225 4061 3297 4121 te,
3328 4065 3381 4111 et
3408 4055 3566 4113 faciet
3585 4074 3778 4116 orare:

2181 4144 2451 4215 quomodo
2487 4144 2533 4199 si
2569 4145 2754 4202 venias
2782 4144 2849 4200 ad
2876 4145 3108 4218 aliquem
3137 4147 3314 4204 locum
3335 4190 3351 4212 ,
3395 4151 3665 4208 silentium
3695 4164 3781 4210 est

2183 4235 2290 4301 ibi,
2324 4234 2462 4290 forte
2490 4235 2644 4306 quies
2679 4245 2761 4290 est
2800 4235 2872 4291 ibi
2894 4277 2911 4302 ,
2958 4237 3189 4292 mundos
3217 4249 3302 4294 cst
3325 4239 3502 4307 locus;
3547 4241 3784 4299 Oremus

2184 4324 2293 4393 hic,
2335 4325 2473 4381 dicis
2496 4343 2510 4380 :
2533 4334 2591 4381 et
2630 4325 2861 4381 delectat
2890 4336 2943 4384 te
2967 4329 3291 4398 compositio
3323 4331 3424 4386 loci
3451 4372 3468 4400 ,
3508 4342 3563 4388 et
3599 4331 3782 4390 credis

2183 4419 2326 4490 quod
2367 4419 2438 4474 ibi
2484 4426 2537 4474 te
2575 4419 2827 4475 exaudiat
2867 4420 3027 4476 Deus.
3076 4417 3135 4477 Si
3173 4435 3302 4492 ergo
3349 4423 3450 4479 ioci
3477 4424 3701 4482 visibilis
3726 4437 3781 4483 te

2183 4511 2414 4566 delectat
2438 4510 2702 4566 munditia
2725 4553 2739 4577 ,
2767 4527 2933 4582 quare
2964 4523 3015 4567 te
3045 4528 3151 4568 non
3179 4515 3402 4570 offendit
3439 4515 3778 4573 immunditia

2182 4602 2360 4656 cordis
2389 4601 2505 4656 tui?
2534 4601 2699 4670 Intra,
2731 4602 2929 4657 munda
2955 4605 3132 4658 omnia
3157 4643 3175 4671 ,
3205 4605 3318 4661 leva
3347 4608 3532 4662 oculos
3560 4617 3680 4663 tuos
3710 4611 3780 4665 ad

2186 4694 2376 4760 Deum,
2404 4704 2457 4749 et
2485 4694 2669 4748 statim
2701 4701 2752 4748 te
2772 4694 3039 4749 exaudiet.
3069 4693 3275 4763 Clama,
3299 4707 3352 4754 et
3378 4697 3466 4752 die
3493 4697 3785 4769 :Inquisiri

2183 4785 2492 4849 Dominum,
2539 4793 2586 4840 et
2625 4784 2882 4839 exaudivit
2923 4803 3040 4851 me;
3078 4796 3125 4841 et
3166 4804 3229 4841 ea:
3280 4790 3516 4842 omnibus
3564 4790 3785 4846 tribula-

2188 4879 2406 4932 tionibus
2435 4879 2560 4933 meis
2589 4878 2718 4932 eruit
2754 4895 2851 4932 me.
2883 4879 3060 4945 Quare
3081 4881 3104 4934 ?
3129 4881 3262 4948 Quia
3306 4898 3429 4937 cum
3463 4883 3626 4940 fueris
3654 4885 3784 4939 illu-

2185 4973 2439 5037 minatos,
2457 4987 2578 5024 cum
2594 4971 2824 5042 cci-peris
2841 4971 2925 5026 hic
2943 4971 3138 5026 habere
3157 4973 3348 5027 bonam
3371 4979 3781 5043 conscientiam,

2186 5072 2390 5118 restant
2420 5060 2791 5118 tribulationcs
2813 5102 2828 5129 ,
2879 5063 3005 5134 quia
3051 5073 3215 5119 restat
3258 5066 3456 5136 aliquid
3488 5066 3787 5134 infirmum,

2187 5156 2358 5209 donec
2385 5167 2531 5208 mors
2552 5152 2901 5207 absorbeatur
2930 5155 2980 5208 in
3010 5155 3310 5222 victoriam,
3341 5166 3395 5212 et
3423 5161 3652 5215 mortale
3678 5160 3785 5218 hoc

2190 5248 2374 5301 induat
2415 5245 2872 5301 immortalitatem
2917 5244 2973 5318 (l
3014 5246 3132 5301 Cor.
3176 5264 3269 5313 xv,
3301 5249 3673 5317 54):necesse
3701 5265 3793 5308 est

2189 5351 2249 5395 ut
2279 5340 2331 5394 in
2363 5340 2464 5394 hoc
2493 5340 2692 5394 sarculo
2737 5338 3052 5408 ilagelicris;
3101 5356 3323 5397 necesse
3361 5352 3445 5398 cst
3481 5353 3540 5398 ut
3577 5347 3791 5415 aliquos

2190 5431 2515 5486 tentationcs
2557 5435 3030 5501 suggestiouesquc
3060 5432 3297 5500 patiaris.
3342 5434 3616 5491 Mundabit
3641 5437 3790 5493 Deos

2191 5521 2402 5586 omnia,
2430 5530 2583 5576 eruet
2626 5530 2679 5576 te
2707 5521 2775 5576 ab
2799 5521 2944 5575 omni
2976 5522 3336 5591 tribulatione,
3372 5525 3541 5595 ipsum
3580 5543 3785 5599 qumre.

2258 5679 2274 5709 ι
2299 5677 2373 5726 sic
2395 5674 2445 5726 in
2467 5682 2572 5725 Mss.
2601 5682 2657 5726 Αι
2675 5677 2725 5726 in
2748 5675 2882 5738 ΕΜ..
2907 5676 3346 5738 pracipilaoeruut.

2197 5741 2280 5851 An:
2303 5743 2376 5851 tiri
2393 5743 2611 5850 gibt,
2650 5737 2812 5789 orasti
2830 5737 2974 5801 sum,
3001 5737 3261 5791 exauditus
3280 5753 3348 5792 es.
3375 5740 3536 5807 Abest,
3559 5737 3713 5802 intus,
3729 5746 3795 5796 sb
