4008 6332
237 388 346 448 διδ

311 507 364 564 9.
407 505 652 577 Inquisivi
686 504 991 573 Dominum,
1039 520 1084 563 et
1113 510 1368 564 exaudivit
1415 528 1512 566 me.
1555 511 1653 580 Qui
1704 527 1834 585 ergo

237 615 348 658 non
383 601 761 662 exaudiuutur,
809 616 914 656 non
957 601 1238 656 Dominum
1283 612 1546 673 quccrunt.
1596 602 1838 661 intendat

232 689 503 747 Sanctitas
533 690 758 746 Vestra:
803 705 908 745 non
938 688 1106 756 dixit,
1154 688 1400 761 lnquisivi
1445 708 1631 747 aurum
1673 710 1701 746 a
1730 692 1837 748 Do-

234 781 410 845 mino,
440 788 495 836 et
530 780 800 836 exaudivit
836 796 952 849 me;
981 781 1225 852 inquisivi
1266 797 1296 836 a
1326 783 1551 838 Domino
1585 780 1834 841 senectu-

233 881 383 939 tem,
422 883 478 928 et
516 873 790 928 exaudivit
828 889 947 940 me;
989 873 1233 945 inquisivi
1280 891 1308 930 a
1357 877 1582 931 Domino
1609 877 1711 934 hoc
1744 890 1834 936 ant

232 966 400 1031 illud,
430 976 485 1022 et
521 967 790 1023 exaudivit
818 982 922 1022 me.
965 966 1119 1022 Aliud
1150 977 1234 1023 est
1260 967 1455 1039 aliquid
1506 969 1773 1040 inquirere
1800 989 1828 1026 a

234 1057 494 1122 Domino,
532 1058 673 1113 aliud
703 1058 873 1128 ipsum
902 1057 1184 1113 Dominum
1230 1057 1517 1129 inquirere.
1549 1060 1828 1130 luquisivi,

229 1149 442 1220 inquit,
476 1149 778 1211 Dominum.
810 1159 854 1203 et
881 1149 1135 1204 eazaudivit
1161 1165 1258 1204 me.
1289 1149 1368 1206 Tu
1413 1161 1588 1206 autem
1620 1153 1830 1222 quando

228 1254 385 1306 oras,
435 1239 696 1307 et-dicis,
741 1239 936 1295 Occide
980 1240 1123 1294 illum
1156 1240 1428 1296 inimicum
1467 1257 1680 1306 meum;
1719 1239 1829 1297 non

230 1330 518 1386 Dominum
549 1331 802 1403 inquiris,
842 1330 935 1386 sed
962 1331 1114 1403 quasi
1155 1331 1286 1387 facis
1315 1343 1365 1389 te
1404 1328 1638 1403 judieem
1666 1349 1829 1405 super

228 1421 504 1476 inimicum
546 1431 726 1489 tuum,
780 1430 832 1476 et
880 1419 1008 1476 facis
1052 1419 1127 1494 (a)
1175 1424 1612 1492 qumstionarium
1661 1424 1825 1482 Deum

225 1519 401 1566 tuum.
432 1510 584 1568 Unde
614 1511 718 1566 scis
746 1528 813 1566 ne
843 1513 1031 1567 melior
1059 1524 1109 1568 te
1136 1513 1204 1566 sit
1233 1514 1386 1584 cujus
1424 1526 1648 1569 mortem
1675 1532 1825 1584 qna:-

224 1605 344 1660 ris?
372 1604 451 1660 Eo
493 1604 610 1674 ipso
645 1604 816 1667 forte,
848 1605 967 1676 quia
1002 1603 1089 1660 ille
1121 1621 1223 1658 non
1264 1606 1456 1676 quaerit
1492 1617 1655 1661 tuam.
1688 1608 1826 1679 Ergo

223 1696 337 1750 noli
365 1695 560 1766 aliquid
598 1712 628 1749 a
659 1696 882 1749 Domino
905 1705 1054 1749 extra
1084 1711 1355 1766 qua-rere,
1388 1696 1482 1752 sed
1512 1698 1682 1769 ipsum
1713 1698 1825 1752 Do-

223 1785 431 1839 minum
461 1799 680 1854 qna-rc,
710 1795 764 1839 et
790 1784 1035 1840 exaudiet
1079 1796 1163 1848 te,
1191 1794 1246 1840 et
1270 1785 1444 1841 adlmc
1483 1796 1534 1841 te
1573 1788 1825 1857 loquente

219 1875 388 1938 dicet,
423 1873 556 1928 Ecce
579 1875 762 1929 adsum
789 1872 942 1947 (lsai.
971 1891 1092 1942 va,
1125 1874 1534 1949 24)..Quid3est,
1569 1875 1703 1934 Ecce
1728 1878 1824 1932 ad-

218 1968 379 2022 sum.’
406 1967 546 2022 Ecce
573 1982 811 2038 praesens
837 1983 988 2034 sum,
1018 1968 1145 2039 quid
1177 1969 1256 2023 vis
1274 2009 1289 2033 ,
1333 1969 1460 2040 quid
1486 1984 1516 2024 a
1561 1985 1649 2025 me
1675 1986 1823 2042 qure-

218 2058 331 2114 ris?
360 2057 624 2129 Quidquid
651 2057 743 2112 tibi
774 2057 1008 2126 dedero,
1050 2059 1211 2114 vilius
1236 2068 1316 2115 est
1345 2076 1505 2132 quam
1533 2077 1632 2133 ego
1663 2080 1675 2117 :
1709 2075 1825 2119 met-

219 2150 396 2220 ipsum
427 2150 563 2205 habe
591 2151 632 2215 ',
664 2164 751 2204 me
793 2149 1005 2217 fruere,
1053 2165 1138 2205 me
1179 2151 1503 2222 amplectere
1532 2170 1546 2205 :
1577 2154 1817 2210 nondum

217 2249 375 2311 potes
421 2249 564 2296 totus
608 2241 665 2306 ’ς
715 2255 782 2296 ex
828 2240 932 2295 fide
972 2241 1222 2312 continge
1265 2259 1383 2309 me,
1434 2252 1486 2299 et
1537 2245 1821 2306 inhzer‘ebis

216 2333 352 2387 mihi
380 2332 522 2407 (hoc
551 2334 644 2389 tibi
685 2334 826 2390 Deus
850 2331 1030 2407 dicit),
1056 2347 1108 2389 et
1134 2346 1327 2391 caetera
1355 2352 1516 2391 onera
1544 2347 1630 2392 tua
1660 2353 1759 2409 ego
1787 2355 1816 2393 a

218 2435 270 2481 te
299 2425 594 2496 deponam,
640 2435 700 2480 ut
741 2435 882 2482 totus
912 2427 1041 2481 mihi
1072 2426 1370 2494 inluereas,
1397 2443 1517 2483 cum
1546 2428 1646 2483 hoc
1676 2445 1820 2485 mor-

214 2517 325 2569 tale
369 2525 518 2569 tuum
551 2514 620 2570 ad
661 2515 1114 2586 immortalitatem
1155 2530 1471 2574 convertero
1500 2516 1549 2592 (Ι
1578 2517 1694 2575 Cor.
1726 2536 1815 2587 xv,

214 2608 350 2681 54);
382 2616 439 2662 ut
463 2610 538 2661 sis
563 2607 786 2679 arqualis
816 2609 1033 2679 Angelis
1060 2609 1194 2664 meis
1224 2608 1435 2683 (Matth.
1465 2627 1594 2678 xxn,
1618 2612 1733 2682 50),
1758 2622 1817 2668 et

211 2714 432 2770 setnper
461 2701 646 2755 videas
673 2699 863 2755 faciem
895 2717 1092 2764 meam,
1124 2711 1178 2757 et
1203 2702 1456 2773 gaudeas,
1485 2713 1538 2758 et
1566 2706 1813 2780 gaudium

213 2802 366 2848 tuum
396 2809 554 2849 nemo
582 2793 793 2850 auferet
830 2809 862 2848 a
905 2801 958 2850 te’
990 2795 1167 2867 (Joun.
1197 2811 1305 2863 xvr,
1335 2795 1462 2867 2i);
1495 2798 1614 2867 quia
1644 2798 1815 2869 inqui-

212 2887 333 2958 sisti
364 2879 679 2954 Dominum,
723 2893 780 2965 et
804 2887 1077 2944 exaudivit
1102 2898 1182 2956 te,
1210 2898 1264 2944 et
1287 2904 1354 2945 ex
1377 2889 1622 2947 omnibus
1649 2892 1817 2947 tribuo

209 2978 507 3034 lationibus
528 2979 635 3034 tuis
661 2981 805 3036 eruit
829 2989 905 3036 te.
1799 3027 1804 3030 .

287 3069 360 3124 10
402 3067 554 3142 [νοτε.
601 3068 680 3142 6.]
732 3069 972 3125 Diximus
1013 3071 1093 3143 (ὁ)
1134 3071 1252 3142 quis
1293 3081 1439 3129 esset
1479 3074 1810 3143 exhortator,

209 3172 426 3216 uitiator
453 3162 541 3217 ille
556 3158 578 3224 ’,
606 3162 698 3232 qui
727 3178 832 3217 nou
863 3162 1012 3218 solus
1038 3165 1148 3220 vult
1186 3165 1432 3250 amplecti
1463 3168 1603 3238 quod
1633 3176 1809 3237 amat,

205 3264 265 3310 et
290 3253 461 3308 dicit:
492 3254 728 3310 Accedite
752 3254 823 3308 ad
849 3271 988 3322 eum,
1018 3265 1066 3311 et
1091 3257 1473 3312 illuminamini.
1503 3260 1640 3316 Dicit
1669 3262 1810 3318 enim

204 3345 355 3414 quod
397 3344 512 3414 ipse
551 3344 815 3416 probavit.
856 3346 1158 3416 Spiritualis
1192 3348 1335 3403 enim
1366 3350 1578 3420 quidam
1610 3351 1663 3406 in
1692 3369 1814 3408 cor-

207 3452 348 3506 pore
377 3437 607 3504 Christi,
649 3439 733 3492 vel
775 3439 937 3493 etiam
982 3440 1096 3509 ipse
1135 3439 1394 3497 Dominus
1432 3455 1616 3500 noster
1656 3446 1811 3503 Jesns

202 3530 462 3584 Christus
485 3529 776 3584 secundum
804 3545 1043 3600 carnem,
1072 3542 1233 3602 caput
1257 3533 1546 3590 exhortans
1571 3539 1808 3593 membra

207 3633 405 3679 caetera
427 3662 444 3688 ,
474 3621 598 3692 quid
630 3621 796 3677 dicit?
825 3622 1056 3678 Accedite
1079 3624 1148 3678 ad
1181 3643 1322 3690 eum,
1352 3637 1397 3680 et
1428 3628 1806 3685 illuminanu'ni.

203 3707 316 3769 Aut
347 3714 527 3783 potius
549 3713 872 3770 christianus
895 3715 1084 3786 aliquis
1104 3717 1396 3788 spiritualis
1414 3720 1480 3774 ad
1505 3722 1674 3790 ipsum
1696 3722 1773 3776 Do
1789 3754 1807 3766 ο

204 3805 415 3858 mitium
439 3814 678 3860 nostrum
710 3805 890 3861 Jesnm
908 3807 1447 3864 Christuminvitatut
1467 3812 1806 3867 accedamus.

205 3896 315 3951 Sed
336 3896 660 3952 accedamus
686 3898 750 3952 ad
774 3916 917 3963 eum,
935 3911 992 3955 et
1008 3901 1392 3968 illuminemur;
1417 3920 1521 3958 non
1541 3907 1809 3976 quomodo

203 3987 271 4041 ad
295 4003 420 4040 eum
446 3997 789 4043 accesserunt
807 3989 994 4055 Judmi,
1020 3999 1076 4046 nt
1099 3992 1521 4047 tenebrarentur.
1551 3997 1806 4051 Accesse-

204 4087 336 4132 runt
365 4079 507 4132 enim
539 4077 603 4132 ad
635 4080 803 4143 illum,
834 4092 888 4134 ut
910 4081 1322 4152 crucifigerent:
1353 4100 1450 4140 nos
1475 4087 1540 4140 ad
1569 4103 1692 4142 eum
1719 4104 1808 4143 ae-

199 4171 496 4236 cedamus,
545 4179 604 4224 ut
646 4186 842 4241 corpus
882 4181 936 4226 et
973 4175 1284 4243 sanguinem
1312 4176 1430 4242 ejus
1458 4177 1800 4248 accipiamus.

199 4256 284 4315 Illi
331 4262 401 4315 de
440 4261 712 4324 ,crucifixo
762 4263 1023 4318 tenebrati
1069 4273 1241 4320 sunt:
1289 4283 1388 4320 nos
1438 4269 1808 4324 manducando

195 4355 524 4412 crucifixum
551 4363 605 4408 et
636 4353 868 4408 bibendo
899 4355 1276 4411 illmniuamur.
1313 4356 1546 4412 Accedite
1570 4360 1640 4412 ad
1667 4378 1803 4426 eum,

199 4460 249 4502 et
298 4446 701 4512 illuminamini,
753 4463 882 4501 ecce
929 4447 1191 4503 Gentibus
1237 4449 1452 4504 dicitur.
1508 4451 1807 4508 Crucifixus

193 4539 458 4594 Christus
504 4538 642 4592 inter
685 4537 900 4592 Jud;eos
942 4546 1059 4592 crat
1105 4538 1390 4594 srevientes
1435 4548 1488 4595 et
1529 4542 1801 4608 videntes,

199 4635 411 4691 Gentes
439 4633 691 4687 absentes
731 4627 883 4687 erant
910 4649 924 4686 :
955 4648 1082 4686 ecce
1121 4632 1196 4686 illi
1240 4644 1581 4688 accesserunt
1617 4635 1706 4704 qui
1750 4634 1803 4689 in

201 4726 442 4783 tenebris
480 4735 666 4786 erant,
707 4736 761 4778 et
794 4724 883 4793 qui
927 4740 1032 4777 non
1065 4723 1316 4779 viderunt
1347 4724 1628 4778 illuminati
1659 4736 1802 4780 sunt.

203 4819 359 4877 Unde
404 4817 668 4873 accedunt
709 4816 951 4874 Gentes?
999 4816 1128 4871 Fide
1172 4817 1463 4882 sectando,
1511 4816 1675 4872 corde
1720 4818 1804 4871 iu-

200 4909 425 4973 liisndo,
470 4907 732 4962 charitate
757 4907 1043 4962 currendo.
1071 4907 1240 4962 Pedes
1284 4907 1389 4974 tui,
1435 4908 1670 4962 charitas
1718 4919 1802 4963 tua

105 5058 114 5066 ,
199 5011 302 5056 est.
339 5001 487 5055 Duos
515 4999 679 5069 pedes
710 4998 904 5054 habeto
925 5041 939 5063 ,
971 4998 1080 5052 noli
1127 5013 1248 5053 esse
1272 4998 1518 5054 claudus.
1552 4997 1650 5063 Qui
1679 5010 1805 5053 sunt

197 5094 306 5147 duo
349 5091 553 5162 pedes?
598 5091 710 5144 Duo
752 5080 1014 5160 praecepta
1045 5089 1383 5154 dilectionis,
1411 5089 1505 5142 Dei
1537 5099 1588 5143 et
1621 5092 1803 5160 proxi-

197 5184 296 5239 mi.
323 5182 446 5238 Istis
473 5180 696 5251 pedibus
725 5197 882 5235 curre
911 5178 977 5233 ad
1025 5179 1190 5234 Deum
1211 5221 1224 5245 ,
1265 5179 1462 5235 accede
1499 5179 1565 5233 ad
1606 5181 1757 5236 illum
1784 5199 1798 5234 :

261 5318 358 5370 ιω
380 5313 606 5364 ominibus
628 5325 782 5374 prope
805 5318 932 5374 ηδε..
953 5309 1116 5360 habes.

262 5382 284 5412 ³
309 5377 444 5433 ωδ..
467 5371 642 5425 totum.
659 5371 763 5421 Mss.
790 5371 1034 5435 plerique,
1058 5378 1197 5421 totus.

262 5388 284 5412 ι
309 5388 444 5433 εαα..
467 5388 632 5425 totum.
659 5388 763 5421 mss.
809 5388 1034 5435 uerique,
1058 5388 1197 5421 tatus.

260 5441 335 5498 (α)
356 5437 735 5498 mastionarins
756 5388 901 5498 idem
929 5441 1008 5498 est
1029 5440 1180 5498 atque
1219 5432 1454 5481 carnifex.
1480 5431 1618 5480 Unde
1651 5438 1800 5498 vetns

260 5441 314 5498 (α
356 5441 735 5496 ψεδῑὶοηειτὶιις
756 5441 887 5483 idem
929 5441 1008 5482 est
1029 5441 1180 5495 atque
1219 5441 1454 5481 carnifex.
1480 5441 1618 5480 unde
1651 5441 1799 5504 vetns

196 5441 489 5559 schoiiastes
505 5496 730 5546 Juvenal.
756 5503 848 5545 sat.
874 5495 925 5554 6,
944 5496 1002 5544 ad
1045 5494 1180 5564 illud,
1209 5514 1231 5564 εξ
1253 5504 1365 5544 sunt
1392 5507 1505 5564 qua:
1535 5497 1799 5564 tortoribus

203 5583 225 5607 ι
249 5553 409 5612 annua
450 5567 754 5625 praestent”
784 5553 998 5625 annotat.
1029 5574 1052 5602 ι
1089 5555 1259 5625 salaria
1297 5553 1653 5625 qtttesuonariis
1681 5557 1796 5625 sive

203 5643 224 5668 ιι
247 5613 570 5674 carnificibus.
587 5637 611 5665 ι
637 5613 761 5680 stin
783 5619 1004 5680 martyris
1038 5620 1284 5667 Marcianus
1310 5613 1434 5680 Actis
1450 5630 1499 5665 u.
1519 5617 1569 5673 3,
1594 5613 1794 5678 legitur,

202 5704 226 5730 ι
244 5683 404 5735 iratus
419 5685 577 5748 iudex
603 5679 786 5749 talibus
818 5678 960 5749 dictis
980 5681 1223 5749 virginum
1258 5687 1357 5728 Deo
1383 5678 1636 5749 dicatam,"
1657 5691 1796 5749 quze-

204 5766 229 5794 ι
249 5736 589 5797 έιὸαιεῆοηιω
633 5743 861 5792 manibus
897 5736 1284 5804 alapis'czesam,
1309 5755 1357 5802 tn
1383 5738 1495 5790 ludo
1510 5736 1798 5801 gladiatorio

205 5826 229 5855 ι
248 5810 388 5870 iussit
405 5805 606 5857 includi.
622 5821 657 5870 ξ

259 5865 329 5935 (δ)
351 5879 518 5935 Supra,
545 5882 595 5917 n.
613 5865 666 5916 6.

1317 393 1712 452 ENARRATIO
1752 394 1819 452 lN’
1857 395 2182 485 DSALllUM
2221 401 2438 463 XXXIII

3421 423 3524 488 3H

1940 517 2060 588 quia
2081 526 2133 574 et
2156 527 2210 574 nt
2233 535 2482 580 curreres
2509 525 2618 596 ipse
2647 526 2888 586 hortatus
2917 539 3018 600 est,
3045 543 3098 590 et
3124 533 3236 606 ipse
3261 554 3414 595 suum
3444 542 3530 597 lu~

1939 623 2061 665 men
2092 613 2316 681 aspersit
2339 615 2436 678 sic,
2473 627 2528 671 nt
2553 621 2831 691 magnifice
2861 635 2914 680 et
2942 627 3120 684 divine
3145 644 3205 684 se
3231 633 3379 702 sequi
3412 651 3527 705 pos-

1937 697 2052 754 sitis
2083 703 2121 757 ‘.
2156 703 2225 758 Et
2245 705 2411 760 uultus
2433 709 2580 762 vestri
2603 728 2698 768 non
2722 713 3026 770 erubescent.
3054 697 3524 794 Accedite,‘inq'nit,

1934 790 2004 845 ad
2023 809 2157 859 eum,
2183 804 2229 849 et
2249 795 2611 855 ifluminamini
2631 819 2650 856 :
2672 811 2720 856 et
2742 805 2906 860 vultus
2930 811 3077 862 uestri
3098 826 3196 864 non
3216 815 3522 870 erubescent.

1935 883 2050 938 Non
2092 887 2373 943 erubescet
2399 887 2573 946 vultus
2602 893 2701 948 nisi
2733 895 2968 967 superbi.
2999 898 3212 967 Quare?
3250 902 3381 970 Quia
3411 903 3524 960 ela-

1936 985 2020 1030 tus
2051 977 2161 1033 vult
2186 994 2307 1034 esse
2327 1021 2342 1048 ,
2387 989 2439 1036 et
2470 982 2680 1053 quando
2712 985 2868 1042 fuerit
2893 1004 3080 1059 passus
3106 992 3484 1050 contumeliam
3508 1035 3523 1061 ,

1931 1079 2023 1122 ant
2053 1069 2426 1142 ignominiam,
2457 1085 2548 1130 aut
2583 1094 2763 1134 casum
2785 1081 3081 1138 secundum
3114 1085 3365 1142 saeculum
3387 1129 3402 1153 ,
3431 1100 3524 1146 aut

1930 1159 2157 1229 aliquam
2187 1163 2549 1234 afflictionetu,
2583 1169 2866 1226 erubescit.
2895 1171 2997 1228 Sed
3027 1175 3132 1230 noli
3166 1175 3386 1244 timere,
3418 1194 3518 1236 ac-

1929 1253 2061 1311 cede
2091 1255 2155 1309 ad
2182 1273 2335 1324 eum,
2369 1269 2423 1314 et
2450 1279 2553 1316 nou
2583 1264 2886 1322 erubescas.
2921 1267 3184 1342 Quidquid
3216 1272 3401 1330 fecerit
3426 1272 3516 1332 tibi

1928 1345 2205 1414 inimicus,
2248 1349 2455 1406 videtur
2499 1360 2552 1408 te
2595 1355 2838 1425 superior
2879 1374 3000 1414 esse
3046 1359 3185 1430 apud
3232 1361 3514 1423 homines:

1927 1436 2020 1492 sed
2049 1447 2101 1492 tu
2124 1439 2260 1508 apud
2289 1439 2455 1497 Deum
2478 1445 2720 1513 superior
2750 1447 2841 1501 illo
2866 1463 2943 1504 es.
2977 1448 3087 1520 Ego
3146 1451 3295 1522 cepi,
3327 1469 3425 1525 ego
3446 1454 3515 1510 lio

1925 1529 2178 1600 gavi,ego
2203 1530 2463 1588 interfeci.
2494 1534 2661 1603 Quam
2691 1539 2996 1608 superiores
3025 1539 3124 1597 sibi
3155 1541 3396 1599 videntur
3423 1546 3512 1616 qui

1927 1621 2025 1676 ista
2066 1621 2283 1681 dicunt!
2328 1625 2495 1694 Quam
2527 1628 2832 1697 superiores
2860 1630 3175 1689 videbantur
3203 1633 3302 1691 sibi
3343 1633 3512 1693 Judaei

1924 1714 2136 1785 quando
2159 1716 2438 1773 Dominum
2465 1718 2867 1790 ColapltiZabant
2889 1765 2902 1790 ,
2935 1723 3147 1795 quando
3172 1727 3433 1798 Spucbaut
3458 1730 3510 1784 in

1923 1805 2114 1864 faciem
2146 1806 2282 1880 ejus,
2311 1818 2364 1865 et
2393 1811 2459 1866 de
2487 1826 2654 1868 canna
2683 1815 3053 1885 percutiebant
3079 1829 3233 1887 caput
3256 1861 3270 1885 ,
3299 1819 3514 1890 quando

1923 1898 2091 1966 spinis
2110 1899 2458 1968 coronabant,
2481 1902 2693 1972 quando
2717 1903 2890 1960 tunica
2917 1902 3266 1977 ignominiosa
3289 1909 3513 1965 cit‘Cttth

1921 1988 2149 2045 dabant!
2183 1988 2350 2060 Quam
2374 1992 2680 2063 superiores
2704 1994 2890 2050 erant!
2922 1997 2986 2051 Et
3013 1996 3099 2053 ille
3128 1995 3403 2055 videbatur
3429 1999 3510 2056 in-

1920 2079 2102 2147 ferior,
2142 2085 2264 2153 quia
2307 2082 2614 2154 procidebat
2645 2085 2712 2142 ad
2741 2088 2877 2144 ostia
2912 2101 3117 2160 portze:
3151 2094 3244 2148 sed
3282 2095 3368 2149 ille
3399 2111 3508 2150 non

1920 2172 2286 2230 erubescebat.
2318 2174 2518 2231 Lumen
2545 2175 2687 2233 enim
2712 2187 2826 2234 erat
2848 2195 3054 2245 verum,
3080 2183 3220 2252 quod
3249 2183 3509 2241 illuminat

1919 2278 2132 2318 nionem
2162 2264 2430 2321 hominem
2460 2266 2764 2324 venientem
2793 2270 2843 2324 in
2869 2267 3010 2326 hunc
3036 2270 3289 2328 mundum
3320 2274 3502 2346 (Joan.

1921 2369 1958 2417 ι,
1987 2353 2063 2427 9).
2093 2354 2242 2410 Sicut
2261 2372 2391 2427 ergo
2416 2355 2592 2413 lumen
2623 2374 2727 2413 non
2754 2369 2925 2430 potest
2951 2360 3226 2431 confundi,
3258 2363 3334 2419 sic
3359 2377 3411 2420 et
3435 2365 3505 2420 il-

1919 2444 2231 2501 luminatum
2263 2445 2514 2503 confundi
2547 2464 2653 2504 non
2683 2448 2828 2506 sinit.
2856 2449 3092 2507 Accedite
3119 2469 3246 2526 ergo
3275 2457 3341 2509 ad
3368 2474 3498 2524 cum,

1917 2549 1960 2593 et
1987 2536 2348 2603 illuntinamini
2364 2555 2384 2605 δ
2410 2549 2458 2595 et
2486 2541 2654 2596 vultus
2681 2544 2832 2597 vestri
2857 2561 2957 2598 non
2985 2545 3290 2601 erubescent.

1989 2629 2076 2684 ll.
2109 2625 2260 2702 [vers.
2288 2631 2339 2691 7.
2367 2628 2446 2703 8.]
2478 2629 2582 2688 Sed
2607 2631 2731 2688 dicit
2757 2633 2968 2705 aliquis,
2991 2635 3268 2704 Quomodo
3293 2638 3359 2692 ad
3381 2654 3504 2695 eum

1915 2717 2150 2776 accedo?
2177 2720 2362 2777 Tantis
2391 2723 2577 2787 malis,
2622 2726 2782 2780 tantis
2806 2728 3035 2795 peccatis
3063 2740 3315 2788 oneratus
3348 2746 3464 2785 sum
3483 2771 3499 2796 ,

1917 2823 2060 2868 tanta
2094 2815 2297 2870 scelera
2326 2815 2560 2870 clamant
2586 2816 2653 2872 de
2683 2820 3009 2874 conscientia
3043 2836 3157 2876 mea
3178 2864 3194 2887 ,
3234 2825 3504 2892 quomodo

1913 2904 2086 2960 audeo
2109 2905 2381 2962 accedere.
2396 2906 2463 2962 ad
2495 2907 2699 2963 Deum?
2727 2909 3041 2977 Quomodo?
3062 2914 3114 2966 Si
3141 2912 3505 2970 luiniiliaveris

1915 3003 1967 3050 te
1998 3011 2092 3066 per
2117 2995 2504 3067 pmriitcntiam.
2539 2995 2643 3054 Sed
2683 2999 2965 3068 erubesco,
2994 3003 3104 3068 ais,
3138 3005 3504 3073 ptenitentiam

1914 3104 2092 3159 agere.
2124 3090 2332 3146 Accede
2358 3106 2485 3162 ergo
2515 3091 2580 3146 ad
2607 3109 2751 3159 eum,
2785 3103 2839 3150 et
2867 3095 3271 3162 illuminaberis,
3298 3110 3354 3155 et
3383 3102 3501 3158 vul-

1916 3193 2001 3238 tus
2048 3194 2167 3239 tuns
2209 3201 2314 3240 non
2361 3188 2670 3244 erubescet.
2692 3188 2747 3245 Si
2775 3190 2918 3246 enim
2949 3193 3108 3248 timor
3149 3197 3503 3254 erubescendi

1914 3284 2130 3330 revocat
2155 3285 2210 3330 te
2231 3293 2257 3329 a
2287 3279 2620 3347 paenitentia,
2649 3281 2961 3349 ptenitentia
2985 3289 3161 3339 autem
3190 3283 3313 3340 facit
3341 3295 3390 3343 te
3414 3304 3506 3344 ac-

1913 3367 2105 3422 cedere
2142 3367 2206 3422 ad
2241 3369 2448 3423 Deum:
2490 3387 2593 3424 non
2635 3371 2783 3425 vides
2822 3375 2944 3443 quia
2984 3389 3196 3444 pinnam
3227 3389 3404 3446 gestas
3448 3381 3502 3434 in

1910 3459 2079 3524 vultu,
2112 3459 2231 3528 quia
2257 3460 2376 3514 ideo
2398 3461 2614 3516 erubuit
2641 3463 2814 3516 vultus
2841 3475 2982 3534 tuus,
3010 3468 3260 3536 queniam
3283 3451 3389 3523 non
3412 3486 3504 3525 ac-

1910 3550 2073 3604 cessit
2109 3550 2175 3604 ad
2217 3551 2423 3606 Deum:
2470 3552 2590 3608 ideo
2629 3568 2732 3607 non
2776 3558 3032 3621 accessit,
3081 3559 3201 3627 quia
3247 3575 3350 3613 non
3391 3562 3504 3617 vult

1909 3656 2069 3711 agere
2109 3641 2515 3710 pcenitentiam?
2556 3643 2702 3698 Sicut
2742 3654 3024 3702 attestatur
3063 3652 3360 3719 propheta:
3394 3651 3504 3707 Iste

1910 3731 2056 3800 inops
2082 3732 2349 3797 clamavit,
2394 3732 2460 3786 Et
2499 3731 2751 3790 Dominus
2776 3737 3031 3804 exaudivit
3067 3755 3202 3794 cum.
3247 3743 3411 3798 Docet
3449 3756 3503 3800 te

1914 3824 2182 3893 quomodo
2220 3823 2542 3880 exaudiaris.
2577 3824 2701 3881 Ideo
2738 3843 2842 3883 non
2870 3829 3171 3894 exaudiris,
3203 3834 3323 3903 quia
3353 3834 3502 3890 dives

1911 3932 1988 3971 es.
2022 3915 2101 3971 Ne
2129 3915 2204 3988 (α)
2227 3917 2360 3972 forte
2387 3918 2685 3985 clamabas,
2716 3929 2770 3975 et
2799 3935 2904 3975 non
2931 3923 3333 3989 exaudiebaris,
3373 3928 3497 3982 audi

1910 4023 2073 4077 quare
2099 4025 2111 4061 :
2144 4007 2170 4061 Ι
2179 4018 2251 4062 ste
2279 4009 2425 4080 inaps
2454 4007 2785 4077 cfamaeit,‘et
2810 4011 3061 4068 Dominus
3087 4017 3339 4071 exaudivit
3362 4035 3497 4072 eum.

1911 4098 2067 4169 Inops
2095 4102 2262 4155 clama
2283 4143 2300 4166 ,
2343 4109 2396 4156 et
2433 4103 2651 4158 exaudit
2681 4103 2955 4160 Dominus.
2989 4106 3057 4161 Et
3097 4109 3364 4179 quomodo
3390 4113 3502 4166 cla-

1909 4193 2068 4247 mabo
2094 4192 2282 4261 ἰηουδῖ
2318 4191 2388 4248 Ut
2414 4194 2514 4248 etsi
2541 4192 2707 4250 habes
2737 4195 2932 4266 aliquid
2956 4239 2970 4262 ,
3011 4212 3118 4253 non
3151 4199 3275 4256 inde
3302 4218 3501 4270 pursu-

1909 4299 2023 4338 mas
2064 4283 2130 4338 de
2166 4284 2364 4339 viribus
2394 4285 2497 4338 tnis
2528 4305 2541 4340 :
2580 4298 2636 4341 ut
2663 4288 2925 4358 intelligas
2962 4300 3012 4345 te
3040 4291 3362 4362 indigentem
3385 4337 3397 4357 ,
3442 4305 3500 4348 ut

1909 4375 2168 4444 intelligas
2201 4386 2251 4430 te
2280 4377 2476 4430 tamdiu
2502 4393 2623 4432 esse
2654 4395 2958 4449 pauperem,
2990 4383 3241 4452 quamdiu
3275 4399 3378 4438 non
3406 4386 3501 4441 ha-

1908 4464 2004 4519 bes
2045 4465 2192 4520 illum
2231 4467 2321 4533 qui
2368 4465 2491 4522 facit
2522 4479 2571 4521 te
2601 4467 2839 4524 divitem.
2871 4472 3149 4538 Quomodo
3180 4484 3356 4530 autem
3390 4476 3499 4530 Do-

1908 4556 2085 4610 minus
2111 4558 2380 4612 exaudivit
2407 4560 2566 4612 eum?
2595 4559 2661 4612 Et
2685 4577 2749 4614 ea:
2776 4562 3026 4630 omnibus,
3060 4563 3502 4635 iuquit._tribula-,

1878 4647 2129 4703 ‘tionibus
2174 4650 2285 4720 ejus
2326 4650 2522 4702 salvum
2552 4652 2669 4721 fecit
2716 4668 2848 4705 eum.
2895 4653 2965 4708 Et
3011 4657 3277 4724 quomodo
3321 4647 3499 4715 salvos

1907 4737 2033 4793 facit
2070 4739 2138 4794 al)
2185 4740 2433 4794 omnibus
2482 4742 2947 4798 tribulationibus?
2991 4745 3234 4800 lmmittet
3274 4747 3496 4818 Angelus

1905 4829 2117 4886 Domini
2143 4833 2197 4884 in
2235 4832 2448 4885 circuitu
2493 4833 2770 4887 timentium
2807 4851 2954 4899 eum,
2999 4846 3047 4889 et
3083 4849 3217 4890 eruet
3259 4855 3364 4893 eos.
3410 4841 3496 4894 Sic

1907 4925 2165 4994 scriptum
2209 4932 2320 4986 est,
2371 4923 2596 4990 fratres;
2647 4942 2752 4981 non
2800 4929 3068 4998 quomodo
3101 4931 3296 4985 habent
3334 4931 3495 5002 aliqui

1907 5017 2155 5073 utendosi
2189 5015 2433 5079 codices,
2478 5016 2722 5072 [inmittet
2760 5020 3007 5091 Angelum
3037 5019 3289 5078 Dominus
3314 5023 3366 5077 in
3393 5025 3495 5078 circ

1905 5109 2043 5161 cuitu
2067 5108 2349 5161 timentium
2375 5125 2489 5161 eum
2510 5151 2523 5173 ,
2589 5120 2635 5162 et
2663 5121 2801 5163 eruet
2839 5129 2920 5166 eos
2949 5128 2967 5165 :
2997 5113 3089 5167 sed
3121 5115 3196 5168 sic
3215 5118 3243 5178 ,'
3273 5113 3500 5170 Immitto

1906 5199 2126 5269 Angelus
2154 5196 2364 5252 Domini
2390 5200 2442 5251 in
2465 5200 2677 5253 circuitu
2708 5204 2988 5256 timentium
3009 5221 3141 5268 eum,
3170 5215 3214 5258 et
3234 5216 3369 5259 eruet
3389 5223 3493 5262 eos.

1903 5291 2072 5359 Quem
2105 5290 2191 5345 hic
2214 5289 2350 5344 dixit
2377 5291 2636 5359 Angelum
2669 5292 2898 5361 Domini,
2922 5295 3009 5364 qui
3037 5296 3285 5351 immittet
3310 5298 3362 5352 in
3387 5299 3497 5354 cir-

1903 5382 2049 5436 cuitu
2095 5381 2393 5435 timentium
2435 5398 2589 5449 eum,
2633 5393 2690 5438 et
2729 5393 2881 5440 eruet
2919 5387 3052 5440 eos?
3083 5387 3200 5458 Ipse
3243 5389 3496 5444 Dominus

1904 5483 2087 5528 noster
2115 5473 2274 5528 Jesus
2315 5472 2559 5529 Christus
2591 5475 2643 5528 in
2689 5475 2963 5546 prophetia
2991 5478 3164 5534 dictus
3205 5489 3290 5535 est
3317 5485 3491 5550 magni

1901 5563 2107 5618 consilii
2151 5563 2421 5633 Angelus,
2463 5565 2635 5633 magni
2674 5567 2879 5620 consilii
2927 5569 3141 5623 nuntius
3177 5588 3190 5624 :
3234 5570 3310 5624 sic
3346 5571 3494 5626 illum

1900 5655 2149 5709 dixerunt
2179 5653 2458 5724 Propheta:
2485 5654 2639 5713 flsai.
2673 5673 2751 5723 ιχ,
2787 5658 2839 5722 6,
2873 5675 2972 5714 sec.
3005 5659 3193 5730 LXX.)
3225 5661 3342 5732 Ipse
3365 5677 3495 5730 ergo

1866 5800 1874 5808 _
1965 5758 1981 5788 ι
2012 5765 2116 5826 \tss.
2140 5767 2318 5826 magno
2337 5768 2576 5826 consensu
2603 5757 2766 5826 ferunt
2789 5772 2804 5809 :
2829 5758 2953 5812 sicut
2975 5758 3231 5826 magniﬁce
3251 5767 3298 5813 et
3330 5760 3495 5815 dicit!

1900 5823 2090 5883 secutus
2113 5824 2200 5866 est.
2229 5817 2282 5866 ει
2305 5817 2460 5868 vultus
2483 5818 2641 5883 vestri,
2668 5829 2764 5872 etc.

1969 5880 2044 5942 (a)
2068 5886 2226 5942 Forte,
2253 5886 2323 5928 Et.
2352 5886 2405 5927 st.
