4008 6320
511 333 623 393 318

511 444 688 516 magni
731 441 938 500 consilii
966 439 1202 512 Angelus
1223 483 1236 504 ,
1277 438 1331 494 id
1380 448 1460 495 est
1490 438 1741 501 nuntius,
1775 436 2024 493 immittet
2052 434 2105 490 in

513 549 611 593 eos
633 534 722 606 qui
757 537 944 591 timent
985 532 1297 598 Dominum,
1329 541 1381 586 et
1408 540 1562 586 eruet
1594 546 1706 589 eos.
1738 528 1855 583 Noli
1883 542 2009 597 ergo
2038 527 2108 581 ti-

512 646 659 683 mere
686 642 755 683 ne
782 630 947 681 lateas
972 643 983 678 :
1011 626 1333 694 ubicumque
1360 623 1643 676 Dominum
1673 619 1936 679 timueris.
1962 617 2109 673 novit

516 732 566 775 te
598 722 686 775 ille
714 719 947 789 Angelus
978 717 1066 786 qui
1104 715 1353 770 immittet
1376 715 1432 768 in
1460 713 1717 777 circuitu,
1748 722 1803 767 et
1841 718 1994 766 eruet
2033 718 2105 763 te.

592 810 658 865 19.
724 808 874 882 [item
923 803 1004 880 9.]
1051 809 1248 877 Aperte
1298 805 1454 860 modo
1498 804 1569 860 de
1612 804 1728 874 ipso
1769 810 2109 857 sacramento

519 901 631 954 vult
673 901 848 953 dicere
874 940 891 964 ,
937 913 1042 968 quo
1080 898 1096 929 ¹
1140 896 1407 951 ferebatur
1444 896 1496 950 in
1540 896 1785 950 manibus
1820 894 1950 948 suis.
1997 893 2107 950 (iu-

518 1002 664 1053 state,
705 1000 751 1043 et
789 988 950 1044 videte
976 992 1215 1060 quoniam
1249 990 1267 1019 ’
1295 994 1464 1042 suaa's
1502 996 1575 1041 est
1603 985 1875 1041 Dominus.
1919 988 2108 1042 Nomm

518 1084 690 1151 aperit
732 1099 789 1137 se
820 1083 840 1113 ³
872 1082 1140 1147 Psalmus,
1175 1090 1227 1136 et
1266 1079 1499 1135 OStendit
1528 1080 1620 1135 tibi
1648 1080 1791 1135 illam
1836 1082 1988 1151 quasi
2022 1081 2107 1136 in-

516 1176 720 1228 saniam
758 1183 811 1228 et
850 1173 1082 1227 furorem
1125 1179 1494 1237 eonsmntem,
1525 1186 1709 1226 sanam
1752 1171 2011 1226 insaniam
2055 1182 2110 1228 et

515 1268 747 1319 sobriam
778 1267 1089 1320 ebrietatem
1131 1265 1269 1319 illius
1299 1264 1483 1329 David,
1516 1265 1604 1333 qui
1642 1264 1694 1319 in
1729 1264 1893 1335 figura
1924 1266 2109 1319 nescio

514 1358 641 1426 quid
671 1358 998 1422 ostendebat,
1032 1356 1246 1426 quando
1272 1355 1345 1409 illi
1380 1371 1444 1411 ex
1472 1371 1699 1425 persona
1727 1356 1866 1427 regis
1894 1354 1917 1387 ⁸
1940 1357 2110 1413 Aeliis

514 1451 803 1517 dixerunt,
848 1449 1127 1518 Quomodo
1162 1449 1279 1504 est?
1321 1448 1533 1519 quando
1562 1448 1769 1503 dicebat
1818 1449 2105 1513 Dominus,

518 1541 638 1594 Nisi
678 1542 791 1611 quis
831 1540 1207 1596 manducauerit
1233 1556 1437 1595 carnem
1464 1556 1626 1595 meam
1647 1580 1663 1605 ,
1696 1550 1743 1593 et
1771 1539 1945 1594 biberit
1983 1556 2109 1594 san-

517 1633 718 1701 guinem
741 1648 923 1697 meum,
965 1648 1066 1685 non
1098 1630 1295 1685 habebit
1322 1632 1376 1685 in
1404 1647 1458 1685 se
1484 1631 1682 1685 vitam?
1706 1630 1773 1685 Et
1802 1631 1875 1685 illi
1905 1631 1956 1684 in
1987 1631 2108 1700 qui-

518 1722 616 1777 bus
645 1723 901 1793 regnabat
927 1722 1108 1787 Aehis,
1140 1721 1189 1776 id
1220 1732 1332 1788 est,
1361 1736 1516 1777 error
1542 1731 1599 1777 et
1623 1721 1950 1792 ignorantia,
1981 1720 2109 1791 quid

519 1813 806 1868 dixerunt?
861 1812 1126 1881 Quomodo
1170 1812 1264 1867 iste
1313 1813 1494 1882 poterit
1540 1813 1684 1867 nobis
1734 1812 1859 1866 dare
1903 1828 2109 1867 carnem

518 1922 664 1960 suam
690 1906 999 1959 manducare
1018 1904 1200 1976 (Joan.
1225 1920 1299 1972 Vl,
1324 1905 1413 1970 53,
1438 1903 1529 1977 54)
1546 1904 1572 1958 ἲ
1595 1904 1651 1959 Si
1677 1906 1909 1975 ignoras,
1933 1914 2107 1974 gusta,

519 2007 572 2069 et
600 1998 720 2052 vide
756 1997 1005 2066 quoniam
1042 1996 1221 2051 suavis
1260 2004 1345 2051 est
1387 1995 1681 2051 Dominus:
1712 1995 1962 2052 siautem
2003 2010 2108 2049 non

521 2087 797 2159 intelligis,
840 2102 936 2141 rex
963 2102 1022 2142 es
1057 2085 1240 2142 Achis.
1268 2085 1573 2141 lmmutabit
1599 2086 1789 2141 faciem
1818 2101 1969 2141 suam
2003 2086 2109 2139 Da-

519 2178 629 2243 vid,
663 2187 718 2233 et
748 2178 962 2235 recedet
994 2193 1025 2233 a
1055 2185 1128 2246 te,
1160 2186 1214 2234 et
1236 2176 1467 2233 dimittet
1493 2186 1565 2242 te,
1596 2188 1652 2233 et
1677 2176 1862 2232 abibit.

591 2268 688 2327 13.
720 2267 910 2324 Beatus
935 2269 1011 2323 vir
1036 2269 1123 2340 qui
1146 2276 1316 2340 sperat
1337 2269 1391 2322 in
1420 2284 1553 2324 eum.
1580 2267 1693 2325 Hoc
1712 2268 1840 2340 quid
1870 2283 2006 2340 opus
2031 2276 2115 2325 est

518 2360 608 2415 (lin
637 2360 866 2431 exponi?
904 2359 1155 2431 Quisquis
1191 2375 1300 2415 non
1342 2369 1523 2430 sperat
1558 2360 1611 2416 in
1648 2359 1914 2427 Domino,
1946 2359 2114 2415 miser

518 2460 620 2507 est.
650 2452 779 2519 Quis
805 2460 889 2507 est
932 2452 1022 2521 qui
1063 2467 1169 2506 non
1199 2460 1380 2522 Sperat
1423 2452 1477 2507 in
1519 2451 1786 2507 Domino?
1825 2451 1926 2518 Qui
1962 2451 2015 2506 in
2053 2464 2115 2507 se

523 2551 721 2612 sperat.
755 2541 1050 2614 Aliquando
1077 2541 1218 2614 quod
1250 2542 1401 2614 pejus
1426 2549 1530 2609 est,
1559 2540 1753 2599 fratres
1778 2542 1905 2609 mei,
1934 2548 2114 2597 atten-

521 2635 652 2696 dite,
679 2634 963 2705 aliquando
988 2633 1236 2691 homines
1263 2635 1452 2690 nolunt
1476 2649 1694 2705 sperare
1728 2632 1780 2689 in
1808 2648 1904 2701 se,
1934 2633 2030 2690 sed
2058 2632 2113 2689 in

521 2726 642 2780 aliis
667 2724 990 2781 hominibus.
1017 2725 1173 2781 Salva
1203 2725 1374 2782 salute
1399 2726 1517 2783 Gaii
1542 2724 1673 2792 Seii,
1704 2724 1835 2784 nihil
1862 2724 1993 2782 mihi
2017 2740 2117 2796 po.

523 2828 606 2873 tes
640 2818 834 2875 facere.
862 2819 929 2874 Et
954 2818 1091 2875 forte
1116 2818 1355 2889 loquitur
1379 2817 1448 2876 de
1485 2819 1703 2875 homine
1738 2819 1851 2891 jam
1880 2824 2113 2875 mortuo.

524 2910 582 2971 in
614 2910 710 2965 ista
756 2910 970 2967 civitate
1010 2910 1176 2977 dicit,
1222 2909 1380 2967 Salva
1426 2911 1598 2968 salute
1639 2910 1818 2979 illius,
1846 2923 1902 2969 et
1930 2912 2021 2968 ille
2060 2913 2117 2969 in

524 3002 644 3058 aliis
668 3002 803 3058 locis
833 3002 970 3059 forte
999 3015 1241 3060 mortuus
1264 3013 1367 3061 est.
1394 3003 1463 3060 Et
1487 3021 1646 3077 quam
1673 3006 1780 3062 cito
1804 2999 1984 3063 dicunt
2014 3007 2117 3063 ho-

524 3091 698 3148 mines
735 3092 875 3149 hoc:
906 3101 964 3150 et
1000 3109 1105 3149 non
1133 3094 1346 3161 dicunt,
1382 3093 1560 3152 Credo
1602 3095 1746 3163 Deo,
1774 3097 1899 3168 quia
1929 3113 2037 3154 non
2065 3104 2119 3155 te

527 3184 785 3253 permittit
812 3199 1009 3240 nocere
1034 3184 1183 3240 mihi.
1214 3185 1331 3241 Non
1368 3185 1582 3254 dicunt,
1608 3186 1785 3244 Credo
1818 3188 1935 3245 Deo
1958 3203 2115 3256 meo,
2148 3170 2156 3179 ’

525 3275 647 3345 quia
673 3276 772 3330 etsi
806 3283 857 3330 te
882 3276 1186 3346 permiserit
1211 3277 1276 3332 ad
1302 3277 1500 3350 aliquid
1543 3293 1720 3337 meum
1739 3321 1754 3344 ,
1788 3278 1856 3334 ad
1884 3281 2118 3335 animam

526 3381 700 3420 meam
723 3382 828 3421 non
856 3375 907 3422 te
926 3366 1215 3439 permittet.
1244 3368 1350 3425 Sed
1374 3384 1495 3425 cum
1522 3369 1735 3432 dicunt.
1766 3368 1924 3427 Salva
1946 3372 2120 3430 saluto

528 3457 689 3519 illius,
718 3458 941 3528 nec-ipsi
967 3459 1149 3514 volunt
1177 3459 1373 3516 habere
1399 3461 1648 3529 salutem,
1671 3470 1728 3519 et
1753 3462 1878 3519 illos
1898 3475 2122 3536 gravant

531 3562 624 3616 per
645 3562 779 3616 quos
807 3556 991 3618 putant
1017 3546 1216 3605 habere
1242 3551 1488 3607 salutem.

600 3639 686 3693 ιι.
714 3637 863 3711 [νει-ε.
897 3639 1010 3714 10.]
1039 3640 1232 3697 Timete
1257 3640 1554 3710 Dominum,
1586 3660 1757 3700 omnes
1779 3649 1940 3701 sancti
1971 3649 2082 3719 ejus
2101 3689 2117 3715 ,

531 3730 650 3799 quia
675 3728 809 3797 nihil
840 3730 976 3785 deest
1004 3732 1289 3787 timentibus
1324 3749 1459 3788 eum.
1485 3733 1630 3789 Multi
1667 3736 1807 3791 enim
1840 3747 2119 3808 propterea

528 3819 716 3873 mlunt
739 3819 762 3852 ⁸
793 3831 980 3876 timere
1006 3822 1289 3877 Dominum
1308 3864 1324 3891 ,
1368 3839 1438 3880 ne
1468 3822 1661 3880 famem
1702 3828 1989 3897 patiantur.
2022 3829 2119 3883 Di-

528 3913 669 3965 citur
690 3912 793 3967 illis
817 3929 833 3967 :
858 3913 1034 3970 Nolite
1058 3914 1296 3971 fraudem
1318 3916 1511 3974 facere.
1533 3919 1602 3974 Et
1620 3920 1835 3977 dicunt:
1858 3922 2013 3979 Unde
2033 3938 2121 3979 me

527 4005 723 4073 pasco?
747 4004 861 4060 Non
893 4017 1066 4077 potest
1085 4023 1174 4064 ars
1192 4008 1310 4066 sine
1336 4009 1627 4081 impostura
1649 4028 1788 4080 esse,
1814 4030 1919 4069 non
1948 4025 2124 4085 potest

531 4096 799 4166 negotium
823 4112 944 4154 esse
968 4098 1087 4155 sine
1117 4098 1320 4157 fraude.
1349 4101 1455 4158 Sed
1489 4102 1732 4159 fraudem
1758 4106 1910 4176 punit
1955 4107 2117 4162 Deus.

528 4186 681 4243 'l‘ime
712 4187 904 4244 Deum.
935 4188 1042 4245 Sed
1067 4190 1110 4246 si
1138 4190 1365 4257 timuero
1395 4191 1584 4259 Deum,
1611 4208 1716 4249 non
1748 4194 1955 4251 habebo
1981 4197 2122 4252 unde

526 4277 725 4331 vivam.
757 4278 945 4335 Timete
968 4279 1268 4349 Dominum,
1309 4299 1483 4340 omnes
1509 4286 1672 4340 sancti
1708 4286 1852 4356 ejus,
1881 4290 2121 4359 quoniam

531 4369 662 4423 nihil
680 4368 817 4441 deest
835 4371 1123 4427 timentibus
1143 4388 1278 4428 eum.
1296 4372 1515 4445 Cnpiam
1537 4377 1799 4445 promittit
1818 4377 2043 4447 trepido,
2068 4386 2124 4435 ct

528 4457 790 4516 dubitanti
816 4477 885 4517 ne
908 4462 952 4517 si
974 4461 1113 4518 forte
1131 4463 1369 4520 timuerit
1391 4464 1671 4521 Dominum
1694 4466 1946 4523 deserant
1970 4468 2121 4523 illum

502 4551 818 4622 .superllua.
843 4552 1100 4610 Pascebat
1127 4562 1179 4611 te
1214 4556 1472 4613 Dominus
1499 4566 1933 4615 contemnentem
1959 4574 2037 4624 se,
2069 4569 2125 4617 et

527 4642 743 4699 deseret
762 4652 815 4701 te
845 4644 1117 4703 timentem
1143 4647 1239 4703 se?
1265 4647 1498 4704 Attende
1517 4688 1535 4716 ,
1567 4656 1624 4705 et
1647 4649 1758 4705 noli
1785 4649 1964 4707 dicere
1986 4671 2001 4706 :
2029 4652 2125 4708 ille

524 4735 676 4789 dives
715 4744 822 4800 est,
854 4744 911 4793 et
936 4752 1037 4808 ego
1064 4753 1268 4810 pauper
1293 4753 1412 4793 sum
1437 4754 1451 4792 :
1477 4754 1579 4810 ego
1607 4738 1771 4796 timeo
1802 4741 2085 4797 Dominum
2105 4783 2122 4807 ,

528 4824 619 4879 ille
644 4838 750 4879 non
778 4824 1011 4880 timendo
1038 4837 1296 4897 quantum
1326 4827 1638 4898 acquisivit.
1685 4839 1741 4886 et
1762 4845 1864 4901 ego
1889 4832 2126 4889 timendo

528 4914 706 4970 nudus
725 4928 842 4970 sum
866 4919 883 4971 ι
925 4916 1111 4973 Videte
1132 4918 1259 4989 quid
1288 4919 1562 4989 sequitur:
1594 4918 1787 4977 Divites
1808 4933 2049 4995 eguerunt
2076 4934 2126 4980 et

528 5006 833 5070 esus-ierunt,
856 5004 1167 5079 inquinatas
1207 5019 1376 5065 autem
1400 5008 1677 5066 Dominum
1703 5030 1803 5067 non
1838 5014 2126 5069 minuentur

532 5099 673 5152 omni
699 5099 847 5155 bona.
887 5100 942 5156 Si
968 5100 1035 5157 ad
1066 5102 1295 5158 litteram
1325 5105 1575 5175 accipias.
1602 5105 1811 5162 videtur
1838 5116 1891 5163 te
1918 5108 2120 5164 fallere.

594 5230 614 5306 ξ
638 5231 720 5306 _s_te
886 5232 1205 5306 Edd._att_tem,
1229 5235 1358 5306 quod
1380 5236 1642 5306 fatebatur.

595 5294 615 5324 ε
638 5298 744 5363 uss.
767 5293 846 5367 hic
885 5303 941 5365 et
973 5295 1089 5346 alibi
1131 5293 1411 5348 constanter
1445 5297 1667 5351 habent:
1706 5307 1753 5353 et
1790 5300 1947 5353 videte
1978 5316 2124 5367 quam

528 5366 692 5405 suam
705 5363 778 5405 882
803 5363 1049 5407 υοπιιηω.

594 5417 616 5448 ³
649 5415 832 5479 Aliquot
859 5425 986 5477 atas,
1010 5427 1170 5470 Nonne
1190 5420 1347 5491 qperit
1367 5418 1470 5484 ipse
1490 5420 1726 5475 Psatmus.
1762 5425 1975 5487 Quidam,
1998 5434 2122 5477 Non-

530 5488 591 5526 ne
608 5485 775 5531 auerte
798 5478 1014 5529 Psalmis
1036 5481 1257 5531 ostendu.

608 5489 775 5541 aperte
798 5489 1014 5529 momnis
1036 5489 1257 5531 ostendit.

595 5539 617 5571 ⁸
650 5545 716 5606 tta
734 5547 843 5606 esss.
869 5548 927 5590 Αι
946 5542 1083 5606 edd.,
1107 5540 1191 5606 qui
1205 5540 1411 5606 ﬁgurate
1432 5551 1793 5598 sacramentum
1825 5548 2125 5600 ﬂaminicam

531 5600 825 5673 attendebat.
850 5604 992 5653 Paulo
1033 5600 1141 5665 post
1311 5614 1371 5673 _et
1393 5614 1499 5673 Mss.
1524 5606 1782 5673 ferebant,
1820 5612 2015 5673 quando
2052 5612 2125 5663 illi

534 5660 702 5717 miseri
723 5675 888 5735 coram
912 5660 1069 5727 rege':
1093 5666 1181 5738 sed
1223 5668 1271 5715 in
1293 5667 1485 5719 duobus
1524 5668 1661 5721 libris
1701 5660 1876 5724 mériio
1908 5660 2123 5738 reposita

534 5732 643 5789 erat
664 5722 806 5789 lectio
826 5738 969 5789 qt‘tam
990 5740 1256 5789 sequimur.

596 5766 1321 5855 i'aiai',"ii3iiihi.ii€ti£i§iiés.,
1342 5791 1521 5844 nolunt.

1752 324 1814 385 S.
1856 314 2221 381 AUGUS'fiNl
2239 316 2568 380 *EPISCOPI

3703 326 3812 383 318

2218 429 2461 502 Respicis
2489 433 2634 489 enim
2678 434 2876 491 multos
2903 436 3096 493 divites
3119 435 3345 508 iniquos.
3370 440 3510 495 mori
3536 439 3592 495 in
3614 437 3822 501 divitiis

2215 524 2348 589 Suis,
2391 541 2498 580 non
2540 526 2707 581 factos
2752 526 2917 583 fuisse
2958 542 3244 599 pauperes,
3276 542 3398 587 cum
3424 530 3639 596 vivunt;
3668 531 3822 590 vides

2216 617 2339 673 illos
2360 632 2667 684 senescere,
2695 618 2914 689 perduci
2935 618 3003 674 ad
3022 620 3266 675 ultimum
3287 622 3411 676 vite
3437 622 3579 677 inter
3598 630 3825 693 magum

2215 710 2398 778 copias
2426 709 2728 765 divitiarum
2756 752 2771 775 ,
2802 711 3062 767 celebrari
3107 711 3187 766 eis
3231 727 3479 783 pompam
3520 713 3726 771 funeris
3769 715 3825 776 in

2216 800 2423 870 magnis
2462 799 2848 866 effusionibus.
2915 801 3135 872 perduci
3181 817 3348 873 usque
3405 804 3471 858 ad
3514 805 3824 875 sepulcrum
3865 862 3869 864 ν

2216 893 2456 958 divitem,
2486 894 2573 963 qni
2602 904 2654 947 et
2684 895 2970 963 exspiravit
3017 894 3066 948 in
3097 896 3248 949 lcetis
3272 896 3542 959 eburneis,
3586 899 3823 950 circum-

2216 982 2376 1039 ilcnte
2402 986 2416 1016 ¹
2446 984 2644 1039 familia
2673 1001 2891 1039 suorum
2915 1002 2930 1052 ;
2958 994 3010 1042 et
3035 987 3169 1042 dicis
3198 988 3250 1041 in
3274 990 3451 1041 animo
3477 1000 3587 1045 tuo.
3617 991 3659 1043 si
3685 992 3827 1042 forte

2217 1078 2354 1131 nosti
2400 1077 2577 1147 aliqua
2622 1088 2672 1131 et
2721 1087 2936 1147 peccata
2982 1091 3036 1134 et
3065 1080 3266 1134 Scelera
3302 1082 3468 1151 ipsius
3500 1100 3512 1133 :
3551 1081 3662 1150 Ego
3702 1082 3825 1135 novi

2212 1178 2413 1241 quanta
2460 1170 2645 1225 fecerit
2676 1172 2780 1227 iste
2820 1171 3018 1235 homo;
3050 1188 3175 1229 ecce
3220 1176 3429 1234 Senuit.
3463 1188 3705 1228 mni-mus
3742 1184 3827 1229 ρει

2215 1262 2267 1316 in
2294 1262 2433 1317 lecto
2462 1276 2581 1329 suo,
2610 1262 2884 1319 deducunt
2906 1264 3054 1318 illum
3081 1265 3183 1330 sui,
3225 1281 3415 1334 pompa
3447 1275 3589 1319 tanta
3621 1266 3829 1320 funeris

2214 1353 2520 1409 celebratur
2550 1372 2563 1407 :
2598 1369 2697 1422 ego
2728 1354 2853 1409 novi
2892 1370 3011 1425 qum
3055 1355 3273 1419 fecerit;
3317 1356 3523 1426 decepit
3555 1373 3641 1411 me
3673 1358 3828 1412 Seri—

2214 1456 2388 1515 ptura,
2418 1453 2472 1499 et
2501 1445 2703 1511 fefellit,
2741 1446 2830 1501 ubi
2860 1446 3019 1500 audio
3047 1457 3099 1501 et
3126 1458 3283 1501 canto
3313 1465 3326 1500 :
3362 1445 3554 1501 Divites
3578 1457 3828 1519 eguerunt

2213 1548 2260 1591 et
2287 1538 2590 1592 esurierunt.
2613 1538 2838 1606 Quando
2869 1540 2969 1593 iste
2992 1539 3144 1609 inops
3171 1538 3533 1609 fuit'fquaudo
3561 1540 3828 1594 esurivit?

2215 1627 2537 1699 lnquirentes
2561 1642 2730 1684 autem
2754 1629 3031 1684 Dominum
3058 1647 3158 1685 non
3189 1632 3482 1685 minuentur
3509 1633 3650 1685 omni
3688 1631 3825 1686 bona

2218 1721 2395 1792 (Psal.
2424 1738 2593 1777 χχχιιι
2619 1765 2632 1787 ,
2664 1720 2773 1797 il).
2805 1723 3056 1789 Quotidie
3082 1723 3148 1778 ad
3177 1722 3450 1779 basilicam
3477 1738 3657 1793 surgo,
3681 1738 3826 1794 quo-

2218 1815 2349 1870 tidie
2375 1813 2697 1886 genuflecto,
2730 1815 2967 1885 quotidie
3013 1816 3223 1887 inquiro
3255 1814 3559 1879 Dominum,
3599 1824 3655 1868 et
3683 1813 3823 1869 nihil

2216 1909 2340 1963 boni
2377 1888 2594 1963 habeo:
2642 1908 2743 1964 iste
2788 1924 2894 1963 non
2938 1907 3214 1977 inquisivit
3258 1907 3569 1984 Dominum,
3590 1915 3647 1962 et
3676 1906 3830 1964 inter

2218 2007 2362 2053 tanta
2392 1998 2529 2053 bona
2555 1997 2837 2053 defunctus
2862 1999 2983 2054 est!
3021 1997 3110 2053 Sic
3138 1996 3460 2069 cogitantem
3487 1993 3725 2060 sullocat'
3745 1996 3829 2051 la-

2215 2107 2387 2163 queus
2449 2089 2713 2147 scandali.
2766 2090 2955 2145 Escam
3006 2089 3148 2144 enim
3199 2088 3476 2145 mortalem
3527 2088 3715 2158 quavrit
3769 2088 3828 2143 in

2216 2193 2401 2249 terra,
2443 2193 2500 2239 et
2528 2198 2707 2237 veram
2754 2180 3058 2237 mercedem
3092 2197 3198 2235 non
3244 2180 3438 2250 quierit
3466 2179 3725 2242 inea-liv,
3771 2187 3830 2235 et

2216 2274 2382 2329 mittit
2411 2283 2571 2345 caput
2612 2275 2666 2329 in
2703 2273 2950 2343 laqueum
3000 2272 3237 2340 diaboli,
3284 2272 3826 2345 constringunturei

2215 2368 2402 2426 fauces
2428 2411 2441 2433 ,
2487 2378 2542 2423 et
2565 2376 2716 2424 tenet
2758 2368 3002 2423 diabolus
3044 2366 3111 2422 ad
3144 2365 3585 2422 malefaciendum
3609 2408 3626 2435 ,
3666 2370 3716 2418 ιιι
3745 2365 3827 2420 sic

2218 2461 2457 2517 imitetur
2499 2458 2651 2516 illum
2699 2458 2958 2528 divitem,
3009 2475 3168 2530 quem
3211 2457 3355 2514 videt
3384 2459 3437 2513 in
3483 2468 3624 2512 tanta
3667 2455 3827 2527 copia

2218 2553 2549 2611 defunctum.

2292 2644 2379 2701 15.
2417 2642 2540 2699 Noli
2579 2658 2708 2714 ergo
2744 2641 2823 2698 sic
2864 2640 3179 2711 intelligere.
3214 2639 3281 2695 Et
3312 2639 3581 2712 quomodo
3623 2638 3827 2693 ἱιιιυιιὶο

2218 2736 2379 2809 gam?
2401 2735 2456 2790 in
2479 2735 2634 2791 bonis
2652 2733 3043 2805 spiritualibus.
3070 2732 3177 2788 Sed
3200 2731 3288 2788 ubi
3313 2731 3475 2788 sunt?
3500 2730 3616 2787 Νιιιι
3637 2729 3830 2785 viden-

2218 2836 2307 2883 tur
2332 2828 2524 2892 oculis,
2547 2824 2645 2881 sed
2666 2825 2849 2881 corde.
2880 2824 2996 2880 Non
3026 2824 3184 2879 video
3213 2824 3325 2891 ipsa
3350 2822 3511 2879 bona.
3547 2819 3703 2876 Videt
3733 2821 3828 2903 illa

2219 2919 2309 2991 qui
2337 2929 2500 2973 amat.
2527 2916 2797 2972 Justitiam
2822 2932 2927 2972 non
2954 2916 3110 2972 video
3127 2917 3171 2969 '.
3193 2914 3309 2971 Non
3331 2916 3485 2972 enim.
3503 2931 3693 2983 aurum
3717 2922 3825 2979 est,

2220 3025 2331 3066 non
2357 3010 2499 3067 enim
2518 3016 2795 3080 argentum
2815 3018 2918 3064 est.
2941 3008 2998 3065 Si
3013 3024 3201 3063 aurum
3226 3018 3389 3073 esset,
3415 3007 3626 3063 videres
3657 3024 3676 3063 :
3698 3008 3832 3077 quia

2220 3101 2356 3157 fides
2397 3111 2500 3168 est,
2547 3116 2654 3156 non
2696 3098 2866 3155 vides.
2898 3099 2966 3156 Et
3003 3098 3048 3154 si
3093 3115 3197 3154 non
3244 3099 3396 3156 vides
3437 3100 3618 3166 fidem,
3659 3114 3831 3170 quare

2220 3208 2372 3249 amas
2412 3208 2627 3250 servum
2687 3192 2938 3248 fidelch
2980 3192 3254 3264 Interroga
3303 3193 3561 3263 teipsum,
3606 3193 3831 3263 qualem

2221 3300 2440 3341 servum
2466 3284 2659 3356 diligis.
2685 3284 2845 3340 Forte
2872 3284 3041 3341 habes
3063 3300 3275 3340 servum
3308 3284 3621 3351 formosum,
3649 3281 3832 3344 status

2222 3393 2426 3443 rosum,
2456 3378 2593 3434 bene
2617 3379 3004 3450 compositum;
3042 3376 3136 3434 sed
3168 3378 3360 3447 furem,
3388 3391 3639 3447 nequam,
3677 3377 3848 3434 fmus.

2223 3469 2500 3527 dulentum
2526 3488 2541 3525 :
2564 3468 2731 3525 habes
2759 3481 2935 3524 autem
2966 3470 3128 3524 alium
3161 3468 3296 3524 forte
3326 3474 3545 3539 pactum
3580 3478 3789 3525 statura
3810 3511 3831 3537 ,

2223 3562 2519 3618 deformem
2555 3560 2712 3627 facie,
2749 3562 2931 3617 colore
2961 3570 3134 3624 tclro;
3178 3561 3270 3617 sed
3300 3561 3538 3627 fidelem,
3580 3577 3828 3631 parcunt,

2226 3652 2465 3709 sobrium
2500 3671 2513 3706 :
2555 3652 2794 3718 attende,
2842 3668 2972 3723 rogo
3014 3662 3086 3719 te,
3136 3670 3294 3724 quem
3338 3654 3561 3709 istorum
3593 3653 3829 3709 duorum

2225 3745 2439 3816 diligis?
2467 3743 2523 3801 Si
2565 3745 2752 3800 oculos
2791 3745 2970 3802 carnis
3013 3745 3347 3816 interrogas,
3386 3746 3549 3801 vincit
3587 3747 3731 3817 apud
3777 3757 3832 3803 te

2225 3836 2450 3907 pulcher
2481 3836 2744 3907 injustus;
2775 3836 2820 3891 si
2849 3836 3036 3890 oculos
3056 3835 3256 3903 cordis,
3287 3837 3452 3891 vincit
3472 3836 3731 3892 deformis
3759 3839 3834 3893 ti-

2224 3925 2381 3984 delis.
2413 3927 2576 3983 Vides
2614 3941 2766 3998 ergo,
2804 3927 2945 3995 quod
2987 3929 3066 3982 vis
3096 3936 3153 3980 nt
3193 3928 3443 3986 exhibeat
3469 3927 3561 3983 tibi
3586 3929 3746 3990 alter,
3776 3928 3832 3984 id

2225 4030 2308 4075 εει
2334 4018 2494 4074 fidem
2518 4060 2535 4084 ,
2565 4018 2760 4075 exhibe
2791 4018 2867 4074 illi
2889 4028 2944 4074 et
2966 4028 3042 4073 tu.
3075 4019 3253 4087 Quare
3281 4018 3481 4090 gaudes
3510 4020 3574 4074 ad
3593 4018 3717 4074 eum
3737 4022 3831 4089 qui

2226 4110 2384 4166 fidem
2421 4109 2517 4166 tibi
2545 4110 2788 4178 exhibet,
2830 4120 2885 4166 et
2925 4109 3111 4166 laudas
3144 4127 3265 4165 eum
3305 4110 3373 4166 de
3413 4110 3496 4165 his
3524 4110 3680 4168 bonis
3707 4127 3832 4185 qua:

2226 4217 2334 4258 non
2364 4202 2614 4258 videntur
2640 4201 2742 4257 nisi
2773 4202 2928 4257 oculo
2967 4200 3185 4257 cordis?
3214 4200 3346 4258 Cum
3382 4202 3633 4271 repletus
3661 4201 3834 4259 fueris

2225 4293 2590 4365 spiritualibus
2617 4294 2838 4357 divitiis,
2872 4310 3074 4373 pauper
3102 4294 3210 4350 eris
3232 4294 3293 4349 ’Ἰ
3317 4294 3384 4349 Ει
3413 4294 3503 4350 ille
3528 4293 3676 4351 dives
3704 4290 3833 4350 idco

2228 4387 2347 4452 fuit,
2369 4388 2492 4459 quia
2523 4386 2754 4445 habebat
2781 4386 2977 4443 lectum
3002 4387 3329 4451 eburneum;
3352 4396 3406 4443 et
3435 4395 3487 4442 tu
3509 4403 3713 4458 pauper
3741 4402 3830 4455 es.

2227 4478 2384 4548 cujus
2409 4478 2714 4535 cubiculum
2741 4480 2920 4535 cordis
2942 4479 3154 4549 plenum
3183 4492 3265 4534 est
3289 4479 3449 4535 tantis
3471 4479 3697 4549 gemmis
3719 4479 3834 4534 vir-

2228 4580 2423 4639 tutum,
2452 4569 2694 4641 justitire,
2724 4570 2993 4636 veritatis,
3023 4570 3328 4636 citaritatis,
3358 4568 3481 4624 fidei
3502 4611 3518 4636 ,
3554 4569 3833 4639 patientia:

2228 4672 2285 4719 et
2308 4660 2636 4717 tolerantiae!
2671 4660 2893 4731 Explica
2921 4660 3130 4716 divitias
3158 4669 3275 4716 tuas
3295 4701 3310 4727 ,
3337 4660 3381 4714 si
3415 4660 3580 4716 habes
3607 4660 3749 4731 illas,
3773 4666 3837 4718 et

2228 4770 2479 4826 compara
2518 4752 2719 4809 divitiis
2748 4754 2992 4809 divitum.
3022 4754 3092 4809 At
3132 4754 3221 4810 ille
3260 4755 3313 4808 in
3349 4762 3588 4810 mercatu
3623 4754 3835 4812 invenit

2230 4848 2403 4902 mulas
2445 4846 2739 4917 pretiosas,
2770 4856 2823 4901 et
2852 4846 2983 4901 emit
3014 4861 3125 4902 eas.
3156 4843 3212 4901 Si
3250 4845 3406 4901 fidem
3443 4845 3709 4901 invenires
3736 4860 3836 4901 tre-

2230 4940 2438 5005 nalem,
2472 4947 2727 5009 quantum
2756 4954 2853 5009 pro
2879 4938 2969 4994 illa
2997 4936 3157 4993 dares
3176 4980 3191 5004 ,
3222 4954 3382 5008 quam
3414 4948 3467 4994 te
3494 4938 3660 4993 voluit
3687 4938 3833 4996 Deus

2229 5030 2395 5101 gratis
2425 5029 2658 5096 habere,
2685 5036 2740 5083 et
2768 5029 3001 5099 ingratus
3027 5030 3123 5084 es?
3154 5030 3321 5101 Egent
3344 5046 3472 5101 ergo
3498 5030 3569 5086 illi
3609 5030 3833 5099 divites,
3894 5045 3903 5052 ‘

2230 5133 2389 5192 egent
2416 5138 2430 5174 :
2460 5131 2533 5186 et,
2565 5121 2705 5192 quod
2733 5131 2814 5176 est
2835 5126 3068 5192 gravius,
3104 5138 3237 5191 pane
3264 5133 3442 5193 egent.
3465 5122 3541 5179 Ne
3566 5122 3703 5179 forte
3734 5141 3833 5192 [Vlk

2232 5218 2387 5281 tetis,
2417 5218 2540 5287 quia
2568 5232 2700 5270 auro
2732 5226 2891 5286 egent
2919 5226 2974 5271 et
3000 5226 3256 5287 argento,
3288 5233 3588 5289 quanquam
3628 5228 3682 5274 et
3725 5219 3834 5273 hoc

2231 5319 2442 5377 egeant.
2473 5308 2741 5375 Quantum
2774 5305 2958 5361 habuit
2986 5306 3198 5377 quidam
3220 5349 3234 5372 ,
3265 5318 3313 5363 et
3343 5309 3466 5378 quid
3498 5325 3619 5362 eum
3661 5308 3833 5363 satia-

2234 5399 2347 5453 vit?
2374 5398 2464 5454 Sic
2493 5410 2735 5452 mortuns
2760 5408 2845 5453 est
2869 5413 3052 5468 egens.
3086 5400 3206 5468 quia
3237 5399 3383 5467 plum
3415 5392 3620 5455 volebat
3648 5404 3835 5469 acqui—

2296 5491 2312 5521 ¹
2347 5490 2421 5539 sic
2443 5489 2627 5553 aliquot
2641 5495 2830 5553 Mss_._t\t
2845 5487 2980 5553 add,
2999 5487 3375 5553 circum/tuente.

2295 5554 2315 5581 ²
2350 5557 2399 5600 ιιι
2429 5549 2539 5600 Mss.‘
2563 5550 2842 5614 nonnullis:
2878 5550 3013 5602 Videt
3036 5549 3118 5601 ille
3140 5549 3226 5613 qui
3268 5558 3397 5601 amat
3426 5550 3688 5614 justitiam.
3733 5561 3835 5605 Non

2232 5612 2371 5663 rideo
2392 5626 2495 5675 ego.
2525 5622 2622 5661 .rvou
2645 5612 2772 5662 enim
2795 5625 2971 5675 aurum
2993 5619 3083 5675 est,
3109 5612 3201 5662 etc.

2299 5675 2321 5706 ³
2355 5682 2401 5737 ιιι
2421 5672 2823 5737 plerisque_atss..
2847 5682 2893 5723 et
2918 5673 3090 5737 liuidus
3112 5673 3261 5724 eum?
3285 5672 3368 5737 Itis
3391 5672 3522 5725 bonis
3544 5687 3683 5737 ergo,
3723 5688 3835 5735 qua

2232 5748 2327 5803 non
2350 5736 2570 5848 tz'identur
2592 5734 2689 5787 nisi
2707 5739 2845 5787 oculo
2866 5735 3047 5798 cordis,
3072 5750 3182 5786 cum
3206 5736 3414 5800 repletus
3445 5734 3621 5799 fuerit,
3649 5734 3835 5801 putt,“

2234 5809 2334 5848 em
3496 5843 3500 5848 .

2234 5809 2374 5849 ιηη
3496 5843 3500 5848 .
