4008 6376
106 393 201 455 547

105 530 213 568 rere
244 525 408 581 quam
445 510 679 566 tenebat.
725 509 893 580 ligant
933 515 987 563 et
1029 521 1186 576 pane.
1233 506 1409 569 Quare
1451 510 1612 571 egent
1653 508 1709 553 et

107 604 282 673 pane?
310 602 364 657 Si
399 620 505 657 non
540 603 792 674 intelligis
822 616 1009 671 panem
1032 641 1045 662 ,
1076 600 1162 653 ille
1203 598 1374 651 dixit‘
1409 614 1421 650 :
1456 594 1567 665 Ego
1597 610 1710 647 sum

104 694 244 761 panis
272 695 441 759 vivus,
469 695 557 762 qui
586 693 651 747 de
687 693 812 747 caelo
837 690 1085 746 descendi
1124 686 1305 759 (Joau.
1339 702 1391 741 Vt
1412 727 1427 749 ,
1456 686 1584 755 ll);
1616 692 1705 739 et:

104 784 244 839 Beati
268 788 356 856 qui
386 768 631 847 esuriant,
659 796 705 840 et
733 785 908 838 sitiunt
924 784 1204 855 justitiam,
1236 781 1472 851 quoniam
1499 779 1598 848 ipsi
1626 794 1710 830 sa-

103 876 407 931 turttbuntur
436 876 653 945 (Matth.
679 890 736 939 ν,
756 875 841 942 ti).
875 872 1197 944 [requirentes
1235 882 1403 925 autent
1434 868 1711 923 Dominum

103 985 197 1021 non
226 969 523 1022 minuentur
546 967 681 1021 omni
709 967 856 1021 bono.
885 965 990 1021 Sed
1018 979 1124 1035 quo
1151 964 1291 1017 bono
1312 963 1422 1033 jam
1450 962 1704 1015 diximus.

168 1064 259 1117 l6.
314 1064 467 1135 iners.
498 1058 610 1135 ιι]
654 1057 853 1123 Venite,
884 1059 1001 1129 ﬁlii,
1031 1060 1203 1112 audite
1223 1074 1319 1113 me.
1349 1058 1576 1108 timorem
1600 1051 1709 1106 Do-

104 1155 223 1207 mini
250 1150 443 1207 docebo
468 1170 575 1207 vos.
609 1152 814 1207 Putatis
836 1154 878 1217 ⁸,
910 1150 1123 1215 fratres,
1147 1150 1269 1221 quia
1296 1164 1393 1219 ego
1421 1148 1541 1201 dico
1566 1164 1579 1201 :
1610 1162 1709 1215 pu-

102 1255 209 1321 tate
234 1247 365 1316 quia
393 1244 555 1299 David
578 1246 726 1308 dicit,
752 1252 934 1313 putate
954 1242 1078 1312 quia
1105 1240 1392 1313 Apostolus
1412 1238 1539 1293 dicit
1562 1255 1574 1290 :
1603 1238 1710 1290 imo

104 1346 287 1405 putate
318 1337 439 1405 quia
469 1338 582 1406 ipse
606 1336 864 1390 Dominus
890 1344 1071 1389 noster
1092 1333 1251 1388 Jesus
1275 1331 1518 1385 Christus
1544 1328 1707 1383 dicit:

113 1426 309 1489 Venite,
340 1426 459 1496 ﬁlii,
488 1427 659 1480 audite
680 1443 779 1481 me.
806 1424 1101 1480 Audiamus
1130 1424 1280 1477 illum
1311 1421 1466 1474 simul
1488 1462 1502 1481 ,
1529 1420 1709 1473 audite

103 1519 251 1574 illum
280 1534 376 1586 per
398 1534 496 1573 nos
519 1536 531 1571 :
562 1518 757 1573 docere
782 1518 924 1573 enim
948 1517 1057 1569 vult
1087 1516 1172 1570 ille
1196 1515 1433 1575 humilis,
1460 1512 1549 1567 ille
1574 1523 1708 1582 tym-

105 1610 382 1679 pztnieans,
404 1610 489 1663 ille
510 1609 786 1674 affectans,
810 1607 1005 1663 docere
1029 1622 1128 1660 nos
1149 1604 1277 1659 vult.
1308 1603 1371 1657 Et
1391 1602 1515 1674 quid
1539 1602 1711 1656 dicit?

112 1703 326 1770 Venite,
356 1705 483 1774 ﬁlii,
524 1706 695 1770 audite
736 1720 846 1770 me,
890 1704 1119 1756 timerent
1146 1700 1355 1754 Domini
1385 1699 1571 1753 docebo
1603 1714 1709 1751 vos.

105 1796 306 1852 Doceat
326 1812 475 1869 ergo,
501 1798 837 1867 prmbeamus
860 1810 1066 1861 aurem,
1098 1794 1432 1864 praebeamus
1456 1807 1572 1846 eor.
1596 1789 1711 1845 Non

104 1888 414 1957 aperiamus
436 1902 594 1941 aures
621 1887 818 1951 carnis,
847 1896 899 1941 et
921 1886 1099 1939 cordis
1119 1885 1465 1945 cloud-imus;
1495 1881 1588 1937 sed
1612 1880 1714 1935 sic-

105 1993 159 2034 ut
188 1983 307 2049 ipse
334 1980 468 2034 dixit
497 1980 549 2033 in
581 1979 900 2049 Evangelio,
932 1977 1033 2045 Qui
1073 1975 1221 2030 habet
1260 1993 1409 2030 aures
1446 1972 1710 2036 audiendi,

103 2075 283 2128 audiat
309 2072 423 2147 (Id.
451 2088 523 2135 XI.
550 2073 660 2142 l5).
690 2073 818 2141 Quis
845 2072 978 2126 nolit
998 2070 1018 2101 '
1042 2072 1230 2127 audire
1256 2070 1534 2125 docentem
1558 2068 1715 2123 Chri-

103 2177 249 2220 stum
284 2181 384 2232 per
418 2162 783 2233 PrOphetam?

176 2262 267 2315 l7.
300 2258 455 2333 [verm
487 2258 599 2333 l5.]
635 2258 760 2325 Quis
789 2267 863 2313 est
900 2258 1051 2311 homo
1078 2256 1165 2326 qui
1192 2256 1296 2310 ιλιι
1320 2256 1493 2319 vitam,
1520 2262 1571 2309 et
1597 2253 1714 2309 dili-

103 2353 172 2421 git
199 2354 309 2406 dies
338 2353 504 2406 videre
531 2351 730 2407 bonos?
761 2350 1078 2420 Interrogat.
1110 2348 1299 2404 Nonne
1328 2349 1504 2401 omnis
1534 2348 1586 2402 in
1620 2362 1716 2401 vo-

105 2445 187 2499 bis
214 2443 534 2513 respondet,
560 2441 707 2515 Ego?
733 2444 813 2496 An
837 2442 1116 2512 quisquam
1139 2450 1219 2495 est
1245 2442 1299 2493 in
1328 2439 1477 2493 vobis
1498 2438 1585 2509 qui
1610 2442 1713 2492 rion

103 2536 278 2605 diligit
302 2536 485 2599 vitam,
518 2534 567 2590 id
592 2545 695 2600 est,
724 2535 813 2606 qui
842 2549 947 2589 non
975 2534 1085 2588 vult
1114 2534 1299 2599 vitam,
1329 2540 1379 2585 et
1409 2547 1514 2586 non
1542 2531 1716 2601 diligit

101 2629 223 2683 dies
253 2628 438 2683 videre
466 2626 677 2683 bonos?
714 2626 899 2681 Nonne
929 2624 1163 2695 quotidie
1204 2623 1305 2678 hoc
1344 2622 1711 2686 murmuratis,

103 2731 158 2771 et
182 2721 288 2773 hoc
305 2718 485 2773 dicitis
510 2736 524 2772 :
550 2717 816 2785 Quamdiu
841 2718 939 2771 ista
968 2715 1232 2785 patimur?
1260 2714 1506 2781 Quotidie
1536 2713 1713 2783 pejora

102 2819 159 2864 et
190 2810 376 2879 pejora
407 2826 421 2862 :
450 2808 589 2879 apud
620 2817 871 2879 parentes
900 2814 1113 2861 nostros
1156 2805 1369 2858 luerunt
1402 2806 1518 2858 dies
1547 2805 1715 2856 batio—

104 2917 223 2967 rcs,
274 2901 496 2956 fuerunt
533 2898 652 2956 dies
696 2898 967 2954 meliores.
1002 2896 1127 2952 Osi
1168 2896 1529 2965 interrogares
1573 2896 1715 2964 ipsos

108 3004 373 3062 jarentes
416 3002 568 3055 tuos,
610 2991 858 3045 similiter
902 2988 993 3044 tibi
1024 2986 1092 3042 de
1116 2986 1305 3041 diebus
1334 2985 1445 3039 suis
1475 3000 1713 3039 murmu-

103 3096 311 3141 rarent.
343 3082 577 3141 Fuerunt
595 3083 735 3139 beati
759 3087 937 3152 patres
957 3078 1147 3146 nostri,
1175 3094 1273 3133 nos
1298 3079 1478 3133 miseri
1502 3092 1705 3137 sumus,

100 3177 282 3233 malos
307 3177 428 3231 dies
459 3174 719 3231 habemus
747 3191 763 3227 :
792 3172 1099 3228 dominatus
1129 3181 1211 3225 est
1242 3169 1329 3224 ille
1351 3211 1365 3234 ,
1402 3169 1717 3238 putabamus

100 3269 230 3337 quia
266 3267 363 3323 illo
394 3276 606 3320 mortuo
635 3274 817 3335 posset
839 3261 1055 3334 aliquod
1084 3260 1414 3331 refrigeriqu
1443 3259 1556 3313 dari
1580 3275 1594 3323 ;
1625 3259 1718 3312 de-

104 3362 307 3416 teriora
337 3368 622 3414 venerunt.
651 3355 696 3413 0
720 3357 862 3412 Deus
883 3396 898 3421 ,
928 3353 1151 3409 ostende
1180 3353 1335 3407 nobis
1361 3353 1475 3407 dies
1516 3352 1714 3406 bonos!

106 3454 236 3517 Qui:
257 3460 333 3505 est
362 3451 534 3513 homo,
560 3449 648 3519 qui
673 3447 777 3502 vult
806 3446 981 3507 vitam,
1011 3458 1055 3499 et
1085 3444 1251 3514 diligit
1289 3444 1456 3496 videre
1492 3442 1597 3495 dies
1626 3442 1719 3495 bo-

104 3543 240 3598 nos?
265 3541 388 3597 Non
417 3540 505 3595 hic
532 3548 737 3611 quaerat
758 3537 876 3592 dies
901 3536 1091 3591 bonos.
1121 3534 1321 3589 Bonam
1358 3548 1470 3587 rem
1507 3533 1713 3602 quarrit,

104 3636 201 3689 sed
231 3650 342 3689 non
376 3634 429 3687 in
462 3632 680 3703 regione
705 3630 823 3701 ejus
848 3630 990 3684 illam
1018 3626 1230 3698 qttatrit.
1255 3624 1535 3693 Quomodo
1560 3624 1603 3678 si
1626 3623 1722 3676 ali-

105 3746 269 3797 quem
288 3729 499 3797 justum
522 3737 795 3794 quaereres
816 3720 868 3775 in
890 3736 953 3776 ea
976 3719 1165 3789 patria,
1194 3718 1281 3772 ubi
1305 3732 1411 3771 non
1436 3716 1716 3780 habitaret,

104 3821 389 3876 diceretur
415 3816 510 3871 tibi
541 3832 557 3870 :
586 3814 793 3868 Bonum
820 3812 991 3866 virum
1018 3809 1234 3881 quzeris,
1266 3822 1514 3878 magnum
1544 3811 1720 3860 virum

106 3914 333 3985 umeris,
365 3924 551 3979 quaere
582 3907 752 3971 illum,
783 3902 878 3961 sed
906 3902 1015 3957 noli
1044 3900 1151 3967 hic,
1181 3898 1453 3969 superﬂuo
1481 3897 1568 3953 hic
1597 3912 1722 3951 eum

108 4003 334 4077 quaeris,
364 4014 639 4072 nunquam
665 4013 787 4054 eum
813 3997 1125 4051 inventurus
1145 4006 1227 4047 es.
1255 3990 1379 4046 Dies
1400 3989 1569 4044 bonos
1589 4002 1724 4058 qua:-

110 4099 224 4165 ris,
254 4094 423 4153 simul
451 4109 547 4149 eos
573 4104 877 4162 qmeramus
896 4130 911 4154 ,
944 4087 1110 4142 nolite
1141 4085 1245 4138 hic.
1286 4080 1391 4139 Sed
1424 4080 1727 4135 habuerunt

115 4192 237 4246 illos
266 4200 454 4261 patres
494 4184 687 4240 nostri.
719 4180 985 4237 Fallimini
1029 4195 1044 4230 :
1084 4190 1274 4230 omnes
1317 4173 1406 4228 hic
1446 4172 1727 4227 laborave-

119 4293 263 4338 runt.
308 4280 501 4348 Legite
541 4277 848 4346 Scripturas
877 4290 892 4327 :
919 4271 1041 4327 ideo
1064 4268 1235 4324 voluit
1260 4267 1404 4322 Deus
1434 4274 1492 4319 ut
1520 4263 1728 4320 scribe-

119 4387 337 4441 rentur,
373 4383 437 4429 ιιι
479 4386 580 4427 nos
617 4367 1042 4425 consolarentur.
1079 4359 1439 4431 Temporibus
1474 4357 1602 4412 Elia:
1631 4354 1731 4411 fuit

125 4470 313 4535 times,
344 4466 490 4538 passi
515 4472 643 4518 sunt
668 4452 789 4517 eam
817 4470 996 4529 patres
1025 4454 1215 4512 nostri.
1243 4452 1429 4523 Capita
1456 4449 1730 4521 jumento-

126 4580 243 4620 rum
276 4570 617 4617 mortuorum
645 4569 778 4609 auro
803 4550 1179 4608 vendebantur
1196 4587 1213 4613 ,
1239 4544 1552 4601 occiderunt
1580 4556 1729 4606 suos,

126 4669 181 4713 et
201 4651 561 4711 comederunt
585 4661 680 4702 eos
711 4662 725 4697 :
755 4653 810 4699 et
832 4642 955 4699 duae
980 4638 1235 4694 mulieres
1262 4640 1563 4690 statuerunt
1591 4631 1733 4685 inter

126 4765 185 4805 se
213 4758 271 4802 ut
294 4742 615 4800 occiderent
643 4737 782 4793 ﬁlios
821 4744 981 4797 suos,
1014 4740 1069 4787 et
1094 4727 1514 4786 manducarent;
1539 4722 1736 4777 occidit

129 4856 227 4895 una
262 4838 436 4892 ﬁlium
467 4848 648 4895 suum,
680 4838 733 4883 et
757 4825 1212 4881 manducaveruut
1244 4832 1365 4871 eum
1396 4814 1603 4877 ambae;
1630 4811 1733 4866 alia

129 4929 346 4986 nolebat
385 4923 639 4982 occidere
676 4920 843 4974 lilium
889 4929 1076 4978 suum,
1107 4920 1163 4967 et
1199 4906 1447 4979 exigebat
1490 4905 1576 4959 illa
1616 4918 1737 4973 quas

130 5023 274 5080 orior
300 5016 578 5073 occiderat
616 5012 781 5065 lilium
822 5021 1012 5070 suum;
1044 5013 1101 5060 et
1130 5002 1250 5056 talis
1291 5000 1402 5053 rixa
1444 4994 1589 5049 Venit
1614 5003 1737 5047 ante

132 5128 310 5183 regem
330 5151 345 5172 ,
376 5107 720 5163 adduxerunt
760 5116 821 5156 se
858 5107 983 5154 ante
1011 5110 1189 5166 regem
1208 5131 1224 5158 ,
1252 5088 1642 5145 contendentes
1669 5084 1737 5140 do

132 5177 508 5258 inierit-ctione
540 5196 769 5248 filiorum
799 5188 889 5261 (IV
922 5188 1048 5259 Reg.
1076 5203 1147 5245 vr.
1177 5180 1410 5250 26-30).
1444 5180 1516 5231 lle
1545 5177 1737 5230 talibus

131 5298 263 5350 cibis
290 5300 504 5347 avertat
537 5290 675 5342 Deus
702 5301 765 5340 ea
795 5298 913 5353 quae
947 5280 1187 5350 legimus.
1215 5275 1440 5343 Semper
1465 5271 1579 5325 dies
1610 5267 1737 5323 mali

134 5392 183 5443 in
210 5390 413 5442 excolo
433 5424 448 5446 ,
483 5381 579 5435 sed
616 5392 831 5445 smnpm
861 5374 975 5427 dies
1004 5370 1127 5425 boni
1156 5367 1208 5421 in
1240 5367 1367 5420 Deo.
1404 5363 1595 5417 llabuit
1623 5361 1739 5415 dics

134 5482 306 5534 bonos
335 5473 629 5533 Abraham,
657 5467 752 5523 sed
783 5469 925 5521 intus
956 5464 1007 5516 in
1032 5458 1232 5515 corde:
1264 5455 1447 5511 habuit
1476 5453 1591 5505 dies
1622 5465 1739 5504 nia-

135 5573 253 5641 los,
287 5568 509 5642 quando
538 5580 569 5619 a
598 5563 741 5617 fame
781 5557 1005 5613 mutavit
1034 5554 1305 5623 regionem
1324 5590 1339 5615 ,
1368 5555 1423 5603 et
1463 5543 1743 5615 qumrebat

198 5696 223 5742 ι’
253 5714 385 5761 uss,
409 5698 459 5753 si
481 5697 722 5760 intelligas
744 5704 934 5761 partem.
976 5686 1059 5738 Ille
1080 5683 1207 5737 enim
1230 5679 1378 5740 dixit,
1404 5686 1500 5728 etc.

199 5774 218 5802 I
252 5780 433 5817 (mes
455 5777 607 5827 μορε
640 5767 770 5827 ᾏδδον
1136 5814 1149 5827 .
1210 5825 1233 5827 _
1252 5813 1316 5827 Α.
1372 5807 1386 5827 .-

198 5838 223 5872 ³
249 5804 693 5892 Wfoi'ti'n'mﬁ
710 5804 900 5892 audire
947 5813 1339 5892 Et‘paulo§.pp:t,
1368 5807 1646 5892 interregnis...
1662 5804 1728 5853 At

143 5870 783 5961 ussf'ﬁé.‘\7iiiiféié;'
804 5882 921 5945 Quis
946 5870 1061 5930 nolit
1080 5870 1345 5926 audit-ﬂ...
1372 5872 1661 5931 Interrogat.

1170 384 1572 445 ENARRATIO
1611 383 1676 442 lN
1718 383 2039 441 PSALMUM
2079 382 2319 441 XXXIII.

3302 391 3411 449 3l8

1815 498 1991 556 cibum
2022 498 2175 571 (Gen.
2195 517 2290 563 xu,
2318 499 2621 565 l0,etxxvr,
2644 500 2716 572 l).
2744 499 2835 558 Sic
2854 515 3045 557 omnes
3062 505 3407 574 tjuasieruut.

1816 594 2011 649 l’aulus
2041 595 2222 649 habuit
2249 596 2364 649 dies
2393 595 2562 650 booos
2582 636 2595 659 ,
2626 596 2714 664 qui
2741 597 2870 651 dicit
2905 615 2920 652 :
2961 597 3031 651 lit
3063 602 3199 669 fame
3224 610 3273 653 et
3301 603 3408 665 siti,

1815 687 1868 739 in
1914 687 2105 757 [rigore
2144 686 2188 740 et
2218 687 2445 741 nuditate
2482 686 2555 758 (ll
2587 687 2706 741 Cor.
2736 703 2823 754 ιι,
2851 687 2982 758 27)?
3025 691 3129 744 Sed
3160 706 3267 745 non
3301 694 3410 745 ira-

1815 788 2035 834 scantur
2060 779 2199 834 servi
2226 796 2238 832 :
2271 781 2381 848 ipse
2406 779 2662 833 Dominus
2691 798 2792 833 non
2820 782 3001 835 habuit
3019 781 3137 837 dies
3161 784 3331 837 bonos
3360 787 3412 837 in

1817 868 1918 923 hoc
1944 870 2175 935 sarculo;
2203 870 2556 925 contumelias
2576 913 2591 939 ,
2624 872 2843 941 injurias
2861 913 2877 939 ,
2902 888 3118 927 crucem
3138 912 3154 939 ,
3183 886 3235 928 et
3267 884 3412 929 tanta

1816 963 1953 1016 mala
1994 964 2310 1031 patiebatur.

1888 1056 1956 1111 l8
2011 1054 2160 1129 [vera
2186 1055 2300 1129 ιι]
2343 1057 2459 1113 Non
2489 1073 2617 1128 ergo
2640 1059 2966 1114 christianos
2994 1072 3310 1123 murmuret,
3336 1062 3385 1113 vi

1815 1148 1940 1201 deat
1963 1146 2119 1217 cujus
2149 1150 2367 1220 vestigia
2400 1160 2674 1218 sequatur.
2709 1150 2813 1205 Sed
2846 1153 2888 1204 si
2915 1152 3033 1206 dies
3057 1153 3224 1207 Itonos
3244 1165 3410 1221 amat,

1814 1239 1995 1293 audiat
2025 1240 2304 1295 docentem
2327 1254 2378 1295 et
2401 1242 2667 1297 dicentem
2697 1263 2710 1298 :
2745 1242 2937 1309 Venite,
2966 1246 3083 1314 ﬁlii,
3112 1247 3287 1301 audite
3311 1264 3411 1311 nte,

1817 1330 2045 1385 timorem
2083 1332 2291 1386 Domini
2330 1334 2515 1387 docebo
2554 1351 2659 1388 vos.
2693 1336 2828 1403 Quid
2859 1337 2976 1390 vis?
3011 1338 3181 1391 Vitam
3213 1350 3267 1395 et
3296 1339 3413 1393 dies

1816 1422 2006 1476 bonos.
2039 1425 2210 1489 Audi,
2244 1434 2299 1479 ct
2341 1426 2422 1480 lac
2452 1445 2463 1480 :
2493 1426 2704 1480 Contine
2740 1428 2966 1497 linguam
3006 1440 3144 1483 luant
3184 1448 3215 1483 α
3253 1434 3408 1484 malo.

1816 1514 1923 1568 Fac
1951 1512 2111 1569 illud.
2133 1516 2288 1583 Nolo,
2320 1518 2450 1571 dicit
2478 1519 2636 1572 homo
2666 1520 2828 1573 miser
2856 1538 2871 1573 :
2898 1532 2951 1574 et
2975 1521 3205 1590 linguam
3236 1537 3411 1575 meam

1815 1610 1941 1664 nolo
1967 1610 2246 1665 continere
2272 1626 2300 1663 a
2328 1612 2499 1676 malo,
2534 1623 2586 1665 et
2617 1614 2777 1665 vitam
2808 1614 2958 1675 volo,
2987 1623 3039 1668 et
3074 1614 3189 1669 dies
3219 1615 3407 1670 bonos.

1815 1702 1870 1757 Si
1892 1704 2171 1774 operarius
2198 1712 2320 1757 tuus
2344 1705 2440 1759 tibi
2466 1704 2665 1759 diceret
2689 1723 2702 1755 :
2730 1704 2796 1759 Et
2822 1715 2972 1759 vasto
2998 1708 3151 1760 istam
3175 1708 3407 1772 vineam,

1817 1805 1874 1852 et
1899 1797 2055 1868 exigo
2080 1812 2109 1850 a
2136 1806 2191 1852 te
2220 1798 2521 1852 mercedem
2552 1816 2566 1852 :
2597 1797 2866 1853 adduxisti
2899 1814 2985 1852 me
3017 1799 3083 1854 ad
3116 1800 3323 1856 vineam
3356 1814 3415 1855 ιιι

1818 1887 2048 1943 fulcitem
2077 1888 2221 1943 illam
2252 1897 2308 1944 et
2338 1900 2551 1955 putem,
2585 1890 2809 1944 concido
2846 1890 3023 1943 omnia
3069 1891 3207 1961 ligna
3239 1892 3411 1955 utilia,

1818 1976 2105 2049 prarcidam
2131 1979 2246 2047 ipsa
2274 1979 2467 2034 robora
2490 1980 2697 2045 vitium,
2724 1989 2781 2033 ut
2810 1997 2915 2034 non
2943 1980 3030 2037 hic
3050 1980 3246 2036 habeas
3270 1982 3414 2050 quod

1817 2070 2143 2140 Colligas,-et
2166 2086 2287 2126 cum
2314 2068 2493 2126 fecero
2520 2072 2616 2126 ista
2639 2114 2653 2137 ,
2684 2072 2993 2128 redditurus
3021 2088 3080 2129 es
3109 2074 3235 2128 mihi
3267 2075 3417 2129 labo-

1818 2177 1931 2216 rem
1959 2178 2159 2217 meum.
2199 2163 2387 2222 Nonne
2423 2164 2666 2219 insanum
2699 2166 2844 2220 illum
2875 2165 3115 2221 diceres?
3145 2183 3323 2221 nonne
3349 2167 3414 2222 il-

1818 2253 1929 2307 lum
1956 2253 2023 2309 de
2048 2253 2210 2308 domo
2236 2266 2323 2309 tua
2355 2256 2645 2325 repelleres
2665 2299 2678 2320 ρ
2715 2267 2999 2328 antequam
3032 2260 3267 2318 mitteret
3296 2275 3414 2316 ma-

1819 2362 1945 2400 num
1984 2347 2050 2401 ad
2087 2346 2315 2403 falcem?
2354 2346 2510 2405 Tales
2539 2361 2662 2405 sunt
2693 2351 2965 2415 homines,
3011 2354 3099 2423 qui
3143 2361 3200 2408 et
3239 2353 3414 2409 facere

1819 2438 2003 2491 volunt
2037 2438 2207 2503 mala,
2240 2450 2291 2494 et
2320 2439 2503 2508 jurare
2546 2440 2883 2497 mendacium
2904 2482 2919 2506 ,
2949 2453 3001 2497 et
3040 2442 3415 2512 blasphemare

1818 2538 2004 2582 centra
2033 2529 2231 2593 Deum,
2279 2540 2333 2584 et
2374 2546 2739 2596 murmurare,
2771 2542 2826 2587 et
2856 2531 3092 2587 fraudem
3124 2533 3333 2602 facere,
3360 2543 3417 2590 et

1821 2620 2093 2685 inebriari,
2122 2632 2175 2675 et
2204 2622 2440 2693 litigare,
2470 2632 2523 2679 et
2550 2624 2839 2680 adulterari
2861 2666 2875 2690 ,
2903 2636 2957 2681 et
2982 2626 3233 2698 ligaturas
3256 2630 3414 2683 adhi-

1818 2713 1968 2776 bere,
1992 2723 2046 2767 et
2071 2714 2146 2769 ire
2169 2715 2234 2768 ad
2256 2716 2555 2786 sortilegos,
2584 2726 2639 2771 et
2657 2716 2773 2771 dies
2794 2716 2962 2771 bonos
2988 2718 3189 2772 videre.
3216 2718 3421 2774 Dicitur

1820 2807 1893 2860 illi
1926 2822 1941 2860 :
1970 2805 2083 2860 Non
2114 2816 2263 2877 potes
2294 2809 2432 2863 male
2463 2810 2661 2863 faciens
2690 2825 2933 2879 qtizererc
2973 2810 3168 2865 bonam
3208 2826 3417 2867 merce-

1819 2902 1963 2953 dem.
2005 2899 2059 2954 Si
2089 2909 2141 2954 tu
2174 2899 2401 2969 injustus
2430 2916 2518 2967 es,
2561 2900 2789 2970 injustus
2832 2903 2935 2956 erit
2972 2910 3028 2957 et
3067 2899 3247 2957 Deus?
3275 2900 3419 2973 Ergo

1819 2991 1946 3060 quid
1978 2989 2207 3046 faciam?
2234 2992 2368 3058 Quid
2396 2993 2517 3047 vis?
2545 2991 2718 3047 Vitam
2756 2993 2906 3056 volo,
2934 2992 3051 3048 dies
3078 2995 3248 3049 bonos
3272 2994 3415 3048 volo.

1821 3082 2034 3138 Contine
2059 3082 2286 3153 linguam
2321 3092 2460 3137 tuam
2488 3101 2519 3137 a
2544 3084 2699 3149 malo,
2728 3094 2775 3137 et
2795 3084 2931 3138 labia
2953 3095 3041 3137 tua
3065 3102 3127 3138 ne
3148 3086 3422 3155 loquantur

1822 3175 1996 3229 dolum
2028 3192 2045 3228 :
2074 3176 2124 3230 id
2152 3186 2256 3241 cst,
2290 3177 2418 3229 nulli
2453 3176 2689 3231 fraudem
2711 3218 2726 3241 ,
2757 3177 2885 3230 nulli
2916 3177 3274 3233 mendacium.

1896 3270 1983 3324 l9.
2032 3267 2184 3342 [ιένδ.
2213 3267 2325 3341 15.]
2365 3268 2470 3325 Sed
2510 3269 2636 3340 quid
2662 3281 2775 3337 est,
2811 3268 3021 3323 Declina
3047 3286 3079 3323 a
3108 3270 3287 3323 malo?
3321 3269 3426 3323 Pa»

1824 3378 1941 3416 rum
1968 3373 2051 3416 est
2080 3361 2207 3415 nulli
2244 3375 2476 3425 noceas,
2522 3361 2724 3416 nullum
2767 3360 3015 3426 occidas,
3054 3376 3159 3415 non
3200 3360 3418 3421 fureris.

1825 3470 1930 3507 non
1957 3453 2245 3518 adulteros,
2277 3467 2383 3506 non
2416 3452 2653 3507 fraudem
2685 3451 2882 3518 facias,
2909 3467 3016 3506 non
3048 3451 3235 3506 falsttm
3265 3448 3420 3507 testi-

1826 3548 2063 3600 monium
2110 3545 2275 3599 dicis.
2326 3543 2540 3598 Declina
2577 3561 2607 3596 a
2647 3544 2783 3597 malo
2821 3558 2844 3598 :
2877 3526 3000 3598 cum
3046 3542 3420 3607 declinaveris,

1826 3640 2002 3694 dicis:
2039 3638 2273 3693 Securus
2314 3654 2430 3691 sum
2453 3682 2465 3701 ,
2506 3636 2703 3707 perfeci
2742 3637 2955 3702 omnia,
2988 3634 3197 3691 habebo
3232 3635 3421 3700 vitam,

1826 3732 2019 3788 videbo
2053 3731 2169 3786 dies
2208 3731 2397 3785 bonos.
2433 3728 2549 3785 Non
2586 3730 2759 3784 solum
2791 3730 2988 3783 declina
3025 3746 3057 3782 a
3090 3729 3266 3794 malo;
3302 3728 3422 3796 sed,

1826 3836 1871 3879 et
1897 3830 1981 3895 {ac
2006 3825 2210 3879 bonum.
2244 3823 2435 3877 Parum
2475 3832 2557 3877 est
2594 3832 2652 3876 ut
2692 3838 2797 3875 non
2825 3822 3127 3889 chpolies:
3156 3819 3289 3874 vesti
3320 3835 3425 3877 nu-

1827 3919 1976 3973 dum.
2002 3916 2061 3971 Si
2084 3934 2187 3970 non
2210 3916 2610 3985 exspoliaveris,
2633 3914 2910 3969 declinasti
2940 3929 2969 3966 a
2996 3914 3139 3967 malo
3163 3931 3176 3967 :
3201 3912 3295 3967 sed
3318 3927 3425 3968 non

1831 4010 1993 4065 facies
2021 4012 2221 4064 bonum
2240 4051 2253 4071 ,
2288 4009 2387 4063 nisi
2417 4023 2535 4063 cum
2564 4007 2897 4077 peregrinum
2928 4005 3229 4074 susceperis
3254 4005 3306 4059 in
3332 4004 3430 4059 do-

1830 4120 1975 4159 mum
2004 4114 2166 4158 tuatn.
2197 4103 2336 4171 Ergo
2361 4101 2437 4155 sic
2463 4100 2670 4155 declina
2692 4115 2720 4153 a
2747 4099 2909 4165 malo,
2938 4109 2995 4151 ut
3022 4098 3181 4152 facias
3206 4097 3427 4151 bonum.

1836 4197 2019 4263 Qua’re
2044 4211 2238 4265 pacem,
2270 4203 2319 4247 et
2347 4209 2549 4262 sequere
2577 4208 2706 4245 eam.
2741 4190 2856 4245 Non
2890 4189 2981 4243 tibi
3010 4188 3175 4251 dixit,
3210 4186 3432 4242 habebis

1834 4288 1921 4342 hic
1948 4302 2129 4356 pacem
2163 4303 2175 4337 :
2207 4301 2389 4356 quaere
2418 4285 2595 4347 illam,
2630 4294 2681 4337 et
2712 4297 2937 4353 sequere
2970 4297 3109 4337 eam.
3139 4281 3257 4349 Quo
3286 4280 3429 4334 illam

1832 4375 2065 4448 sequor?
2093 4378 2211 4443 (tuo
2232 4374 2520 4446 pra-cessit.
2553 4374 2808 4428 Dominus
2832 4373 2973 4427 enim
2996 4382 3078 4428 est
3103 4386 3201 4440 pax
3226 4380 3429 4434 nostra.

1833 4470 2129 4527 resurrexit
2154 4478 2206 4523 et
2234 4468 2470 4523 ascendit
2503 4467 2553 4521 in
2582 4468 2799 4522 ccclum.
2836 4467 3017 4532 Quare
3037 4480 3209 4535 pacem
3229 4503 3246 4529 ,
3276 4472 3323 4517 et
3347 4479 3431 4517 se-

1835 4582 1986 4635 quere
2018 4564 2161 4617 illam
2189 4578 2207 4616 :
2237 4562 2359 4633 quia
2388 4570 2443 4616 et
2473 4569 2527 4614 tu
2556 4575 2677 4613 cum
2707 4558 3034 4618 surrexeris,
3070 4555 3172 4611 hoc
3206 4554 3435 4611 mortale

1837 4654 2131 4711 mutabitur
2149 4696 2163 4718 ,
2192 4663 2245 4707 et
2268 4650 2609 4720 amplecteris
2638 4664 2820 4718 pacem
2842 4690 2857 4711 ,
2887 4648 2974 4703 ubi
3005 4647 3097 4701 tibi
3130 4661 3287 4702 nemo
3312 4660 3434 4700 mo-

1838 4750 2005 4804 lestus
2030 4747 2150 4802 erit.
2183 4746 2255 4801 lbi
2282 4746 2423 4799 enim
2451 4750 2535 4799 est
2562 4742 2793 4812 perfecta
2822 4757 2944 4810 pax,
2966 4739 3053 4794 ubi
3078 4754 3182 4793 non
3203 4737 3432 4792 esuries.

1836 4841 1970 4896 Nam
2016 4840 2102 4894 hic
2145 4839 2237 4893 tibi
2285 4852 2467 4907 pacem
2509 4835 2631 4889 facit
2663 4832 2853 4903 panis:
2882 4832 3091 4886 subduc
3126 4844 3347 4897 panem,
3379 4836 3435 4883 et

1837 4934 2129 5003 videqnalc
2152 4931 2349 4986 bellum
2372 4931 2473 4983 erit
2496 4930 2631 4982 intra
2654 4929 2857 4980 viscera
2883 4936 2989 4978 tua.
3022 4922 3124 4991 Ipsi
3149 4923 3277 4989 justi
3298 4936 3435 4991 quo-

1840 5027 2000 5094 modo
2028 5032 2245 5094 gemunt
2286 5023 2405 5087 hic,
2445 5018 2670 5075 fratres?
2700 5028 2759 5073 ut
2786 5016 2967 5071 sciatis
2991 5014 3112 5085 quia
3145 5013 3433 5083 quaerimus

1842 5122 1929 5176 hic
1958 5135 2169 5190 pacem.
2199 5129 2587 5183 consequemur
2615 5122 2790 5165 autem
2824 5110 2874 5161 in
2905 5110 3028 5161 line.
3060 5106 3166 5162 Sed
3195 5121 3260 5162 ex
3284 5116 3436 5176 parte

1842 5218 1927 5272 hic
1954 5216 2266 5277 habeamus,
2294 5223 2349 5263 ut
2375 5226 2434 5265 ex
2468 5218 2581 5261 toto
2608 5205 2711 5260 illic
2735 5204 2930 5256 habere
2958 5214 3275 5254 mereamur.
3300 5198 3435 5263 Quid

1841 5322 1943 5375 est,
1972 5326 2039 5367 ex
2072 5307 2257 5378 parte?
2286 5302 2591 5360 ConCordes
2618 5302 2783 5352 simus
2816 5296 2920 5359 hic,
2951 5295 3229 5362 diligamus
3260 5292 3441 5360 proxi-

1840 5419 1986 5459 mum
2014 5397 2282 5471 quomodo
2314 5411 2431 5449 nos.
2477 5393 2563 5447 Sic
2604 5389 2764 5461 dilige
2805 5388 3021 5440 fratrem
3057 5382 3324 5454 quomodo
3356 5392 3438 5435 tc-

1843 5496 2049 5565 ipsum,
2084 5490 2219 5544 habe
2256 5503 2376 5541 cum
2414 5485 2507 5541 illo
2542 5497 2745 5553 pacem.
2779 5479 2884 5533 Sed
2930 5494 3034 5529 non
3074 5485 3297 5545 possmt
3337 5473 3437 5527 nisi

1843 5588 2073 5643 existere
2103 5584 2233 5636 rixae
2262 5581 2452 5649 aliqute
2472 5620 2488 5640 ,
2521 5571 2789 5644 quomodo
2829 5572 2966 5625 inter
2996 5568 3191 5623 fratres
3218 5575 3271 5620 et
3302 5566 3440 5618 inter

1844 5688 2057 5735 sanctos
2084 5674 2422 5730 exstiterunt.
2455 5670 2592 5722 inter
2620 5664 2916 5722 Barnabam
2955 5670 3010 5717 et
3047 5660 3266 5715 Paulum
3303 5656 3437 5726 (Act.

1846 5789 1943 5833 xv.
1976 5770 2069 5834 59)
2099 5786 2112 5821 :
2141 5766 2237 5823 sed
2268 5781 2371 5819 non
2402 5778 2522 5833 quae
2562 5760 2868 5815 occiderent
2916 5753 3253 5812 concordiam
3274 5793 3290 5819 ,
3331 5766 3439 5805 non

1848 5878 1969 5933 quae
1988 5858 2361 5917 interimeicnt
2380 5855 2718 5914 cbaritatczu.
2748 5850 2878 5907 Nam
2903 5856 2958 5906 et
2986 5847 3077 5903 tibi
3110 5844 3206 5918 ipsi
3238 5842 3443 5900 resistis
