4008 6352
132 382 227 438 δῖι
1239 373 1634 432 ENARBATIO
1674 373 1740 432 1N
1780 374 2102 434 PSALMUM
2141 375 2388 442 XXXIV.

135 505 246 549 ttnn
279 503 364 550 est
391 492 444 549 in
472 491 738 558 Domino;
769 488 889 560 quia
913 503 1038 545 cum
1066 487 1319 560 penderet
1342 487 1393 541 in
1424 503 1601 549 cruce,
1633 500 1728 540 ex-

131 591 352 660 spiravit
385 600 669 658 antequam
699 585 938 640 venirent
970 583 1041 639 illi
1067 583 1131 637 ad
1161 597 1396 645 crucem,
1427 592 1480 635 et
1510 582 1726 634 iuvene-

132 692 255 738 runt
274 683 381 752 jam
404 672 598 749 corpus
615 677 878 743 exanime,
901 685 953 731 et
971 677 1253 730 noluerunt
1273 690 1430 729 crura
1453 675 1567 742 ejus
1584 673 1727 728 fran-

135 789 282 845 gere,
307 785 361 827 ut
384 772 696 843 impleretur
711 770 848 842 quod
864 770 1117 839 scriptum
1148 778 1229 822 est
1257 766 1436 833 (Joan.
1466 783 1577 831 XIX,
1602 767 1741 836 53).⁴

135 867 238 921 Sed
268 865 510 936 promisit
547 863 676 918 illud
729 873 783 918 et
835 863 1043 916 creteris
1089 859 1442 913 Christianis:
1477 857 1726 912 Dominus

141 959 359 1012 custodit
377 957 550 1010 omnia
574 971 688 1010 ossa
707 970 899 1016 eorum,
927 969 1084 1005 unum
1111 967 1172 1004 ea:
1191 951 1268 1003 Itis
1289 967 1388 1003 non
1418 958 1720 1003 conteretur.

136 1051 281 1119 Ergo
320 1050 527 1113 intres,
558 1047 600 1100 si
640 1046 929 1100 viderimus
969 1044 1196 1110 aliquem
1243 1050 1483 1096 sanctum
1508 1039 1727 1095 tribula-

143 1143 317 1196 tiones
354 1140 484 1212 pati,
513 1148 568 1194 et
593 1137 729 1192 forte
754 1137 839 1190 vel
889 1151 919 1190 a
969 1135 1175 1195 medico
1203 1134 1279 1187 sic
1307 1131 1494 1196 secari,
1522 1133 1604 1185 vel
1659 1131 1726 1185 ab

135 1233 316 1302 aliquo
339 1238 682 1301 persecutore
701 1227 779 1281 sic
799 1225 952 1292 cmdi,
995 1236 1052 1279 ut
1081 1225 1196 1294 ejus
1225 1238 1346 1278 ossa
1376 1222 1683 1292 frangantur
1707 1239 1723 1287 ;

138 1341 244 1378 non
265 1323 528 1384 dicamus,
554 1319 672 1375 Non
703 1327 817 1373 erat
831 1318 1007 1388 justus
1052 1317 1171 1381 iste,
1199 1331 1321 1369 nam
1352 1315 1607 1368 Dominus
1626 1314 1727 1368 hoc

136 1415 384 1486 promisit
405 1414 560 1482 jnstis
577 1411 706 1476 suis,
736 1410 804 1464 de
826 1409 1020 1476 quibus
1074 1408 1151 1461 ait
1177 1421 1193 1462 :
1221 1405 1449 1460 Custodit
1481 1405 1726 1458 Dominus

136 1502 307 1555 onmiu
329 1515 444 1553 ossa
489 1513 660 1550 eorum
685 1535 702 1561 ,
750 1510 905 1547 unum
957 1509 1021 1547 ea:
1055 1492 1132 1545 Itis
1162 1507 1264 1544 non
1304 1498 1604 1543 conteretur.
1634 1489 1728 1542 Vis

138 1591 320 1645 videre
347 1590 469 1660 quia
496 1588 598 1641 alia
625 1601 742 1641 ossa
770 1585 924 1650 dixit,
963 1599 1084 1654 qua:
1110 1581 1339 1638 diximus
1391 1581 1724 1636 ﬁrmamenta

139 1684 285 1747 ﬁdei,
329 1682 380 1736 id
431 1691 515 1736 est
555 1679 863 1750 patientiam
905 1686 960 1730 et
1009 1675 1343 1730 tolerantiam
1378 1674 1430 1728 in
1476 1673 1724 1727 omnibus

139 1770 620 1830 tribulationibus?
659 1769 772 1840 ipsa
793 1767 934 1823 enim
963 1775 1086 1821 sunt
1111 1780 1234 1820 ossa
1279 1781 1398 1836 qua:
1445 1779 1550 1818 non
1581 1764 1725 1818 fran-

137 1877 358 1938 gnntur.
402 1862 616 1926 Audite,
647 1871 700 1914 et
731 1859 781 1912 in
809 1859 920 1928 ipsa
953 1857 1200 1928 passione
1231 1855 1441 1909 Domini
1481 1854 1728 1923 inspicite

140 1957 282 2028 quod
305 1957 444 2010 dico.
477 1953 733 2009 Dominus
761 1961 876 2006 erat
935 1951 988 2003 in
1015 1947 1189 2003 medio
1215 1946 1502 2001 cruciﬁxus
1527 1962 1542 2012 ;
1572 1939 1725 2016 juxta

142 2053 289 2108 illum
307 2050 418 2105 duo
445 2049 680 2102 latrones
704 2055 858 2100 erant
886 2061 901 2098 :
943 2057 1078 2096 unus
1131 2039 1420 2104 insuitavit,
1451 2040 1587 2093 alter
1611 2053 1730 2093 cre-

139 2143 314 2208 didit;
367 2155 508 2197 unus
531 2139 810 2193 damnatus
831 2145 930 2199 est,
955 2131 1419 2203 alterjustiflcatus
1435 2140 1520 2187 est
1542 2147 1557 2196 ;
1592 2145 1729 2185 unus

142 2234 328 2294 habuit
348 2246 558 2303 pennam
587 2244 736 2284 suam
763 2238 816 2283 et
845 2226 928 2280 hic
954 2235 1008 2280 et
1033 2226 1086 2280 in
1139 2223 1395 2290 luturum,
1438 2223 1592 2277 alteri
1634 2238 1730 2277 au-

146 2341 251 2387 tem
279 2328 416 2384 dixit
437 2325 718 2383 Dominus:
742 2323 898 2375 Amen
919 2320 1033 2373 dico
1075 2317 1164 2373 tibi
1192 2359 1208 2382 ,
1243 2315 1393 2370 hodie
1413 2332 1609 2370 mecum
1630 2315 1732 2370 eris

142 2422 195 2478 in
224 2417 502 2492 paradioo(
531 2415 656 2474 Luc.
683 2429 830 2475 mn,
858 2413 927 2467 43
954 2411 972 2483 )
1005 2429 1020 2467 :
1052 2421 1104 2464 ct
1121 2421 1298 2463 tamen
1328 2408 1402 2462 illi
1449 2409 1536 2478 qui
1564 2422 1732 2462 vene-

141 2491 283 2582 rant,
313 2491 657 2568 Dominiossa
681 2521 782 2564 non
803 2504 1095 2573 fregerunt,
1123 2501 1390 2555 latronum
1416 2509 1592 2553 autem
1615 2498 1727 2552 fre-

142 2603 374 2677 gerunt(
399 2599 556 2657 Joan.
586 2613 697 2664 nx,
717 2597 786 2652 32
812 2598 830 2667 )
864 2613 876 2650 :
908 2595 986 2652 sic
1009 2591 1174 2650 fracta
1199 2599 1324 2647 sunt
1352 2590 1576 2644 latronis
1605 2605 1727 2644 ossa

141 2698 230 2768 qui
259 2691 666 2767 biaspbemavit.
689 2687 957 2764 quomodo
984 2686 1206 2745 latronis
1233 2683 1582 2755 quicredidit.
1614 2681 1718 2738 Ubi

142 2801 223 2850 est
250 2804 380 2859 ergo
403 2784 543 2859 quod
565 2785 764 2842 dictum
788 2791 890 2845 est,
935 2779 1180 2836 Dominus
1208 2777 1424 2831 custodit
1452 2777 1623 2830 omnia
1645 2791 1732 2830 os-

141 2899 197 2938 sa
222 2896 420 2943 eorum,
453 2893 609 2932 unum
633 2891 695 2930 ex
717 2875 793 2931 his
823 2891 922 2930 non
949 2882 1231 2926 conteretur
1260 2870 1287 2923 ?
1313 2869 1448 2924 Ecce
1474 2868 1558 2922 cui
1576 2868 1730 2934 dixit,

141 2975 292 3030 hodie
339 2986 536 3026 mecum
563 2969 661 3025 erit
683 2967 734 3022 iu
753 2965 1012 3041 paradiso,
1062 2977 1165 3018 non
1211 2961 1382 3031 potuit
1410 2961 1587 3015 omnia
1612 2975 1733 3014 ossa

141 3067 254 3137 ejus
283 3061 606 3120 custodire?
633 3057 932 3132 Respondet
959 3056 1052 3110 tibi
1081 3054 1340 3109 Dominus
1371 3070 1383 3106 :
1417 3053 1527 3105 lmo
1549 3061 1732 3106 custo-

142 3158 245 3211 diri
273 3173 289 3222 ;
323 3171 448 3210 nam
481 3152 867 3208 ﬁrmamentum
892 3147 1011 3201 ﬁdei
1035 3145 1200 3215 ipsius
1233 3143 1403 3213 frangi
1433 3157 1537 3196 nou
1561 3142 1734 3214 potuit

144 3249 246 3305 illis
276 3247 471 3302 ictibus
497 3244 690 3316 quibus
709 3257 862 3296 crura
890 3250 1014 3294 sunt
1040 3239 1224 3292 fracta.

209 3341 302 3396 9:5.
347 3338 368 3412 [
392 3355 522 3392 vero.
559 3336 650 3400 22,
679 3334 769 3390 25.
793 3332 814 3407 ]
845 3332 986 3387 Mors
1028 3341 1347 3403 peccatorum
1374 3329 1610 3400 pessima.
1637 3332 1734 3384 Al-

146 3432 364 3495 tcndite,
391 3429 601 3491 fratres,
634 3433 851 3497 propter
879 3424 896 3457 ι
948 3422 1037 3477 illa
1091 3437 1210 3491 quae
1242 3419 1568 3475 dicebamus.
1600 3418 1738 3472 Vere

146 3538 368 3592 magnus
393 3521 670 3581 Dominus,
701 3525 756 3570 et
781 3512 1143 3570 misericordia
1160 3510 1292 3581 ejus,
1323 3525 1452 3564 vere
1476 3510 1497 3541 ⁸
1524 3509 1613 3579 qui
1639 3507 1737 3563 1ιό-

147 3616 223 3670 bis
244 3615 395 3670 dedit
416 3610 737 3667 manducare
757 3622 952 3676 corpus
972 3620 1126 3661 suum
1142 3604 1192 3658 in
1216 3619 1320 3673 quo
1346 3612 1488 3658 tanta
1516 3618 1729 3672 perpes~

145 3722 233 3762 Sus
258 3716 364 3771 est,
388 3713 445 3760 et
472 3703 782 3774 sanguinem
815 3700 1016 3754 bibere.
1045 3695 1323 3764 Quomodo
1374 3695 1590 3764 respicit
1621 3711 1736 3748 ma-

148 3799 192 3853 la
219 3798 540 3866 cogitantes,
595 3803 651 3848 et
697 3792 971 3847 dicentes:
995 3789 1085 3843 ille
1125 3787 1266 3842 male
1303 3795 1542 3839 mortuus
1566 3793 1673 3850 est,
1705 3800 1736 3839 a

147 3891 329 3944 bestiis
381 3894 732 3955 consumptus
782 3892 864 3937 est
891 3898 904 3934 :
934 3895 1040 3934 non
1087 3887 1203 3932 erat
1257 3877 1346 3931 ille
1389 3877 1585 3946 justus,
1617 3876 1738 3930 ideo

149 3981 281 4036 male
314 3979 508 4049 periit;
559 3992 680 4030 nam
731 3991 835 4028 non
890 3971 1091 4041 periret
1121 3969 1194 4041 (a)
1221 3968 1244 4022 ?
1277 3969 1418 4047 Eth
1448 3968 1537 4023 ille
1559 3967 1736 4037 justus

148 4080 245 4129 est.
264 4069 357 4138 qui
395 4069 446 4121 in
473 4067 632 4120 domo
662 4082 754 4120 sua
786 4066 906 4118 etin
928 4061 1069 4116 lecto
1088 4074 1186 4114 suo
1213 4042 1438 4113 moritur
1465 4060 1488 4112 ἶ)
1515 4058 1630 4112 Hoc
1657 4067 1739 4111 est

149 4181 293 4236 ergo,
326 4162 526 4232 inquis,
559 4157 700 4228 quod
724 4158 909 4218 miror,
940 4155 1060 4225 quia
1094 4153 1212 4206 novi
1246 4163 1458 4220 peccata
1485 4160 1539 4206 et
1560 4149 1736 4205 scele-

151 4272 202 4314 η
231 4255 422 4333 ipsius,
475 4261 529 4306 et
573 4250 710 4304 bene
736 4257 978 4301 mortuus
1007 4253 1110 4309 est,
1143 4245 1193 4297 in
1245 4243 1407 4296 domo
1431 4257 1549 4308 sua,
1599 4241 1738 4294 intra

149 4331 329 4405 limina
357 4360 476 4409 sua,
506 4342 650 4397 nulla
684 4335 1122 4411 peregrinationis
1173 4333 1363 4402 injuria
1395 4332 1440 4397 ⁸,
1488 4331 1632 4385 nulla
1659 4331 1741 4386 vel

151 4439 201 4496 ln
247 4444 458 4496 natura
507 4441 684 4491 aetate.
729 4428 900 4492 Audi:
945 4426 999 4481 Μ
1006 4444 1087 4480 οη
1136 4435 1453 4494 peccatorum
1505 4423 1737 4492 pessima.

152 4536 280 4606 Qua:
303 4533 399 4591 tibi
422 4530 632 4587 videtur
659 4528 800 4582 bona
847 4537 1012 4590 mors,
1047 4521 1274 4597 pessima
1301 4528 1399 4582 est,
1434 4517 1479 4572 si
1506 4519 1649 4573 intus
1674 4517 1745 4571 vi-

149 4628 297 4684 deas.
330 4622 499 4680 Vides
529 4620 656 4676 foris
693 4617 958 4690 iacentem
991 4614 1041 4674 in
1094 4613 1252 4682 lecto,
1301 4609 1556 4682 numquid
1597 4608 1744 4663 vides

151 4719 296 4776 intus
316 4725 530 4786 raptum
567 4711 633 4769 ad
671 4706 1018 4782 gehennam?
1070 4703 1285 4770 Audite,
1329 4701 1543 4764 fratres,
1599 4708 1654 4755 et
1677 4715 1744 4754 ex

151 4809 451 4878 Evangelia
491 4804 753 4876 inspicite,
783 4800 908 4874 quid
949 4799 1019 4855 sit
1044 4813 1186 4859 mors
1213 4805 1549 4866 peccatorum
1575 4796 1746 4868 pessi-

152 4919 258 4961 ma.
303 4895 576 4971 Numquid
606 4910 711 4952 non
752 4893 858 4948 duo
904 4889 1138 4953 erantin
1188 4888 1290 4943 isto
1345 4884 1561 4948 scuculo,
1595 4883 1746 4937 dives

150 4997 240 5066 qui
272 4991 594 5051 induebatur
620 5000 851 5060 purpura
904 4993 958 5040 et
988 4982 1168 5054 bysso,
1188 4988 1242 5034 et
1271 4977 1584 5047 epulabatur
1608 4991 1744 5045 quo-

152 5088 285 5143 tidie
313 5080 594 5156 splendide
625 5095 642 5146 ;
685 5078 820 5137 alter
846 5089 1047 5151 pauper
1091 5071 1177 5142 qui
1203 5070 1415 5140 jacebat
1439 5067 1503 5122 ad
1528 5067 1745 5136 jaunam

149 5180 271 5251 ejus
321 5177 621 5237 ulcerosus,
653 5179 707 5226 et
735 5183 894 5224 canes
927 5163 1211 5220 veniebant
1237 5170 1293 5215 ct
1330 5159 1635 5228 liuguebant
1663 5158 1745 5210 ul-

148 5289 275 5330 cera
304 5271 444 5343 ejus,
473 5276 529 5324 et
574 5262 914 5322 desiderabat
964 5256 1193 5315 saturari
1225 5255 1292 5309 de
1323 5253 1475 5307 micis
1517 5268 1634 5321 quae
1661 5269 1749 5302 ra-

151 5366 358 5419 debant
387 5360 455 5416 de
483 5372 666 5414 mensa
686 5352 910 5409 divitis?
937 5350 1357 5418 Contigitautem
1382 5346 1515 5398 tnori
1535 5345 1746 5412 inopem

151 5459 305 5512 illum
337 5454 534 5526 (justus
560 5459 679 5506 erat
704 5447 793 5502 ille
814 5441 1012 5514 inops),
1035 5449 1088 5498 et
1112 5438 1309 5496 auferri
1357 5436 1426 5491 ab
1455 5435 1667 5504 Angelis
1697 5435 1747 5487 in

215 5577 234 5606 ¹
274 5579 324 5621 tn
350 5565 570 5633 plurimis
592 5569 717 5633 Μξιειν
737 5570 841 5630 I10",
857 5570 914 5619 PT
916 5561 1139 5633 οᾘξένλω
1335 5610 1412 5633 ____.
1443 5607 1572 5633 ,ηιμ
1599 5606 1712 5633 ΑΜ,

217 5636 240 5667 ι
274 5606 568 5686 Xin'I'Ei'Er'Z
593 5606 1014 5686 ὶῗῆιίεέτίὲρτᾱία
1033 5614 1143 5686 ejus
1159 5625 1294 5681 υενα,
1326 5610 1412 5680 qui
1443 5607 1572 5658 nobis
1595 5606 1747 5657 dedit.

153 5675 519 5792 “filictia”.
545 5675 674 5744 itas,
698 5694 806 5752 vere
823 5680 990 5746 quibus
1009 5675 1193 5747 dedite
1273 5675 1291 5744 ί
1335 5675 1350 5743 ξ
1391 5733 1402 5744 .

276 5755 368 5792 mhi
397 5790 404 5792 _
433 5751 572 5792 nulla
593 5741 993 5792 mrearmatiom's
1015 5737 1197 5792 injuria
1217 5736 1305 5792 fuit
1329 5734 1402 5786 illi

276 5731 993 5813 Filii.',_iuiitdpcre§rindtimtis
1015 5735 1197 5804 injuria
1217 5734 1305 5803 fuit
1329 5733 1422 5796 illi,
1459 5731 1611 5792 nulla,
1651 5739 1747 5782 etc.

153 5822 305 5871 eiurat
323 5817 410 5880 fuit
426 5814 544 5881 illia
569 5818 679 5881 Mss.

216 5886 291 5947 (a)
313 5872 540 5940 Subaud.,
571 5872 618 5923 si
635 5872 798 5935 justus
819 5872 958 5918 esset.

3321 378 3426 439 82?

1834 488 2009 542 sinum
2041 488 2287 543 Abrahae.
2320 487 2422 557 Qui
2470 487 2672 544 viderat
2713 505 2906 559 corpus
2963 492 3103 548 illius
3154 493 3333 563 jacere
3357 502 3425 549 ad

1841 580 2003 634 limen
2033 580 2232 646 divitis,
2267 590 2320 635 et
2347 597 2450 635 non
2473 595 2591 636 esse
2619 583 2708 652 qui
2749 585 3019 652 sepeliret,
3053 598 3245 656 quanta
3285 587 3422 642 forte

1835 671 2039 725 diceret
2066 671 2090 723 ?
2136 671 2228 726 Sic
2258 673 2515 726 moriatur
2534 673 2623 727 ille
2647 672 2890 727 inimicus
2921 691 3089 738 meus,
3119 687 3172 731 ct
3194 678 3284 732 ille
3318 695 3410 746 qut

1835 780 1920 818 me
1943 764 2278 836 persequitur
2301 805 2315 831 ,
2338 765 2416 819 sic
2450 763 2599 819 illum
2648 765 2878 819 videam.
2911 766 3232 822 Exsceratnr
3250 770 3266 799 ί
3290 783 3415 822 cor-

1835 871 1934 925 pus
1958 867 2135 923 sputo,
2165 866 2354 926 putent
2395 857 2651 922 vulnera;
2683 867 2735 911 et
2777 857 2866 910 ille
2919 858 2969 911 in
3020 859 3139 912 sinu
3191 860 3422 914 Abrahae

1833 949 2140 1018 requiescit.
2186 949 2243 1003 Si
2289 947 2564 1003 christiani
2616 964 2821 1014 sumus,
2869 949 3193 1005 credamus:
3226 952 3270 1005 si
3317 967 3423 1005 non

1834 1040 2122 1106 credimus,
2154 1038 2364 1103 fratres,
2395 1055 2551 1094 nemo
2572 1055 2629 1094 se
2660 1042 2820 1110 ﬁngat
2865 1041 3233 1098 christianum.
3264 1043 3426 1097 Fides

1832 1145 1930 1185 nos
1952 1130 2211 1200 perducit.
2247 1131 2528 1198 Quomodo
2554 1132 2640 1186 illa
2679 1132 2812 1186 dixit
2844 1133 3120 1202 Dominus,
3160 1136 3237 1189 sic
3277 1147 3421 1191 sunt.

1832 1227 1915 1275 An
1937 1237 2061 1276 vero
2078 1221 2204 1276 dicit
2229 1223 2321 1276 tibi
2377 1222 2804 1286 mathematicus,
2829 1234 2883 1278 et
2908 1241 3093 1279 verum
3139 1238 3220 1280 est
3247 1243 3262 1292 ;
3293 1226 3426 1281 dicit

1833 1314 2096 1375 Christus,
2126 1324 2180 1369 et
2207 1315 2394 1368 falsum
2423 1315 2552 1370 cst?
2582 1317 2732 1383 Quali
2765 1326 2942 1371 autem
2972 1330 3146 1373 morte
3179 1331 3422 1374 mortuus

1834 1415 1917 1460 est
1946 1407 2033 1460 ille
2059 1405 2250 1462 dives?
2279 1407 2459 1476 Qualis
2490 1424 2634 1462 mors
2659 1424 2778 1463 esse
2805 1413 2973 1480 potuit
3019 1413 3070 1465 in
3110 1427 3339 1483 purpura
3369 1422 3425 1467 et

1835 1495 2012 1566 bysso,
2037 1512 2190 1566 quam
2220 1506 2550 1567 sumptuosa,
2591 1515 2747 1570 quam
2783 1517 3034 1571 pomposa
3065 1502 3228 1573 ?qu:e
3254 1519 3414 1558 exse-

1835 1591 1973 1659 quize
2005 1590 2210 1645 funeris
2232 1591 2301 1644 ibi
2319 1600 2471 1646 erant
2495 1592 2520 1644 ‘i
2540 1591 2751 1662 quantis
2777 1594 3104 1650 aromatibus
3155 1596 3422 1667 sepultum

1836 1691 1917 1734 est
1942 1680 2069 1734 illud
2098 1681 2370 1736 cadaver?
2400 1683 2464 1736 Et
2487 1691 2665 1737 tamen
2693 1699 2814 1738 cum
2841 1685 2980 1756 apud
3014 1685 3212 1742 inferos
3234 1687 3285 1741 in
3307 1697 3420 1742 tor-

1837 1772 2032 1827 mentis
2057 1783 2219 1838 esset,
2244 1773 2566 1828 desideravit
2593 1790 2658 1831 ex
2687 1775 2828 1832 illius
2841 1778 3132 1848 contempti
3167 1780 3416 1850 pauperis

1837 1862 2002 1932 digito
2029 1864 2272 1919 instillari
2298 1881 2448 1934 aquae
2478 1875 2678 1936 guttam
2710 1867 2920 1922 ardenti
2951 1869 3143 1938 lingua:
3170 1886 3301 1936 sum,
3327 1886 3426 1925 ne-

1837 1970 1943 2024 que
1994 1955 2467 2026 impetravit(Luc.
2501 1973 2610 2020 xw,
2645 1957 2810 2014 19-25
2831 1959 2870 2028 ).
2906 1959 3104 2014 Discite
3133 1975 3262 2030 ergo
3289 1960 3417 2031 quid

1839 2048 1928 2111 sit,
1961 2047 2104 2102 Mors
2125 2059 2443 2120 peccatorum
2493 2044 2709 2119 pessima
2735 2092 2750 2113 ,
2783 2058 2836 2106 et
2876 2051 3041 2106 nolite
3095 2051 3424 2123 interrogare

1801 2149 2036 2194 .stratos
2069 2140 2317 2210 pretiosis
2368 2140 2607 2196 vestibus
2655 2141 2842 2204 lectos,
2877 2150 2932 2196 et
2980 2158 3196 2198 carnem
3247 2143 3432 2199 multis

1840 2228 2045 2284 divitiis
2073 2231 2400 2296 obvolutam,
2436 2232 2828 2287 lamentationis
2880 2248 3124 2304 pompam
3169 2235 3429 2289 exhiben-

1842 2329 1923 2377 tes
1952 2361 1968 2386 ,
2023 2321 2360 2392 plangentem
2417 2322 2716 2389 familiam,
2769 2324 2975 2378 turbam
3022 2325 3428 2395 obsequentium

1841 2415 2236 2483 prmcedeutem
2279 2429 2342 2469 ac
2390 2422 2724 2484 sequentem,
2775 2429 2895 2470 cum
2949 2430 3142 2485 corpus
3187 2415 3428 2480 ell'ertur.

1843 2515 2191 2560 marmoratos
2218 2515 2533 2575 auratasque
2556 2504 2862 2560 memorias.
2887 2506 3018 2560 Nam
3047 2507 3088 2561 si
3121 2506 3238 2563 haec
3268 2507 3434 2563 inter-

1840 2598 2060 2667 rogatis,
2079 2597 2401 2666 respondent
2423 2595 2571 2650 vobis
2600 2595 2810 2663 falsum,
2830 2596 2970 2667 qttod
3000 2597 3288 2652 multorum
3320 2614 3426 2652 non

1842 2690 2030 2744 leviter
2049 2699 2415 2760 peccatorum,
2451 2687 2545 2742 sed
2590 2689 2808 2742 omnino
2854 2690 3234 2744 sceleratorum
3287 2705 3434 2744 mors

1842 2782 2041 2851 Optima
2070 2792 2173 2848 est,
2197 2782 2288 2851 qui
2321 2782 2397 2834 sic
2437 2780 2636 2850 plangi,
2666 2781 2744 2835 sic
2795 2780 3020 2847 condiri,
3067 2782 3144 2836 sic
3184 2783 3418 2853 contegi,

1842 2876 1919 2930 sic
1939 2873 2114 2929 ell‘erri
2141 2916 2156 2942 ,
2183 2873 2262 2928 sic
2301 2872 2517 2943 sepeliri
2570 2884 2906 2928 meruerunt.
2955 2873 3059 2928 Sed
3098 2878 3426 2944 interrogate

1843 2966 2213 3038 Evangelium,
2243 2976 2297 3022 et
2365 2965 2609 3020 ostendet
2648 2965 2768 3020 ﬁdei
2831 2977 3024 3021 vestra:
3061 2966 3113 3021 in
3146 2969 3317 3037 poenis
3343 2983 3436 3022 ar-

1842 3058 2058 3114 dentem
2086 3059 2317 3113 animam
2348 3059 2546 3123 divitis,
2580 3073 2736 3128 quam
2761 3057 3223 3127 nihiladjuverunt
3245 3073 3435 3114 omnes

1845 3149 2077 3205 honores
2100 3159 2154 3205 ct
2181 3149 2454 3220 obsequia,
2486 3164 2606 3220 qua:
2634 3159 2847 3204 mortuo
2866 3151 3076 3220 corpori
3100 3149 3216 3220 ejus
3248 3149 3434 3206 viven—

1846 3243 1976 3296 tium
2002 3241 2209 3298 vanitas
2244 3240 2493 3312 prtebuit.

1914 3332 2004 3388 26.
2048 3333 2153 3387 Sed
2198 3333 2320 3402 quia
2362 3332 2522 3386 multa
2567 3340 2692 3385 sunt
2735 3345 2928 3401 genera
2974 3339 3310 3401 peccatorum
3337 3373 3350 3397 ,
3383 3341 3440 3387 et

1844 3446 1952 3484 non
1981 3442 2103 3483 esse
2131 3439 2464 3499 peccatorem
2505 3425 2723 3480 difﬁcile
2750 3433 2851 3490 est,
2884 3435 2976 3479 aut
3005 3424 3230 3481 fortasse
3256 3427 3309 3480 in
3339 3425 3441 3481 hac

1844 3519 1949 3574 vita
1978 3534 2084 3574 non
2114 3517 2384 3588 possibile,
2416 3516 2642 3587 subjecit
2686 3516 2866 3570 statim
2894 3516 3046 3585 cujus
3071 3516 3283 3586 generis
3312 3531 3440 3585 pec-

1844 3623 2081 3667 catorum
2110 3621 2250 3665 esset
2280 3623 2424 3665 mors
2455 3607 2704 3677 pessima.
2737 3604 2808 3660 Et
2850 3607 2936 3671 qui
2959 3606 3171 3660 oderunt
3199 3608 3396 3678 justum
3418 3649 3437 3674 ,

1845 3703 2052 3772 inquit,
2079 3702 2388 3770 delinquont.
2418 3699 2587 3768 Quem
2613 3697 2814 3768 justum
2840 3739 2856 3764 ,
2885 3697 2984 3752 nisi
3014 3713 3134 3751 eum
3166 3697 3254 3767 qui
3278 3697 3439 3766 justi-

1847 3795 1970 3849 ﬁcat
1995 3794 2214 3863 impium
2246 3790 2435 3860 (Rom.
2460 3806 2532 3857 tv,
2561 3787 2675 3861 5)?
2701 3804 2858 3858 quem
2881 3789 3102 3858 justum,
3130 3788 3229 3842 nisi
3256 3789 3434 3842 Domi-

1845 3903 1972 3943 num
2002 3886 2182 3941 .lesnm
2211 3883 2477 3940 Christum
2501 3925 2516 3951 ,
2542 3885 2629 3953 qui
2673 3891 2757 3938 est
2783 3883 2940 3937 etiam
2984 3882 3286 3951 propitiatio
3311 3897 3440 3952 pec-

1845 3990 2083 4034 catorum
2116 3986 2417 4032 nostrorum
2450 3976 2511 4049 (l
2539 3975 2695 4029 Joan.
2731 3989 2766 4028 tt
2792 4016 2808 4041 ,
2841 3972 2957 4044 2)?
2997 3973 3098 4042 Qui
3127 3989 3255 4044 ergo
3299 3973 3443 4030 hunc

1847 4071 2075 4126 oderunt
2101 4112 2115 4138 ,
2145 4079 2366 4123 mortem
2400 4067 2682 4138 pessimam
2715 4065 2944 4130 habent;
2974 4066 3096 4134 quia
3129 4065 3180 4118 in
3211 4066 3443 4134 peccatis

1847 4166 1959 4218 suis
1983 4164 2302 4226 moriuntur,
2331 4159 2421 4231 qui
2447 4174 2542 4228 per
2567 4173 2686 4212 eum
2717 4157 2825 4211 Deo
2852 4166 3035 4210 nostro
3060 4173 3165 4210 non
3195 4157 3440 4209 reconci-

1847 4255 2044 4310 liantur
2071 4271 2086 4308 :
2118 4253 2345 4308 Redintet
2365 4251 2507 4308 enim
2540 4248 2788 4303 Dominus
2817 4249 3013 4302 animos
3040 4263 3295 4301 servorum
3322 4263 3444 4300 suo-

1848 4364 1983 4402 rum.
2010 4343 2316 4400 Secundum
2361 4341 2591 4396 animam
2637 4339 2779 4395 enim
2821 4336 3159 4406 intelligenda
3187 4348 3270 4391 est
3297 4350 3443 4390 mors

1850 4447 1943 4492 aut
1972 4436 2235 4507 pessima,
2267 4443 2359 4487 aut
2401 4431 2634 4500 Optima;
2677 4446 2779 4486 non
2820 4429 3111 4484 secundum
3156 4443 3440 4498 corporum

1848 4540 1939 4584 aut
1978 4527 2364 4591 contumelias,
2399 4534 2491 4579 aut
2519 4525 2749 4578 honores
2794 4536 2930 4593 quos
2958 4519 3202 4575 homines
3239 4520 3441 4574 vident.

1851 4621 1917 4677 Et
1947 4638 2047 4676 non
2075 4621 2362 4690 delinquont
2409 4633 2581 4671 onmes
2621 4615 2707 4686 qui
2734 4622 2939 4684 sperant
2968 4614 3020 4666 in
3047 4628 3181 4666 eum.
3229 4611 3333 4666 iste
3360 4619 3444 4667 est

1850 4714 2044 4772 modus
2071 4711 2316 4767 humana:
2356 4707 2607 4780 justitiaz,
2654 4716 2710 4762 ut
2757 4706 2861 4760 vita
2885 4704 3124 4759 mortalis
3162 4714 3448 4774 quantum-

1853 4807 1982 4869 libet
2021 4805 2342 4878 proficiens,
2372 4801 2492 4872 quia
2536 4801 2653 4855 sine
2696 4798 2891 4854 delicto
2930 4810 3050 4852 esse
3098 4810 3200 4850 non
3233 4804 3442 4866 potest.

1854 4898 1908 4954 in
1938 4897 2038 4951 hoc
2067 4913 2170 4950 non
2201 4895 2495 4964 delinquat,
2524 4891 2650 4946 dum
2680 4901 2856 4960 sperat
2886 4890 2939 4943 iu
2969 4904 3112 4954 eum,
3147 4889 3199 4942 in
3229 4902 3335 4958 quo
3361 4895 3446 4942 est

1854 4990 2104 5047 remissio
2128 4987 2443 5042 delictorum
2468 5026 2483 5050 ,
2512 4986 2704 5038 Amen.

1863 5088 3450 5116 Μ

2242 5155 2322 5216 ΙΝ
2367 5149 2749 5214 PSALMUM
2791 5147 3071 5210 XXXIV

2427 5247 2846 5306 ENARRATIO.

2469 5357 2639 5398 SEBIIO
2676 5358 2692 5397 ι
2725 5342 2825 5411 (a).

2317 5456 2396 5512 De
2415 5458 2577 5529 prima
2600 5462 2741 5524 parte
2765 5451 2982 5507 Psalmi.

1931 5581 1982 5635 l.
2011 5577 2175 5651 fuere.
2209 5575 2262 5639 1,
2291 5571 2389 5645 2.]
2427 5569 2695 5626 Psalmum
2723 5566 2882 5621 istum
2911 5563 3062 5618 nobis
3091 5577 3120 5616 a
3143 5559 3450 5632 jubentilms

1859 5672 2110 5729 fratribus
2135 5677 2189 5724 et
2217 5663 2545 5736 coepiscOpis
2586 5661 2720 5716 meis
2764 5656 3069 5728 impositum
3107 5669 3224 5712 esse
3250 5654 3316 5711 ad
3345 5663 3450 5709 tra-

1924 5788 1942 5819 ι
1977 5783 2110 5842 ΡΜ..
2136 5784 2420 5832 επτεαευτ.
2445 5775 2772 5842 tteli_us_uss.,
2806 5779 3117 5842 aggeratim

1931 5849 2000 5913 (a)
2027 5834 2222 5896 uahltus
2250 5849 2474 5906 tempore
2494 5837 2699 5903 aﬂcujus
2721 5834 2930 5888 concilii.
