4008 6330
513 411 618 468 323

510 527 786 592 eundum,
817 523 1023 581 noverit
1053 523 1069 554 ¹
1103 521 1335 578 clm-itas
1361 528 1559 575 vestra.
1592 515 1882 571 Voluerunt
1907 521 1967 568 ut
1993 511 2117 566 hinc

511 631 700 674 omnes
721 616 920 686 aliquid
937 613 1235 670 audiamus.
1260 613 1342 667 Ab
1365 611 1454 668 illo
1471 612 1613 667 enim
1636 623 1827 664 omnes
1846 605 2114 664 audimus,

513 725 544 766 a
569 724 677 780 quo
707 717 905 778 pariter
933 707 1190 760 discimus
1214 747 1229 770 ,
1261 715 1316 758 et
1358 703 1410 758 iu
1440 701 1590 772 cujus
1632 699 1815 755 scliola
1853 695 2119 752 condisci-

518 801 626 872 puli
669 815 875 855 smnus.
906 797 1117 853 Titulus
1163 796 1328 866 ipsius
1374 809 1576 850 moram
1626 791 1780 847 nobis
1824 807 1929 844 non
1961 788 2114 853 facit;

517 895 696 949 brevis
721 903 802 948 est
827 892 993 955 enim,
1022 899 1078 944 et
1100 889 1165 944 ad
1197 887 1619 958 intelligendum,
1646 887 1877 938 maxime
1905 883 2117 936 nutritis

517 985 570 1039 in
596 985 832 1039 Ecclesia
862 983 974 1050 Dei,
1003 999 1105 1036 non
1129 980 1382 1036 difficilis.
1409 979 1577 1033 Habet
1600 977 1766 1043 enim,
1791 975 1903 1037 Ipsi
1923 973 2113 1028 David.

517 1074 760 1130 i’salmus
785 1088 913 1143 ergo
939 1073 1036 1144 ipsi
1072 1071 1233 1126 David
1279 1089 1292 1125 :
1336 1068 1498 1123 David
1532 1068 1914 1136 interpretatur
1942 1063 1981 1118 F
1985 1064 2116 1118 ortis

515 1183 677 1222 manu
703 1208 716 1230 ,
752 1165 834 1220 vel
866 1163 1254 1220 desiderabilis.
1287 1161 1531 1216 Psalmus
1562 1175 1690 1228 ergo
1717 1173 1877 1212 manu
1911 1155 2033 1210 forti
2061 1164 2118 1211 et

513 1257 878 1322 desiderabili,
909 1257 1000 1328 qui
1032 1265 1267 1309 nostram
1298 1261 1526 1308 mortem
1556 1251 1702 1316 vicit,
1729 1251 1819 1320 qui
1851 1249 2005 1303 nobis
2033 1248 2116 1299 vi-

515 1357 622 1402 tam
655 1348 896 1416 promisit
928 1364 942 1401 :
973 1347 1024 1402 in
1056 1344 1157 1400 hoc
1181 1345 1323 1400 enim
1356 1359 1514 1397 manu
1541 1341 1714 1406 fortis,
1742 1341 1863 1412 quia
1890 1350 2115 1394 mortem

513 1448 749 1492 nostram
764 1437 918 1501 vicit;
944 1435 995 1490 in
1015 1435 1118 1490 hoc
1134 1433 1526 1494 desiderabilis.
1544 1431 1665 1501 quia
1681 1431 1845 1483 vitam
1859 1438 2114 1483 astet-nam

511 1529 774 1599 promisit.
796 1527 930 1597 Quid
946 1528 1085 1582 enim
1107 1527 1294 1581 fortius
1326 1539 1484 1579 inania
1507 1523 1626 1588 hac,
1648 1539 1765 1591 ιμιςυ
1785 1520 1956 1591 tetigit
1971 1519 2119 1574 locu-

514 1621 661 1684 lmn,
701 1634 756 1675 et
803 1631 1044 1674 mortuus
1089 1618 1385 1673 resurrexit
1435 1613 1601 1687 (an.
1653 1629 1748 1677 vn,
1798 1613 1942 1682 M)?
1989 1611 2118 1683 quid

511 1712 707 1767 fortius
737 1728 894 1766 manu
927 1711 1024 1766 hac
1050 1753 1064 1776 ,
1093 1726 1213 1780 qua:
1243 1707 1499 1763 n'mndum
1527 1706 1694 1772 vicit,
1727 1719 1832 1759 non
1863 1701 2006 1758 ferro
2031 1718 2118 1757 aro

516 1813 679 1870 mata,
707 1803 801 1858 sed
832 1802 973 1872 ligno
1005 1799 1304 1854 transﬁxa?
1333 1797 1460 1869 quid
1503 1805 1681 1850 autem
1713 1792 2119 1849 desiderabilius

514 1910 602 1961 eo,
632 1911 791 1964 quem
823 1909 927 1946 non
961 1893 1201 1946 videntes
1231 1900 1493 1961 martyres
1518 1930 1532 1952 ,
1563 1885 1697 1940 mori
1728 1884 2030 1950 voluerunt,
2063 1891 2121 1938 ut

513 1988 582 2042 ad
615 1987 760 2042 illum
806 1985 1084 2056 pervenire
1115 1981 1487 2038 mererentur?
1514 1981 1652 2050 Ergo
1684 1977 1927 2034 Psalmus
1949 1978 1968 2008 ’
1996 1975 2070 2030 illi
2100 1990 2117 2031 :

514 2079 593 2136 illi
615 2094 718 2133 eor
743 2089 985 2132 nostrum
1007 2118 1021 2141 ,
1057 2076 1130 2129 illi
1177 2075 1352 2144 lingua
1399 2081 1582 2128 nostra
1620 2071 1779 2140 digna
1817 2076 1996 2124 cantet
2025 2083 2039 2122 :
2071 2065 2118 2122 si

516 2181 692 2227 tamen
723 2170 836 2240 ipse
861 2168 1162 2238 dignabitur
1190 2165 1392 2219 donare
1430 2161 1570 2234 quod
1615 2171 1816 2216 cantet.
1849 2158 2016 2214 Nemo
2042 2158 2119 2216 illi

515 2269 694 2317 emunt
718 2260 876 2330 digna
899 2299 914 2324 ,
950 2256 1049 2310 nisi
1080 2256 1166 2326 qui
1198 2255 1266 2311 ab
1298 2255 1390 2309 illo
1417 2252 1686 2322 acceperit
1715 2249 1858 2321 quod
1899 2257 2120 2304 cantare

518 2355 707 2424 possit.
743 2352 981 2422 Denique
1023 2349 1127 2404 huc
1170 2347 1309 2418 quod
1359 2346 1519 2401 modo
1569 2353 1888 2409 cantamus,
1918 2339 2118 2412 Spiritu

513 2447 633 2513 ejus
659 2445 856 2499 dictum
885 2451 970 2496 est
1000 2458 1094 2511 per
1122 2439 1440 2509 Prophetam
1471 2435 1588 2506 ejus
1613 2477 1628 2501 ,
1657 2444 1712 2489 et
1741 2434 1792 2488 in
1837 2433 1916 2488 eis
1943 2430 2121 2487 verbis

520 2539 609 2593 ubi
636 2552 735 2591 nos
761 2534 1098 2606 agnoscimus
1123 2545 1177 2586 et
1209 2532 1404 2601 ipsum.
1438 2529 1545 2583 Nec
1577 2527 1827 2596 injuriam
1857 2523 2079 2579 facimus
2100 2563 2118 2589 ,

513 2632 640 2700 quia
665 2629 893 2684 dicimus
941 2641 1037 2680 nos
1083 2635 1136 2679 et
1182 2625 1354 2694 ipsum
1389 2640 1402 2675 :
1436 2619 1689 2691 quoniam
1732 2633 1852 2672 cum
1893 2615 2118 2672 essetin

516 2722 677 2786 ratio,
703 2720 779 2775 sic
804 2718 1050 2773 clamavit
1086 2715 1258 2781 :Quid
1289 2731 1367 2767 me
1398 2709 1709 2784 persequeris
1739 2708 1877 2778 (Act.
1909 2723 1984 2774 tx,
2012 2706 2121 2777 L)?

515 2829 640 2868 cum
663 2828 783 2866 eum
813 2824 969 2864 nemo
994 2815 1253 2877 tangeret,
1277 2815 1330 2859 et
1361 2818 1459 2858 nos
1487 2801 1539 2856 in
1569 2812 1709 2855 terra
1733 2800 2116 2882 laboraremus.

521 2909 660 2977 Ergo
684 2919 870 2959 vocem
916 2901 1030 2970 ejus
1061 2900 1359 2963 audianms,
1394 2910 1534 2950 nunc
1561 2891 1822 2964 corporis,
1852 2904 1996 2945 nunc
2023 2903 2120 2943 ca-

513 2997 665 3068 pitis.
698 2995 789 3050 Est
825 2994 968 3048 enim
1016 2991 1253 3060 psalmus
1295 2989 1396 3043 iste
1439 2987 1696 3040 invocans
1736 2983 1904 3037 Deum
1934 2990 2118 3036 contra

499 3088 765 3146 inimicos
811 3087 862 3140 in
907 3081 1332 3138 tribulationibus
1377 3079 1539 3148 hujus
1582 3075 1763 3130 szeculi
1797 3092 1812 3130 :
1845 3083 1901 3130 et
1939 3073 2121 3143 utique

523 3181 639 3252 ipse
661 3187 745 3234 est
767 3177 1033 3241 Christus,
1055 3172 1307 3229 tribulato
1336 3180 1460 3226 tunc
1483 3168 1679 3238 capite,
1706 3165 1956 3220 tribulato
1979 3178 2122 3219 nunc

514 3284 746 3341 corpore
780 3287 794 3320 :
828 3277 1004 3322 tamen
1048 3281 1139 3334 per
1167 3261 1539 3319 tribulationes
1581 3259 1832 3314 cautibus
1864 3255 2120 3311 membris

515 3364 631 3420 suis
660 3365 793 3418 dans
822 3362 980 3414 vitam
1008 3371 1262 3413 aeternam
1284 3397 1300 3422 ,
1329 3368 1490 3426 quam
1521 3349 1880 3423 promittendo
1905 3347 2121 3404 deside-

517 3456 701 3514 rabilis
730 3453 900 3508 factus
927 3460 1008 3507 est
1019 3490 1036 3505 .
1553 3510 1555 3512 η

589 3548 644 3602 2.
683 3545 907 3609 Judira,
937 3543 1143 3612 inquit,
1190 3538 1440 3604 Domine,
1470 3543 1702 3591 nocentes
1741 3551 1856 3602 me,
1881 3548 2123 3605 expugna

518 3642 876 3710 impugnantes
905 3634 925 3665 ³
955 3650 1052 3686 me.
1084 3632 1140 3687 Si
1172 3633 1312 3685 Deus
1338 3645 1436 3700 pro
1460 3628 1636 3692 nobis,
1663 3627 1782 3696 quis
1805 3636 1992 3680 contra
2022 3639 2122 3679 nos

524 3730 714 3802 (Rom.
743 3742 857 3792 vin,
888 3727 950 3780 51
981 3725 1041 3795 )?
1071 3723 1136 3778 Et
1166 3722 1306 3777 unde
1335 3721 1439 3775 hoc
1483 3719 1637 3774 nobis
1679 3725 1897 3788 prazstat
1940 3716 2120 3771 Deus?

524 3820 876 3896 Appreheude,
907 3817 1099 3887 inquit,
1127 3831 1270 3870 arma
1301 3824 1348 3867 et
1385 3826 1604 3877 scutum,
1631 3822 1678 3865 et
1703 3828 1915 3883 exsurge
1939 3810 1992 3865 in
2024 3809 2122 3864 ad~

517 3912 764 3980 istorum:
794 3908 936 3963 mihi.
965 3907 1208 3978 Magnum
1230 3906 1595 3976 spectaculum
1617 3912 1722 3969 est,
1745 3901 1927 3957 videre
1949 3901 2118 3957 Deum

519 4014 786 4060 armatum
819 4015 914 4069 pro
938 4007 1012 4054 te.
1048 3997 1117 4053 Et
1143 3997 1284 4068 quod
1326 3997 1443 4066 ejus
1483 3991 1740 4050 scutum?
1765 4008 1886 4064 quae
1925 3991 2123 4047 arma?

533 4096 744 4150 Domine
765 4135 779 4158 ,
811 4091 983 4162 inquit
1027 4090 1135 4144 alio
1162 4091 1278 4146 loco
1305 4087 1468 4143 homo
1515 4087 1618 4142 iste
1641 4085 1731 4156 qui
1757 4094 1812 4141 et
1837 4084 1925 4140 hic
1950 4084 2124 4156 loqui-

515 4205 626 4254 tur,
662 4200 716 4244 ut
743 4197 885 4243 scuto
923 4184 1070 4241 bona:
1097 4184 1369 4240 uoluntatis
1411 4193 1512 4236 tua:
1538 4181 1795 4237 coronasti
1823 4197 1915 4234 nos
1943 4178 2118 4252 (Paul.

515 4297 572 4350 υ,
608 4285 731 4354 l3).
760 4284 919 4348 Arma
942 4291 1122 4336 autem
1146 4277 1284 4347 ejus,
1313 4274 1506 4346 quibus
1541 4289 1647 4328 non
1679 4272 1852 4326 solum
1878 4287 1979 4326 nos
2000 4288 2128 4326 mu-~

523 4379 656 4444 niat,
688 4376 781 4432 sed
804 4376 965 4431 etiam
998 4373 1260 4444 percutiat
1289 4368 1554 4429 inimicos,
1589 4366 1634 4420 si
1662 4364 1798 4420 bene
1827 4363 2122 4435 profeceri-

525 4485 666 4533 mus,
695 4477 753 4523 et
780 4482 878 4522 nos
902 4467 1122 4521 erimus.
1151 4462 1299 4518 Sicut
1323 4459 1466 4513 enim
1499 4471 1617 4520 nos,
1646 4463 1706 4509 ut
1728 4470 2020 4520 armemur,
2052 4453 2124 4508 ab

524 4559 616 4614 illo
645 4557 938 4621 habemus,
972 4555 1050 4609 sic
1079 4555 1194 4624 ipse
1222 4558 1462 4605 armatur
1489 4547 1554 4601 de
1579 4545 1754 4600 nobis.
1785 4543 1890 4599 Sed
1913 4544 2030 4615 ipse
2053 4545 2122 4601 de

524 4651 609 4706 bis
646 4657 883 4704 armatur
918 4663 1055 4716 quos
1104 4644 1228 4699 fecit
1259 4684 1275 4709 ,
1308 4656 1406 4695 nos
1449 4639 1516 4694 de
1562 4637 1645 4692 his
1690 4651 1962 4692 armamur
1998 4651 2122 4706 qum

523 4743 592 4795 ab
610 4743 724 4812 ipso
753 4739 1055 4809 accepimus
1077 4737 1278 4807 quinos
1301 4733 1444 4788 fecit.
1468 4731 1603 4786 Dicit
1622 4729 1740 4785 haec
1751 4729 1980 4800 quodam
2002 4727 2122 4784 loco

522 4852 670 4890 arma
695 4841 880 4888 nostra
901 4830 1208 4902 Apostolus,
1244 4837 1454 4882 scutum
1486 4824 1604 4879 fidei
1633 4865 1646 4885 ,
1671 4835 1724 4878 et
1749 4823 1955 4893 galeam
1981 4821 2123 4874 salu-

525 4936 613 4991 tis,
627 4935 683 4982 et
697 4923 930 4996 gladium
947 4922 1186 4993 spiritus,
1201 4919 1340 4988 quod
1358 4926 1440 4972 est
1456 4916 1673 4969 verbum
1694 4913 1788 4968 Dei
1805 4911 2022 4984 (Eplm.
2044 4928 2119 4978 vr,

527 5018 748 5089 “5.17).
772 5016 1018 5071 Armavit
1046 5025 1142 5068 nos
1171 5009 1365 5065 talibus
1389 5009 1554 5062 armis
1573 5049 1588 5072 ,
1613 5007 1860 5076 qualibus
1875 5004 2118 5071 audistis,

527 5105 884 5166 laudabilibus
902 5116 952 5160 et
980 5103 1213 5167 invictis,
1247 5097 1694 5171 insuperabilibus
1719 5106 1775 5150 et
1791 5095 2119 5166 splendidis;

527 5199 893 5274 spiritualibus
919 5212 1052 5253 sane
1079 5204 1241 5266 atque
1279 5189 1635 5248 invisibilibus
1658 5230 1674 5256 ,
1707 5189 1832 5259 quia
1857 5201 1912 5244 et
1940 5187 2124 5243 hostes

528 5292 825 5348 invisibiles
883 5301 1271 5360 expugnamus.
1337 5284 1395 5339 Si
1452 5281 1603 5338 vides
1655 5279 1865 5336 hostem
1925 5288 2072 5332 tuum
2104 5318 2122 5343 ,

532 5385 815 5440 videantur
833 5396 981 5437 arma
1005 5391 1112 5434 tua.
1143 5380 1429 5432 Armamur
1448 5387 1633 5429 earum
1662 5386 1841 5426 rerum
1870 5369 1973 5424 fide
1992 5385 2126 5440 quas

530 5495 640 5534 non
661 5477 925 5540 videmus,
958 5483 1013 5529 et
1040 5471 1328 5527 sternimus
1354 5467 1537 5524 hostes
1564 5481 1698 5536 quos
1729 5477 1831 5517 non
1859 5463 2124 5517 videmus.

536 5571 938 5633 Verumtamen,
961 5565 1245 5626 carissimi,
1273 5577 1420 5616 arma
1445 5560 1542 5614 ista
1573 5574 1641 5613 ne
1660 5556 1860 5627 putetis
1880 5555 1961 5610 sic
1983 5569 2125 5621 esse,

597 5687 616 5719 ι
650 5691 831 5732 omnes
853 5679 958 5729 fere
975 5684 1104 5734 Mss,
1127 5672 1308 5734 noverit
1329 5667 1718 5734 etiamgchurilas
1741 5673 1917 5717 ucstra.

596 5748 618 5778 ³
641 5727 945 5801 rictum,
973 5727 1102 5802 Ergo
1135 5733 1398 5800 psallam
1421 5731 1510 5784 illi.
1538 5737 1596 5781 At
1619 5741 1716 5780 am.
1745 5737 1800 5779 et
1833 5737 1962 5790 Mss,
1991 5727 2129 5780 Psal-

531 5821 856 5920 Wi‘i‘otiores
878 5871 1005 5925 Μει,
1031 5865 1377 5924 εωριιφυιηιεδο

1738 396 1796 456 5.
1821 392 2198 456 AUGUSTINI
2242 394 2545 454 EPISCOPI

3722 395 3830 459 39!

2227 543 2285 587 ut
2313 535 2466 603 quasi
2513 533 2654 605 quod
2703 543 2910 590 scutum
2953 542 3078 602 est,
3107 545 3322 606 semper
3363 544 3574 591 scutum
3604 539 3705 600 sit;
3732 546 3830 591 aut

2224 627 2367 694 quod
2392 627 2541 697 galea
2566 638 2670 694 est,
2700 643 2916 699 semper
2935 629 3084 698 galea
3110 629 3214 693 sit;
3244 639 3338 684 aut
3359 627 3505 699 quod
3526 629 3694 684 lorica
3714 640 3824 686 est.

2223 730 2435 786 semper
2463 717 2623 773 lorica
2668 719 2758 773 sit.
2812 717 2866 774 lu
2921 720 3035 773 istis
3077 720 3219 774 enim
3267 720 3432 775 armis
3457 719 3826 790 corporalibus

2225 807 2296 860 ita
2327 814 2429 873 est,
2461 823 2766 879 quanquam
2811 817 2866 864 et
2889 808 2958 862 de
2997 808 3141 862 ferro
3176 824 3294 879 qua:
3325 807 3459 863 fiunt
3481 807 3680 864 mutari
3703 811 3824 878 pos-

2225 898 2336 951 sint
2361 943 2376 963 ,
2407 909 2464 953 ut
2489 913 2554 954 ex
2583 899 2762 969 gladio
2790 898 2878 953 fiat
2905 900 3112 954 Securis
3138 918 3152 954 :
3187 909 3361 954 tamen
3389 899 3563 969 ipsum
3588 900 3829 971 Aposto—

2223 989 2332 1045 lum
2387 990 2631 1046 videmus
2679 990 2881 1046 dixisse
2932 989 3163 1060 quodam
3214 991 3376 1057 loco,
3425 991 3649 1046 loricam
3701 989 3825 1058 fidei

2223 1082 2472 1150 (IT/aes.
2520 1099 2572 1146 v,
2605 1083 2702 1153 8),
2752 1093 2804 1138 et
2843 1084 2952 1138 alio
2999 1083 3118 1138 loco
3166 1083 3370 1138 dixisse
3416 1091 3626 1137 scutum
3678 1080 3824 1138 fidei.

2223 1177 2366 1246 Ergo
2391 1177 2505 1246 ipsa
2529 1177 2686 1242 lides,
2710 1187 2766 1231 et
2789 1175 2953 1232 lorica
2985 1184 3158 1245 potest
3181 1191 3302 1231 esse
3323 1185 3378 1231 et
3404 1187 3614 1231 scutum
3649 1193 3664 1228 :
3698 1188 3828 1228 seu-

2223 1278 2336 1323 tum
2365 1277 2468 1333 est,
2499 1268 2621 1337 quia
2652 1267 2754 1322 tela
2799 1267 3135 1321 iuimieormu
3166 1265 3368 1335 excipit
3395 1275 3449 1321 et
3471 1265 3703 1334 repellit;
3743 1264 3828 1318 lo-

2223 1362 2332 1416 rica
2357 1371 2475 1424 est,
2503 1362 2627 1431 quia
2656 1360 2912 1416 interiora
2953 1367 3043 1414 tua
3083 1357 3320 1428 transfigi
3349 1372 3456 1413 non
3497 1358 3648 1412 sinit.
3701 1356 3828 1412 "me

2221 1469 2366 1509 arma
2395 1463 2575 1509 nostra
2607 1470 2621 1508 :
2656 1455 2749 1508 Dei
2793 1463 2972 1508 autem
2999 1467 3120 1522 quae
3148 1452 3165 1484 ⁸
3187 1452 3211 1504 ?
3236 1449 3489 1522 Legimus
3514 1448 3746 1520 quodam
3773 1449 3826 1504 in

2224 1546 2344 1600 loco
2374 1563 2386 1603 ε
2419 1543 2556 1598 Erue
2582 1545 2645 1598 ab
2688 1544 2862 1614 impiis
2905 1545 3132 1597 miratam
3177 1559 3340 1596 meam
3361 1583 3378 1608 ,
3407 1545 3654 1612 frameam
3682 1551 3829 1595 tum

2223 1642 2286 1691 ab
2310 1637 2529 1690 inimicis
2551 1651 2730 1690 manus
2752 1646 2854 1690 tute
2883 1633 3071 1705 (Psal.
3099 1649 3212 1700 xxi,
3231 1632 3296 1687 21
3323 1633 3366 1704 ).
3395 1630 3549 1698 Quod
3577 1631 3830 1700 superius

2222 1728 2394 1794 dixit,
2427 1729 2498 1782 ab
2543 1727 2759 1796 impiis;
2807 1725 2909 1780 hoc
2958 1724 3205 1796 sequenti
3244 1738 3404 1779 versu
3429 1765 3445 1790 ,
3486 1718 3552 1777 ab
3605 1722 3831 1778 inimicis

2223 1837 2404 1876 manus
2433 1831 2534 1875 tua:
2562 1835 2582 1875 :
2611 1829 2666 1874 et
2693 1817 2837 1890 quod
2884 1818 3134 1888 superius
3164 1815 3300 1872 dixit
3320 1857 3337 1884 ,
3365 1816 3590 1870 animam
3615 1830 3828 1880 nam;

2223 1911 2327 1966 hoc
2352 1911 2598 1983 sequenti
2638 1926 2796 1966 versu
2819 1952 2835 1976 ,
2865 1909 3112 1978 frameam
3159 1920 3302 1964 tuam
3323 1947 3338 1974 ,
3371 1907 3426 1964 id
3450 1916 3553 1976 est,
3582 1906 3827 1981 gladium

2223 2015 2395 2060 tuum.
2425 2004 2567 2074 Ergo
2595 2003 2854 2058 frameam
2885 2001 2981 2056 Dei
3009 2000 3147 2057 dixit
3170 1999 3406 2056 animam
3435 2012 3588 2054 suam
3618 1996 3827 2065 alim,

2222 2095 2428 2165 inquit,
2456 2094 2520 2149 ab
2559 2094 2731 2166 impiis
2758 2097 2984 2148 animant
3027 2109 3228 2159 meam;
3269 2092 3323 2147 id
3361 2100 3445 2148 est
3467 2133 3483 2156 ,
3515 2089 3577 2146 ab
3604 2090 3838 2159 inimici!

2222 2203 2403 2241 manus
2420 2195 2523 2240 tua:
2541 2202 2659 2240 erue
2681 2185 2928 2256 frameam
2956 2195 3116 2239 tuam.
3142 2181 3512 2254 Apprebendis
3537 2183 3680 2254 enim
3702 2183 3828 2240 ani-

2224 2295 2364 2334 mam
2408 2293 2580 2333 meam
2606 2317 2622 2344 ,
2665 2287 2719 2332 et
2745 2277 2986 2332 debellas
3016 2275 3263 2331 inimicos
3292 2268 3462 2330 meos.
3496 2274 3561 2330 Et
3587 2270 3718 2347 quid
3744 2285 3831 2333 est

2223 2370 2401 2424 anima
2427 2377 2636 2434 nostra,
2658 2369 2904 2437 quamvis
2932 2365 3236 2437 splendida,
3267 2379 3512 2436 quamvis
3541 2365 3825 2431 producta,

2223 2461 2466 2532 quamvis
2482 2471 2660 2521 acuta,
2682 2460 2930 2530 quamvis
2953 2469 3132 2525 uncta,
3151 2458 3397 2528 quamvis
3417 2457 3830 2527 lnoc‘sdpientia:

2223 2564 2278 2609 et
2332 2553 2701 2608 coruscatione
2753 2553 2774 2583 ⁸
2825 2550 3067 2605 vibrata?
3139 2548 3278 2616 Quid
3330 2557 3417 2604 est
3480 2549 3595 2620 ipsa
3645 2549 3826 2604 anima

2226 2653 2431 2709 nostra,
2461 2651 2556 2698 aut
2580 2641 2706 2712 quid
2732 2651 2929 2712 potest,
2963 2639 3066 2695 nisi
3097 2639 3237 2696 Deus
3267 2639 3412 2694 illam
3441 2619 3621 2700 teneat
3643 2649 3700 2696 et
3729 2655 3830 2710 pu-

2225 2745 2352 2807 gnet
2373 2735 2443 2791 de
2485 2735 2610 2790 illa?
2637 2733 2770 2790 Nam
2810 2733 3065 2804 qua-libet
3107 2732 3309 2804 optime
3337 2730 3475 2787 facta
3505 2721 3748 2799 framea,
3780 2734 3826 2788 si

2225 2844 2334 2885 non
2379 2828 2576 2884 habeat
2621 2826 2935 2883 bellatorem
2961 2867 2977 2892 ,
3006 2825 3171 2895 jacet.
3221 2824 3535 2879 Dixeramus
3561 2835 3740 2881 autem
3773 2827 3828 2882 in

2224 2920 2396 2976 armis
2423 2920 2643 2984 nOStris,
2673 2934 2780 2973 non
2809 2916 2959 2987 quasi
2983 2915 3184 2986 aliquid
3211 2916 3380 2969 fixum
3410 2915 3578 2986 accipi
3603 2915 3827 2982 debere.

2225 3021 2284 3066 ut
2311 3011 2451 3082 quod
2475 3021 2558 3066 est
2587 3023 2674 3064 res
2699 3022 2804 3064 una
2831 3050 2847 3074 ,
2883 3009 2996 3078 ipsa
3025 3006 3168 3061 aliud
3199 3022 3324 3063 esse
3366 2991 3475 3062 non
3505 3007 3674 3078 possit
3699 3022 3715 3062 :
3747 3008 3829 3062 sic

2224 3115 2282 3160 et
2319 3105 2372 3158 in
2400 3104 2565 3158 armis
2595 3101 2689 3157 Dei
2734 3101 3058 3156 invenimus.
3091 3095 3232 3156 Ecce
3275 3099 3508 3154 animam
3533 3097 3665 3170 justi
3691 3097 3832 3158 dixit

2224 3203 2484 3261 frameam
2515 3204 2612 3258 Dei
2641 3219 2655 3254 :
2689 3205 2879 3257 iterum
2920 3200 3053 3255 dicit
3076 3199 3310 3265 animam
3335 3198 3466 3268 justi
3493 3213 3615 3253 esse
3640 3195 3832 3255 sederit

2226 3300 2360 3364 Dei;
2407 3299 2585 3352 anima
2613 3297 2741 3366 justi
2787 3295 2946 3350 sedes
2988 3293 3266 3362 sapientiae
3307 3291 3482 3363 (Sap.
3513 3290 3644 3361 vn).
3683 3291 3830 3363 Ergo

2225 3389 2480 3462 quidquid
2505 3389 2618 3443 vult
2641 3429 2655 3450 ,
2696 3387 2824 3443 facit
2865 3386 2934 3441 de
2963 3385 3140 3439 anima
3187 3392 3392 3440 nostra.
3421 3381 3556 3439 Cum
3583 3381 3830 3450 immanu

2225 3483 2343 3553 ejus
2368 3489 2471 3545 est,
2501 3489 2683 3535 utatur
2710 3494 2772 3534 ea
2802 3475 3255 3548 quemadmodum
3285 3475 3426 3541 vulta
3458 3515 3463 3520 -

2299 3575 2351 3631 5.
2372 3575 2636 3644 Exsurgat
2654 3586 2781 3640 ergo
2802 3570 2902 3640 (sic
2919 3571 3062 3626 enim
3086 3569 3361 3623 invocatus
3379 3564 3507 3640 est),
3525 3565 3832 3637 apprehen-

2224 3666 2317 3722 dat
2340 3680 2512 3729 arma,
2531 3671 2785 3732 exsurgat
2810 3663 2863 3716 in
2889 3660 3217 3731 adiutorium
3251 3645 3435 3718 nobis.-
3452 3656 3611 3715 Unde
3631 3674 3830 3716 exsur-

2229 3768 2344 3830 gat,
2371 3759 2478 3812 alio
2507 3757 2628 3811 loco
2649 3756 2810 3810 etiam
2854 3753 3051 3810 dicitur
3091 3753 3167 3808 illi
3215 3753 3327 3822 ipsa
3360 3767 3491 3807 voce
3520 3769 3535 3805 :
3568 3749 3826 3821 Exsurge,

2222 3864 2379 3920 quare
2401 3846 2674 3909 abdormis,
2705 3843 2926 3898 Domine
2951 3842 3128 3915 (Psal.
3159 3858 3283 3897 sunt
3306 3883 3322 3904 ,
3348 3839 3499 3911 23)?
3525 3840 3595 3896 Et
3615 3842 3831 3906 quando

2226 3938 2315 3994 ille
2343 3936 2538 3992 dicitur
2564 3934 2803 3989 dormire
2825 3974 2846 4000 .
2891 3948 2994 3990 nos
3035 3932 3333 3988 dormimus
3359 3948 3376 3985 :
3402 3939 3459 3986 et
3499 3930 3715 4002 quando
3739 3931 3833 3988 illo

2225 4026 2422 4086 dicitur
2444 4041 2734 4097 exsurgere
2758 4066 2775 4091 ,
2805 4039 2905 4080 nos
2932 4023 3254 4081 excitamur.
3285 4022 3418 4078 Nam
3462 4031 3521 4078 et
3562 4023 3830 4080 Dominus

2224 4118 2520 4176 dormiebat
2546 4117 2599 4172 in
2628 4117 2778 4183 navi;
2803 4123 2860 4172 et
2884 4114 3004 4170 ideo
3028 4114 3320 4170 tiuetuabat
3345 4118 3512 4180 navis,
3540 4115 3666 4186 quia
3687 4115 3822 4172 dor-

2225 4211 2424 4268 miebat
2439 4209 2618 4266 Jesus.
2643 4207 2778 4264 Nam
2799 4208 2844 4264 si
2871 4206 2984 4262 illic
3003 4207 3247 4279 vigilaret
3271 4205 3448 4274 Jesus,
3473 4222 3577 4264 non
3603 4205 3833 4265 ﬂuctua-

2226 4312 2310 4359 ret
2337 4301 2509 4358 navis.
2537 4300 2700 4357 Navis
2728 4309 2814 4356 tua
2835 4341 2851 4367 ,
2881 4314 2978 4356 eor
3005 4307 3152 4357 tuum
3185 4316 3201 4358 :
3227 4297 3385 4357 Jesus
3405 4299 3457 4356 in
3501 4299 3622 4356 navi
3649 4343 3663 4364 ,
3696 4299 3834 4358 ﬁdes

2226 4395 2280 4452 in
2309 4393 2492 4450 corde.
2531 4393 2590 4450 Si
2639 4391 2928 4448 meministi
2978 4390 3102 4446 fidei
3148 4402 3251 4447 true
3276 4431 3293 4458 ,
3327 4372 3431 4448 non
3479 4393 3700 4456 ﬂuctuat
3737 4382 3839 4449 cor.

2229 4497 2374 4542 tuum
2409 4503 2423 4540 :
2456 4484 2500 4540 si
2540 4484 2737 4540 oblitus
2779 4498 2841 4539 es
2883 4483 3041 4538 fidem
3084 4493 3265 4549 tuam,
3295 4482 3494 4537 dormit
3531 4475 3829 4542 Christus:

2225 4567 2450 4632 observa
2499 4573 2852 4646 naufragium.
2898 4572 3284 4630 Verumtamen
3329 4571 3476 4643 quod
3511 4583 3681 4630 restat
3710 4574 3832 4655 fac,

2227 4669 2342 4724 utsi
2359 4667 2636 4723 dormierit
2657 4665 2953 4732 excitetur;
2975 4664 3124 4721 dicas
3152 4665 3231 4720 illi
3262 4684 3276 4720 :
3307 4665 3831 4739 Dumine,exsurge,

2228 4761 2463 4830 perimus
2495 4777 2511 4814 :
2542 4769 2595 4813 ut
2629 4759 2870 4827 increpet
2897 4769 3086 4813 ventos
3110 4798 3124 4823 ,
3161 4764 3218 4811 et
3255 4754 3348 4812 flat
3388 4757 3751 4826 tranquillitas
3780 4774 3833 4816 in

2225 4853 2390 4908 corde
2417 4862 2508 4907 tuo
2536 4851 2764 4923 (Matth.
2805 4865 2933 4914 vm,
2971 4849 3095 4920 ‘24).
3138 4849 3412 4906 Becedent
3453 4849 3596 4904 enim
3640 4865 3837 4909 omnes

2227 4945 2572 5008 tentationes,
2594 4952 2686 4998 aut
2705 4952 2858 4998 certe
2878 4942 3010 4996 nihil
3031 4941 3302 5006 valebunt,
3325 4940 3538 5012 quando
3559 4939 3838 5002 Christus.

2228 5037 2332 5092 hoc
2358 5046 2444 5091 est
2480 5036 2616 5091 fides
2656 5045 2745 5089 tua
2771 5075 2787 5098 ,
2819 5033 3116 5103 vigilaverit
3163 5033 3216 5087 in
3260 5029 3425 5087 corde
3455 5043 3565 5086 tuo.
3595 5029 3846 5104 Exsurge

2228 5142 2358 5198 ergo
2399 5126 2527 5197 quid
2558 5124 2678 5181 est?
2717 5125 3028 5190 lnuotesee,
3071 5137 3302 5194 appare,
3329 5123 3550 5178 sentire.
3601 5121 3846 5194 Exsurge

2235 5238 2365 5292 ergo
2390 5221 2445 5274 in
2465 5218 2778 5289 adiutorium
2801 5216 2945 5270 mihi.

2301 5313 2355 5366 4.
2397 5309 2556 5383 [υετε.
2587 5307 2680 5381 3.]
2722 5305 2946 5374 Elfunde
2985 5308 3271 5378 frameam,
3319 5314 3368 5360 et
3419 5306 3672 5360 concludo
3729 5306 3835 5361 ad-

2233 5419 2403 5458 versus
2425 5417 2510 5455 eos
2537 5400 2624 5470 qui
2647 5415 2727 5453 me
2755 5409 3139 5469 persequuntur.
3173 5396 3273 5463 Qui
3300 5405 3425 5452 sunt
3446 5397 3536 5468 qui
3566 5406 3618 5452 te
3646 5411 3837 5467 βείω.

2234 5491 2510 5564 quuntur?
2553 5491 2715 5545 Forte
2753 5489 2960 5543 vicinus
2989 5498 3111 5543 tuus
3131 5531 3147 5551 ,
3179 5499 3270 5541 aut
3310 5487 3402 5543 ille
3427 5503 3584 5557 quem
3616 5487 3835 5556 laesisti,

2299 5585 2316 5616 ι
2343 5583 2416 5631 sic
2435 5589 2538 5630 Mss.
2565 5586 2622 5629 At
2644 5579 2759 5629 add.
2781 5592 2795 5628 :
2819 5587 2935 5630 Haec
2957 5591 3097 5630 arma
3117 5585 3282 5630 nostra
3302 5583 3413 5629 sunt
3436 5575 3546 5637 Dei,
3569 5577 3698 5643 accol
3719 5577 3837 5644 legi-

2511 5699 2728 5774 quameis
2764 5700 2886 5774 luce
2905 5698 3156 5774 audentia:
3175 5708 3222 5753 et
3256 5699 3599 5774 agr-amiciti:
3626 5699 3834 5774 ﬁbram.

2237 5776 2297 5818 At
2319 5777 2446 5826 uss,
2469 5762 2814 5828 consentimus.
2837 5771 2897 5814 Et
2918 5762 2982 5828 ej:
3001 5764 3079 5814 bis
3101 5762 3316 5828 nonnulli
3341 5776 3355 5813 :
3382 5762 3598 5828 quamvis
3621 5763 3732 5815 lace
3761 5777 3834 5815 ut»

2239 5822 2442 5894 Μήτ’
2456 5825 2734 5892 splendida,
2758 5825 2975 5890 amantis
2996 5831 3042 5879 et
3063 5822 3615 5880 mamilla-asa.
