4008 6318
174 374 280 431 5ξό

171 511 260 554 aut
284 504 368 557 cui
397 505 572 562 fecisti
595 509 863 580 injuriam,
895 526 987 568 aut
1028 515 1115 585 qui
1147 517 1256 570 vult
1279 516 1488 572 auferre
1514 534 1596 570 res
1630 528 1766 582 tuas,

168 603 257 649 aut
281 609 467 651 contra
499 615 658 670 quem
703 603 958 673 pranlieas
985 607 1260 659 veritatem
1288 649 1301 668 .
1330 617 1417 662 aut
1459 609 1611 676 cujus
1641 624 1768 678 pec-

165 697 343 741 catum
375 688 664 761 obiurgas,
709 704 801 747 aut
845 711 1002 763 quem
1046 695 1184 750 male
1227 699 1489 751 viventem
1532 698 1666 751 bene
1696 698 1770 751 vi-

165 778 341 830 vendo
368 778 536 836 hedis.
584 781 719 837 Sunt
765 786 978 856 quidem
1018 797 1082 860 et.
1120 788 1206 840 isti
1253 787 1450 842 inimici
1482 788 1688 853 nostri,
1715 797 1769 842 et

164 883 566 941 persequuntur
587 891 684 929 nos
713 895 726 929 :
754 878 846 930 sed
873 879 1008 932 alios
1035 880 1291 935 docemur
1314 881 1558 936 inimicos
1584 895 1763 948 nosse,

159 971 347 1015 contra
397 980 532 1034 quos
580 965 914 1024 invisibiliter
957 971 1290 1038 dimicamus,
1339 973 1405 1028 de
1445 973 1637 1044 quibus
1667 988 1766 1028 nos

159 1050 417 1107 admonet
452 1054 743 1125 Apostolus
782 1058 966 1114 dicens
997 1079 1011 1114 :
1047 1060 1170 1115 Non
1198 1072 1269 1116 cal
1312 1063 1453 1118 nobis
1477 1065 1764 1130 colluctatio

155 1143 623 1199 mttversurcarnetn
644 1157 690 1200 et
710 1149 1025 1220 sanguinem.
1051 1151 1100 1206 id
1123 1161 1203 1209 est
1219 1152 1475 1210 adversus
1499 1159 1758 1220 homines;

159 1246 264 1282 non
295 1232 556 1291 adversus
581 1252 676 1292 eos
701 1253 834 1308 quos
863 1240 1073 1308 videtis,
1105 1243 1197 1296 sed
1227 1244 1480 1300 adversus
1510 1262 1601 1300 eos
1628 1263 1760 1317 quos

155 1337 263 1372 non
297 1323 517 1388 videtis;
549 1327 790 1382 adversus
817 1331 1067 1401 principis
1096 1344 1142 1387 et
1185 1345 1447 1405 potestates
1475 1347 1520 1390 ct
1548 1350 1759 1393 rectores

152 1411 338 1465 mundi
364 1415 683 1472 tenebrarum
708 1419 889 1475 ltarunt
918 1423 937 1494 (
955 1422 1148 1494 Ep/tes.
1183 1442 1253 1487 vr,
1287 1427 1404 1497 12).
1447 1425 1578 1482 Cum
1610 1429 1756 1482 dice-

153 1512 234 1554 ret
263 1502 412 1557 enim
444 1516 660 1562 rectores
686 1511 861 1565 mundi
893 1512 1125 1581 (dicebat
1153 1516 1344 1585 quippe
1367 1518 1436 1571 de
1465 1517 1678 1573 diabolo
1705 1531 1757 1575 et

149 1594 359 1662 angelis
379 1597 518 1671 ejus)
547 1641 562 1665 ,
605 1601 898 1658 cavendum
945 1617 1060 1659 erat
1111 1623 1175 1660 tte
1220 1609 1356 1663 male
1405 1611 1756 1681 intelligerent

151 1684 404 1742 homines
430 1732 443 1751 ,
474 1700 527 1745 ct
576 1704 825 1762 putarent
849 1712 878 1749 a
919 1696 1133 1753 diabolo
1183 1709 1237 1754 et
1276 1701 1608 1756 dazmonibus
1637 1704 1755 1772 ejus

149 1779 414 1833 mundum
443 1784 578 1853 regi.
606 1784 710 1841 Sed
741 1789 864 1857 quia
910 1791 1139 1845 mundus
1178 1792 1370 1849 dicitur
1399 1795 1514 1850 bare
1554 1795 1752 1851 fabrica

146 1882 313 1936 quam
343 1871 584 1928 videmus
616 1876 632 1906 ¹
654 1917 670 1944 ,
698 1889 752 1932 et
794 1879 845 1932 in
891 1882 1256 1947 peccatoribus
1281 1884 1474 1939 dicitur
1498 1886 1748 1954 mundus,

149 1969 205 2013 et
231 1960 283 2014 in
315 1961 394 2017 eis
425 1964 514 2033 qui
544 1964 769 2037 diligunt
798 1970 1075 2035 mundum,
1105 1973 1170 2028 de
1198 1976 1387 2044 quibus
1416 1975 1615 2031 dictum
1645 1988 1746 2045 est,

147 2047 216 2102 Et
243 2053 465 2107 mundus
509 2072 622 2109 eum
672 2076 773 2113 non
821 2065 1049 2132 cognovit
1097 2063 1284 2139 (Joan.
1334 2083 1372 2134 ι,
1423 2069 1559 2138 10);
1602 2081 1661 2126 et
1682 2071 1750 2126 de

143 2139 344 2210 quibus
365 2143 564 2202 dictum
592 2158 693 2214 est,
723 2148 876 2216 Totus
901 2155 1118 2208 mundus
1142 2157 1195 2209 in
1224 2160 1444 2230 maligno
1465 2163 1657 2231 positus
1676 2173 1748 2216 est

146 2232 400 2302 (lJoan.
435 2252 505 2301 ν,
554 2238 695 2310 l9);
746 2246 992 2312 exposuit
1034 2249 1322 2317 Apostolus
1367 2250 1520 2320 cujus
1563 2254 1744 2308 mundi

142 2335 329 2378 essent
359 2340 594 2385 rectores
619 2372 635 2397 ,
665 2335 1002 2402 tenebrarum,
1036 2339 1227 2410 inquit,
1262 2342 1462 2397 harum.
1491 2345 1746 2402 Rectores

139 2418 330 2472 mundi
360 2463 373 2486 ,
409 2422 530 2476 dico
554 2464 568 2486 ,
605 2435 844 2482 rectores
901 2431 1238 2486 tenebrarum
1286 2433 1494 2489 barum.
1543 2437 1745 2494 Rursus

138 2512 280 2580 cogit
315 2528 411 2565 nos
442 2513 738 2585 intelligere
766 2518 891 2588 quid
922 2519 1156 2589 dixerit,
1197 2526 1509 2579 tenebrarum
1540 2528 1739 2584 Iterum.

139 2600 379 2669 Quarum
414 2606 750 2662 tenebrarum
797 2621 1033 2667 rectores
1077 2625 1201 2668 sunt
1226 2616 1465 2671 diabolus
1491 2629 1545 2673 et
1571 2622 1740 2690 angeli

135 2691 296 2760 ejus?
335 2693 587 2750 Omnium
632 2698 958 2767 infidelium,
1007 2705 1244 2760 onmium
1293 2707 1631 2779 iniquorum,
1674 2711 1743 2766 de

135 2784 333 2852 quibus
363 2783 565 2842 dictum
596 2798 676 2843 est
711 2808 723 2842 :
757 2789 870 2844 Lux
908 2793 1036 2847 lucet
1079 2795 1131 2848 in
1177 2799 1424 2864 tenebris,
1457 2811 1500 2852 et
1529 2802 1744 2855 tenebrat

134 2889 247 2924 eum
279 2889 381 2926 non
426 2879 915 2948 comprehenderunt
965 2883 1153 2953 (Joan.
1202 2902 1248 2952 t,
1280 2886 1365 2959 5).
1400 2889 1639 2961 Denique
1673 2909 1738 2949 ex

136 2960 373 3030 ipsorum
405 2981 630 3020 numero
656 2972 996 3028 credentibus
1040 2976 1252 3036 multis.
1285 2979 1411 3048 quid
1438 2960 1566 3036 dicit
1596 2983 1736 3039 idem

132 3054 450 3118 apostolus?
479 3052 672 3110 Fuisti:
693 3065 824 3112 enim
847 3061 1121 3130 aliquando
1142 3066 1357 3121 tenebrae
1375 3110 1388 3134 ,
1417 3086 1551 3123 nunc
1572 3083 1739 3128 autem

135 3140 224 3193 lux
246 3144 298 3194 in
331 3142 553 3199 Domino
581 3147 809 3220 (Ephes.
845 3167 898 3218 v,
925 3152 1011 3224 8).
1038 3153 1155 3209 Non
1185 3157 1264 3211 vis
1290 3160 1398 3229 regi
1427 3175 1456 3214 a
1481 3160 1738 3217 diabolo?

133 3229 295 3300 lligra
327 3233 392 3286 ad
423 3235 620 3291 lucem.
651 3240 713 3292 Et
743 3242 882 3297 unde
909 3244 1160 3313 migrabis
1183 3247 1250 3301 ad
1283 3248 1456 3304 lucem
1483 3291 1498 3318 ,
1529 3253 1627 3307 nisi
1655 3256 1735 3309 ef-

134 3321 319 3379 fundat
347 3326 438 3382 ille
465 3327 722 3385 frameam
745 3375 759 3396 ,
794 3343 850 3389 et
887 3345 1041 3390 eruat
1070 3348 1120 3392 te
1159 3339 1227 3393 ab
1258 3341 1486 3398 inimicis
1514 3345 1615 3399 tuis
1641 3389 1656 3412 ,
1683 3356 1736 3401 ct

131 3429 158 3467 ο
198 3420 651 3488 persequentibus
693 3416 798 3478 te?
845 3424 1126 3493 Quomodo
1170 3430 1393 3487 etl‘undit
1433 3434 1735 3492 frameam?

136 3509 427 3575 (Quoniam
478 3513 588 3580 jam
618 3516 914 3572 audivimus
968 3521 1094 3590 quid
1147 3524 1215 3578 sit
1265 3523 1466 3581 framea
1517 3528 1730 3597 ipsius:

126 3601 300 3654 anima
333 3602 477 3657 enim
515 3604 642 3673 justi
667 3607 798 3678 est.)
842 3612 1125 3668 Abundent
1164 3615 1290 3682 justi
1318 3658 1332 3682 ,
1364 3627 1418 3672 ct
1447 3619 1734 3678 effunditur

126 3691 329 3747 framea
356 3734 371 3755 ,
403 3703 460 3749 et
508 3699 847 3754 concluditur
888 3702 1143 3781 adversus
1193 3706 1455 3765 inimicos.
1503 3710 1632 3766 Nam
1663 3713 1731 3768 de

125 3782 237 3852 ipsa
265 3783 535 3843 effusione
563 3787 780 3847 framea:
813 3809 1037 3852 monens
1083 3798 1372 3867 Apostolus
1401 3811 1457 3856 ut
1481 3804 1623 3873 juste
1649 3807 1730 3860 vi-

124 3889 312 3929 vamns
334 3917 348 3942 ,
381 3877 432 3932 in
460 3883 804 3951 eonseqtteuti
834 3885 907 3939 ait
938 3903 951 3938 :
989 3885 1056 3942 Ut
1080 3888 1399 3946 adversarius
1425 3906 1726 3963 revereatur,

124 3966 252 4019 nihil
276 3968 471 4025 habent
497 3970 562 4026 de
585 3973 728 4029 nobis
756 3975 921 4031 dicere
949 3995 1161 4047 pravum
1190 3981 1330 4053 (Tit.
1359 4000 1393 4040 ll
1419 4028 1432 4047 .
1465 3985 1556 4058 8).
1590 3989 1728 4044 Con-

122 4059 333 4113 clusum
366 4071 450 4115 est
485 4062 743 4120 adversus
785 4082 908 4122 eum
936 4110 950 4135 ,
996 4073 1119 4141 quia
1165 4074 1306 4142 quod
1351 4076 1600 4148 loquatur
1628 4080 1727 4133 ad-

124 4165 310 4205 versus
342 4163 558 4209 sanctos
579 4197 592 4220 ,
626 4171 731 4211 non
766 4168 940 4228 potest
970 4164 1233 4220 invenire.

191 4241 246 4296 5.
282 4241 349 4296 Et
379 4243 521 4300 unde
546 4257 702 4300 erunt
722 4248 889 4318 justi?
917 4255 1022 4308 Aut
1046 4255 1169 4323 quid
1201 4255 1382 4312 dicunt
1408 4259 1607 4314 inimici
1634 4262 1724 4332 qui

113 4333 218 4384 'nos
251 4338 992 4403 [mrsequuntur?ittvisibiles
1015 4344 1087 4398 illi
1119 4348 1243 4417 quid
1273 4348 1455 4403 dicunt
1485 4351 1721 4406 inimici?

122 4422 206 4478 isti
251 4425 431 4481 nihil?
456 4427 685 4486 Maxime
714 4435 1016 4503 suggeritur
1045 4436 1279 4494 humano
1307 4442 1456 4496 cordi
1489 4444 1555 4498 ab
1586 4446 1722 4500 mvi-

121 4517 350 4573 sibiliter
378 4524 802 4591 expugnantibus
822 4527 1048 4584 inimicis
1065 4531 1105 4596 ³,
1130 4531 1251 4599 quia
1284 4532 1425 4590 Deus
1447 4535 1598 4590 nobis
1617 4553 1720 4593 non

122 4622 200 4663 est
229 4609 452 4678 adiutor
479 4630 492 4666 :
523 4623 579 4668 ut
602 4617 932 4686 requirentes
960 4622 1058 4676 alia
1083 4622 1364 4692 adjutoria,
1387 4627 1722 4682 invenianmr

123 4705 364 4770 invalidi,
393 4715 449 4762 et
471 4707 538 4762 ab
563 4708 790 4765 inimicis
818 4712 945 4782 ipsis
970 4715 1260 4784 capiamur.
1296 4717 1407 4772 Hoc
1435 4734 1562 4790 ergo
1592 4736 1719 4791 sug-

121 4798 340 4867 geritur.
378 4795 577 4857 Contra
604 4803 732 4859 istas
757 4819 912 4861 voces
939 4807 1169 4864 maxime
1199 4810 1415 4882 vigilare
1437 4812 1716 4880 debemus,

120 4907 237 4960 quas
267 4893 322 4950 in
351 4893 460 4949 alio
487 4895 692 4966 psalmo
720 4899 1071 4955 ostenduntur
1105 4919 1117 4955 :
1151 4901 1308 4957 Multi
1335 4905 1602 4978 insurgunt
1628 4909 1722 4961 ad-

119 4999 315 5039 versum
344 5003 445 5053 me,
476 4989 622 5043 inulti
648 4989 820 5046 dicunt
848 4995 1033 5049 anima:
1054 5013 1178 5052 mea:
1205 5013 1221 5051 :
1246 4997 1365 5054 Non
1386 5011 1458 5056 est
1483 5003 1623 5057 salus
1644 5003 1722 5057 illi

122 5076 169 5131 in
200 5074 311 5132 Deo
336 5078 453 5148 ejus
483 5077 654 5149 (Pent.
689 5097 742 5136 ιιι
763 5123 778 5147 ,
808 5081 872 5149 ‘2,
907 5085 985 5157 5).
1016 5085 1212 5142 Contra
1248 5089 1377 5144 istas
1408 5107 1566 5148 voces
1591 5095 1718 5164 quid

121 5165 205 5224 hic
241 5169 479 5226 dicitur?
506 5171 603 5227 Dic
629 5175 812 5229 animo:
838 5193 978 5242 mete,
1009 5179 1164 5233 Salus
1193 5191 1277 5235 tua
1300 5200 1390 5252 ego
1421 5202 1552 5239 sum.
1585 5188 1718 5242 Cum

116 5258 318 5318 dixeris
342 5262 538 5318 anima!
564 5280 722 5332 mea),
750 5265 904 5320 Salus
932 5278 1018 5322 tua
1034 5287 1123 5340 ego
1147 5288 1280 5338 sum,
1310 5274 1449 5341 juste
1477 5277 1643 5345 vivet,
1664 5290 1722 5336 ut

121 5352 392 5409 uerninem
433 5353 484 5408 in
514 5355 836 5425 ldjtttorium
873 5369 1064 5428 praeter
1096 5372 1145 5416 te
1174 5379 1429 5433 quazram.

188 5442 245 5500 6.
475 5444 557 5521 4.]
588 5447 655 5503 Et
684 5449 808 5520 quid
838 5453 1120 5522 sequitur?
1148 5453 1535 5525 Con/'undantur
1567 5473 1614 5515 et
1634 5479 1717 5518 re-

181 5630 198 5664 ί
233 5639 342 5681 Mss.
370 5635 518 5684 nostri
540 5646 714 5700 omnes
730 5635 969 5695 omittunt,
989 5635 1093 5686 Iure
1116 5639 1299 5700 ﬁtbn'ca
1321 5639 1715 5700 qurtm'ritlemns.

181 5696 200 5725 ¹
233 5695 458 5756 Plerique
482 5696 817 5771 M§S._,uqtti_‘ttt‘t$
832 5695 1179 5764 persequuntur
1195 5695 1453 5771 invisibiles
1468 5706 1542 5755 illi
1557 5706 1580 5757 ?
1597 5695 1717 5771 quiti

129 5757 280 5807 dicunt
301 5757 486 5806 itu'mirt
511 5756 590 5805 isti
613 5757 638 5805 ."
668 5757 786 5804 \‘ilu'l
812 5756 1017 5836 {inritae
1041 5762 1312 5834 suggeritur
1344 5766 1552 5836 qunnno
1577 5756 1718 5823 obrui

129 5820 493 5872 αωηυίεωιωιιν
517 5820 906 5883 expugnantith
929 5820 1151 5884 inimicis;
1178 5825 1270 5876 nisi
1305 5828 1419 5887 quia
1446 5837 1587 5896 Deus,
1618 5820 1714 5887 uti);

1242 373 1642 432 ENARRATIO
1681 376 1745 432 LV
1786 377 2110 436 PSALMUM
2152 381 2396 441 XXXlV.

3362 407 3469 466 326

1891 510 2152 553 vereantur
2195 505 2499 571 requirentes
2536 510 2758 565 animum
2805 531 2964 569 meam
2995 533 3014 570 :
3058 519 3124 573 ad
3171 521 3272 577 hoc
3326 542 3468 582 ctum

1881 588 2024 641 illam
2055 593 2330 660 requirnnt
2357 637 2370 657 ,
2403 607 2460 649 ut
2482 603 2726 666 perdant.
2753 604 2882 659 Nam
2913 609 3112 665 utinam
3151 613 3287 670 bene
3315 635 3466 685 qua:-

1880 681 2034 732 rant!
2071 679 2124 734 ln
2149 683 2253 736 alio
2291 687 2490 755 quippe
2521 694 2727 758 psalmo
2756 693 2857 750 hoc
2897 700 3244 768 reprehendit
3289 679 3462 762 inho-

1879 769 2148 838 minibus,
2180 776 2298 843 quia
2329 793 2434 832 non
2473 792 2588 834 erat
2635 785 2722 853 qui
2763 789 3062 857 requireret
3100 796 3331 852 animam
3381 802 3469 870 ip-

1877 860 1991 915 sius
2023 879 2036 915 :
2075 862 2242 918 Periit
2263 867 2386 938 fuga
2407 886 2439 922 α
2459 888 2564 934 me,
2589 885 2756 929 etnon
2776 886 2848 931 est
2880 881 2968 950 qui
2996 885 3217 952 requirat
3241 891 3469 946 animum

1872 967 2034 1006 meum
2067 953 2245 1017 (Ptol.
2269 971 2387 1014 cm
2409 1001 2424 1023 ,
2454 961 2533 1034 5).
2563 964 2693 1031 Quis
2713 978 2795 1022 est
2823 969 2909 1024 ille
2937 972 3025 1043 qui
3055 974 3184 1030 dicit
3209 995 3222 1027 τ
3252 977 3373 1034 Non
3395 993 3469 1037 est

1870 1041 1957 1107 qui
1976 1044 2196 1114 requirat
2215 1048 2435 1103 animum
2461 1069 2620 1108 meam
2645 1056 2702 1111 '?
2740 1041 3006 1133 Numquid
3042 1064 3180 1121 forte
3212 1069 3300 1125 ille
3337 1084 3419 1126 est
3444 1117 3458 1137 ,

1866 1129 1936 1185 de
1961 1146 2066 1202 quo
2125 1143 2273 1192 tanto
2311 1148 2438 1195 ante
2475 1144 2786 1212 praedictum
2815 1129 2934 1215 esti.
2966 1152 3229 1212 Foderunt
3278 1177 3461 1216 ntanu:

1867 1235 2003 1274 mens
2024 1232 2069 1273 et
2106 1224 2255 1292 pedes
2287 1243 2454 1297 meos,
2495 1233 2938 1293 dinumernuerunt
2957 1246 3128 1298 omnia
3161 1263 3277 1300 ossa
3305 1267 3416 1304 mea
3437 1295 3452 1316 ,

1863 1312 1962 1380 ipsi
1978 1329 2089 1367 vero
2112 1319 2552 1375 considet-atterunt
2581 1335 2628 1379 et
2649 1343 3017 1398 conspexerunt
3039 1349 3153 1402 me;
3181 1340 3455 1396 diviserunt

1862 1403 1957 1456 sibi
1994 1409 2287 1462 vestimenta
2320 1429 2462 1474 mea.
2497 1427 2544 1469 et
2577 1417 2730 1486 super
2776 1436 2957 1476 vestem
3009 1444 3171 1481 meum
3212 1433 3455 1490 miserunt

1860 1507 2042 1550 sortem
2075 1499 2255 1566 (Psal.
2283 1520 2371 1557 xxi
2395 1547 2409 1572 ,
2441 1507 2505 1561 l7
2545 1510 2806 1575 19)?Jam
2836 1518 3012 1570 omnia
3051 1519 3146 1575 ista
3177 1533 3301 1578 ante
3326 1541 3454 1580 (καις

1861 1584 1942 1639 los
1963 1602 2149 1643 carum
2183 1591 2410 1658 ﬁebant,
2433 1606 2488 1651 et
2533 1615 2690 1654 nemo
2716 1613 2832 1657 erat
2866 1608 2955 1676 qui
2998 1612 3292 1680 requireret
3330 1619 3452 1673 ani-

1861 1691 2001 1731 mam
2032 1679 2168 1746 ejus.
2197 1683 2508 1741 lnvocemus
2532 1705 2660 1760 ergo
2681 1733 2694 1755 ,
2740 1693 2931 1749 fratres
2956 1736 2971 1761 ,
2998 1711 3057 1752 ut
3085 1701 3227 1756 dicat
3257 1706 3454 1762 animm

1860 1778 2056 1823 nostra:
2082 1789 2095 1824 :
2128 1771 2285 1827 Salus
2309 1785 2394 1828 tua
2418 1794 2506 1847 ego
2527 1797 2640 1834 sum
2660 1800 2678 1848 ;
2702 1794 2750 1838 et
2780 1789 2985 1855 aperiat
3022 1805 3178 1848 aures
3207 1797 3356 1864 ejus,
3394 1810 3452 1854 ut

1857 1861 2038 1915 audiat
2063 1864 2327 1921 dicentem
2356 1887 2370 1926 :
2403 1870 2561 1926 Salus
2582 1885 2667 1928 tua
2691 1894 2781 1948 ego
2810 1897 2940 1935 sum.
2975 1885 3110 1940 Dicit
3139 1861 3313 1954 enim,
3352 1895 3449 1948 sed

1856 1951 2070 2021 quidam
2105 1956 2532 2017 obsurdescnnt:
2579 1967 2720 2022 unde
2766 1973 2992 2029 audiunt
3039 1979 3214 2045 potius
3263 1951 3449 2050 perse-

1853 2052 2081 2112 quentes
2104 2048 2349 2107 inimicos
2371 2052 2424 2106 in
2456 2057 2797 2117 tribulatione
2821 2067 3116 2124 constituti.
3145 2073 3198 2127 Si
3242 2048 3442 2147 aliquid

1852 2135 2037 2200 deest,
2067 2138 2111 2191 si
2155 2140 2204 2193 in
2250 2153 2475 2213 angusto
2509 2157 2591 2202 est
2633 2153 2836 2220 anima,
2880 2156 2930 2210 in
2965 2158 3141 2229 inOpia
3175 2173 3447 2236 tempora-

1853 2225 2014 2293 lium,
2041 2236 2232 2301 quaerit
2269 2237 2522 2293 auxilium
2563 2242 2872 2316 plerumque
2899 2264 2926 2302 a
2955 2250 3320 2320 dmmonibus.
3356 2276 3444 2313 aro

1852 2319 2093 2389 reptitios
2114 2323 2417 2382 daemonum
2448 2332 2555 2385 vult
2576 2338 2855 2393 consulere
2875 2381 2888 2404 ,
2941 2346 3224 2417 sortilegos
3245 2352 3266 2381 ’
3292 2367 3442 2420 quaa-

1850 2412 1956 2466 rit:
2005 2425 2377 2481 persecutores
2409 2422 2551 2477 illam
2595 2424 2778 2483 bos-les
2821 2430 3112 2491 invisibiles
3155 2440 3435 2508 adierunt.

1851 2499 2210 2572 intraverunt,
2241 2523 2678 2580 evpuguaverunt
2698 2559 2713 2584 ,
2745 2524 3174 2592 captivaverunt,
3199 2531 3442 2589 vicerunt

1848 2591 2079 2647 dicendo
2108 2615 2121 2648 τ
2157 2597 2278 2652 Νοη
2327 2612 2398 2656 est
2450 2608 2588 2661 salus
2618 2609 2698 2662 illi
2749 2612 2802 2664 in
2831 2611 2940 2668 Deo
2992 2620 3122 2689 ejus.
3150 2591 3442 2684 Obsurduit

1852 2693 2035 2738 contra
2060 2701 2245 2742 vocem
2278 2692 2543 2749 dicentem
2571 2715 2585 2752 :
2615 2699 2769 2757 Salus
2796 2713 2882 2756 tua
2908 2724 3000 2776 ego
3033 2728 3164 2766 sunt.
3193 2713 3292 2768 Dic
3322 2721 3438 2771 ani-

1846 2788 1945 2826 ma
1973 2791 2096 2830 mea;
2117 2794 2135 2831 :
2158 2778 2314 2836 Salus
2342 2793 2430 2836 tua
2451 2803 2541 2856 ego
2566 2806 2676 2843 sum
2697 2832 2712 2857 ,
2744 2801 2800 2846 ut
2822 2801 3200 2868 confundantur
3219 2815 3266 2859 et
3299 2823 3439 2861 reve-

1845 2875 2056 2918 reantur
2076 2871 2383 2940 requirentes
2399 2879 2621 2932 animum
2653 2900 2836 2949 nteant,
2871 2889 2953 2940 cui
2985 2889 3119 2946 dicis
3146 2903 3198 2948 tu
3230 2914 3244 2950 :
3279 2896 3437 2953 Salus

1845 2961 1930 3006 tua
1982 2972 2072 3025 ego
2111 2976 2240 3012 sunt.
2272 2964 2495 3020 Audiam
2525 2968 2791 3027 dicentem
2821 2978 2986 3032 mibi:
3019 2979 3177 3038 Salus
3221 2998 3309 3041 tua
3346 3007 3437 3060 ego

1845 3059 1976 3098 sunt.
2002 3048 2172 3102 Aliam
2203 3052 2426 3109 salutem
2456 3047 2560 3112 non
2593 3064 2859 3133 requiram
2888 3110 2903 3133 ,
2935 3081 3128 3139 pratter
3156 3075 3436 3135 Dominum

1812 3135 2012 3191 -~Deum
2045 3157 2244 3196 meum.
2289 3146 2361 3199 De
2391 3160 2632 3205 creatura
2666 3156 2794 3209 mibi
2834 3158 2979 3214 salus
3009 3169 3339 3234 suggeritur;
3368 3171 3436 3224 ab

1842 3227 1960 3295 ipso
1990 3241 2071 3286 est
2103 3250 2114 3284 :
2147 3244 2202 3288 et
2247 3237 2289 3288 si
2324 3239 2443 3294 levo
2487 3245 2672 3299 oculos
2721 3262 2868 3302 meos
2900 3251 2951 3306 in
3001 3266 3240 3322 montes,
3294 3263 3435 3318 unde

1841 3322 2018 3374 veniat
2054 3326 2309 3381 auxilium
2341 3331 2512 3396 mihi;
2571 3351 2676 3388 non
2711 3347 2888 3394 tamen
2928 3357 2960 3396 a
3003 3346 3307 3415 montibus,
3337 3353 3432 3406 sed

1839 3412 2093 3467 auxilium
2123 3432 2299 3472 meum
2337 3435 2366 3474 a
2397 3421 2624 3478 Domino
2644 3427 2734 3497 qui
2773 3429 2897 3485 fecit
2925 3434 3118 3489 caelum
3149 3447 3203 3492 et
3231 3448 3430 3497 terram

1839 3500 2012 3571 (Psal.
2064 3520 2166 3561 cxx
2193 3550 2210 3575 ,
2251 3512 2317 3576 1,
2355 3509 2434 3585 2).
2479 3514 2534 3570 In
2581 3517 2713 3587 ipsis
2756 3525 3138 3592 temporalibus
3175 3534 3432 3600 angustiis

1837 3606 1933 3661 per
1958 3594 2226 3653 hominem
2257 3601 2504 3659 subvenit
2539 3606 2710 3674 Deus;
2743 3612 2891 3667 salus
2922 3623 3008 3670 tua
3051 3618 3163 3687 ipse
3205 3632 3305 3675 εει.
3329 3623 3433 3679 Per

1835 3685 2084 3755 angelum
2124 3692 2373 3748 subvenit
2415 3696 2584 3764 Deus;
2628 3703 2772 3758 salus
2812 3714 2897 3759 tua
2937 3685 3196 3777 ipse—est.
3238 3713 3426 3771 Omnia

1837 3776 1910 3830 illi
1943 3777 2181 3850 subjecta
2213 3796 2368 3852 sunt,
2397 3796 2454 3842 et
2475 3789 2538 3843 ad
2568 3794 2723 3847 istam
2769 3776 2983 3865 quidem
3018 3801 3180 3856 vitam
3220 3797 3429 3878 lempo-
3484 3804 3489 3808 ’

1835 3873 2002 3926 ralem
2031 3874 2312 3944 subvenit,
2337 3881 2426 3936 alii
2466 3885 2589 3940 inde
2610 3927 2624 3952 ,
2655 3888 2744 3943 alii
2771 3888 2893 3945 inde
2919 3910 2932 3946 :
2961 3902 3216 3950 aeternam
3264 3900 3426 3957 vitam

1836 3977 1941 4015 non
1979 3964 2070 4018 dat
2107 3966 2209 4022 nisi
2237 3969 2305 4024 de
2330 3987 2407 4026 se.
2442 3973 2582 4030 Ecce
2612 3977 2663 4030 in
2706 3982 2964 4052 angustiis
2995 3988 3285 4042 constituto
3319 4005 3424 4046 non

1833 4052 2019 4107 subest
2046 4058 2187 4128 quod
2208 4063 2404 4129 quarris
2421 4105 2436 4128 ,
2470 4065 2564 4120 sed
2580 4065 2734 4122 adest
2760 4086 2915 4140 quem
2941 4076 3157 4141 quaeris.
3189 4077 3257 4132 Et
3277 4079 3429 4135 illum

1831 4158 2011 4210 quam:
2035 4147 2124 4215 qui
2149 4148 2338 4206 deesse
2364 4168 2636 4226 nunquam
2669 4168 2869 4228 potest.
2891 4161 3283 4224 Subtrahantur
3306 4187 3426 4239 qua:

1830 4231 2012 4300 dedit;
2044 4240 2299 4308 nttmquid
2348 4243 2686 4301 subtrahitur
2734 4251 2825 4320 qui
2872 4250 3056 4308 dedit?
3111 4231 3426 4315 Reddantur

1829 4339 1949 4392 qna:
1974 4325 2228 4394 dederat;
2260 4335 2516 4404 numquid
2545 4337 2674 4406 ipsa:
2697 4351 2824 4395 sunt
2848 4343 3045 4399 divitia-
3071 4363 3191 4403 cum
3217 4352 3424 4408 reddita

1831 4412 2028 4468 fuerint
2057 4416 2142 4470 illa
2164 4461 2178 4486 ,
2210 4429 2261 4475 et
2293 4437 2396 4476 non
2423 4424 2511 4480 ille
2537 4429 2626 4496 qui
2649 4433 2986 4489 subtraxerat
3026 4439 3303 4506 probando
3323 4482 3338 4506 ,
3366 4452 3422 4498 et

1828 4507 2058 4561 reddidit
2094 4514 2460 4570 consolando?
2483 4517 2801 4578 Consolatur
2837 4527 2980 4580 enim
3008 4533 3221 4599 quando
3268 4536 3420 4592 nobis

1829 4597 1929 4653 ista
1975 4615 2078 4653 non
2107 4601 2321 4658 desunt.
2357 4605 2676 4665 Consolatur
2705 4624 2952 4685 tanquam
2995 4620 3047 4674 in
3087 4623 3206 4691 via,
3238 4627 3331 4680 scd
3374 4630 3419 4682 si

1828 4704 1926 4742 nos
1954 4691 2315 4764 intelligamus
2335 4701 2472 4754 viam
2502 4721 2515 4757 :
2552 4704 2674 4774 quia
2717 4717 2824 4762 tota
2863 4711 2960 4764 ista
2994 4713 3098 4767 vita
3123 4757 3137 4779 ,
3161 4728 3208 4771 et
3241 4721 3418 4777 omnia

1826 4782 2016 4850 quibus
2049 4788 2212 4841 uteris
2257 4791 2311 4844 in
2361 4794 2458 4847 Itac
2490 4796 2590 4849 vita
2618 4839 2633 4862 ,
2665 4800 2743 4854 sic
2793 4801 2885 4855 tibi
2930 4803 3131 4860 debent
3154 4813 3276 4865 ase
3303 4821 3419 4868 tan-

1826 4889 1982 4944 quam
2010 4880 2275 4936 stabulum
2305 4885 2528 4954 viatori,
2565 4905 2669 4944 non
2703 4900 2950 4965 tanquam
2989 4894 3181 4956 domus
3207 4902 3418 4960 habita-

1829 4968 1951 5024 tori.
1984 4971 2250 5030 Memento
2281 4981 2549 5049 peregisse
2576 4993 2626 5039 te
2664 4985 2863 5056 aliquid
2884 5031 2899 5057 ,
2932 5002 3136 5049 restare
3166 4997 3365 5068 aliquid
3397 5021 3416 5058 :

1827 5061 2110 5120 divertisse
2134 5078 2184 5122 te
2207 5070 2272 5124 ad
2299 5072 2644 5130 refectionem
2663 5121 2677 5144 ,
2699 5095 2804 5134 non
2827 5082 2892 5136 ad
2921 5083 3301 5147 defectionem.

1899 5157 1950 5210 7.
1976 5158 2110 5212 Sunt
2146 5163 2233 5231 qui
2261 5164 2442 5218 dicunt
2473 5183 2486 5220 :
2541 5169 2680 5224 Dens
2723 5173 2891 5229 bonus
2911 5218 2924 5239 ,
2957 5193 3181 5248 magnus
3206 5225 3219 5246 .
3263 5200 3414 5240 sum-

1827 5262 1980 5309 mus,
2034 5247 2313 5306 invisibilis
2347 5296 2361 5319 ,
2415 5269 2648 5313 aeternus
2682 5303 2695 5325 ,
2742 5262 3160 5335 incorruptibilis
3190 5311 3204 5337 ,
3247 5276 3410 5333 vitam

1827 5351 2081 5394 a-ternam
2114 5344 2266 5399 nobis
2293 5345 2517 5403 daturus
2548 5362 2661 5416 est,
2693 5364 2744 5406 et
2773 5354 2914 5410 illam
2961 5359 3414 5432 incorruptionem

1888 5533 2285 5608 Ulnlnesprope
2324 5546 2625 5616 titss._carent
2662 5545 2736 5597 bis
2760 5551 3078 5622 verlristpui:
3116 5564 3185 5607 est
3221 5558 3301 5609 ille
3335 5563 3423 5622 qui

1888 5601 1943 5622 ru!
2002 5606 2086 5622 In“
2114 5605 2179 5622 ..ι-ι
2206 5614 2282 5622 η..-
2308 5615 2441 5622 μ---.-
2461 5613 2520 5622 ,με
2579 5619 2602 5622 __

2489 5591 2495 5592 ,
2662 5591 2735 5597 __--
2988 5591 3078 5603 ,κω
3116 5591 3183 5607 ιο.
3221 5591 3298 5609 ...ιτ
3335 5591 3393 5610 ι..

1826 5591 1962 5674 Idigit,
1990 5606 2098 5674 3021‘
2109 5591 2179 5645 est
2201 5591 2290 5671 qui
2308 5603 2521 5662 requirat
2545 5609 2754 5674 intimam
2774 5591 2989 5674 manu?
3011 5627 3062 5666 et
3110 5632 3273 5669 eorum
3311 5591 3414 5674 Iolcol

1823 5655 2185 5745 lta'btlnest
2299 5655 2652 5745 _qu;(iirqt,‘Qtt
2663 5655 2756 5745 est:
2763 5655 2846 5722 iiii
2949 5655 3156 5745 erum/ig

1817 5717 1994 5789 ealﬂtti
2015 5718 2160 5789 dictu,
2186 5717 2428 5789 .Nunuﬂid
2446 5717 2567 5789 [οὲιὲ
2583 5717 2664 5780 ille

1889 5780 1906 5872 ξ
1944 5784 2239 5872 agminis.
2256 5780 2615 5872 codicibhs‘higz
2643 5801 2694 5872 et
2710 5780 3150 5872 :Veonstanter
3188 5808 3418 5872 scriptum

1824 5846 1916 5902 est,
1944 5842 2192 5906 sortilegos
2221 5859 2239 5896 :
2264 5857 2445 5900 mutata
2468 5852 2618 5902 vocali
2650 5868 2678 5906 ε
2707 5842 2836 5909 inde.
