4008 6326
181 362 285 417 3‘29

176 479 324 543 facit,
354 487 501 533 certo
540 477 764 550 judicio,
793 476 957 543 bono,
996 475 1165 546 justo,
1211 486 1420 542 sancto,
1453 474 1760 545 tranquillo,

180 589 283 626 non
329 573 666 641 perturbatus
710 574 785 627 ira
811 613 826 635 ,
873 588 979 625 non
1048 585 1231 624 amaro
1272 570 1407 634 zelo,
1441 584 1545 622 non
1586 569 1766 622 animo

174 662 571 719 inimicitiarum
627 663 1081 727 exercendarum,
1124 660 1218 715 sed
1267 659 1471 729 justitia
1517 658 1765 712 vitiorum

177 754 604 824 [uttiendorunu
638 764 1006 808 verumtamen
1038 752 1317 822 prophetia
1362 761 1459 805 est.

249 846 338 901 I0.
379 842 531 918 [vers.
574 846 629 913 7,
678 843 756 918 8.]
798 843 949 899 Unde
1000 852 1177 897 autem
1232 851 1376 896 tanta
1432 843 1571 896 mala
1622 841 1763 897 ista?

174 944 292 1009 Quo
326 935 556 991 merito?
585 936 744 1002 Audi,
772 950 879 1006 quo
918 934 1112 990 merito
1140 951 1153 987 :
1190 932 1440 999 Quoniam
1459 934 1618 1003 gratis
1648 930 1763 985 abs-

162 1028 454 1082 conderant
482 1026 607 1081 mihi
658 1027 954 1095 muscipula:
980 1041 1087 1081 sua
1114 1025 1509 1094 corruptionem.
1557 1023 1616 1077 In
1646 1024 1763 1092 ipso

172 1122 350 1189 capite
400 1130 584 1174 nostro
635 1120 913 1185 attendite,
944 1119 1045 1172 hoc
1097 1108 1337 1171 fecerunt
1386 1115 1579 1178 Judxi,
1636 1116 1762 1169 abs-

170 1213 475 1269 conderunt
519 1210 831 1281 muscipula:
869 1227 980 1266 sua:
1021 1210 1438 1279 corruptionem.
1484 1209 1582 1263 Cui
1635 1208 1759 1263 abs-

163 1306 475 1361 conderunt
538 1304 923 1374 muscipulam?
973 1303 1073 1369 Qui
1100 1303 1312 1357 videbat
1342 1302 1504 1356 corda
1535 1301 1763 1356 abscon—

171 1398 434 1453 dentium.
461 1397 565 1453 Sed
607 1408 782 1452 tamen
816 1406 934 1450 erat
963 1397 1101 1451 inter
1132 1396 1252 1449 illos
1279 1394 1544 1466 ignoranti
1574 1394 1763 1448 similis

170 1494 324 1563 quasi
353 1491 645 1553 falleretur,
684 1505 803 1545 eum
846 1490 918 1545 illi
951 1490 1003 1543 in
1034 1504 1108 1557 eo
1137 1488 1530 1557 deciperentur,
1573 1487 1624 1540 in
1654 1501 1760 1557 quo

170 1598 295 1636 eum
338 1581 442 1635 falli
470 1581 884 1635 arbitrabantur.
924 1580 1047 1634 Ideo
1086 1581 1227 1634 enim
1259 1579 1348 1632 ille
1377 1586 1625 1648 tanquam
1654 1577 1757 1631 fal-

171 1673 388 1727 lebatur
426 1673 563 1726 inter
591 1673 713 1726 illos
742 1672 945 1733 vivens,
968 1670 1090 1741 quia
1118 1685 1216 1724 nos
1243 1670 1382 1725 inter
1413 1669 1545 1723 tales
1575 1667 1653 1723 sic
1678 1668 1761 1722 vi-

168 1764 306 1817 cturi
344 1778 581 1829 eramus,
619 1772 675 1817 ut
714 1763 832 1818 sine
875 1762 1036 1817 dubio
1072 1761 1397 1816 fallerentur.
1429 1761 1520 1815 Ille
1547 1759 1761 1815 videbat

171 1856 483 1911 traditorem
515 1871 690 1922 suum,
734 1864 788 1910 et
827 1855 989 1925 elegit
1025 1853 1174 1908 illum
1203 1855 1373 1925 magis
1406 1852 1473 1907 ad
1500 1868 1634 1922 opus
1666 1868 1761 1907 ne-

167 1947 485 2003 cessarium.
514 1946 656 2001 Illius
683 1946 822 2000 malo
851 1961 1100 2015 magnum
1131 1945 1331 2000 bonum
1362 1954 1613 2014 operatus
1641 1954 1757 1998 est:

168 2048 224 2094 et
246 2050 427 2094 tamen
458 2040 596 2094 inter
622 2038 904 2093 duodecim
933 2038 1135 2093 electus
1161 2045 1259 2104 est,
1309 2053 1378 2093 ne
1412 2038 1523 2106 ipse
1553 2036 1757 2091 duode-

169 2138 355 2184 narius
382 2141 486 2184 tam
515 2132 737 2201 exiguus
761 2144 1013 2185 numerus
1043 2137 1187 2185 esset
1213 2130 1329 2184 sine
1360 2129 1519 2193 malo.
1549 2127 1660 2183 Hoc
1691 2127 1758 2183 ad

169 2221 477 2291 exemplum
505 2230 702 2275 nostra:
730 2219 1019 2290 patientius,
1043 2219 1291 2289 quoniam
1318 2233 1539 2274 necesse
1562 2225 1677 2274 erat
1703 2227 1759 2273 ut

171 2314 312 2366 inter
341 2312 511 2365 malos
539 2310 874 2376 viveremus;
906 2325 1127 2365 necesse
1172 2320 1287 2364 erat
1323 2319 1382 2363 ut
1414 2308 1605 2373 malus,
1646 2309 1758 2364 sive

168 2404 423 2467 scientes,
472 2404 585 2457 sive
639 2403 961 2469 nescientes,
1020 2401 1417 2457 toleraremus:
1455 2402 1757 2470 exemplum

170 2496 442 2566 patientia:
462 2494 688 2566 prmbuit
715 2510 782 2550 ne
810 2494 1045 2560 deficias,
1075 2508 1198 2549 cum
1228 2494 1456 2562 cmperis
1483 2493 1620 2548 inter
1643 2509 1757 2548 ma-

167 2590 250 2646 los
281 2591 482 2644 vivere.
530 2589 598 2645 Et
625 2589 745 2659 quia
793 2588 880 2642 illa
922 2587 1105 2643 schola
1146 2584 1342 2642 Christi
1391 2587 1444 2663 in
1474 2586 1757 2662 duodecim

168 2699 277 2738 non
320 2681 535 2745 defecit,
564 2689 763 2751 quanto
805 2679 973 2750 magis
1014 2693 1113 2732 nos
1144 2678 1282 2732 firmi
1328 2693 1448 2733 esse
1473 2677 1754 2742 debemus,

166 2792 291 2832 cum
340 2776 626 2845 implentur
652 2772 705 2827 in
733 2772 973 2828 Ecclesia
1015 2786 1227 2842 magna,
1255 2786 1371 2840 qua:
1400 2770 1469 2826 de
1495 2770 1756 2826 malorum

166 2868 525 2939 permixtione
550 2865 800 2938 przedicta
826 2863 988 2919 sunt?
1016 2863 1198 2933 Neque
1226 2863 1366 2917 enim
1395 2861 1607 2917 videbat
1640 2860 1757 2932 ipsa

166 2962 355 3016 schola
399 2958 665 3015 redditum
711 2956 904 3013 semini
946 2956 1176 3011 Abrahte
1204 2953 1344 3026 quod
1387 2964 1502 3010 erat
1529 2955 1759 3024 promis.

166 3068 312 3116 sum,
345 3061 400 3107 et
438 3052 608 3121 ipsam
638 3064 815 3105 aream
845 3045 986 3102 unde
1015 3061 1187 3102 massa
1217 3062 1335 3117 qua:
1361 3045 1600 3115 implebit
1630 3045 1756 3101 hora

166 3162 340 3212 reum,
386 3157 703 3216 processura
748 3149 849 3198 est.
877 3140 1054 3211 Quare
1097 3140 1255 3211 igitur
1285 3155 1412 3207 non,
1456 3155 1575 3194 cum
1604 3140 1757 3195 tritu-

169 3249 341 3301 ratur.
374 3238 425 3292 in
455 3252 517 3291 ea
547 3234 705 3305 digne
729 3232 879 3303 palea
909 3232 1185 3297 toleratur,
1217 3230 1391 3286 donec
1416 3231 1599 3285 ultima
1628 3245 1757 3284 ven-

166 3331 410 3384 tilatione
437 3324 728 3397 purgetur?
762 3324 874 3379 Hoc
900 3323 1041 3379 enim
1064 3320 1302 3377 futurum
1330 3330 1409 3376 est
1440 3322 1591 3376 malis
1614 3321 1756 3391 quod

164 3422 478 3568 “filiussed
508 3518 683 3565 tamen
706 3505 833 3577 quid
862 3502 1157 3560 faciendum
1199 3502 1320 3558 est?
1347 3500 1516 3557 Gratis
1538 3502 1753 3556 abscon-

163 3605 347 3679 derant
389 3601 516 3657 mihi
559 3599 927 3669 corruptionem
968 3595 1264 3666 muscipula?
1307 3611 1435 3649 sua.
1466 3595 1601 3662 Quid
1646 3604 1752 3661 est,

162 3692 323 3771 gratis
341 3697 368 3751 .9
384 3693 589 3765 Quibus
606 3690 736 3747 nihil
757 3689 881 3745 mali
903 3688 1024 3754 feci,
1046 3688 1238 3757 quibus
1261 3686 1387 3740 nihil
1405 3688 1584 3741 nocui.
1616 3684 1757 3740 Vane
1774 3722 1781 3731 .

160 3789 589 3863 exprobrauerunt
622 3785 845 3839 animam
884 3797 1067 3835 meam.
1087 3780 1222 3848 Quid
1266 3789 1368 3841 est.
1409 3780 1572 3835 vane?
1600 3779 1753 3835 Falsa

160 3885 429 3948 dicentes,
489 3878 620 3933 nihil
676 3874 983 3946 probantes.
1048 3870 1226 3926 Veniat
1288 3870 1393 3926 illis
1446 3872 1750 3942 muscipula,

160 3991 314 4042 quam
351 3975 607 4042 ignorant.
635 3966 910 4037 Magniﬁca
937 3962 1236 4025 retributio,
1278 3961 1645 4031 nihiljustius.
1673 3962 1770 4018 lllr

163 4065 568 4123 absconderant
612 4056 957 4127 muscipulam
985 4096 999 4119 ,
1040 4063 1097 4108 ut
1143 4069 1243 4124 ego
1269 4054 1569 4123 ignorarem
1606 4074 1618 4109 :
1650 4056 1755 4111 illis

162 4160 345 4215 veniat
371 4152 690 4224 muscipula,
722 4163 881 4221 quam
908 4149 1173 4219 ignorant.
1202 4146 1332 4200 Nam
1364 4161 1463 4215 ego
1494 4146 1605 4200 scio
1634 4163 1751 4199 llltl-

162 4250 426 4321 scipulam
470 4246 728 4316 ipsorum.
763 4241 893 4308 Quae
928 4246 1104 4293 autem
1154 4236 1447 4306 muscipula
1490 4236 1597 4290 illis
1625 4252 1754 4291 ven-

164 4356 279 4401 tura
318 4341 441 4397 est?
466 4338 559 4395 Illa
587 4350 747 4408 quam
777 4334 1042 4405 ignorant.
1075 4328 1367 4384 Audiamus
1398 4343 1465 4381 ne
1496 4327 1632 4382 forte
1674 4327 1754 4381 di-

163 4446 248 4493 cit
294 4435 441 4489 illam
474 4449 488 4485 ε
526 4426 701 4483 Veniat
751 4424 855 4480 illis
916 4420 1236 4491 muscipula,
1293 4435 1443 4489 quant
1495 4418 1751 4487 ignorant.

165 4530 327 4584 Forte
354 4525 515 4579 aliam
551 4522 625 4576 illi
655 4515 1071 4579 absconderuut,
1118 4514 1216 4566 alia
1250 4513 1355 4567 illis
1384 4522 1602 4566 ventura
1631 4512 1752 4566 est?

162 4621 278 4676 Non
308 4637 323 4673 :
348 4616 443 4673 sed
469 4614 629 4686 quid?
656 4609 940 4668 Criniculis
977 4618 1315 4678 peccatorum
1346 4621 1563 4660 suorum
1592 4621 1754 4661 unus-

163 4716 390 4785 quisque
434 4706 813 4777 constringitur
850 4701 1031 4774 (Prov.
1073 4716 1128 4767 v,
1172 4700 1287 4771 Ἡ).
1320 4698 1446 4754 inde
1473 4698 1751 4769 decipiun-

164 4802 467 4870 tur,.nnde
488 4789 734 4870 decipere
778 4797 1080 4851 voluerunt.
1129 4792 1253 4846 Inde
1299 4792 1404 4845 illis
1446 4789 1748 4851 nocebitur.

162 4900 303 4955 unde
349 4910 547 4953 nocere
581 4889 758 4948 conati
799 4896 943 4943 sunt.
988 4886 1237 4955 Sequitur
1277 4883 1419 4938 enim
1446 4900 1459 4935 :
1487 4881 1555 4936 Et
1584 4884 1751 4952 captio

159 5007 315 5062 quam
352 4986 743 5046 occultaverunt,
785 4978 1174 5049 comprehendat
1213 4976 1349 5029 illos.
1381 4972 1681 5044 Tanquam
1704 4973 1749 5028 si

159 5084 444 5153 quisquam
472 5075 658 5131 veneni
697 5073 919 5128 calicem
948 5076 1211 5139 praeparet
1238 5065 1415 5131 alicui,
1462 5073 1516 5119 et
1555 5064 1753 5120 oblitus

161 5175 388 5228 ebibat:
429 5176 486 5223 et
514 5177 763 5235 tanquam
809 5162 853 5215 si
885 5160 1091 5215 foveam
1138 5156 1301 5211 fodiat
1346 5155 1650 5225 quisquam,
1694 5154 1749 5209 in

160 5282 322 5341 quam
359 5263 585 5335 quisque
625 5257 872 5314 inimicus
916 5254 1031 5323 ejus
1079 5252 1131 5305 in
1164 5248 1396 5304 tenebris
1439 5245 1671 5309 incidat;
1697 5255 1751 5299 et

162 5339 255 5418 ille
284 5359 484 5416 oblitus
512 5350 653 5425 quod
678 5351 901 5413 foderat,
925 5346 1203 5401 ambulans
1228 5356 1289 5397 ea
1315 5341 1399 5394 via
1440 5339 1589 5410 prior
1625 5339 1751 5393 illuc

162 5453 339 5507 cadat.
386 5449 635 5509 Prorsus,
659 5442 847 5497 fratres
892 5439 1033 5503 mei,
1094 5438 1165 5490 ita
1214 5432 1437 5497 credite,
1492 5431 1563 5485 ita
1616 5432 1748 5485 certi

163 5556 385 5603 estote:
415 5542 489 5595 ita
538 5537 583 5592 si
628 5544 713 5593 est
756 5536 809 5589 in
844 5532 995 5587 vobis
1034 5526 1417 5586 excellentior‘
1455 5522 1750 5595 prudentia:

164 5639 323 5699 ratio,
351 5634 525 5689 videte
564 5639 722 5700 atque
748 5624 1028 5697 perspicite
1055 5640 1068 5675 :
1096 5620 1263 5675 Nemo
1292 5616 1461 5671 malus
1498 5630 1604 5669 non
1645 5614 1748 5669 sibi

168 5729 315 5801 prius
343 5734 519 5777 nocet.
550 5723 639 5777 Sic
664 5720 805 5773 enim
827 5731 947 5771 esse
974 5722 1151 5785 putate
1175 5708 1451 5775 malitiam,
1480 5704 1751 5777 quomodo

226 5831 247 5868 ⁸
286 5831 444 5886 Vatic.
491 5829 579 5879 his.
622 5821 997 5877 excetlentioris.

446 5919 723 5981 Ρλτῐιυι.
753 5907 1046 5971 XXXVI.

1243 360 1640 420 ENARRA'I‘IO
1670 359 1735 415 IN
1762 361 2088 420 PSALMUM
2128 365 2367 422 XXXIV.

3369 380 3474 437 330

1878 475 2072 546 ignem.
2107 476 2394 534 Incendere
2441 482 2519 536 vis
2549 483 2743 554 aliquid
2774 502 2786 538 :
2820 486 2947 542 illud
2995 488 3138 559 quod
3179 491 3457 558 admoves,

1876 567 2022 635 prius
2063 569 2237 635 ardet,
2280 572 2380 627 nisi
2427 573 2630 640 ardeat,
2678 591 2784 631 non
2829 578 3083 634 incendit.
3118 581 3313 639 Facula
3349 597 3453 653 est,

1878 658 2017 714 hanc
2055 660 2282 715 faculam
2322 665 2547 733 apponis
2575 676 2629 719 ut
2656 666 2853 736 aliquid
2885 669 3171 726 incendat:
3204 679 3461 747 numquid

1875 766 1980 805 non
2010 753 2121 821 ipsa
2153 753 2321 808 facula
2349 771 2506 825 quam
2532 758 2773 828 apponis,
2809 762 2953 829 prior
2975 763 3146 827 ardet,
3178 776 3236 820 ut
3264 768 3462 838 aliquid

1873 844 2042 912 possit
2088 845 2421 901 incendere?
2472 846 2669 903 Malitia
2718 865 2847 921 ergo
2888 854 3130 921 procedit
3174 871 3237 909 ex
3285 868 3357 914 te.
3409 871 3464 914 et

1870 950 2030 1003 quem
2078 936 2226 1006 prius
2252 946 2424 992 vastat
2466 940 2569 994 nisi
2600 942 2685 995 te?
2722 943 2838 1008 Quo
2870 943 3211 1013 profunditur
3255 964 3463 1004 ramum

1873 1026 2037 1095 ItL‘dIl,
2068 1029 2160 1083 ubi
2185 1030 2418 1085 radicem
2448 1030 2607 1087 habet
2636 1049 2739 1088 non
2763 1036 2947 1092 laedit?
2985 1037 3053 1092 Et
3078 1039 3292 1109 quidem
3320 1042 3463 1108 dico,

1869 1119 2010 1187 quod
2036 1120 2235 1175 malitia
2260 1131 2343 1175 tua
2374 1132 2429 1177 ut
2458 1124 2609 1179 alteri
2640 1141 2745 1180 non
2789 1138 2978 1183 noceat
3009 1128 3122 1184 fieri
3153 1142 3330 1201 potest
3361 1150 3373 1186 :
3411 1146 3464 1187 ut

1868 1221 2045 1265 autem
2076 1212 2169 1268 tibi
2210 1230 2315 1267 non
2360 1226 2570 1283 noceat,
2608 1217 2719 1272 fieri
2761 1235 2865 1275 non
2916 1231 3111 1291 potest.
3159 1224 3289 1279 Nam
3334 1227 3461 1296 quid

1870 1302 2103 1355 nocitum
2132 1314 2213 1358 est
2239 1315 2426 1360 sancto
2450 1308 2563 1361 viro
2580 1309 2699 1375 Job,
2729 1311 2796 1364 de
2818 1328 2924 1382 quo
2948 1316 3219 1382 prtelocuti
3238 1320 3461 1373 sumus?

1869 1391 2147 1458 Quomodo
2178 1396 2229 1448 in
2259 1396 2365 1450 alio
2392 1397 2597 1467 psalmo
2625 1400 2836 1466 dicitur,
2866 1402 3010 1457 Sicut
3038 1408 3284 1461 novacula
3310 1419 3459 1462 acuta

1867 1484 2029 1554 fecisti
2070 1485 2241 1541 dolum
2287 1488 2455 1559 (Psal.
2487 1508 2555 1557 Li,
2587 1491 2663 1562 4).
2706 1494 2841 1562 Quid
2892 1496 2950 1549 fit
2992 1497 3059 1553 de
3096 1511 3249 1553 acuta
3295 1518 3457 1556 nova-

1866 1576 2025 1629 cula?
2056 1577 2264 1647 Capilli,
2314 1596 2401 1635 res
2444 1583 2726 1652 superflua:
2779 1586 3112 1643 deciduntur.
3146 1591 3285 1657 Quid
3328 1608 3457 1664 ergo

1866 1666 1995 1720 facis
2018 1668 2067 1723 ei
2094 1684 2252 1739 quem
2284 1671 2361 1724 vis
2391 1674 2624 1728 nocere?
2651 1674 2705 1729 Si
2737 1679 2996 1746 nequam‘
3026 1680 3118 1733 tibi
3158 1681 3223 1735 ad
3256 1684 3455 1737 malum

1867 1761 2164 1815 consentiat
2190 1762 2276 1815 cui
2306 1764 2385 1817 vis
2414 1767 2628 1833 bocere,
2658 1784 2762 1821 non
2793 1769 2990 1824 malitia
3021 1783 3107 1826 tua
3136 1773 3184 1828 ei
3214 1776 3454 1833 nocitura

1866 1860 1970 1915 est,
2002 1851 2096 1905 sed
2124 1844 2233 1907 Vsua
2266 1872 2279 1905 :
2309 1854 2354 1909 si
2399 1866 2573 1913 autem
2610 1858 2751 1913 intus
2791 1861 2904 1930 ipse
2932 1864 3129 1917 malitia
3169 1876 3369 1933 careat,
3401 1878 3457 1923 et

1866 1954 1961 1994 cor
1999 1942 2255 1998 mundum
2300 1945 2493 2001 subdat
2536 1948 2611 2002 illi
2642 1951 2757 2004 voci
2783 1950 3002 2017 dicenti,
3050 1954 3208 2009 Salus
3251 1967 3337 2009 tua
3364 1976 3456 2029 ego

1865 2046 1999 2098 sum,
2032 2032 2329 2090 forinsecus
2356 2052 2651 2110 oppugnas,
2684 2040 2993 2098 interiorem
3038 2045 3307 2102 hominem
3348 2064 3456 2105 non

1865 2137 2139 2195 expugnas
2170 2145 2183 2181 :
2217 2128 2417 2184 malitia
2451 2141 2626 2186 tamen
2656 2141 2742 2187 tua
2765 2134 2832 2189 ab
2858 2136 3113 2193 interiore
3145 2148 3235 2193 tuo
3263 2155 3456 2209 proce-

1866 2214 1963 2282 dit,
1998 2224 2048 2271 te
2072 2218 2217 2287 prius
2244 2219 2455 2276 inanem
2488 2224 2680 2278 reddit.
2713 2225 2791 2279 Tu
2824 2229 2990 2295 putris
3022 2244 3082 2283 es
3124 2230 3283 2296 intus,
3316 2233 3456 2288 unde

1864 2307 1966 2361 iste
2008 2310 2204 2365 vermis
2250 2316 2546 2380 processit;
2589 2317 2731 2371 intus
2778 2319 2909 2373 nihil
2954 2320 3217 2390 integrum
3260 2324 3456 2379 dereli-

1864 2400 1997 2469 quit.
2034 2400 2096 2455 Et
2112 2405 2281 2473 captio
2307 2422 2460 2475 quam
2487 2409 2878 2476 occultaverunt,
2910 2414 3301 2481 comprehendat
3326 2432 3409 2470 eos
3434 2432 3454 2470 :

1863 2500 1909 2542 et
1929 2492 1980 2545 in
1997 2494 2278 2565 muscipula
2298 2496 2521 2551 incidant
2546 2499 2597 2552 in
2619 2500 2749 2568 ipsa.
2773 2499 2888 2554 Non
2910 2504 3049 2571 quod
3074 2505 3295 2572 putabas
3317 2506 3453 2563 forte

1865 2584 2021 2652 paqu
2048 2597 2173 2642 ante
2199 2602 2321 2642 cum
2354 2589 2585 2654 audires,
2626 2590 2803 2645 Veniat
2832 2593 2934 2648 illis
2960 2596 3265 2665 muscipula,
3296 2614 3448 2667 quant

1863 2674 2117 2746 ignorant,
2153 2677 2202 2732 id
2227 2690 2329 2746 est,
2362 2681 2513 2750 quasi
2544 2681 2741 2751 aliquid
2770 2684 2912 2738 aliud
2943 2701 3006 2740 ex
3031 2689 3241 2741 occulto
3272 2690 3448 2745 inevio

1865 2766 2044 2821 labile.
2078 2767 2134 2822 In
2173 2784 2275 2839 qua
2302 2771 2467 2841 ergo?
2506 2772 2562 2825 In
2595 2772 2707 2842 ipsa
2750 2774 3084 2845 iniquitate',
3125 2795 3282 2848 quam
3314 2781 3445 2837 mihi

1863 2856 2274 2915 absconderant.
2298 2860 2487 2918 Nonne
2511 2861 2613 2918 hoc
2651 2863 2844 2919 factum
2872 2878 2954 2921 est
2979 2868 3223 2924 ,ἰαύωἰεῖ
3257 2872 3441 2926 Domi-

1863 2965 1967 3005 nus
1994 2964 2179 3006 eorum
2227 2952 2555 3023 iniquitatem
2597 2955 2744 3021 vicit,
2778 2956 2853 3010 illi
2883 2958 3161 3027 iniquitate
3190 2976 3282 3015 sua
3318 2962 3442 3018 victi

1860 3050 2006 3096 sunt.
2032 3041 2127 3097 Ille
2151 3044 2379 3097 surrexit
2409 3060 2503 3113 pro
2529 3045 2701 3105 nobis.
2734 3048 2807 3102 illi
2839 3048 3034 3104 mortui
3065 3062 3189 3106 sunt
3214 3054 3268 3107 in
3292 3069 3377 3109 se.

1934 3131 2025 3188 I2.
2064 3132 2212 3207 [vers.
2240 3133 2318 3208 9.]
2357 3135 2481 3191 Ilzec
2505 3152 2633 3208 ergo
2662 3139 2814 3193 malis
2842 3155 3040 3197 nocere
3065 3142 3194 3198 mihi
3221 3146 3451 3202 volenti-

1862 3225 1999 3278 bus:
2028 3225 2155 3278 mihi
2187 3225 2347 3294 quid?
2375 3226 2558 3280 Anima
2595 3238 2763 3282 autent
2801 3247 2912 3284 mea
2940 3234 3210 3289 exsultabit
3249 3236 3302 3291 in
3337 3237 3444 3293 Do-

1861 3317 2039 3371 mino:
2071 3328 2319 3385 tanquam
2359 3317 2501 3371 ineo
2542 3333 2572 3371 a
2599 3334 2705 3387 quo
2748 3320 2996 3388 audierit,
3043 3323 3201 3379 Salus
3243 3336 3330 3379 tua
3358 3344 3450 3399 ego

1859 3424 1971 3463 sum
2002 3423 2023 3461 :
2051 3417 2300 3479 tanquam
2344 3423 2448 3463 non
2485 3426 2732 3480 quaerens
2780 3413 2913 3466 alias
2952 3415 3286 3473 extrinsecus
3314 3419 3450 3475 divi-

1862 3499 1982 3555 tias.
2016 3507 2265 3568 tanquam
2290 3514 2394 3554 non
2417 3516 2662 3570 quaerens
2690 3503 3063 3561 circumfluere
3089 3508 3449 3579 voluptatibus

1860 3589 2121 3659 bonisque
2147 3591 2406 3655 terrenis;
2429 3591 2524 3646 sed
2545 3593 2825 3663 conjugem
2846 3610 3028 3649 verum
3051 3599 3215 3667 gratis
3236 3615 3445 3666 amans,

1860 3694 1967 3734 non
1992 3680 2060 3734 ab
2084 3680 2177 3734 illo
2214 3681 2398 3734 volens
2421 3683 2664 3750 accipere
2698 3684 2838 3753 quod
2860 3683 3109 3755 delectet,
3137 3688 3230 3743 sed
3270 3690 3444 3760 ipsum

1860 3774 2033 3827 solum
2079 3774 2177 3827 sibi
2206 3788 2509 3843 proponens
2549 3791 2579 3829 a
2607 3790 2714 3844 quo
2753 3776 3073 3834 delectetur.
3117 3781 3255 3850 Quid
3302 3786 3446 3840 enim

1862 3864 2052 3918 melius
2078 3864 2184 3918 Deo
2214 3863 2425 3918 dabitur
2454 3865 2583 3920 mihi
2602 3866 2665 3919 '7
2692 3868 2849 3922 Amat
2878 3884 2967 3925 me
3008 3870 3147 3925 Deus
3178 3889 3191 3925 :
3226 3886 3370 3930 amat
3396 3887 3449 3932 te

1862 3954 2025 4012 Deus.
2055 3956 2194 4011 Ecce
2228 3957 2524 4027 proposuit,
2556 3968 2676 4028 pete
2714 3960 2854 4028 quod
2887 3961 2965 4014 vis
2992 3961 3207 4031 (Matth.
3234 3982 3330 4033 vn,
3360 3969 3438 4039 7).

1861 4046 1915 4101 Si
1947 4047 2039 4101 tibi
2069 4045 2363 4116 Imperator
2387 4046 2607 4111 diceret,
2640 4048 2769 4103 Pete
2805 4050 2947 4119 quod
2979 4052 3075 4117 vis,
3108 4068 3242 4123 quos
3269 4057 3441 4113 tribu-

1860 4149 2015 4194 natus
2067 4136 2488 4208 cornitivasque‘
2530 4142 2808 4194 ructares!
2860 4140 3067 4209 Quanta
3117 4146 3208 4199 tibi
3251 4163 3447 4217 propo~

1860 4247 2015 4288 neres
2055 4241 2109 4287 et
2151 4230 2457 4301 accipienda
2498 4241 2553 4288 et
2594 4233 2711 4287 aliis
2753 4233 3058 4303 largienda!
3095 4237 3205 4292 Deo
3237 4241 3328 4295 tibi
3360 4242 3445 4295 di-

1858 4341 2034 4392 cente,
2064 4325 2190 4380 Pete
2209 4323 2349 4395 quod
2374 4316 2476 4387 vis,
2503 4325 2628 4395 quid
2658 4325 2918 4394 petiturus
2941 4327 3037 4381 es?
3066 4328 3274 4385 Excute
3301 4349 3449 4386 men-

1860 4432 1966 4477 tem
1991 4430 2153 4484 tuam,
2188 4436 2375 4475 exsere
2402 4421 2676 4474 avaritiam
2702 4430 2867 4485 tuam,
2893 4425 3153 4492 protende
3180 4437 3444 4495 quantum

1861 4526 2030 4584 potes,
2077 4524 2132 4567 et
2158 4513 2317 4566 dilata
2360 4513 2704 4580 cupiditatem
2738 4523 2881 4567 tuam
2915 4534 2928 4569 :
2961 4533 3064 4570 non
3094 4519 3443 4590 quicumque,

1859 4606 1952 4661 sed
1974 4608 2315 4674 omnipotens
2346 4603 2485 4658 Deus
2508 4603 2657 4667 dixit,
2692 4603 2819 4658 Pete
2839 4606 2980 4673 quod
3012 4606 3115 4661 vis.
3148 4608 3200 4662 Si
3230 4624 3443 4678 posses-

1857 4701 2066 4754 sionum
2105 4711 2163 4751 es
2206 4704 2433 4761 amator,
2485 4694 2883 4750 desideraturus
2920 4700 3169 4752 cs'totam
3227 4713 3444 4769 terram,

1858 4804 1916 4846 ut
1940 4806 2129 4846 omnes
2152 4792 2239 4859 qui
2273 4799 2585 4853 nascuntur,
2616 4790 2790 4843 coloni
2822 4790 2895 4843 tui
2925 4798 3016 4843 aut
3040 4793 3179 4846 servi
3213 4796 3284 4847 tui
3314 4798 3439 4852 sint.

1862 4885 1921 4936 Et
1942 4882 2064 4951 quid
2087 4897 2206 4935 cum
2237 4890 2399 4933 totam
2423 4889 2616 4933 terrain
2642 4878 2984 4948 possederis?
3011 4881 3153 4937 Mare
3183 4884 3442 4951 petiturus

1857 4993 1936 5043 es,
1969 4977 2024 5030 in
2048 4991 2154 5045 quo
2182 4974 2363 5027 vivere
2390 4982 2566 5027 tamen
2612 4987 2716 5026 non
2748 4974 2965 5040 poteris.
2998 4974 3053 5028 In
3095 4974 3193 5030 hac
3219 4976 3439 5030 avaritia

1858 5078 1910 5121 te
1941 5067 2112 5135 pisces
2154 5062 2498 5132 superabunt.
2545 5062 2651 5116 Sed
2695 5061 2832 5116 forte
2875 5063 3078 5118 insulas
3120 5064 3437 5132 possidebis.

1859 5157 2200 5213 'I‘ranscende
2241 5163 2296 5208 et
2340 5153 2478 5220 haec,
2508 5162 2628 5223 pete
2667 5164 2721 5207 et
2757 5168 2965 5218 aerem,
2989 5155 3229 5223 quamvis
3262 5156 3439 5211 volare

1921 5380 1937 5445 ξ
1974 5375 2108 5435 εάἀη
2133 5373 2176 5425 δί
2209 5386 2525 5445 nequaquam.
2556 5372 2748 5423 Rectius
2781 5371 2915 5445 O_Olb.
2938 5372 3120 5434 Codex,
3144 5370 3189 5424 si
3217 5386 3443 5438 nequam.

1919 5443 1939 5472 ί
1974 5447 2079 5487 Mss.
2108 5451 2121 5487 :
2153 5445 2205 5485 In
2222 5442 2328 5498 ipsa
2345 5442 2561 5498 inquam,
2586 5445 2745 5498 quani,
2777 5442 2874 5483 etc.

1920 5504 1941 5535 ³
1971 5500 2139 5548 Plures
2159 5493 2285 5547 Mss;
2313 5493 2434 5559 Quid
2458 5495 2586 5546 enim
2606 5494 2776 5546 melius
2793 5493 2930 5546 Deo?
2953 5493 3082 5545 Dicit
3103 5494 3224 5547 mihi
3244 5495 3450 5561 aliquis,

1854 5568 2103 5614 Απιαιηιε.
2132 5566 2228 5609 etc.

2127 5598 2598 5683 ἷοῖηίιαιωυεηΜξε.
2634 5629 2755 5683 vero
2796 5616 3037 5683 plerique,
3064 5618 3393 5681 continuasth
3425 5633 3440 5665 ,ο

1853 5686 1983 5751 quod
2007 5680 2289 5733 vocabulum
2310 5680 2503 5751 Comitis
2521 5680 2809 5751 dignitatern
2831 5686 2884 5730 et
2901 5680 3104 5751 gradum
3124 5691 3281 5751 sonat,
3304 5680 3361 5748 re

1855 5742 2075 5810 r'iturque
2097 5755 2194 5794 non
2210 5757 2321 5793 raro
2334 5746 2384 5793 in
2396 5743 2506 5793 00d.
2526 5743 2709 5793 Theod.
2728 5751 2779 5793 et
2795 5744 2966 5793 Justin.
2986 5750 3039 5793 et
3058 5742 3183 5804 apud
3200 5742 3325 5790 Cassi

1855 5824 1961 5858 rum
1984 5812 2034 5858 in
2057 5806 2140 5858 lib.
2162 5808 2337 5856 \‘ariar.

1854 5824 1961 5861 rum
1984 5808 2034 5859 in
2057 5808 2140 5858 lib.
2162 5808 2337 5856 \‘ariar.

2978 5882 3249 5968 {0nz¢.j
