  <div class='ocr_page' id='page_1' title='image "/cluster/home/n/w/nwhite01/storage/ocr_20150623/36/umn.319510024773307/175.png"; bbox 0 0 4008 6318; ppageno 0'>
   <div class='ocr_carea' id='block_1_1' title="bbox 488 350 583 404">
    <p class='ocr_par' dir='ltr' id='par_1_1' title="bbox 488 350 583 404">
     <span class='ocr_line' id='line_1_1' title="bbox 488 350 583 404; baseline -0.021 0"><span class='ocrx_word' id='word_1_1' title='bbox 488 350 583 404; x_wconf 74' lang='lat'><strong>531</strong></span> 
     </span>
    </p>
   </div>
   <div class='ocr_carea' id='block_1_2' title="bbox 489 436 2074 537">
    <p class='ocr_par' dir='ltr' id='par_1_2' title="bbox 489 436 2074 537">
     <span class='ocr_line' id='line_1_2' title="bbox 489 436 2074 537; baseline -0.025 -17"><span class='ocrx_word' id='word_1_2' title='bbox 489 480 595 520; x_wconf 89' lang='lat' dir='ltr'><strong>non</strong></span> <span class='ocrx_word' id='word_1_3' title='bbox 619 458 794 529; x_wconf 77' lang='lat' dir='ltr'><strong>possis</strong></span> <span class='ocrx_word' id='word_1_4' title='bbox 818 474 831 509; x_wconf 93' lang='lat'><strong>:</strong></span> <span class='ocrx_word' id='word_1_5' title='bbox 862 451 1074 524; x_wconf 72' lang='lat' dir='ltr'><strong>porrige</strong></span> <span class='ocrx_word' id='word_1_6' title='bbox 1114 445 1462 537; x_wconf 82' lang='lat' dir='ltr'><strong>cupiditatem</strong></span> <span class='ocrx_word' id='word_1_7' title='bbox 1491 451 1635 495; x_wconf 87' lang='lat' dir='ltr'><strong>tuam</strong></span> <span class='ocrx_word' id='word_1_8' title='bbox 1661 448 1829 537; x_wconf 77' lang='lat' dir='ltr'><strong>usque</strong></span> <span class='ocrx_word' id='word_1_9' title='bbox 1871 436 1937 537; x_wconf 51' lang='lat' dir='ltr'><strong>ait</strong></span> 
     </span>
    </p>
   </div>
   <div class='ocr_carea' id='block_1_3' title="bbox 488 520 2075 625">
    <p class='ocr_par' dir='ltr' id='par_1_3' title="bbox 488 520 2075 625">
     <span class='ocr_line' id='line_1_3' title="bbox 488 520 2075 625; baseline -0.024 -14"><span class='ocrx_word' id='word_1_10' title='bbox 488 520 633 616; x_wconf 42' lang='lat' dir='ltr'><strong>lum,-</strong></span> <span class='ocrx_word' id='word_1_11' title='bbox 654 551 742 607; x_wconf 86' lang='lat' dir='ltr'><strong>die</strong></span> <span class='ocrx_word' id='word_1_12' title='bbox 768 520 915 603; x_wconf 81' lang='lat' dir='ltr'><strong>tuum</strong></span> <span class='ocrx_word' id='word_1_13' title='bbox 945 520 1068 599; x_wconf 83' lang='lat' dir='ltr'><strong>esse</strong></span> <span class='ocrx_word' id='word_1_14' title='bbox 1116 539 1305 598; x_wconf 83' lang='lat' dir='ltr'><strong>solem,</strong></span> <span class='ocrx_word' id='word_1_15' title='bbox 1337 536 1541 625; x_wconf 80' lang='lat' dir='ltr'><strong>lunam,</strong></span> <span class='ocrx_word' id='word_1_16' title='bbox 1584 528 1788 590; x_wconf 86' lang='lat' dir='ltr'><strong>stellas,</strong></span> <span class='ocrx_word' id='word_1_17' title='bbox 1984 520 2075 623; x_wconf 79' lang='lat' dir='ltr'><strong>ille</strong></span> 
     </span>
    </p>
   </div>
   <div class='ocr_carea' id='block_1_4' title="bbox 484 612 2070 719">
    <p class='ocr_par' dir='ltr' id='par_1_4' title="bbox 484 612 2070 719">
     <span class='ocr_line' id='line_1_4' title="bbox 484 612 2070 719; baseline -0.026 -15"><span class='ocrx_word' id='word_1_18' title='bbox 484 647 575 719; x_wconf 98' lang='lat' dir='ltr'><strong>qui</strong></span> <span class='ocrx_word' id='word_1_19' title='bbox 606 612 730 699; x_wconf 73' lang='lat' dir='ltr'><strong>iecit</strong></span> <span class='ocrx_word' id='word_1_20' title='bbox 753 639 932 695; x_wconf 81' lang='lat' dir='ltr'><strong>omnia</strong></span> <span class='ocrx_word' id='word_1_21' title='bbox 956 633 1110 698; x_wconf 89' lang='lat' dir='ltr'><strong>dixit,</strong></span> <span class='ocrx_word' id='word_1_22' title='bbox 1137 630 1267 686; x_wconf 74' lang='lat' dir='ltr'><strong>Pete</strong></span> <span class='ocrx_word' id='word_1_23' title='bbox 1292 622 1546 719; x_wconf 78' lang='lat' dir='ltr'><strong>quodvis</strong></span> <span class='ocrx_word' id='word_1_24' title='bbox 1575 638 1589 674; x_wconf 89' lang='lat'><strong>:</strong></span> <span class='ocrx_word' id='word_1_25' title='bbox 1619 627 1796 718; x_wconf 79' lang='lat' dir='ltr'><strong>tamen</strong></span> <span class='ocrx_word' id='word_1_26' title='bbox 1826 612 1955 668; x_wconf 82' lang='lat' dir='ltr'><strong>nihil</strong></span> <span class='ocrx_word' id='word_1_27' title='bbox 1984 612 2070 713; x_wconf 43' lang='lat' dir='ltr'><strong>in:</strong></span> 
     </span>
    </p>
   </div>
   <div class='ocr_carea' id='block_1_5' title="bbox 485 715 2073 811">
    <p class='ocr_par' dir='ltr' id='par_1_5' title="bbox 485 715 2073 811">
     <span class='ocr_line' id='line_1_5' title="bbox 485 715 2073 811; baseline -0.025 -19"><span class='ocrx_word' id='word_1_28' title='bbox 485 715 669 794; x_wconf 70' lang='lat' dir='ltr'><strong>vendes</strong></span> <span class='ocrx_word' id='word_1_29' title='bbox 693 733 892 793; x_wconf 87' lang='lat' dir='ltr'><strong>carius,</strong></span> <span class='ocrx_word' id='word_1_30' title='bbox 923 726 1054 782; x_wconf 80' lang='lat' dir='ltr'><strong>nihil</strong></span> <span class='ocrx_word' id='word_1_31' title='bbox 1084 720 1323 777; x_wconf 83' lang='lat' dir='ltr'><strong>invenies</strong></span> <span class='ocrx_word' id='word_1_32' title='bbox 1352 715 1565 779; x_wconf 89' lang='lat' dir='ltr'><strong>melius,</strong></span> <span class='ocrx_word' id='word_1_33' title='bbox 1596 723 1755 811; x_wconf 69' lang='lat' dir='ltr'><strong>quam</strong></span> <span class='ocrx_word' id='word_1_34' title='bbox 1784 715 1953 811; x_wconf 76' lang='lat' dir='ltr'><strong>ipsum</strong></span> 
     </span>
    </p>
   </div>
   <div class='ocr_carea' id='block_1_6' title="bbox 486 793 2073 899">
    <p class='ocr_par' dir='ltr' id='par_1_6' title="bbox 486 793 2073 899">
     <span class='ocr_line' id='line_1_6' title="bbox 486 793 2073 899; baseline -0.025 -14"><span class='ocrx_word' id='word_1_35' title='bbox 486 793 610 883; x_wconf 81' lang='lat' dir='ltr'><strong>fecit</strong></span> <span class='ocrx_word' id='word_1_36' title='bbox 634 823 834 881; x_wconf 85' lang='lat' dir='ltr'><strong>omnia.</strong></span> <span class='ocrx_word' id='word_1_37' title='bbox 867 817 1044 888; x_wconf 87' lang='lat' dir='ltr'><strong>Ipsum</strong></span> <span class='ocrx_word' id='word_1_38' title='bbox 1077 822 1197 884; x_wconf 84' lang='lat' dir='ltr'><strong>pete</strong></span> <span class='ocrx_word' id='word_1_39' title='bbox 1224 812 1312 879; x_wconf 87' lang='lat' dir='ltr'><strong>qtti</strong></span> <span class='ocrx_word' id='word_1_40' title='bbox 1338 806 1483 869; x_wconf 74' lang='lat' dir='ltr'><strong>fecit,</strong></span> <span class='ocrx_word' id='word_1_41' title='bbox 1513 812 1568 857; x_wconf 85' lang='lat' dir='ltr'><strong>ct</strong></span> <span class='ocrx_word' id='word_1_42' title='bbox 1599 802 1652 856; x_wconf 92' lang='lat' dir='ltr'><strong>in</strong></span> <span class='ocrx_word' id='word_1_43' title='bbox 1679 798 1773 854; x_wconf 91' lang='lat' dir='ltr'><strong>illo</strong></span> <span class='ocrx_word' id='word_1_44' title='bbox 1806 795 1952 899; x_wconf 77' lang='lat' dir='ltr'><strong>etab</strong></span> <span class='ocrx_word' id='word_1_45' title='bbox 1974 793 2073 899; x_wconf 77' lang='lat' dir='ltr'><strong>illo</strong></span> 
     </span>
    </p>
   </div>
   <div class='ocr_carea' id='block_1_7' title="bbox 490 896 2071 994">
    <p class='ocr_par' dir='ltr' id='par_1_7' title="bbox 490 896 2071 994">
     <span class='ocr_line' id='line_1_7' title="bbox 490 896 2071 994; baseline -0.025 -19"><span class='ocrx_word' id='word_1_46' title='bbox 490 918 711 975; x_wconf 79' lang='lat' dir='ltr'><strong>habebis</strong></span> <span class='ocrx_word' id='word_1_47' title='bbox 758 913 935 969; x_wconf 86' lang='lat' dir='ltr'><strong>omnia</strong></span> <span class='ocrx_word' id='word_1_48' title='bbox 980 921 1099 978; x_wconf 75' lang='lat' dir='ltr'><strong>quae</strong></span> <span class='ocrx_word' id='word_1_49' title='bbox 1142 903 1286 960; x_wconf 83' lang='lat' dir='ltr'><strong>fecit.</strong></span> <span class='ocrx_word' id='word_1_50' title='bbox 1341 896 1531 953; x_wconf 84' lang='lat' dir='ltr'><strong>Omnia</strong></span> <span class='ocrx_word' id='word_1_51' title='bbox 1747 896 2071 994; x_wconf 66' lang='lat' dir='ltr'><strong>srith</strong></span> 
     </span>
    </p>
   </div>
   <div class='ocr_carea' id='block_1_8' title="bbox 488 978 2071 1084">
    <p class='ocr_par' dir='ltr' id='par_1_8' title="bbox 488 978 2071 1084">
     <span class='ocr_line' id='line_1_8' title="bbox 488 978 2071 1084; baseline -0.023 -19"><span class='ocrx_word' id='word_1_52' title='bbox 488 1010 666 1065; x_wconf 87' lang='lat' dir='ltr'><strong>omnia</strong></span> <span class='ocrx_word' id='word_1_53' title='bbox 695 1006 915 1076; x_wconf 87' lang='lat' dir='ltr'><strong>pulchra</strong></span> <span class='ocrx_word' id='word_1_54' title='bbox 945 1009 1069 1054; x_wconf 82' lang='lat' dir='ltr'><strong>sunt</strong></span> <span class='ocrx_word' id='word_1_55' title='bbox 1102 1015 1117 1051; x_wconf 89' lang='lat'><strong>:</strong></span> <span class='ocrx_word' id='word_1_56' title='bbox 1145 994 1240 1051; x_wconf 88' lang='lat' dir='ltr'><strong>scd</strong></span> <span class='ocrx_word' id='word_1_57' title='bbox 1270 990 1395 1084; x_wconf 64' lang='lat' dir='ltr'><strong>quid</strong></span> <span class='ocrx_word' id='word_1_58' title='bbox 1434 978 2071 1084; x_wconf 36' lang='lat' dir='ltr'><strong>illo-pulchrius‘illi‘ortia</strong></span> 
     </span>
    </p>
   </div>
   <div class='ocr_carea' id='block_1_9' title="bbox 488 1068 2073 1173">
    <p class='ocr_par' dir='ltr' id='par_1_9' title="bbox 488 1068 2073 1173">
     <span class='ocr_line' id='line_1_9' title="bbox 488 1068 2073 1173; baseline -0.02 -21"><span class='ocrx_word' id='word_1_59' title='bbox 488 1108 615 1154; x_wconf 73' lang='lat' dir='ltr'><strong>sunt.</strong></span> <span class='ocrx_word' id='word_1_60' title='bbox 644 1115 657 1152; x_wconf 90' lang='lat'><strong>:</strong></span> <span class='ocrx_word' id='word_1_61' title='bbox 686 1068 779 1151; x_wconf 76' lang='lat' dir='ltr'><strong>sed</strong></span> <span class='ocrx_word' id='word_1_62' title='bbox 805 1091 922 1165; x_wconf 78' lang='lat' dir='ltr'><strong>quid</strong></span> <span class='ocrx_word' id='word_1_63' title='bbox 960 1089 1046 1145; x_wconf 89' lang='lat' dir='ltr'><strong>illo</strong></span> <span class='ocrx_word' id='word_1_64' title='bbox 1092 1081 1315 1139; x_wconf 76' lang='lat' dir='ltr'><strong>fortius?</strong></span> <span class='ocrx_word' id='word_1_65' title='bbox 1347 1081 1411 1136; x_wconf 86' lang='lat' dir='ltr'><strong>Et</strong></span> <span class='ocrx_word' id='word_1_66' title='bbox 1446 1078 1577 1173; x_wconf 80' lang='lat' dir='ltr'><strong>nihil</strong></span> <span class='ocrx_word' id='word_1_67' title='bbox 1608 1073 1777 1145; x_wconf 88' lang='lat' dir='ltr'><strong>magis</strong></span> <span class='ocrx_word' id='word_1_68' title='bbox 1801 1071 1915 1173; x_wconf 63' lang='lat' dir='ltr'><strong>vult</strong></span> 
     </span>
    </p>
   </div>
   <div class='ocr_carea' id='block_1_10' title="bbox 485 1160 2070 1268">
    <p class='ocr_par' dir='ltr' id='par_1_10' title="bbox 485 1160 2070 1268">
     <span class='ocr_line' id='line_1_10' title="bbox 485 1160 2070 1268; baseline -0.021 -21"><span class='ocrx_word' id='word_1_69' title='bbox 485 1205 645 1262; x_wconf 89' lang='lat' dir='ltr'><strong>quam</strong></span> <span class='ocrx_word' id='word_1_70' title='bbox 674 1202 754 1242; x_wconf 86' lang='lat' dir='ltr'><strong>se.</strong></span> <span class='ocrx_word' id='word_1_71' title='bbox 787 1160 844 1241; x_wconf 84' lang='lat' dir='ltr'><strong>Si</strong></span> <span class='ocrx_word' id='word_1_72' title='bbox 881 1176 1080 1249; x_wconf 87' lang='lat' dir='ltr'><strong>aliquid</strong></span> <span class='ocrx_word' id='word_1_73' title='bbox 1125 1173 1395 1268; x_wconf 74' lang='lat' dir='ltr'><strong>inveneris</strong></span> <span class='ocrx_word' id='word_1_74' title='bbox 1420 1167 1635 1268; x_wconf 75' lang='lat' dir='ltr'><strong>melius,</strong></span> <span class='ocrx_word' id='word_1_75' title='bbox 1667 1161 1897 1268; x_wconf 28' lang='lat' dir='ltr'><strong>paen-Si</strong></span> <span class='ocrx_word' id='word_1_76' title='bbox 1927 1160 2070 1213; x_wconf 82' lang='lat' dir='ltr'><strong>aliud</strong></span> 
     </span>
    </p>
   </div>
   <div class='ocr_carea' id='block_1_11' title="bbox 486 1256 2070 1356">
    <p class='ocr_par' dir='ltr' id='par_1_11' title="bbox 486 1256 2070 1356">
     <span class='ocr_line' id='line_1_11' title="bbox 486 1256 2070 1356; baseline -0.018 -19"><span class='ocrx_word' id='word_1_77' title='bbox 486 1256 728 1353; x_wconf 80' lang='lat' dir='ltr'><strong>petieris,</strong></span> <span class='ocrx_word' id='word_1_78' title='bbox 758 1274 1019 1346; x_wconf 85' lang='lat' dir='ltr'><strong>.injuriam</strong></span> <span class='ocrx_word' id='word_1_79' title='bbox 1051 1268 1214 1324; x_wconf 81' lang='lat' dir='ltr'><strong>facies</strong></span> <span class='ocrx_word' id='word_1_80' title='bbox 1257 1264 1356 1331; x_wconf 85' lang='lat' dir='ltr'><strong>illi,</strong></span> <span class='ocrx_word' id='word_1_81' title='bbox 1398 1260 1741 1356; x_wconf 72' lang='lat' dir='ltr'><strong>etdamnum</strong></span> <span class='ocrx_word' id='word_1_82' title='bbox 1785 1256 1901 1356; x_wconf 63' lang='lat' dir='ltr'><strong>tibi,</strong></span> <span class='ocrx_word' id='word_1_83' title='bbox 1933 1267 2070 1356; x_wconf 68' lang='lat' dir='ltr'><strong>pric-</strong></span> 
     </span>
    </p>
   </div>
   <div class='ocr_carea' id='block_1_12' title="bbox 484 1341 2071 1439">
    <p class='ocr_par' dir='ltr' id='par_1_12' title="bbox 484 1341 2071 1439">
     <span class='ocr_line' id='line_1_12' title="bbox 484 1341 2071 1439; baseline -0.019 -14"><span class='ocrx_word' id='word_1_84' title='bbox 484 1341 735 1439; x_wconf 72' lang='lat' dir='ltr'><strong>ponendo</strong></span> <span class='ocrx_word' id='word_1_85' title='bbox 763 1341 1004 1436; x_wconf 81' lang='lat' dir='ltr'><strong>illiquod</strong></span> <span class='ocrx_word' id='word_1_86' title='bbox 1035 1359 1182 1423; x_wconf 79' lang='lat' dir='ltr'><strong>fecit,</strong></span> <span class='ocrx_word' id='word_1_87' title='bbox 1219 1371 1339 1411; x_wconf 91' lang='lat' dir='ltr'><strong>cum</strong></span> <span class='ocrx_word' id='word_1_88' title='bbox 1382 1352 1508 1407; x_wconf 93' lang='lat' dir='ltr'><strong>velit</strong></span> <span class='ocrx_word' id='word_1_89' title='bbox 1543 1349 1778 1419; x_wconf 48' lang='lat' dir='ltr'><strong>seipsum</strong></span> <span class='ocrx_word' id='word_1_90' title='bbox 1808 1341 2071 1439; x_wconf 50' lang='lat' dir='ltr'><strong>tibialare</strong></span> 
     </span>
    </p>
   </div>
   <div class='ocr_carea' id='block_1_13' title="bbox 482 1434 2067 1533">
    <p class='ocr_par' dir='ltr' id='par_1_13' title="bbox 482 1434 2067 1533">
     <span class='ocr_line' id='line_1_13' title="bbox 482 1434 2067 1533; baseline -0.022 -13"><span class='ocrx_word' id='word_1_91' title='bbox 482 1434 572 1533; x_wconf 74' lang='lat' dir='ltr'><strong>qui</strong></span> <span class='ocrx_word' id='word_1_92' title='bbox 603 1461 747 1519; x_wconf 80' lang='lat' dir='ltr'><strong>fecit.</strong></span> <span class='ocrx_word' id='word_1_93' title='bbox 796 1457 854 1513; x_wconf 89' lang='lat' dir='ltr'><strong>In</strong></span> <span class='ocrx_word' id='word_1_94' title='bbox 879 1434 997 1511; x_wconf 79' lang='lat' dir='ltr'><strong>hoc</strong></span> <span class='ocrx_word' id='word_1_95' title='bbox 1030 1463 1214 1507; x_wconf 88' lang='lat' dir='ltr'><strong>amore</strong></span> <span class='ocrx_word' id='word_1_96' title='bbox 1263 1446 1397 1502; x_wconf 81' lang='lat' dir='ltr'><strong>dixit</strong></span> <span class='ocrx_word' id='word_1_97' title='bbox 1443 1443 1519 1498; x_wconf 89' lang='lat' dir='ltr'><strong>illi</strong></span> <span class='ocrx_word' id='word_1_98' title='bbox 1562 1441 1739 1533; x_wconf 75' lang='lat' dir='ltr'><strong>anima</strong></span> <span class='ocrx_word' id='word_1_99' title='bbox 1775 1434 2021 1533; x_wconf 54' lang='lat' dir='ltr'><strong>quadam</strong></span> 
     </span>
    </p>
   </div>
   <div class='ocr_carea' id='block_1_14' title="bbox 483 1526 2071 1629">
    <p class='ocr_par' dir='ltr' id='par_1_14' title="bbox 483 1526 2071 1629">
     <span class='ocr_line' id='line_1_14' title="bbox 483 1526 2071 1629; baseline -0.024 -15"><span class='ocrx_word' id='word_1_100' title='bbox 483 1526 750 1625; x_wconf 69' lang='lat' dir='ltr'><strong>Numquid</strong></span> <span class='ocrx_word' id='word_1_101' title='bbox 770 1555 878 1624; x_wconf 86' lang='lat' dir='ltr'><strong>ipse</strong></span> <span class='ocrx_word' id='word_1_102' title='bbox 905 1566 957 1604; x_wconf 88' lang='lat' dir='ltr'><strong>es</strong></span> <span class='ocrx_word' id='word_1_103' title='bbox 984 1563 1102 1618; x_wconf 84' lang='lat' dir='ltr'><strong>pars</strong></span> <span class='ocrx_word' id='word_1_104' title='bbox 1136 1558 1268 1605; x_wconf 84' lang='lat' dir='ltr'><strong>mea,</strong></span> <span class='ocrx_word' id='word_1_105' title='bbox 1299 1536 1519 1629; x_wconf 11' lang='lat' dir='ltr'><strong>Domine;</strong></span> <span class='ocrx_word' id='word_1_106' title='bbox 1541 1530 1710 1629; x_wconf 75' lang='lat' dir='ltr'><strong>(Psal.</strong></span> <span class='ocrx_word' id='word_1_107' title='bbox 1736 1543 1903 1629; x_wconf 69' lang='lat' dir='ltr'><strong>Lxxu,</strong></span> <span class='ocrx_word' id='word_1_108' title='bbox 1934 1526 2071 1629; x_wconf 55' lang='lat' dir='ltr'><strong>26)‘:l</strong></span> 
     </span>
    </p>
   </div>
   <div class='ocr_carea' id='block_1_15' title="bbox 482 1618 2067 1712">
    <p class='ocr_par' dir='ltr' id='par_1_15' title="bbox 482 1618 2067 1712">
     <span class='ocr_line' id='line_1_15' title="bbox 482 1618 2067 1712; baseline -0.019 -9"><span class='ocrx_word' id='word_1_109' title='bbox 482 1649 535 1703; x_wconf 91' lang='lat' dir='ltr'><strong>id</strong></span> <span class='ocrx_word' id='word_1_110' title='bbox 556 1618 661 1712; x_wconf 69' lang='lat' dir='ltr'><strong>est,</strong></span> <span class='ocrx_word' id='word_1_111' title='bbox 694 1658 749 1700; x_wconf 88' lang='lat' dir='ltr'><strong>tu</strong></span> <span class='ocrx_word' id='word_1_112' title='bbox 776 1618 838 1700; x_wconf 81' lang='lat' dir='ltr'><strong>cs</strong></span> <span class='ocrx_word' id='word_1_113' title='bbox 863 1655 987 1712; x_wconf 88' lang='lat' dir='ltr'><strong>pars</strong></span> <span class='ocrx_word' id='word_1_114' title='bbox 1034 1650 1176 1692; x_wconf 84' lang='lat' dir='ltr'><strong>mea.</strong></span> <span class='ocrx_word' id='word_1_115' title='bbox 1206 1632 1421 1700; x_wconf 83' lang='lat' dir='ltr'><strong>Eligant</strong></span> <span class='ocrx_word' id='word_1_116' title='bbox 1461 1626 1560 1681; x_wconf 89' lang='lat' dir='ltr'><strong>sibi</strong></span> <span class='ocrx_word' id='word_1_117' title='bbox 1597 1623 1686 1694; x_wconf 91' lang='lat' dir='ltr'><strong>qui</strong></span> <span class='ocrx_word' id='word_1_118' title='bbox 1717 1621 1905 1675; x_wconf 85' lang='lat' dir='ltr'><strong>volunt</strong></span> <span class='ocrx_word' id='word_1_119' title='bbox 1940 1618 2067 1690; x_wconf 89' lang='lat' dir='ltr'><strong>quid</strong></span> 
     </span>
    </p>
   </div>
   <div class='ocr_carea' id='block_1_16' title="bbox 482 1712 2068 1813">
    <p class='ocr_par' dir='ltr' id='par_1_16' title="bbox 482 1712 2068 1813">
     <span class='ocr_line' id='line_1_16' title="bbox 482 1712 2068 1813; baseline -0.018 -23"><span class='ocrx_word' id='word_1_120' title='bbox 482 1737 810 1807; x_wconf 87' lang='lat' dir='ltr'><strong>possideant,</strong></span> <span class='ocrx_word' id='word_1_121' title='bbox 839 1732 1029 1786; x_wconf 81' lang='lat' dir='ltr'><strong>faciant</strong></span> <span class='ocrx_word' id='word_1_122' title='bbox 1044 1724 1147 1783; x_wconf 90' lang='lat' dir='ltr'><strong>sibi</strong></span> <span class='ocrx_word' id='word_1_123' title='bbox 1172 1730 1351 1794; x_wconf 86' lang='lat' dir='ltr'><strong>partes</strong></span> <span class='ocrx_word' id='word_1_124' title='bbox 1374 1718 1441 1774; x_wconf 88' lang='lat' dir='ltr'><strong>de</strong></span> <span class='ocrx_word' id='word_1_125' title='bbox 1468 1716 1627 1770; x_wconf 81' lang='lat' dir='ltr'><strong>rebus</strong></span> <span class='ocrx_word' id='word_1_126' title='bbox 1660 1730 1675 1766; x_wconf 92' lang='lat'><strong>:</strong></span> <span class='ocrx_word' id='word_1_127' title='bbox 1708 1712 1839 1813; x_wconf 69' lang='lat' dir='ltr'><strong>Pars</strong></span> <span class='ocrx_word' id='word_1_128' title='bbox 1869 1717 2068 1813; x_wconf 26' lang='lat' dir='ltr'><strong>mea-tu</strong></span> 
     </span>
    </p>
   </div>
   <div class='ocr_carea' id='block_1_17' title="bbox 480 1802 2067 1906">
    <p class='ocr_par' dir='ltr' id='par_1_17' title="bbox 480 1802 2067 1906">
     <span class='ocr_line' id='line_1_17' title="bbox 480 1802 2067 1906; baseline -0.021 -19"><span class='ocrx_word' id='word_1_129' title='bbox 480 1802 561 1897; x_wconf 71' lang='lat' dir='ltr'><strong>es,</strong></span> <span class='ocrx_word' id='word_1_130' title='bbox 590 1843 641 1887; x_wconf 91' lang='lat' dir='ltr'><strong>lc</strong></span> <span class='ocrx_word' id='word_1_131' title='bbox 669 1830 797 1885; x_wconf 88' lang='lat' dir='ltr'><strong>mihi</strong></span> <span class='ocrx_word' id='word_1_132' title='bbox 824 1824 981 1894; x_wconf 73' lang='lat' dir='ltr'><strong>elegi.</strong></span> <span class='ocrx_word' id='word_1_133' title='bbox 1006 1821 1074 1876; x_wconf 81' lang='lat' dir='ltr'><strong>Et</strong></span> <span class='ocrx_word' id='word_1_134' title='bbox 1102 1820 1292 1876; x_wconf 84' lang='lat' dir='ltr'><strong>iterum</strong></span> <span class='ocrx_word' id='word_1_135' title='bbox 1329 1831 1342 1866; x_wconf 89' lang='lat'><strong>:</strong></span> <span class='ocrx_word' id='word_1_136' title='bbox 1372 1810 1628 1906; x_wconf 60' lang='lat' dir='ltr'><strong>Dominus</strong></span> <span class='ocrx_word' id='word_1_137' title='bbox 1647 1822 1768 1877; x_wconf 78' lang='lat' dir='ltr'><strong>pars</strong></span> <span class='ocrx_word' id='word_1_138' title='bbox 1797 1802 2067 1906; x_wconf 30' lang='lat' dir='ltr'><strong>[immedita-</strong></span> 
     </span>
    </p>
   </div>
   <div class='ocr_carea' id='block_1_18' title="bbox 481 1899 2066 1993">
    <p class='ocr_par' dir='ltr' id='par_1_18' title="bbox 481 1899 2066 1993">
     <span class='ocr_line' id='line_1_18' title="bbox 481 1899 2066 1993; baseline -0.022 -14"><span class='ocrx_word' id='word_1_139' title='bbox 481 1928 545 1979; x_wconf 81' lang='lat' dir='ltr'><strong>tis</strong></span> <span class='ocrx_word' id='word_1_140' title='bbox 583 1938 724 1977; x_wconf 70' lang='lat' dir='ltr'><strong>mae.</strong></span> <span class='ocrx_word' id='word_1_141' title='bbox 754 1915 1033 1975; x_wconf 82' lang='lat' dir='ltr'><strong>Possideat</strong></span> <span class='ocrx_word' id='word_1_142' title='bbox 1064 1920 1136 1972; x_wconf 88' lang='lat' dir='ltr'><strong>te,</strong></span> <span class='ocrx_word' id='word_1_143' title='bbox 1167 1915 1225 1962; x_wconf 91' lang='lat' dir='ltr'><strong>ut</strong></span> <span class='ocrx_word' id='word_1_144' title='bbox 1262 1902 1533 1993; x_wconf 70' lang='lat' dir='ltr'><strong>possideas</strong></span> <span class='ocrx_word' id='word_1_145' title='bbox 1574 1899 1723 1993; x_wconf 78' lang='lat' dir='ltr'><strong>illum</strong></span> <span class='ocrx_word' id='word_1_146' title='bbox 1755 1913 1768 1951; x_wconf 94' lang='lat'><strong>:</strong></span> <span class='ocrx_word' id='word_1_147' title='bbox 1793 1899 1899 1950; x_wconf 90' lang='lat' dir='ltr'><strong>eris</strong></span> <span class='ocrx_word' id='word_1_148' title='bbox 1926 1908 2066 1993; x_wconf 76' lang='lat' dir='ltr'><strong>pra:-</strong></span> 
     </span>
    </p>
   </div>
   <div class='ocr_carea' id='block_1_19' title="bbox 477 1986 2059 2092">
    <p class='ocr_par' dir='ltr' id='par_1_19' title="bbox 477 1986 2059 2092">
     <span class='ocr_line' id='line_1_19' title="bbox 477 1986 2059 2092; baseline -0.023 -21"><span class='ocrx_word' id='word_1_149' title='bbox 477 2018 625 2071; x_wconf 88' lang='lat' dir='ltr'><strong>dium</strong></span> <span class='ocrx_word' id='word_1_150' title='bbox 661 2011 849 2083; x_wconf 83' lang='lat' dir='ltr'><strong>ipsius,</strong></span> <span class='ocrx_word' id='word_1_151' title='bbox 873 2006 996 2071; x_wconf 54' lang='lat' dir='ltr'><strong>,eris</strong></span> <span class='ocrx_word' id='word_1_152' title='bbox 1037 2001 1229 2057; x_wconf 90' lang='lat' dir='ltr'><strong>domus</strong></span> <span class='ocrx_word' id='word_1_153' title='bbox 1275 1993 1463 2092; x_wconf 77' lang='lat' dir='ltr'><strong>ipsius.</strong></span> <span class='ocrx_word' id='word_1_154' title='bbox 1498 1986 1743 2092; x_wconf 65' lang='lat' dir='ltr'><strong>Possidet</strong></span> <span class='ocrx_word' id='word_1_155' title='bbox 1781 1986 2059 2092; x_wconf 34' lang='lat' dir='ltr'><strong>tit-prosit,</strong></span> 
     </span>
    </p>
   </div>
   <div class='ocr_carea' id='block_1_20' title="bbox 477 2077 2065 2181">
    <p class='ocr_par' dir='ltr' id='par_1_20' title="bbox 477 2077 2065 2181">
     <span class='ocr_line' id='line_1_20' title="bbox 477 2077 2065 2181; baseline -0.028 -16"><span class='ocrx_word' id='word_1_156' title='bbox 477 2077 786 2181; x_wconf 70' lang='lat' dir='ltr'><strong>possidetur</strong></span> <span class='ocrx_word' id='word_1_157' title='bbox 830 2109 889 2155; x_wconf 88' lang='lat' dir='ltr'><strong>ut</strong></span> <span class='ocrx_word' id='word_1_158' title='bbox 913 2094 1105 2168; x_wconf 85' lang='lat' dir='ltr'><strong>prosit.</strong></span> <span class='ocrx_word' id='word_1_159' title='bbox 1130 2084 1401 2181; x_wconf 75' lang='lat' dir='ltr'><strong>Numquid</strong></span> <span class='ocrx_word' id='word_1_160' title='bbox 1439 2091 1498 2137; x_wconf 86' lang='lat' dir='ltr'><strong>ut</strong></span> <span class='ocrx_word' id='word_1_161' title='bbox 1535 2077 1733 2149; x_wconf 83' lang='lat' dir='ltr'><strong>aliquid</strong></span> <span class='ocrx_word' id='word_1_162' title='bbox 1772 2077 1819 2130; x_wconf 89' lang='lat' dir='ltr'><strong>ei</strong></span> <span class='ocrx_word' id='word_1_163' title='bbox 1848 2086 1906 2177; x_wconf 72' lang='lat' dir='ltr'><strong>tu</strong></span> <span class='ocrx_word' id='word_1_164' title='bbox 1941 2090 2065 2181; x_wconf 57' lang='lat' dir='ltr'><strong>pro-</strong></span> 
     </span>
    </p>
   </div>
   <div class='ocr_carea' id='block_1_21' title="bbox 477 2166 2063 2272">
    <p class='ocr_par' dir='ltr' id='par_1_21' title="bbox 477 2166 2063 2272">
     <span class='ocr_line' id='line_1_21' title="bbox 477 2166 2063 2272; baseline -0.023 -16"><span class='ocrx_word' id='word_1_165' title='bbox 477 2166 590 2256; x_wconf 52' lang='lat' dir='ltr'><strong>iis?</strong></span> <span class='ocrx_word' id='word_1_166' title='bbox 614 2197 746 2253; x_wconf 84' lang='lat' dir='ltr'><strong>Nam</strong></span> <span class='ocrx_word' id='word_1_167' title='bbox 763 2192 871 2248; x_wconf 70' lang='lat' dir='ltr'><strong>dixi</strong></span> <span class='ocrx_word' id='word_1_168' title='bbox 902 2166 1121 2243; x_wconf 87' lang='lat' dir='ltr'><strong>Domino</strong></span> <span class='ocrx_word' id='word_1_169' title='bbox 1152 2198 1173 2239; x_wconf 91' lang='lat'><strong>:</strong></span> <span class='ocrx_word' id='word_1_170' title='bbox 1199 2179 1339 2235; x_wconf 86' lang='lat' dir='ltr'><strong>Deus</strong></span> <span class='ocrx_word' id='word_1_171' title='bbox 1359 2190 1497 2230; x_wconf 87' lang='lat' dir='ltr'><strong>meus</strong></span> <span class='ocrx_word' id='word_1_172' title='bbox 1522 2180 1945 2272; x_wconf 30' lang='lat' dir='ltr'><strong>es-lui‘quontam</strong></span> <span class='ocrx_word' id='word_1_173' title='bbox 1972 2166 2063 2221; x_wconf 86' lang='lat' dir='ltr'><strong>bo-</strong></span> 
     </span>
    </p>
   </div>
   <div class='ocr_carea' id='block_1_22' title="bbox 476 2262 2063 2348">
    <p class='ocr_par' dir='ltr' id='par_1_22' title="bbox 476 2262 2063 2348">
     <span class='ocr_line' id='line_1_22' title="bbox 476 2262 2063 2348; baseline -0.024 0"><span class='ocrx_word' id='word_1_174' title='bbox 476 2308 659 2347; x_wconf 80' lang='lat' dir='ltr'><strong>norum</strong></span> <span class='ocrx_word' id='word_1_175' title='bbox 694 2300 923 2342; x_wconf 82' lang='lat' dir='ltr'><strong>meorum</strong></span> <span class='ocrx_word' id='word_1_176' title='bbox 961 2296 1063 2336; x_wconf 75' lang='lat' dir='ltr'><strong>non</strong></span> <span class='ocrx_word' id='word_1_177' title='bbox 1093 2292 1207 2348; x_wconf 78' lang='lat' dir='ltr'><strong>eges</strong></span> <span class='ocrx_word' id='word_1_178' title='bbox 1232 2272 1404 2343; x_wconf 86' lang='lat' dir='ltr'><strong>(Psal,</strong></span> <span class='ocrx_word' id='word_1_179' title='bbox 1435 2283 1523 2333; x_wconf 87' lang='lat' dir='ltr'><strong>xv,</strong></span> <span class='ocrx_word' id='word_1_180' title='bbox 1565 2266 1619 2331; x_wconf 80' lang='lat'><strong>5,</strong></span> <span class='ocrx_word' id='word_1_181' title='bbox 1647 2262 1727 2333; x_wconf 72' lang='grc' dir='ltr'><strong>Ξ).</strong></span> <span class='ocrx_word' id='word_1_182' title='bbox 1758 2262 1940 2314; x_wconf 79' lang='lat' dir='ltr'><strong>Anima</strong></span> <span class='ocrx_word' id='word_1_183' title='bbox 1970 2276 2063 2311; x_wconf 82' lang='lat' dir='ltr'><strong>au-</strong></span> 
     </span>
    </p>
   </div>
   <div class='ocr_carea' id='block_1_23' title="bbox 474 2354 2063 2454">
    <p class='ocr_par' dir='ltr' id='par_1_23' title="bbox 474 2354 2063 2454">
     <span class='ocr_line' id='line_1_23' title="bbox 474 2354 2063 2454; baseline -0.023 -16"><span class='ocrx_word' id='word_1_184' title='bbox 474 2395 572 2438; x_wconf 79' lang='lat' dir='ltr'><strong>tem</strong></span> <span class='ocrx_word' id='word_1_185' title='bbox 626 2396 736 2436; x_wconf 85' lang='lat' dir='ltr'><strong>mea</strong></span> <span class='ocrx_word' id='word_1_186' title='bbox 784 2371 1056 2432; x_wconf 54' lang='lat' dir='ltr'><strong>exsultmt</strong></span> <span class='ocrx_word' id='word_1_187' title='bbox 1110 2368 1165 2422; x_wconf 79' lang='lat' dir='ltr'><strong>in</strong></span> <span class='ocrx_word' id='word_1_188' title='bbox 1220 2362 1457 2419; x_wconf 78' lang='lat' dir='ltr'><strong>Omnino.</strong></span> <span class='ocrx_word' id='word_1_189' title='bbox 1516 2354 1857 2454; x_wconf 60' lang='lat' dir='ltr'><strong>Delectabitur</strong></span> <span class='ocrx_word' id='word_1_190' title='bbox 1909 2367 2063 2454; x_wconf 73' lang='lat' dir='ltr'><strong>super</strong></span> 
     </span>
    </p>
   </div>
   <div class='ocr_carea' id='block_1_24' title="bbox 471 2445 2060 2543">
    <p class='ocr_par' dir='ltr' id='par_1_24' title="bbox 471 2445 2060 2543">
     <span class='ocr_line' id='line_1_24' title="bbox 471 2445 2060 2543; baseline -0.021 -13"><span class='ocrx_word' id='word_1_191' title='bbox 471 2476 694 2530; x_wconf 84' lang='lat' dir='ltr'><strong>salutare</strong></span> <span class='ocrx_word' id='word_1_192' title='bbox 740 2470 871 2543; x_wconf 77' lang='lat' dir='ltr'><strong>ejus.</strong></span> <span class='ocrx_word' id='word_1_193' title='bbox 928 2465 1177 2522; x_wconf 85' lang='lat' dir='ltr'><strong>Salutare</strong></span> <span class='ocrx_word' id='word_1_194' title='bbox 1216 2457 1313 2514; x_wconf 86' lang='lat' dir='ltr'><strong>Dei</strong></span> <span class='ocrx_word' id='word_1_195' title='bbox 1353 2453 1601 2543; x_wconf 72' lang='lat' dir='ltr'><strong>Christus</strong></span> <span class='ocrx_word' id='word_1_196' title='bbox 1646 2445 2060 2543; x_wconf 65' lang='lat' dir='ltr'><strong>cst._Quoniam</strong></span> 
     </span>
    </p>
   </div>
   <div class='ocr_carea' id='block_1_25' title="bbox 475 2537 1974 2636">
    <p class='ocr_par' dir='ltr' id='par_1_25' title="bbox 475 2537 1974 2636">
     <span class='ocr_line' id='line_1_25' title="bbox 475 2537 1974 2636; baseline -0.02 -19"><span class='ocrx_word' id='word_1_197' title='bbox 475 2566 721 2620; x_wconf 70' lang='lat' dir='ltr'><strong>viderunt</strong></span> <span class='ocrx_word' id='word_1_198' title='bbox 745 2537 885 2616; x_wconf 77' lang='lat' dir='ltr'><strong>oculi</strong></span> <span class='ocrx_word' id='word_1_199' title='bbox 913 2555 1018 2612; x_wconf 89' lang='lat' dir='ltr'><strong>mei</strong></span> <span class='ocrx_word' id='word_1_200' title='bbox 1053 2552 1288 2609; x_wconf 83' lang='lat' dir='ltr'><strong>salutare</strong></span> <span class='ocrx_word' id='word_1_201' title='bbox 1312 2555 1463 2601; x_wconf 88' lang='lat' dir='ltr'><strong>tuum</strong></span> <span class='ocrx_word' id='word_1_202' title='bbox 1490 2541 1639 2636; x_wconf 56' lang='lat' dir='ltr'><strong>(Luc.</strong></span> <span class='ocrx_word' id='word_1_203' title='bbox 1674 2554 1734 2603; x_wconf 87' lang='grc' dir='ltr'>ιι.</span> <span class='ocrx_word' id='word_1_204' title='bbox 1758 2537 1877 2636; x_wconf 31' lang='grc'><strong>30)..</strong></span> <span class='ocrx_word' id='word_1_205' title='bbox 1962 2624 1974 2636; x_wconf 39' lang='grc'><strong><em>⁸</em></strong></span> 
     </span>
    </p>
   </div>
   <div class='ocr_carea' id='block_1_26' title="bbox 545 2624 2058 2725">
    <p class='ocr_par' dir='ltr' id='par_1_26' title="bbox 545 2624 2058 2725">
     <span class='ocr_line' id='line_1_26' title="bbox 545 2624 2058 2725; baseline -0.024 -15"><span class='ocrx_word' id='word_1_206' title='bbox 545 2655 634 2710; x_wconf 75' lang='lat' dir='ltr'><strong>l3.</strong></span> <span class='ocrx_word' id='word_1_207' title='bbox 674 2649 826 2725; x_wconf 79' lang='lat' dir='ltr'><strong>[vers.</strong></span> <span class='ocrx_word' id='word_1_208' title='bbox 869 2642 984 2717; x_wconf 68' lang='lat'><strong>10.]</strong></span> <span class='ocrx_word' id='word_1_209' title='bbox 1025 2640 1210 2698; x_wconf 83' lang='lat' dir='ltr'><strong>Omnia</strong></span> <span class='ocrx_word' id='word_1_210' title='bbox 1259 2652 1375 2692; x_wconf 87' lang='lat' dir='ltr'><strong>ossa</strong></span> <span class='ocrx_word' id='word_1_211' title='bbox 1412 2648 1525 2725; x_wconf 80' lang='lat' dir='ltr'><strong>mea</strong></span> <span class='ocrx_word' id='word_1_212' title='bbox 1574 2630 1740 2725; x_wconf 74' lang='lat' dir='ltr'><strong>dicent</strong></span> <span class='ocrx_word' id='word_1_213' title='bbox 1775 2624 2058 2725; x_wconf 48' lang='lat' dir='ltr'><strong>iDo-n-tinc,</strong></span> 
     </span>
    </p>
   </div>
   <div class='ocr_carea' id='block_1_27' title="bbox 464 2714 2059 2817">
    <p class='ocr_par' dir='ltr' id='par_1_27' title="bbox 464 2714 2059 2817">
     <span class='ocr_line' id='line_1_27' title="bbox 464 2714 2059 2817; baseline -0.019 -17"><span class='ocrx_word' id='word_1_214' title='bbox 464 2744 585 2817; x_wconf 73' lang='lat' dir='ltr'><strong>quis</strong></span> <span class='ocrx_word' id='word_1_215' title='bbox 610 2714 790 2798; x_wconf 73' lang='grc' dir='ltr'>ειιῖιιιιε</span> <span class='ocrx_word' id='word_1_216' title='bbox 824 2714 1109 2803; x_wconf 67' lang='lat' dir='ltr'><strong>iibii&#39;Quis</strong></span> <span class='ocrx_word' id='word_1_217' title='bbox 1133 2731 1291 2801; x_wconf 85' lang='lat' dir='ltr'><strong>digne</strong></span> <span class='ocrx_word' id='word_1_218' title='bbox 1318 2726 1401 2817; x_wconf 12' lang='lat' dir='ltr'><strong>de,</strong></span> <span class='ocrx_word' id='word_1_219' title='bbox 1420 2724 1509 2817; x_wconf 79' lang='lat' dir='ltr'><strong>his</strong></span> <span class='ocrx_word' id='word_1_220' title='bbox 1530 2720 1709 2778; x_wconf 85' lang='lat' dir='ltr'><strong>verbis</strong></span> <span class='ocrx_word' id='word_1_221' title='bbox 1745 2715 1945 2789; x_wconf 88' lang='lat' dir='ltr'><strong>aliquid</strong></span> <span class='ocrx_word' id='word_1_222' title='bbox 1972 2714 2059 2771; x_wconf 85' lang='lat' dir='ltr'><strong>di-</strong></span> 
     </span>
    </p>
   </div>
   <div class='ocr_carea' id='block_1_28' title="bbox 472 2813 2062 2915">
    <p class='ocr_par' dir='ltr' id='par_1_28' title="bbox 472 2813 2062 2915">
     <span class='ocr_line' id='line_1_28' title="bbox 472 2813 2062 2915; baseline -0.021 -24"><span class='ocrx_word' id='word_1_223' title='bbox 472 2813 595 2891; x_wconf 79' lang='lat' dir='ltr'><strong>cat?</strong></span> <span class='ocrx_word' id='word_1_224' title='bbox 626 2832 738 2903; x_wconf 83' lang='lat' dir='ltr'><strong>Ego</strong></span> <span class='ocrx_word' id='word_1_225' title='bbox 764 2836 890 2901; x_wconf 91' lang='lat' dir='ltr'><strong>puto</strong></span> <span class='ocrx_word' id='word_1_226' title='bbox 920 2833 1125 2881; x_wconf 86' lang='lat' dir='ltr'><strong>tantum</strong></span> <span class='ocrx_word' id='word_1_227' title='bbox 1156 2813 1545 2915; x_wconf 71' lang='lat' dir='ltr'><strong>pronuntianda</strong></span> <span class='ocrx_word' id='word_1_228' title='bbox 1586 2825 1735 2915; x_wconf 52' lang='lat' dir='ltr'><strong>esse,</strong></span> <span class='ocrx_word' id='word_1_229' title='bbox 1755 2824 1864 2915; x_wconf 58' lang='lat' dir='ltr'><strong>non</strong></span> 
     </span>
    </p>
   </div>
   <div class='ocr_carea' id='block_1_29' title="bbox 472 2897 2059 2990">
    <p class='ocr_par' dir='ltr' id='par_1_29' title="bbox 472 2897 2059 2990">
     <span class='ocr_line' id='line_1_29' title="bbox 472 2897 2059 2990; baseline -0.02 -6"><span class='ocrx_word' id='word_1_230' title='bbox 472 2897 862 2990; x_wconf 51' lang='lat' dir='ltr'><strong>nendafo&#39;uid</strong></span> <span class='ocrx_word' id='word_1_231' title='bbox 912 2915 1111 2988; x_wconf 71' lang='lat' dir='ltr'><strong>quieris</strong></span> <span class='ocrx_word' id='word_1_232' title='bbox 1158 2910 1292 2967; x_wconf 90' lang='lat' dir='ltr'><strong>illud</strong></span> <span class='ocrx_word' id='word_1_233' title='bbox 1334 2916 1429 2965; x_wconf 83' lang='lat' dir='ltr'><strong>aut</strong></span> <span class='ocrx_word' id='word_1_234' title='bbox 1477 2904 1646 2963; x_wconf 84' lang='lat' dir='ltr'><strong>illud?</strong></span> <span class='ocrx_word' id='word_1_235' title='bbox 1693 2900 1831 2971; x_wconf 89' lang='lat' dir='ltr'><strong>Quid</strong></span> <span class='ocrx_word' id='word_1_236' title='bbox 1884 2897 2059 2957; x_wconf 90' lang='lat' dir='ltr'><strong>simile</strong></span> 
     </span>
    </p>
   </div>
   <div class='ocr_carea' id='block_1_30' title="bbox 472 2994 2060 3093">
    <p class='ocr_par' dir='ltr' id='par_1_30' title="bbox 472 2994 2060 3093">
     <span class='ocr_line' id='line_1_30' title="bbox 472 2994 2060 3093; baseline -0.02 -20"><span class='ocrx_word' id='word_1_237' title='bbox 472 3015 700 3073; x_wconf 80' lang='lat' dir='ltr'><strong>Donan</strong></span> <span class='ocrx_word' id='word_1_238' title='bbox 737 3010 869 3068; x_wconf 66' lang='lat' dir='ltr'><strong>tuo?</strong></span> <span class='ocrx_word' id='word_1_239' title='bbox 899 3008 1079 3079; x_wconf 86' lang='lat' dir='ltr'><strong>Ipsum</strong></span> <span class='ocrx_word' id='word_1_240' title='bbox 1116 3002 1284 3059; x_wconf 85' lang='lat' dir='ltr'><strong>babes</strong></span> <span class='ocrx_word' id='word_1_241' title='bbox 1315 2994 1919 3093; x_wconf 29' lang='lat' dir='ltr'><strong>ante‘teLOmniaossa</strong></span> 
     </span>
    </p>
   </div>
   <div class='ocr_carea' id='block_1_31' title="bbox 461 3079 2057 3184">
    <p class='ocr_par' dir='ltr' id='par_1_31' title="bbox 461 3079 2057 3184">
     <span class='ocr_line' id='line_1_31' title="bbox 461 3079 2057 3184; baseline -0.018 -20"><span class='ocrx_word' id='word_1_242' title='bbox 461 3108 638 3163; x_wconf 70' lang='lat' dir='ltr'><strong>dicent</strong></span> <span class='ocrx_word' id='word_1_243' title='bbox 662 3121 683 3160; x_wconf 86' lang='lat'><strong>:</strong></span> <span class='ocrx_word' id='word_1_244' title='bbox 713 3101 945 3166; x_wconf 82' lang='lat' dir='ltr'><strong>Domine,</strong></span> <span class='ocrx_word' id='word_1_245' title='bbox 975 3096 1087 3167; x_wconf 73' lang='lat' dir='ltr'><strong>quis</strong></span> <span class='ocrx_word' id='word_1_246' title='bbox 1131 3092 1315 3149; x_wconf 84' lang='lat' dir='ltr'><strong>similis</strong></span> <span class='ocrx_word' id='word_1_247' title='bbox 1353 3088 1478 3145; x_wconf 72' lang='lat' dir='ltr'><strong>tibi!</strong></span> <span class='ocrx_word' id='word_1_248' title='bbox 1514 3085 1882 3184; x_wconf 62' lang='lat' dir='ltr'><strong>Nanavemnt</strong></span> <span class='ocrx_word' id='word_1_249' title='bbox 1926 3079 2057 3184; x_wconf 80' lang='lat' dir='ltr'><strong>mihi</strong></span> 
     </span>
    </p>
   </div>
   <div class='ocr_carea' id='block_1_32' title="bbox 471 3174 2056 3278">
    <p class='ocr_par' dir='ltr' id='par_1_32' title="bbox 471 3174 2056 3278">
     <span class='ocr_line' id='line_1_32' title="bbox 471 3174 2056 3278; baseline -0.018 -24"><span class='ocrx_word' id='word_1_250' title='bbox 471 3196 654 3269; x_wconf 89' lang='lat' dir='ltr'><strong>injusti</strong></span> <span class='ocrx_word' id='word_1_251' title='bbox 679 3190 1085 3269; x_wconf 81' lang='lat' dir='ltr'><strong>delectationes,</strong></span> <span class='ocrx_word' id='word_1_252' title='bbox 1129 3183 1227 3241; x_wconf 90' lang='lat' dir='ltr'><strong>sed</strong></span> <span class='ocrx_word' id='word_1_253' title='bbox 1257 3196 1363 3238; x_wconf 91' lang='lat' dir='ltr'><strong>non</strong></span> <span class='ocrx_word' id='word_1_254' title='bbox 1391 3178 1531 3235; x_wconf 85' lang='lat' dir='ltr'><strong>sicut</strong></span> <span class='ocrx_word' id='word_1_255' title='bbox 1566 3176 1654 3233; x_wconf 89' lang='lat' dir='ltr'><strong>lex</strong></span> <span class='ocrx_word' id='word_1_256' title='bbox 1685 3174 2056 3278; x_wconf 52' lang='lat' dir='ltr'><strong>tua,“l)omine</strong></span> 
     </span>
    </p>
   </div>
   <div class='ocr_carea' id='block_1_33' title="bbox 471 3265 2054 3368">
    <p class='ocr_par' dir='ltr' id='par_1_33' title="bbox 471 3265 2054 3368">
     <span class='ocr_line' id='line_1_33' title="bbox 471 3265 2054 3368; baseline -0.016 -24"><span class='ocrx_word' id='word_1_257' title='bbox 471 3265 646 3361; x_wconf 70' lang='grc' dir='ltr'><strong>(ῥωι.</strong></span> <span class='ocrx_word' id='word_1_258' title='bbox 667 3266 858 3351; x_wconf 88' lang='lat' dir='ltr'><strong>cxvm,</strong></span> <span class='ocrx_word' id='word_1_259' title='bbox 883 3280 999 3352; x_wconf 80' lang='lat'><strong>85).</strong></span> <span class='ocrx_word' id='word_1_260' title='bbox 1022 3276 1260 3368; x_wconf 75' lang='lat' dir='ltr'><strong>Fuerunt</strong></span> <span class='ocrx_word' id='word_1_261' title='bbox 1279 3277 1649 3368; x_wconf 49' lang='lat' dir='ltr'><strong>persecute-res</strong></span> <span class='ocrx_word' id='word_1_262' title='bbox 1672 3265 2027 3368; x_wconf 63' lang='lat' dir='ltr'><strong>quidicerent</strong></span> <span class='ocrx_word' id='word_1_263' title='bbox 2040 3280 2054 3318; x_wconf 88' lang='lat'><strong>:</strong></span> 
     </span>
    </p>
   </div>
   <div class='ocr_carea' id='block_1_34' title="bbox 471 3357 2055 3438">
    <p class='ocr_par' dir='ltr' id='par_1_34' title="bbox 471 3357 2055 3438">
     <span class='ocr_line' id='line_1_34' title="bbox 471 3357 2055 3438; baseline -0.019 -1"><span class='ocrx_word' id='word_1_264' title='bbox 471 3357 648 3437; x_wconf 59' lang='lat' dir='ltr'><strong>Adora</strong></span> <span class='ocrx_word' id='word_1_265' title='bbox 667 3378 977 3438; x_wconf 81' lang='lat' dir='ltr'><strong>Saturnum,</strong></span> <span class='ocrx_word' id='word_1_266' title='bbox 1008 3370 1171 3426; x_wconf 86' lang='lat' dir='ltr'><strong>adora</strong></span> <span class='ocrx_word' id='word_1_267' title='bbox 1198 3363 1535 3422; x_wconf 77' lang='lat' dir='ltr'><strong>Mercurium.</strong></span> <span class='ocrx_word' id='word_1_268' title='bbox 1554 3359 1668 3415; x_wconf 90' lang='lat' dir='ltr'><strong>Non</strong></span> <span class='ocrx_word' id='word_1_269' title='bbox 1695 3357 1833 3420; x_wconf 87' lang='lat' dir='ltr'><strong>colo,</strong></span> <span class='ocrx_word' id='word_1_270' title='bbox 1865 3357 2055 3425; x_wconf 89' lang='lat' dir='ltr'><strong>inquit,</strong></span> 
     </span>
    </p>
   </div>
   <div class='ocr_carea' id='block_1_35' title="bbox 471 3446 2059 3532">
    <p class='ocr_par' dir='ltr' id='par_1_35' title="bbox 471 3446 2059 3532">
     <span class='ocr_line' id='line_1_35' title="bbox 471 3446 2059 3532; baseline -0.016 -7"><span class='ocrx_word' id='word_1_271' title='bbox 471 3471 632 3527; x_wconf 84' lang='lat' dir='ltr'><strong>idola.</strong></span> <span class='ocrx_word' id='word_1_272' title='bbox 662 3467 900 3532; x_wconf 78' lang='lat' dir='ltr'><strong>Domine,</strong></span> <span class='ocrx_word' id='word_1_273' title='bbox 927 3462 1037 3532; x_wconf 85' lang='lat' dir='ltr'><strong>quis</strong></span> <span class='ocrx_word' id='word_1_274' title='bbox 1065 3458 1243 3515; x_wconf 87' lang='lat' dir='ltr'><strong>similis</strong></span> <span class='ocrx_word' id='word_1_275' title='bbox 1268 3454 1397 3511; x_wconf 78' lang='lat' dir='ltr'><strong>tibi?</strong></span> <span class='ocrx_word' id='word_1_276' title='bbox 1429 3451 1510 3508; x_wconf 82' lang='lat' dir='ltr'><strong>Illi</strong></span> <span class='ocrx_word' id='word_1_277' title='bbox 1535 3450 1721 3507; x_wconf 90' lang='lat' dir='ltr'><strong>oculos</strong></span> <span class='ocrx_word' id='word_1_278' title='bbox 1758 3446 1973 3509; x_wconf 88' lang='lat' dir='ltr'><strong>habent,</strong></span> <span class='ocrx_word' id='word_1_279' title='bbox 2002 3454 2059 3501; x_wconf 90' lang='lat' dir='ltr'><strong>et</strong></span> 
     </span>
    </p>
   </div>
   <div class='ocr_carea' id='block_1_36' title="bbox 472 3539 2055 3624">
    <p class='ocr_par' dir='ltr' id='par_1_36' title="bbox 472 3539 2055 3624">
     <span class='ocr_line' id='line_1_36' title="bbox 472 3539 2055 3624; baseline -0.016 -7"><span class='ocrx_word' id='word_1_280' title='bbox 472 3579 576 3617; x_wconf 90' lang='lat' dir='ltr'><strong>non</strong></span> <span class='ocrx_word' id='word_1_281' title='bbox 596 3560 809 3624; x_wconf 85' lang='lat' dir='ltr'><strong>vident;</strong></span> <span class='ocrx_word' id='word_1_282' title='bbox 835 3568 994 3611; x_wconf 83' lang='lat' dir='ltr'><strong>aures</strong></span> <span class='ocrx_word' id='word_1_283' title='bbox 1016 3552 1237 3613; x_wconf 84' lang='lat' dir='ltr'><strong>habent,</strong></span> <span class='ocrx_word' id='word_1_284' title='bbox 1266 3555 1322 3603; x_wconf 88' lang='lat' dir='ltr'><strong>et</strong></span> <span class='ocrx_word' id='word_1_285' title='bbox 1344 3560 1449 3601; x_wconf 87' lang='lat' dir='ltr'><strong>non</strong></span> <span class='ocrx_word' id='word_1_286' title='bbox 1476 3543 1697 3599; x_wconf 89' lang='lat' dir='ltr'><strong>audiunt</strong></span> <span class='ocrx_word' id='word_1_287' title='bbox 1717 3539 1887 3610; x_wconf 82' lang='lat' dir='ltr'><strong>(Psal.</strong></span> <span class='ocrx_word' id='word_1_288' title='bbox 1907 3553 2055 3602; x_wconf 77' lang='lat' dir='ltr'><strong>cxut,</strong></span> 
     </span>
    </p>
   </div>
   <div class='ocr_carea' id='block_1_37' title="bbox 471 3629 2055 3734">
    <p class='ocr_par' dir='ltr' id='par_1_37' title="bbox 471 3629 2055 3734">
     <span class='ocr_line' id='line_1_37' title="bbox 471 3629 2055 3734; baseline -0.017 -24"><span class='ocrx_word' id='word_1_289' title='bbox 471 3655 525 3719; x_wconf 81' lang='lat'><strong>5,</strong></span> <span class='ocrx_word' id='word_1_290' title='bbox 558 3654 636 3727; x_wconf 80' lang='grc' dir='ltr'><strong>ὓ).</strong></span> <span class='ocrx_word' id='word_1_291' title='bbox 672 3650 911 3715; x_wconf 84' lang='lat' dir='ltr'><strong>Domine,</strong></span> <span class='ocrx_word' id='word_1_292' title='bbox 940 3646 1051 3718; x_wconf 88' lang='lat' dir='ltr'><strong>quis</strong></span> <span class='ocrx_word' id='word_1_293' title='bbox 1078 3642 1258 3734; x_wconf 78' lang='lat' dir='ltr'><strong>similis</strong></span> <span class='ocrx_word' id='word_1_294' title='bbox 1300 3637 1408 3734; x_wconf 58' lang='lat' dir='ltr'><strong>tibi,</strong></span> <span class='ocrx_word' id='word_1_295' title='bbox 1434 3634 1723 3734; x_wconf 40' lang='lat' dir='ltr'><strong>quiAfecisti</strong></span> <span class='ocrx_word' id='word_1_296' title='bbox 1748 3629 2055 3734; x_wconf 44' lang='lat' dir='ltr'><strong>ocul‘utnad</strong></span> 
     </span>
    </p>
   </div>
   <div class='ocr_carea' id='block_1_38' title="bbox 473 3723 2057 3807">
    <p class='ocr_par' dir='ltr' id='par_1_38' title="bbox 473 3723 2057 3807">
     <span class='ocr_line' id='line_1_38' title="bbox 473 3723 2057 3807; baseline -0.015 -9"><span class='ocrx_word' id='word_1_297' title='bbox 473 3723 778 3807; x_wconf 82' lang='lat' dir='ltr'><strong>videndum,</strong></span> <span class='ocrx_word' id='word_1_298' title='bbox 807 3754 993 3795; x_wconf 87' lang='lat' dir='ltr'><strong>aurem</strong></span> <span class='ocrx_word' id='word_1_299' title='bbox 1032 3734 1100 3789; x_wconf 89' lang='lat' dir='ltr'><strong>ad</strong></span> <span class='ocrx_word' id='word_1_300' title='bbox 1134 3728 1494 3787; x_wconf 85' lang='lat' dir='ltr'><strong>audiendum?</strong></span> <span class='ocrx_word' id='word_1_301' title='bbox 1532 3725 1638 3782; x_wconf 87' lang='lat' dir='ltr'><strong>Sed</strong></span> <span class='ocrx_word' id='word_1_302' title='bbox 1666 3741 1769 3779; x_wconf 90' lang='lat' dir='ltr'><strong>non</strong></span> <span class='ocrx_word' id='word_1_303' title='bbox 1794 3723 1936 3790; x_wconf 86' lang='lat' dir='ltr'><strong>colo,</strong></span> <span class='ocrx_word' id='word_1_304' title='bbox 1974 3723 2057 3785; x_wconf 86' lang='lat' dir='ltr'><strong>in-</strong></span> 
     </span>
    </p>
   </div>
   <div class='ocr_carea' id='block_1_39' title="bbox 471 3818 2058 3906">
    <p class='ocr_par' dir='ltr' id='par_1_39' title="bbox 471 3818 2058 3906">
     <span class='ocr_line' id='line_1_39' title="bbox 471 3818 2058 3906; baseline -0.014 -15"><span class='ocrx_word' id='word_1_305' title='bbox 471 3836 604 3906; x_wconf 86' lang='lat' dir='ltr'><strong>quit,</strong></span> <span class='ocrx_word' id='word_1_306' title='bbox 642 3832 805 3897; x_wconf 86' lang='lat' dir='ltr'><strong>idola,</strong></span> <span class='ocrx_word' id='word_1_307' title='bbox 834 3828 959 3900; x_wconf 88' lang='lat' dir='ltr'><strong>quia</strong></span> <span class='ocrx_word' id='word_1_308' title='bbox 999 3827 1147 3881; x_wconf 72' lang='lat' dir='ltr'><strong>faber</strong></span> <span class='ocrx_word' id='word_1_309' title='bbox 1185 3822 1331 3878; x_wconf 80' lang='lat' dir='ltr'><strong>fecit.</strong></span> <span class='ocrx_word' id='word_1_310' title='bbox 1369 3820 1501 3876; x_wconf 87' lang='lat' dir='ltr'><strong>Cole</strong></span> <span class='ocrx_word' id='word_1_311' title='bbox 1536 3818 1780 3872; x_wconf 83' lang='lat' dir='ltr'><strong>arborem</strong></span> <span class='ocrx_word' id='word_1_312' title='bbox 1823 3825 1879 3870; x_wconf 92' lang='lat' dir='ltr'><strong>et</strong></span> <span class='ocrx_word' id='word_1_313' title='bbox 1905 3831 2058 3869; x_wconf 88' lang='lat' dir='ltr'><strong>mon-</strong></span> 
     </span>
    </p>
   </div>
   <div class='ocr_carea' id='block_1_40' title="bbox 473 3906 2055 3987">
    <p class='ocr_par' dir='ltr' id='par_1_40' title="bbox 473 3906 2055 3987">
     <span class='ocr_line' id='line_1_40' title="bbox 473 3906 2055 3987; baseline -0.015 -5"><span class='ocrx_word' id='word_1_314' title='bbox 473 3939 615 3982; x_wconf 89' lang='lat' dir='ltr'><strong>tem:</strong></span> <span class='ocrx_word' id='word_1_315' title='bbox 662 3931 717 3979; x_wconf 89' lang='lat' dir='ltr'><strong>et</strong></span> <span class='ocrx_word' id='word_1_316' title='bbox 760 3922 864 3976; x_wconf 89' lang='lat' dir='ltr'><strong>hoc</strong></span> <span class='ocrx_word' id='word_1_317' title='bbox 908 3914 1164 3987; x_wconf 89' lang='lat' dir='ltr'><strong>numquid</strong></span> <span class='ocrx_word' id='word_1_318' title='bbox 1204 3912 1349 3968; x_wconf 82' lang='lat' dir='ltr'><strong>faber</strong></span> <span class='ocrx_word' id='word_1_319' title='bbox 1375 3910 1540 3966; x_wconf 78' lang='lat' dir='ltr'><strong>fecit?</strong></span> <span class='ocrx_word' id='word_1_320' title='bbox 1569 3908 1635 3963; x_wconf 87' lang='lat' dir='ltr'><strong>Et</strong></span> <span class='ocrx_word' id='word_1_321' title='bbox 1663 3908 1786 3962; x_wconf 90' lang='lat' dir='ltr'><strong>hic:</strong></span> <span class='ocrx_word' id='word_1_322' title='bbox 1819 3906 2055 3972; x_wconf 87' lang='lat' dir='ltr'><strong>Domine,</strong></span> 
     </span>
    </p>
   </div>
   <div class='ocr_carea' id='block_1_41' title="bbox 470 4000 2058 4087">
    <p class='ocr_par' dir='ltr' id='par_1_41' title="bbox 470 4000 2058 4087">
     <span class='ocr_line' id='line_1_41' title="bbox 470 4000 2058 4087; baseline -0.013 -17"><span class='ocrx_word' id='word_1_323' title='bbox 470 4018 583 4087; x_wconf 81' lang='lat' dir='ltr'><strong>quis</strong></span> <span class='ocrx_word' id='word_1_324' title='bbox 610 4012 791 4070; x_wconf 88' lang='lat' dir='ltr'><strong>similis</strong></span> <span class='ocrx_word' id='word_1_325' title='bbox 827 4009 956 4065; x_wconf 80' lang='lat' dir='ltr'><strong>tibi?</strong></span> <span class='ocrx_word' id='word_1_326' title='bbox 988 4008 1221 4063; x_wconf 80' lang='lat' dir='ltr'><strong>Terrena</strong></span> <span class='ocrx_word' id='word_1_327' title='bbox 1249 4003 1376 4059; x_wconf 89' lang='lat' dir='ltr'><strong>mihi</strong></span> <span class='ocrx_word' id='word_1_328' title='bbox 1420 4000 1790 4087; x_wconf 78' lang='lat' dir='ltr'><strong>ostenduntur,</strong></span> <span class='ocrx_word' id='word_1_329' title='bbox 1821 4007 1874 4051; x_wconf 91' lang='lat' dir='ltr'><strong>tu</strong></span> <span class='ocrx_word' id='word_1_330' title='bbox 1903 4006 2058 4051; x_wconf 80' lang='lat' dir='ltr'><strong>terrae</strong></span> 
     </span>
    </p>
   </div>
   <div class='ocr_carea' id='block_1_42' title="bbox 472 4090 2057 4165">
    <p class='ocr_par' dir='ltr' id='par_1_42' title="bbox 472 4090 2057 4165">
     <span class='ocr_line' id='line_1_42' title="bbox 472 4090 2057 4165; baseline -0.014 -2"><span class='ocrx_word' id='word_1_331' title='bbox 472 4116 681 4165; x_wconf 86' lang='lat' dir='ltr'><strong>creator</strong></span> <span class='ocrx_word' id='word_1_332' title='bbox 714 4120 793 4162; x_wconf 85' lang='lat' dir='ltr'><strong>es.</strong></span> <span class='ocrx_word' id='word_1_333' title='bbox 832 4103 899 4158; x_wconf 88' lang='lat' dir='ltr'><strong>Et</strong></span> <span class='ocrx_word' id='word_1_334' title='bbox 938 4100 1063 4155; x_wconf 91' lang='lat' dir='ltr'><strong>hinc</strong></span> <span class='ocrx_word' id='word_1_335' title='bbox 1097 4098 1232 4153; x_wconf 81' lang='lat' dir='ltr'><strong>forte</strong></span> <span class='ocrx_word' id='word_1_336' title='bbox 1277 4092 1593 4151; x_wconf 72' lang='lat' dir='ltr'><strong>advertunt1</strong></span> <span class='ocrx_word' id='word_1_337' title='bbox 1631 4090 1699 4144; x_wconf 88' lang='lat' dir='ltr'><strong>ad</strong></span> <span class='ocrx_word' id='word_1_338' title='bbox 1728 4090 2057 4158; x_wconf 87' lang='lat' dir='ltr'><strong>superiorem</strong></span> 
     </span>
    </p>
   </div>
   <div class='ocr_carea' id='block_1_43' title="bbox 471 4168 2057 4262">
    <p class='ocr_par' dir='ltr' id='par_1_43' title="bbox 471 4168 2057 4262">
     <span class='ocr_line' id='line_1_43' title="bbox 471 4168 2057 4262; baseline -0.014 -7"><span class='ocrx_word' id='word_1_339' title='bbox 471 4168 792 4262; x_wconf 82' lang='lat' dir='ltr'><strong>creaturam,</strong></span> <span class='ocrx_word' id='word_1_340' title='bbox 832 4205 889 4251; x_wconf 92' lang='lat' dir='ltr'><strong>et</strong></span> <span class='ocrx_word' id='word_1_341' title='bbox 912 4194 1097 4249; x_wconf 87' lang='lat' dir='ltr'><strong>dicunt</strong></span> <span class='ocrx_word' id='word_1_342' title='bbox 1140 4189 1270 4244; x_wconf 89' lang='lat' dir='ltr'><strong>mihi</strong></span> <span class='ocrx_word' id='word_1_343' title='bbox 1300 4206 1313 4242; x_wconf 97' lang='lat'><strong>:</strong></span> <span class='ocrx_word' id='word_1_344' title='bbox 1344 4186 1472 4242; x_wconf 83' lang='lat' dir='ltr'><strong>Cole</strong></span> <span class='ocrx_word' id='word_1_345' title='bbox 1514 4185 1714 4245; x_wconf 88' lang='lat' dir='ltr'><strong>lunam,</strong></span> <span class='ocrx_word' id='word_1_346' title='bbox 1756 4182 1874 4237; x_wconf 90' lang='lat' dir='ltr'><strong>cole</strong></span> <span class='ocrx_word' id='word_1_347' title='bbox 1901 4181 2057 4235; x_wconf 90' lang='lat' dir='ltr'><strong>istum</strong></span> 
     </span>
    </p>
   </div>
   <div class='ocr_carea' id='block_1_44' title="bbox 470 4272 2059 4377">
    <p class='ocr_par' dir='ltr' id='par_1_44' title="bbox 470 4272 2059 4377">
     <span class='ocr_line' id='line_1_44' title="bbox 470 4272 2059 4377; baseline -0.014 -26"><span class='ocrx_word' id='word_1_348' title='bbox 470 4296 660 4361; x_wconf 87' lang='lat' dir='ltr'><strong>solem,</strong></span> <span class='ocrx_word' id='word_1_349' title='bbox 706 4291 795 4363; x_wconf 91' lang='lat' dir='ltr'><strong>qui</strong></span> <span class='ocrx_word' id='word_1_350' title='bbox 845 4288 965 4345; x_wconf 90' lang='lat' dir='ltr'><strong>luce</strong></span> <span class='ocrx_word' id='word_1_351' title='bbox 1002 4300 1122 4353; x_wconf 90' lang='lat' dir='ltr'><strong>sua,</strong></span> <span class='ocrx_word' id='word_1_352' title='bbox 1174 4292 1424 4351; x_wconf 86' lang='lat' dir='ltr'><strong>tanquam</strong></span> <span class='ocrx_word' id='word_1_353' title='bbox 1480 4276 1668 4377; x_wconf 72' lang='lat' dir='ltr'><strong>magna</strong></span> <span class='ocrx_word' id='word_1_354' title='bbox 1707 4276 1944 4377; x_wconf 75' lang='lat' dir='ltr'><strong>lucerna,</strong></span> <span class='ocrx_word' id='word_1_355' title='bbox 1993 4272 2059 4376; x_wconf 74' lang='lat' dir='ltr'><strong>de</strong></span> 
     </span>
    </p>
   </div>
   <div class='ocr_carea' id='block_1_45' title="bbox 470 4356 2059 4445">
    <p class='ocr_par' dir='ltr' id='par_1_45' title="bbox 470 4356 2059 4445">
     <span class='ocr_line' id='line_1_45' title="bbox 470 4356 2059 4445; baseline -0.015 0"><span class='ocrx_word' id='word_1_356' title='bbox 470 4356 610 4445; x_wconf 72' lang='lat' dir='ltr'><strong>cdetu</strong></span> <span class='ocrx_word' id='word_1_357' title='bbox 636 4356 798 4441; x_wconf 76' lang='lat' dir='ltr'><strong>efﬁcit</strong></span> <span class='ocrx_word' id='word_1_358' title='bbox 823 4381 987 4437; x_wconf 86' lang='lat' dir='ltr'><strong>diem.</strong></span> <span class='ocrx_word' id='word_1_359' title='bbox 1018 4378 1085 4432; x_wconf 87' lang='lat' dir='ltr'><strong>Et</strong></span> <span class='ocrx_word' id='word_1_360' title='bbox 1107 4376 1193 4431; x_wconf 91' lang='lat' dir='ltr'><strong>hic</strong></span> <span class='ocrx_word' id='word_1_361' title='bbox 1217 4370 1383 4445; x_wconf 84' lang='lat' dir='ltr'><strong>plane</strong></span> <span class='ocrx_word' id='word_1_362' title='bbox 1401 4371 1520 4426; x_wconf 89' lang='lat' dir='ltr'><strong>dico</strong></span> <span class='ocrx_word' id='word_1_363' title='bbox 1545 4387 1558 4423; x_wconf 75' lang='grc' dir='ltr'>ε</span> <span class='ocrx_word' id='word_1_364' title='bbox 1596 4368 1826 4432; x_wconf 86' lang='lat' dir='ltr'><strong>Domine,</strong></span> <span class='ocrx_word' id='word_1_365' title='bbox 1852 4367 1962 4434; x_wconf 84' lang='lat' dir='ltr'><strong>quis</strong></span> <span class='ocrx_word' id='word_1_366' title='bbox 1986 4366 2059 4422; x_wconf 73' lang='grc' dir='ltr'><strong>οε-</strong></span> 
     </span>
    </p>
   </div>
   <div class='ocr_carea' id='block_1_46' title="bbox 473 4457 2059 4535">
    <p class='ocr_par' dir='ltr' id='par_1_46' title="bbox 473 4457 2059 4535">
     <span class='ocr_line' id='line_1_46' title="bbox 473 4457 2059 4535; baseline -0.014 -2"><span class='ocrx_word' id='word_1_367' title='bbox 473 4481 606 4535; x_wconf 84' lang='lat' dir='ltr'><strong>milis</strong></span> <span class='ocrx_word' id='word_1_368' title='bbox 635 4477 761 4532; x_wconf 82' lang='lat' dir='ltr'><strong>tibi?</strong></span> <span class='ocrx_word' id='word_1_369' title='bbox 792 4474 998 4529; x_wconf 82' lang='lat' dir='ltr'><strong>Lunam</strong></span> <span class='ocrx_word' id='word_1_370' title='bbox 1027 4478 1082 4524; x_wconf 87' lang='lat' dir='ltr'><strong>et</strong></span> <span class='ocrx_word' id='word_1_371' title='bbox 1125 4467 1311 4523; x_wconf 85' lang='lat' dir='ltr'><strong>stellas</strong></span> <span class='ocrx_word' id='word_1_372' title='bbox 1349 4472 1406 4518; x_wconf 88' lang='lat' dir='ltr'><strong>tu</strong></span> <span class='ocrx_word' id='word_1_373' title='bbox 1434 4460 1629 4526; x_wconf 78' lang='lat' dir='ltr'><strong>iecisti,</strong></span> <span class='ocrx_word' id='word_1_374' title='bbox 1672 4460 1839 4514; x_wconf 89' lang='lat' dir='ltr'><strong>solem</strong></span> <span class='ocrx_word' id='word_1_375' title='bbox 1872 4457 1974 4512; x_wconf 88' lang='lat' dir='ltr'><strong>diei</strong></span> <span class='ocrx_word' id='word_1_376' title='bbox 2005 4466 2059 4511; x_wconf 93' lang='lat' dir='ltr'><strong>tu</strong></span> 
     </span>
    </p>
   </div>
   <div class='ocr_carea' id='block_1_47' title="bbox 472 4551 2059 4631">
    <p class='ocr_par' dir='ltr' id='par_1_47' title="bbox 472 4551 2059 4631">
     <span class='ocr_line' id='line_1_47' title="bbox 472 4551 2059 4631; baseline -0.014 -5"><span class='ocrx_word' id='word_1_377' title='bbox 472 4567 783 4631; x_wconf 83' lang='lat' dir='ltr'><strong>accendisti,</strong></span> <span class='ocrx_word' id='word_1_378' title='bbox 808 4564 1003 4619; x_wconf 65' lang='lat' dir='ltr'><strong>coelum</strong></span> <span class='ocrx_word' id='word_1_379' title='bbox 1032 4570 1085 4614; x_wconf 92' lang='lat' dir='ltr'><strong>tu</strong></span> <span class='ocrx_word' id='word_1_380' title='bbox 1115 4554 1481 4628; x_wconf 86' lang='lat' dir='ltr'><strong>composuisti.</strong></span> <span class='ocrx_word' id='word_1_381' title='bbox 1514 4553 1646 4607; x_wconf 85' lang='lat' dir='ltr'><strong>Sunt</strong></span> <span class='ocrx_word' id='word_1_382' title='bbox 1682 4552 1847 4606; x_wconf 88' lang='lat' dir='ltr'><strong>multa</strong></span> <span class='ocrx_word' id='word_1_383' title='bbox 1874 4551 2059 4606; x_wconf 88' lang='lat' dir='ltr'><strong>invisi-</strong></span> 
     </span>
    </p>
   </div>
   <div class='ocr_carea' id='block_1_48' title="bbox 472 4642 2057 4717">
    <p class='ocr_par' dir='ltr' id='par_1_48' title="bbox 472 4642 2057 4717">
     <span class='ocr_line' id='line_1_48' title="bbox 472 4642 2057 4717; baseline -0.013 -1"><span class='ocrx_word' id='word_1_384' title='bbox 472 4663 595 4717; x_wconf 86' lang='lat' dir='ltr'><strong>hilia</strong></span> <span class='ocrx_word' id='word_1_385' title='bbox 622 4659 862 4714; x_wconf 85' lang='lat' dir='ltr'><strong>meliora.</strong></span> <span class='ocrx_word' id='word_1_386' title='bbox 892 4652 997 4709; x_wconf 87' lang='lat' dir='ltr'><strong>Sed</strong></span> <span class='ocrx_word' id='word_1_387' title='bbox 1024 4651 1162 4706; x_wconf 81' lang='lat' dir='ltr'><strong>forte</strong></span> <span class='ocrx_word' id='word_1_388' title='bbox 1203 4658 1257 4704; x_wconf 86' lang='lat' dir='ltr'><strong>et</strong></span> <span class='ocrx_word' id='word_1_389' title='bbox 1280 4647 1367 4701; x_wconf 91' lang='lat' dir='ltr'><strong>hic</strong></span> <span class='ocrx_word' id='word_1_390' title='bbox 1391 4645 1586 4699; x_wconf 90' lang='lat' dir='ltr'><strong>dicitur</strong></span> <span class='ocrx_word' id='word_1_391' title='bbox 1625 4642 1753 4697; x_wconf 84' lang='lat' dir='ltr'><strong>mihi</strong></span> <span class='ocrx_word' id='word_1_392' title='bbox 1780 4659 1793 4693; x_wconf 90' lang='lat'><strong>:</strong></span> <span class='ocrx_word' id='word_1_393' title='bbox 1825 4642 2057 4711; x_wconf 76' lang='lat' dir='ltr'><strong>Angelos</strong></span> 
     </span>
    </p>
   </div>
   <div class='ocr_carea' id='block_1_49' title="bbox 468 4734 2057 4818">
    <p class='ocr_par' dir='ltr' id='par_1_49' title="bbox 468 4734 2057 4818">
     <span class='ocr_line' id='line_1_49' title="bbox 468 4734 2057 4818; baseline -0.013 -11"><span class='ocrx_word' id='word_1_394' title='bbox 468 4755 613 4818; x_wconf 89' lang='lat' dir='ltr'><strong>cole,</strong></span> <span class='ocrx_word' id='word_1_395' title='bbox 642 4748 875 4818; x_wconf 76' lang='lat' dir='ltr'><strong>Angelos</strong></span> <span class='ocrx_word' id='word_1_396' title='bbox 912 4743 1094 4801; x_wconf 75' lang='lat' dir='ltr'><strong>adora.</strong></span> <span class='ocrx_word' id='word_1_397' title='bbox 1130 4740 1195 4796; x_wconf 86' lang='lat' dir='ltr'><strong>Et</strong></span> <span class='ocrx_word' id='word_1_398' title='bbox 1226 4739 1311 4793; x_wconf 88' lang='lat' dir='ltr'><strong>hic</strong></span> <span class='ocrx_word' id='word_1_399' title='bbox 1334 4737 1507 4791; x_wconf 89' lang='lat' dir='ltr'><strong>dicam</strong></span> <span class='ocrx_word' id='word_1_400' title='bbox 1537 4754 1550 4789; x_wconf 93' lang='lat'><strong>:</strong></span> <span class='ocrx_word' id='word_1_401' title='bbox 1585 4734 1818 4800; x_wconf 79' lang='lat' dir='ltr'><strong>Domine,</strong></span> <span class='ocrx_word' id='word_1_402' title='bbox 1848 4734 1961 4806; x_wconf 87' lang='lat' dir='ltr'><strong>quis</strong></span> <span class='ocrx_word' id='word_1_403' title='bbox 1985 4735 2057 4787; x_wconf 77' lang='lat' dir='ltr'><strong>si-</strong></span> 
     </span>
    </p>
   </div>
   <div class='ocr_carea' id='block_1_50' title="bbox 471 4826 2058 4901">
    <p class='ocr_par' dir='ltr' id='par_1_50' title="bbox 471 4826 2058 4901">
     <span class='ocr_line' id='line_1_50' title="bbox 471 4826 2058 4901; baseline -0.011 -5"><span class='ocrx_word' id='word_1_404' title='bbox 471 4843 606 4896; x_wconf 87' lang='lat' dir='ltr'><strong>milis</strong></span> <span class='ocrx_word' id='word_1_405' title='bbox 626 4838 752 4893; x_wconf 80' lang='lat' dir='ltr'><strong>tibi?</strong></span> <span class='ocrx_word' id='word_1_406' title='bbox 782 4838 845 4892; x_wconf 82' lang='lat' dir='ltr'><strong>Et</strong></span> <span class='ocrx_word' id='word_1_407' title='bbox 874 4836 1018 4900; x_wconf 87' lang='lat' dir='ltr'><strong>ipsos</strong></span> <span class='ocrx_word' id='word_1_408' title='bbox 1046 4832 1279 4901; x_wconf 82' lang='lat' dir='ltr'><strong>Angelos</strong></span> <span class='ocrx_word' id='word_1_409' title='bbox 1305 4839 1357 4883; x_wconf 89' lang='lat' dir='ltr'><strong>tu</strong></span> <span class='ocrx_word' id='word_1_410' title='bbox 1390 4828 1602 4883; x_wconf 88' lang='lat' dir='ltr'><strong>creasti.</strong></span> <span class='ocrx_word' id='word_1_411' title='bbox 1630 4826 1768 4881; x_wconf 85' lang='lat' dir='ltr'><strong>Nihil</strong></span> <span class='ocrx_word' id='word_1_412' title='bbox 1791 4834 1916 4880; x_wconf 85' lang='lat' dir='ltr'><strong>sunt</strong></span> <span class='ocrx_word' id='word_1_413' title='bbox 1944 4827 2058 4880; x_wconf 84' lang='lat' dir='ltr'><strong>An-</strong></span> 
     </span>
    </p>
   </div>
   <div class='ocr_carea' id='block_1_51' title="bbox 467 4918 2060 5003">
    <p class='ocr_par' dir='ltr' id='par_1_51' title="bbox 467 4918 2060 5003">
     <span class='ocr_line' id='line_1_51' title="bbox 467 4918 2060 5003; baseline -0.009 -17"><span class='ocrx_word' id='word_1_414' title='bbox 467 4933 597 5003; x_wconf 76' lang='lat' dir='ltr'><strong>geli,</strong></span> <span class='ocrx_word' id='word_1_415' title='bbox 642 4927 742 4983; x_wconf 88' lang='lat' dir='ltr'><strong>nisi</strong></span> <span class='ocrx_word' id='word_1_416' title='bbox 780 4924 1006 4983; x_wconf 73' lang='lat' dir='ltr'><strong>videtido</strong></span> <span class='ocrx_word' id='word_1_417' title='bbox 1034 4932 1104 4976; x_wconf 89' lang='lat' dir='ltr'><strong>te.</strong></span> <span class='ocrx_word' id='word_1_418' title='bbox 1137 4921 1322 4974; x_wconf 77' lang='lat' dir='ltr'><strong>Melius</strong></span> <span class='ocrx_word' id='word_1_419' title='bbox 1364 4928 1447 4973; x_wconf 90' lang='lat' dir='ltr'><strong>est</strong></span> <span class='ocrx_word' id='word_1_420' title='bbox 1475 4933 1593 4971; x_wconf 89' lang='lat' dir='ltr'><strong>eum</strong></span> <span class='ocrx_word' id='word_1_421' title='bbox 1626 4918 1754 4987; x_wconf 82' lang='lat' dir='ltr'><strong>ipsis</strong></span> <span class='ocrx_word' id='word_1_422' title='bbox 1780 4918 2060 4986; x_wconf 86' lang='lat' dir='ltr'><strong>possidere</strong></span> 
     </span>
    </p>
   </div>
   <div class='ocr_carea' id='block_1_52' title="bbox 472 5010 1569 5093">
    <p class='ocr_par' dir='ltr' id='par_1_52' title="bbox 472 5010 1569 5093">
     <span class='ocr_line' id='line_1_52' title="bbox 472 5010 1569 5093; baseline -0.014 -14"><span class='ocrx_word' id='word_1_423' title='bbox 472 5038 546 5087; x_wconf 83' lang='lat' dir='ltr'><strong>te.</strong></span> <span class='ocrx_word' id='word_1_424' title='bbox 579 5036 738 5093; x_wconf 84' lang='lat' dir='ltr'><strong>quam</strong></span> <span class='ocrx_word' id='word_1_425' title='bbox 765 5021 910 5088; x_wconf 87' lang='lat' dir='ltr'><strong>ipsos</strong></span> <span class='ocrx_word' id='word_1_426' title='bbox 930 5014 1202 5069; x_wconf 78' lang='lat' dir='ltr'><strong>adoranda</strong></span> <span class='ocrx_word' id='word_1_427' title='bbox 1227 5010 1420 5067; x_wconf 87' lang='lat' dir='ltr'><strong>cadere</strong></span> <span class='ocrx_word' id='word_1_428' title='bbox 1439 5025 1467 5062; x_wconf 89' lang='lat' dir='ltr'><strong>a</strong></span> <span class='ocrx_word' id='word_1_429' title='bbox 1498 5021 1569 5064; x_wconf 90' lang='lat' dir='ltr'><strong>te.</strong></span> 
     </span>
    </p>
   </div>
   <div class='ocr_carea' id='block_1_53' title="bbox 545 5099 2059 5172">
    <p class='ocr_par' dir='ltr' id='par_1_53' title="bbox 545 5099 2059 5172">
     <span class='ocr_line' id='line_1_53' title="bbox 545 5099 2059 5172; baseline -0.018 -3"><span class='ocrx_word' id='word_1_430' title='bbox 545 5117 636 5172; x_wconf 79' lang='grc'><strong>14.</strong></span> <span class='ocrx_word' id='word_1_431' title='bbox 679 5111 865 5166; x_wconf 86' lang='lat' dir='ltr'><strong>Omnia</strong></span> <span class='ocrx_word' id='word_1_432' title='bbox 880 5122 993 5162; x_wconf 88' lang='lat' dir='ltr'><strong>ossa</strong></span> <span class='ocrx_word' id='word_1_433' title='bbox 1011 5120 1119 5158; x_wconf 83' lang='lat' dir='ltr'><strong>mea</strong></span> <span class='ocrx_word' id='word_1_434' title='bbox 1135 5103 1297 5156; x_wconf 82' lang='lat' dir='ltr'><strong>dicent</strong></span> <span class='ocrx_word' id='word_1_435' title='bbox 1314 5116 1333 5154; x_wconf 91' lang='lat'><strong>:</strong></span> <span class='ocrx_word' id='word_1_436' title='bbox 1358 5099 1589 5165; x_wconf 82' lang='lat' dir='ltr'><strong>Domine,</strong></span> <span class='ocrx_word' id='word_1_437' title='bbox 1611 5100 1722 5169; x_wconf 81' lang='lat' dir='ltr'><strong>quis</strong></span> <span class='ocrx_word' id='word_1_438' title='bbox 1741 5099 1919 5153; x_wconf 63' lang='lat' dir='ltr'><strong>simili;</strong></span> <span class='ocrx_word' id='word_1_439' title='bbox 1934 5099 2021 5152; x_wconf 61' lang='lat' dir='ltr'><strong>(ibi</strong></span> <span class='ocrx_word' id='word_1_440' title='bbox 2033 5100 2059 5154; x_wconf 65' lang='lat'><strong><em>3</em></strong></span> 
     </span>
    </p>
   </div>
   <div class='ocr_carea' id='block_1_54' title="bbox 476 5185 2057 5274">
    <p class='ocr_par' dir='ltr' id='par_1_54' title="bbox 476 5185 2057 5274">
     <span class='ocr_line' id='line_1_54' title="bbox 476 5185 2057 5274; baseline -0.008 -14"><span class='ocrx_word' id='word_1_441' title='bbox 476 5212 519 5264; x_wconf 74' lang='grc' dir='ltr'>υ</span> <span class='ocrx_word' id='word_1_442' title='bbox 548 5221 743 5274; x_wconf 77' lang='lat' dir='ltr'><strong>corpus</strong></span> <span class='ocrx_word' id='word_1_443' title='bbox 769 5185 968 5256; x_wconf 73' lang='lat' dir='ltr'><strong>Chiisti</strong></span> <span class='ocrx_word' id='word_1_444' title='bbox 992 5207 1175 5253; x_wconf 85' lang='lat' dir='ltr'><strong>sancta</strong></span> <span class='ocrx_word' id='word_1_445' title='bbox 1205 5191 1465 5253; x_wconf 79' lang='lat' dir='ltr'><strong>Ecclesia.</strong></span> <span class='ocrx_word' id='word_1_446' title='bbox 1496 5194 1672 5246; x_wconf 81' lang='lat' dir='ltr'><strong>omnia</strong></span> <span class='ocrx_word' id='word_1_447' title='bbox 1708 5208 1827 5249; x_wconf 86' lang='lat' dir='ltr'><strong>ossa</strong></span> <span class='ocrx_word' id='word_1_448' title='bbox 1856 5202 1945 5247; x_wconf 82' lang='lat' dir='ltr'><strong>tua</strong></span> <span class='ocrx_word' id='word_1_449' title='bbox 1970 5192 2057 5248; x_wconf 80' lang='lat' dir='ltr'><strong>di-</strong></span> 
     </span>
    </p>
   </div>
   <div class='ocr_carea' id='block_1_55' title="bbox 475 5285 2056 5360">
    <p class='ocr_par' dir='ltr' id='par_1_55' title="bbox 475 5285 2056 5360">
     <span class='ocr_line' id='line_1_55' title="bbox 475 5285 2056 5360; baseline -0.008 -9"><span class='ocrx_word' id='word_1_450' title='bbox 475 5320 495 5351; x_wconf 72' lang='lat' dir='ltr'><strong>r</strong></span> <span class='ocrx_word' id='word_1_451' title='bbox 511 5310 595 5355; x_wconf 85' lang='lat' dir='ltr'><strong>ant</strong></span> <span class='ocrx_word' id='word_1_452' title='bbox 619 5317 631 5351; x_wconf 87' lang='lat'><strong>:</strong></span> <span class='ocrx_word' id='word_1_453' title='bbox 660 5298 893 5356; x_wconf 83' lang='lat' dir='ltr'><strong>Domme,</strong></span> <span class='ocrx_word' id='word_1_454' title='bbox 935 5291 1049 5360; x_wconf 89' lang='lat' dir='ltr'><strong>quis</strong></span> <span class='ocrx_word' id='word_1_455' title='bbox 1077 5288 1256 5343; x_wconf 86' lang='lat' dir='ltr'><strong>similis</strong></span> <span class='ocrx_word' id='word_1_456' title='bbox 1282 5285 1406 5345; x_wconf 77' lang='lat' dir='ltr'><strong>tibi?</strong></span> <span class='ocrx_word' id='word_1_457' title='bbox 1426 5285 1494 5339; x_wconf 86' lang='lat' dir='ltr'><strong>Et</strong></span> <span class='ocrx_word' id='word_1_458' title='bbox 1518 5285 1563 5339; x_wconf 90' lang='lat' dir='ltr'><strong>si</strong></span> <span class='ocrx_word' id='word_1_459' title='bbox 1587 5299 1776 5339; x_wconf 87' lang='lat' dir='ltr'><strong>carnes</strong></span> <span class='ocrx_word' id='word_1_460' title='bbox 1800 5299 2056 5355; x_wconf 88' lang='lat' dir='ltr'><strong>persecu-</strong></span> 
     </span>
    </p>
   </div>
   <div class='ocr_carea' id='block_1_56' title="bbox 474 5376 2058 5451">
    <p class='ocr_par' dir='ltr' id='par_1_56' title="bbox 474 5376 2058 5451">
     <span class='ocr_line' id='line_1_56' title="bbox 474 5376 2058 5451; baseline -0.007 -10"><span class='ocrx_word' id='word_1_461' title='bbox 474 5395 603 5448; x_wconf 77' lang='grc' dir='ltr'>ιιοηὶ</span> <span class='ocrx_word' id='word_1_462' title='bbox 669 5394 981 5451; x_wconf 74' lang='lat' dir='ltr'><strong>cesserunt,</strong></span> <span class='ocrx_word' id='word_1_463' title='bbox 1026 5396 1146 5436; x_wconf 83' lang='lat' dir='ltr'><strong>ossa</strong></span> <span class='ocrx_word' id='word_1_464' title='bbox 1188 5380 1413 5434; x_wconf 86' lang='lat' dir='ltr'><strong>dicant:</strong></span> <span class='ocrx_word' id='word_1_465' title='bbox 1450 5376 1681 5442; x_wconf 85' lang='lat' dir='ltr'><strong>Domine,</strong></span> <span class='ocrx_word' id='word_1_466' title='bbox 1721 5377 1834 5446; x_wconf 84' lang='lat' dir='ltr'><strong>quis</strong></span> <span class='ocrx_word' id='word_1_467' title='bbox 1877 5376 2058 5431; x_wconf 82' lang='lat' dir='ltr'><strong>similis</strong></span> 
     </span>
    </p>
   </div>
   <div class='ocr_carea' id='block_1_57' title="bbox 474 5466 2060 5553">
    <p class='ocr_par' dir='ltr' id='par_1_57' title="bbox 474 5466 2060 5553">
     <span class='ocr_line' id='line_1_57' title="bbox 474 5466 2060 5553; baseline -0.014 -12"><span class='ocrx_word' id='word_1_468' title='bbox 474 5486 599 5540; x_wconf 73' lang='lat' dir='ltr'><strong>tibi?</strong></span> <span class='ocrx_word' id='word_1_469' title='bbox 618 5486 689 5537; x_wconf 86' lang='lat' dir='ltr'><strong>De</strong></span> <span class='ocrx_word' id='word_1_470' title='bbox 704 5479 858 5549; x_wconf 74' lang='lat' dir='ltr'><strong>iustis</strong></span> <span class='ocrx_word' id='word_1_471' title='bbox 875 5476 1013 5553; x_wconf 70' lang='lat' dir='ltr'><strong>enim</strong></span> <span class='ocrx_word' id='word_1_472' title='bbox 1030 5472 1228 5528; x_wconf 80' lang='lat' dir='ltr'><strong>dictum</strong></span> <span class='ocrx_word' id='word_1_473' title='bbox 1251 5477 1333 5524; x_wconf 89' lang='lat' dir='ltr'><strong>est</strong></span> <span class='ocrx_word' id='word_1_474' title='bbox 1351 5486 1365 5521; x_wconf 85' lang='lat'><strong>:</strong></span> <span class='ocrx_word' id='word_1_475' title='bbox 1391 5467 1569 5539; x_wconf 82' lang='lat' dir='ltr'><strong>Diligit</strong></span> <span class='ocrx_word' id='word_1_476' title='bbox 1584 5470 1604 5499; x_wconf 82' lang='lat'>&#39;</span> <span class='ocrx_word' id='word_1_477' title='bbox 1621 5466 1871 5522; x_wconf 83' lang='lat' dir='ltr'><strong>Dominus</strong></span> <span class='ocrx_word' id='word_1_478' title='bbox 1890 5466 2060 5521; x_wconf 85' lang='lat' dir='ltr'><strong>omnia</strong></span> 
     </span>
    </p>
   </div>
   <div class='ocr_carea' id='block_1_58' title="bbox 474 5557 2055 5638">
    <p class='ocr_par' dir='ltr' id='par_1_58' title="bbox 474 5557 2055 5638">
     <span class='ocr_line' id='line_1_58' title="bbox 474 5557 2055 5638; baseline -0.013 -8"><span class='ocrx_word' id='word_1_479' title='bbox 474 5593 589 5630; x_wconf 78' lang='lat' dir='ltr'><strong>ossa</strong></span> <span class='ocrx_word' id='word_1_480' title='bbox 606 5585 797 5638; x_wconf 73' lang='lat' dir='ltr'><strong>eorum,</strong></span> <span class='ocrx_word' id='word_1_481' title='bbox 822 5584 976 5621; x_wconf 86' lang='lat' dir='ltr'><strong>unum</strong></span> <span class='ocrx_word' id='word_1_482' title='bbox 994 5581 1056 5618; x_wconf 77' lang='lat' dir='ltr'><strong>ea:</strong></span> <span class='ocrx_word' id='word_1_483' title='bbox 1070 5564 1173 5622; x_wconf 75' lang='lat' dir='ltr'><strong>illis</strong></span> <span class='ocrx_word' id='word_1_484' title='bbox 1194 5578 1295 5615; x_wconf 86' lang='lat' dir='ltr'><strong>non</strong></span> <span class='ocrx_word' id='word_1_485' title='bbox 1320 5559 1663 5628; x_wconf 72' lang='lat' dir='ltr'><strong>confringetur</strong></span> <span class='ocrx_word' id='word_1_486' title='bbox 1683 5557 1852 5631; x_wconf 83' lang='lat' dir='ltr'><strong>(Psal.</strong></span> <span class='ocrx_word' id='word_1_487' title='bbox 1872 5573 2055 5623; x_wconf 85' lang='lat' dir='ltr'><strong>xxxut,</strong></span> 
     </span>
    </p>
   </div>
   <div class='ocr_carea' id='block_1_59' title="bbox 520 5714 1196 5786">
    <p class='ocr_par' dir='ltr' id='par_1_59' title="bbox 520 5714 1196 5786">
     <span class='ocr_line' id='line_1_59' title="bbox 520 5714 1196 5786; baseline -0.028 -5"><span class='ocrx_word' id='word_1_488' title='bbox 520 5714 550 5786; x_wconf 55' lang='grc' dir='ltr'>,ἶ</span> <span class='ocrx_word' id='word_1_489' title='bbox 594 5726 775 5786; x_wconf 59' lang='lat' dir='ltr'><strong>Aliqua:</strong></span> <span class='ocrx_word' id='word_1_490' title='bbox 795 5727 928 5775; x_wconf 61' lang='lat' dir='ltr'><strong>Mt}...</strong></span> <span class='ocrx_word' id='word_1_491' title='bbox 964 5723 1196 5786; x_wconf 57' lang='lat' dir='ltr'><strong>aversione.</strong></span> 
     </span>
    </p>
   </div>
   <div class='ocr_carea' id='block_1_60' title="bbox 531 5779 1223 5842">
    <p class='ocr_par' dir='ltr' id='par_1_60' title="bbox 531 5779 1223 5842">
     <span class='ocr_line' id='line_1_60' title="bbox 531 5779 1223 5842; baseline -0.016 -6"><span class='ocrx_word' id='word_1_492' title='bbox 531 5783 553 5813; x_wconf 89' lang='grc'>³</span> <span class='ocrx_word' id='word_1_493' title='bbox 593 5779 847 5837; x_wconf 51' lang='lat' dir='ltr'><strong>rauciores</strong></span> <span class='ocrx_word' id='word_1_494' title='bbox 858 5788 983 5842; x_wconf 69' lang='lat' dir='ltr'><strong>Mss,</strong></span> <span class='ocrx_word' id='word_1_495' title='bbox 1004 5779 1223 5829; x_wconf 78' lang='lat' dir='ltr'><strong>custodit.</strong></span> 
     </span>
    </p>
   </div>
   <div class='ocr_carea' id='block_1_61' title="bbox 1727 311 2524 376">
    <p class='ocr_par' dir='ltr' id='par_1_61' title="bbox 1727 311 2524 376">
     <span class='ocr_line' id='line_1_61' title="bbox 1727 311 2524 376; baseline -0.006 0"><span class='ocrx_word' id='word_1_496' title='bbox 1727 323 1781 376; x_wconf 88' lang='lat' dir='ltr'><strong>S.</strong></span> <span class='ocrx_word' id='word_1_497' title='bbox 1813 311 2177 373; x_wconf 76' lang='lat' dir='ltr'><strong>AUCUSTiNl</strong></span> <span class='ocrx_word' id='word_1_498' title='bbox 2222 314 2524 371; x_wconf 60' lang='lat' dir='ltr'><strong>I‘IPISCOPI</strong></span> 
     </span>
    </p>
   </div>
   <div class='ocr_carea' id='block_1_62' title="bbox 3669 316 3776 372">
    <p class='ocr_par' dir='ltr' id='par_1_62' title="bbox 3669 316 3776 372">
     <span class='ocr_line' id='line_1_62' title="bbox 3669 316 3776 372; baseline -0.019 -1"><span class='ocrx_word' id='word_1_499' title='bbox 3669 316 3776 372; x_wconf 72' lang='lat'><strong>332</strong></span> 
     </span>
    </p>
   </div>
   <div class='ocr_carea' id='block_1_63' title="bbox 2187 424 3773 503">
    <p class='ocr_par' dir='ltr' id='par_1_63' title="bbox 2187 424 3773 503">
     <span class='ocr_line' id='line_1_63' title="bbox 2187 424 3773 503; baseline 0.008 -26"><span class='ocrx_word' id='word_1_500' title='bbox 2187 424 2301 493; x_wconf 75' lang='lat' dir='ltr'><strong>2i).</strong></span> <span class='ocrx_word' id='word_1_501' title='bbox 2325 426 2489 494; x_wconf 82' lang='lat' dir='ltr'><strong>Quam</strong></span> <span class='ocrx_word' id='word_1_502' title='bbox 2513 429 2694 487; x_wconf 86' lang='lat' dir='ltr'><strong>multis</strong></span> <span class='ocrx_word' id='word_1_503' title='bbox 2706 430 2864 503; x_wconf 80' lang='lat' dir='ltr'><strong>justis</strong></span> <span class='ocrx_word' id='word_1_504' title='bbox 2888 436 2940 487; x_wconf 91' lang='lat' dir='ltr'><strong>in</strong></span> <span class='ocrx_word' id='word_1_505' title='bbox 2968 436 3339 502; x_wconf 76' lang='lat' dir='ltr'><strong>persecutione</strong></span> <span class='ocrx_word' id='word_1_506' title='bbox 3358 449 3480 490; x_wconf 85' lang='lat' dir='ltr'><strong>ossa</strong></span> <span class='ocrx_word' id='word_1_507' title='bbox 3503 435 3773 490; x_wconf 77' lang='lat' dir='ltr'><strong>confracta</strong></span> 
     </span>
    </p>
   </div>
   <div class='ocr_carea' id='block_1_64' title="bbox 2184 516 3777 598">
    <p class='ocr_par' dir='ltr' id='par_1_64' title="bbox 2184 516 3777 598">
     <span class='ocr_line' id='line_1_64' title="bbox 2184 516 3777 598; baseline 0.01 -31"><span class='ocrx_word' id='word_1_508' title='bbox 2184 526 2302 569; x_wconf 85' lang='lat' dir='ltr'><strong>sunt</strong></span> <span class='ocrx_word' id='word_1_509' title='bbox 2326 520 2342 573; x_wconf 84' lang='grc' dir='ltr'><strong>ι</strong></span> <span class='ocrx_word' id='word_1_510' title='bbox 2371 516 2663 584; x_wconf 79' lang='lat' dir='ltr'><strong>Postremo,</strong></span> <span class='ocrx_word' id='word_1_511' title='bbox 2707 521 2884 591; x_wconf 90' lang='lat' dir='ltr'><strong>justus</strong></span> <span class='ocrx_word' id='word_1_512' title='bbox 2920 539 2985 578; x_wconf 84' lang='lat' dir='ltr'><strong>ex</strong></span> <span class='ocrx_word' id='word_1_513' title='bbox 3011 524 3116 580; x_wconf 80' lang='lat' dir='ltr'><strong>[ide</strong></span> <span class='ocrx_word' id='word_1_514' title='bbox 3139 524 3268 579; x_wconf 80' lang='lat' dir='ltr'><strong>vivit</strong></span> <span class='ocrx_word' id='word_1_515' title='bbox 3293 526 3469 594; x_wconf 82' lang='lat' dir='ltr'><strong>(Rom.</strong></span> <span class='ocrx_word' id='word_1_516' title='bbox 3499 541 3537 591; x_wconf 90' lang='lat' dir='ltr'><strong>I,</strong></span> <span class='ocrx_word' id='word_1_517' title='bbox 3575 525 3692 598; x_wconf 79' lang='grc' dir='ltr'><strong>ΓΙ),</strong></span> <span class='ocrx_word' id='word_1_518' title='bbox 3718 537 3777 583; x_wconf 86' lang='lat' dir='ltr'><strong>et</strong></span> 
     </span>
    </p>
   </div>
   <div class='ocr_carea' id='block_1_65' title="bbox 2183 602 3775 687">
    <p class='ocr_par' dir='ltr' id='par_1_65' title="bbox 2183 602 3775 687">
     <span class='ocr_line' id='line_1_65' title="bbox 2183 602 3775 687; baseline 0.012 -31"><span class='ocrx_word' id='word_1_519' title='bbox 2183 602 2427 662; x_wconf 82' lang='lat' dir='ltr'><strong>Chrisuis</strong></span> <span class='ocrx_word' id='word_1_520' title='bbox 2452 606 2710 676; x_wconf 81' lang='lat' dir='ltr'><strong>justiticat</strong></span> <span class='ocrx_word' id='word_1_521' title='bbox 2734 614 2953 684; x_wconf 90' lang='lat' dir='ltr'><strong>impium</strong></span> <span class='ocrx_word' id='word_1_522' title='bbox 2987 614 3096 684; x_wconf 86' lang='lat' dir='ltr'><strong>(Id.</strong></span> <span class='ocrx_word' id='word_1_523' title='bbox 3128 632 3205 683; x_wconf 83' lang='lat' dir='ltr'><strong>tv,</strong></span> <span class='ocrx_word' id='word_1_524' title='bbox 3245 618 3322 687; x_wconf 83' lang='grc'><strong>5).</strong></span> <span class='ocrx_word' id='word_1_525' title='bbox 3357 618 3636 685; x_wconf 88' lang='lat' dir='ltr'><strong>Quomodo</strong></span> <span class='ocrx_word' id='word_1_526' title='bbox 3675 636 3775 675; x_wconf 77' lang='lat' dir='ltr'><strong>au-</strong></span> 
     </span>
    </p>
   </div>
   <div class='ocr_carea' id='block_1_66' title="bbox 2183 698 3774 784">
    <p class='ocr_par' dir='ltr' id='par_1_66' title="bbox 2183 698 3774 784">
     <span class='ocr_line' id='line_1_66' title="bbox 2183 698 3774 784; baseline 0.013 -36"><span class='ocrx_word' id='word_1_527' title='bbox 2183 704 2289 750; x_wconf 89' lang='lat' dir='ltr'><strong>tem</strong></span> <span class='ocrx_word' id='word_1_528' title='bbox 2325 698 2602 769; x_wconf 81' lang='lat' dir='ltr'><strong>justiﬁeat,</strong></span> <span class='ocrx_word' id='word_1_529' title='bbox 2650 704 2747 759; x_wconf 90' lang='lat' dir='ltr'><strong>nisi</strong></span> <span class='ocrx_word' id='word_1_530' title='bbox 2791 706 3101 764; x_wconf 90' lang='lat' dir='ltr'><strong>credentem</strong></span> <span class='ocrx_word' id='word_1_531' title='bbox 3140 718 3197 766; x_wconf 89' lang='lat' dir='ltr'><strong>et</strong></span> <span class='ocrx_word' id='word_1_532' title='bbox 3226 711 3610 769; x_wconf 76' lang='lat' dir='ltr'><strong>cOiilitentem?</strong></span> <span class='ocrx_word' id='word_1_533' title='bbox 3634 715 3774 784; x_wconf 84' lang='lat' dir='ltr'><strong>Quia</strong></span> 
     </span>
    </p>
   </div>
   <div class='ocr_carea' id='block_1_67' title="bbox 2181 790 3775 869">
    <p class='ocr_par' dir='ltr' id='par_1_67' title="bbox 2181 790 3775 869">
     <span class='ocr_line' id='line_1_67' title="bbox 2181 790 3775 869; baseline 0.014 -27"><span class='ocrx_word' id='word_1_534' title='bbox 2181 790 2343 844; x_wconf 88' lang='lat' dir='ltr'><strong>corde</strong></span> <span class='ocrx_word' id='word_1_535' title='bbox 2368 793 2606 849; x_wconf 87' lang='lat' dir='ltr'><strong>creditur</strong></span> <span class='ocrx_word' id='word_1_536' title='bbox 2646 797 2712 851; x_wconf 88' lang='lat' dir='ltr'><strong>ad</strong></span> <span class='ocrx_word' id='word_1_537' title='bbox 2756 798 3034 869; x_wconf 85' lang='lat' dir='ltr'><strong>justitiam,</strong></span> <span class='ocrx_word' id='word_1_538' title='bbox 3061 819 3157 860; x_wconf 89' lang='lat' dir='ltr'><strong>ore</strong></span> <span class='ocrx_word' id='word_1_539' title='bbox 3190 814 3369 860; x_wconf 87' lang='lat' dir='ltr'><strong>autem</strong></span> <span class='ocrx_word' id='word_1_540' title='bbox 3412 808 3685 864; x_wconf 72' lang='lat' dir='ltr'><strong>confessio</strong></span> <span class='ocrx_word' id='word_1_541' title='bbox 3708 810 3775 864; x_wconf 81' lang='lat' dir='ltr'><strong>lit</strong></span> 
     </span>
    </p>
   </div>
   <div class='ocr_carea' id='block_1_68' title="bbox 2183 880 3771 970">
    <p class='ocr_par' dir='ltr' id='par_1_68' title="bbox 2183 880 3771 970">
     <span class='ocr_line' id='line_1_68' title="bbox 2183 880 3771 970; baseline 0.016 -38"><span class='ocrx_word' id='word_1_542' title='bbox 2183 880 2247 970; x_wconf 82' lang='lat' dir='ltr'><strong>ad</strong></span> <span class='ocrx_word' id='word_1_543' title='bbox 2270 883 2495 938; x_wconf 88' lang='lat' dir='ltr'><strong>salutem</strong></span> <span class='ocrx_word' id='word_1_544' title='bbox 2518 885 2627 956; x_wconf 87' lang='lat' dir='ltr'><strong>(Id.</strong></span> <span class='ocrx_word' id='word_1_545' title='bbox 2653 904 2708 957; x_wconf 84' lang='lat' dir='ltr'><strong>x,</strong></span> <span class='ocrx_word' id='word_1_546' title='bbox 2740 891 2853 961; x_wconf 75' lang='grc'><strong>10).</strong></span> <span class='ocrx_word' id='word_1_547' title='bbox 2888 892 3031 963; x_wconf 83' lang='lat' dir='ltr'><strong>Ergo</strong></span> <span class='ocrx_word' id='word_1_548' title='bbox 3059 905 3113 949; x_wconf 90' lang='lat' dir='ltr'><strong>ct</strong></span> <span class='ocrx_word' id='word_1_549' title='bbox 3140 896 3226 951; x_wconf 90' lang='lat' dir='ltr'><strong>ille</strong></span> <span class='ocrx_word' id='word_1_550' title='bbox 3254 896 3405 961; x_wconf 89' lang='lat' dir='ltr'><strong>latro,</strong></span> <span class='ocrx_word' id='word_1_551' title='bbox 3435 902 3681 970; x_wconf 81' lang='lat' dir='ltr'><strong>quamvis</strong></span> <span class='ocrx_word' id='word_1_552' title='bbox 3700 916 3771 957; x_wconf 87' lang='lat' dir='ltr'><strong>ex</strong></span> 
     </span>
    </p>
   </div>
   <div class='ocr_carea' id='block_1_69' title="bbox 2180 968 3768 1059">
    <p class='ocr_par' dir='ltr' id='par_1_69' title="bbox 2180 968 3768 1059">
     <span class='ocr_line' id='line_1_69' title="bbox 2180 968 3768 1059; baseline 0.015 -37"><span class='ocrx_word' id='word_1_553' title='bbox 2180 968 2458 1027; x_wconf 88' lang='lat' dir='ltr'><strong>latrocinio</strong></span> <span class='ocrx_word' id='word_1_554' title='bbox 2485 975 2676 1034; x_wconf 87' lang='lat' dir='ltr'><strong>ductus</strong></span> <span class='ocrx_word' id='word_1_555' title='bbox 2704 980 2769 1035; x_wconf 84' lang='lat' dir='ltr'><strong>ad</strong></span> <span class='ocrx_word' id='word_1_556' title='bbox 2791 981 3048 1050; x_wconf 78' lang='lat' dir='ltr'><strong>judicent,</strong></span> <span class='ocrx_word' id='word_1_557' title='bbox 3076 994 3133 1039; x_wconf 87' lang='lat' dir='ltr'><strong>et</strong></span> <span class='ocrx_word' id='word_1_558' title='bbox 3167 986 3402 1057; x_wconf 85' lang='lat' dir='ltr'><strong>a&#39;judicc</strong></span> <span class='ocrx_word' id='word_1_559' title='bbox 3439 968 3493 1044; x_wconf 74' lang='lat' dir='ltr'><strong>iu</strong></span> <span class='ocrx_word' id='word_1_560' title='bbox 3526 1004 3768 1059; x_wconf 83' lang='lat' dir='ltr'><strong>crucem,</strong></span> 
     </span>
    </p>
   </div>
   <div class='ocr_carea' id='block_1_70' title="bbox 2182 1063 3768 1149">
    <p class='ocr_par' dir='ltr' id='par_1_70' title="bbox 2182 1063 3768 1149">
     <span class='ocr_line' id='line_1_70' title="bbox 2182 1063 3768 1149; baseline 0.016 -37"><span class='ocrx_word' id='word_1_561' title='bbox 2182 1069 2359 1116; x_wconf 89' lang='lat' dir='ltr'><strong>tamen</strong></span> <span class='ocrx_word' id='word_1_562' title='bbox 2403 1063 2455 1119; x_wconf 91' lang='lat' dir='ltr'><strong>in</strong></span> <span class='ocrx_word' id='word_1_563' title='bbox 2499 1064 2616 1135; x_wconf 88' lang='lat' dir='ltr'><strong>ipsa</strong></span> <span class='ocrx_word' id='word_1_564' title='bbox 2658 1084 2816 1126; x_wconf 88' lang='lat' dir='ltr'><strong>cruce</strong></span> <span class='ocrx_word' id='word_1_565' title='bbox 2842 1072 3161 1143; x_wconf 80' lang='lat' dir='ltr'><strong>justilicatus</strong></span> <span class='ocrx_word' id='word_1_566' title='bbox 3180 1089 3294 1133; x_wconf 85' lang='lat' dir='ltr'><strong>est:</strong></span> <span class='ocrx_word' id='word_1_567' title='bbox 3320 1081 3483 1136; x_wconf 87' lang='lat' dir='ltr'><strong>corde</strong></span> <span class='ocrx_word' id='word_1_568' title='bbox 3509 1082 3768 1149; x_wconf 85' lang='lat' dir='ltr'><strong>credidit,</strong></span> 
     </span>
    </p>
   </div>
   <div class='ocr_carea' id='block_1_71' title="bbox 2177 1156 3768 1245">
    <p class='ocr_par' dir='ltr' id='par_1_71' title="bbox 2177 1156 3768 1245">
     <span class='ocr_line' id='line_1_71' title="bbox 2177 1156 3768 1245; baseline 0.014 -40"><span class='ocrx_word' id='word_1_569' title='bbox 2177 1166 2274 1207; x_wconf 92' lang='lat' dir='ltr'><strong>ore</strong></span> <span class='ocrx_word' id='word_1_570' title='bbox 2302 1158 2576 1214; x_wconf 79' lang='lat' dir='ltr'><strong>confessus</strong></span> <span class='ocrx_word' id='word_1_571' title='bbox 2598 1172 2697 1216; x_wconf 90' lang='lat' dir='ltr'><strong>est.</strong></span> <span class='ocrx_word' id='word_1_572' title='bbox 2730 1163 2913 1235; x_wconf 87' lang='lat' dir='ltr'><strong>Neque</strong></span> <span class='ocrx_word' id='word_1_573' title='bbox 2934 1168 3077 1223; x_wconf 88' lang='lat' dir='ltr'><strong>enim</strong></span> <span class='ocrx_word' id='word_1_574' title='bbox 3108 1170 3306 1239; x_wconf 90' lang='lat' dir='ltr'><strong>injusto</strong></span> <span class='ocrx_word' id='word_1_575' title='bbox 3331 1156 3517 1228; x_wconf 89' lang='lat' dir='ltr'><strong>etnon</strong></span> <span class='ocrx_word' id='word_1_576' title='bbox 3537 1173 3648 1243; x_wconf 88' lang='lat' dir='ltr'><strong>jam</strong></span> <span class='ocrx_word' id='word_1_577' title='bbox 3672 1174 3768 1245; x_wconf 84' lang='lat' dir='ltr'><strong>ju-</strong></span> 
     </span>
    </p>
   </div>
   <div class='ocr_carea' id='block_1_72' title="bbox 2179 1242 3850 1334">
    <p class='ocr_par' dir='ltr' id='par_1_72' title="bbox 2179 1242 3850 1334">
     <span class='ocr_line' id='line_1_72' title="bbox 2179 1242 3850 1334; baseline 0.017 -40"><span class='ocrx_word' id='word_1_578' title='bbox 2179 1242 2411 1300; x_wconf 85' lang='lat' dir='ltr'><strong>slilicato</strong></span> <span class='ocrx_word' id='word_1_579' title='bbox 2443 1243 2646 1307; x_wconf 87' lang='lat' dir='ltr'><strong>diceret</strong></span> <span class='ocrx_word' id='word_1_580' title='bbox 2667 1253 2953 1314; x_wconf 85' lang='lat' dir='ltr'><strong>Dominus:</strong></span> <span class='ocrx_word' id='word_1_581' title='bbox 2980 1259 3149 1315; x_wconf 80' lang='lat' dir='ltr'><strong>Hodie</strong></span> <span class='ocrx_word' id='word_1_582' title='bbox 3176 1278 3369 1316; x_wconf 79' lang='lat' dir='ltr'><strong>mecum</strong></span> <span class='ocrx_word' id='word_1_583' title='bbox 3405 1265 3503 1318; x_wconf 86' lang='lat' dir='ltr'><strong>eris</strong></span> <span class='ocrx_word' id='word_1_584' title='bbox 3529 1242 3582 1319; x_wconf 86' lang='lat' dir='ltr'><strong>in</strong></span> <span class='ocrx_word' id='word_1_585' title='bbox 3610 1242 3771 1334; x_wconf 60' lang='lat' dir='ltr'><strong>para-</strong></span> <span class='ocrx_word' id='word_1_586' title='bbox 3846 1283 3850 1285; x_wconf 74' lang='lat'><em>‘</em></span> 
     </span>
    </p>
   </div>
   <div class='ocr_carea' id='block_1_73' title="bbox 2179 1334 3767 1426">
    <p class='ocr_par' dir='ltr' id='par_1_73' title="bbox 2179 1334 3767 1426">
     <span class='ocr_line' id='line_1_73' title="bbox 2179 1334 3767 1426; baseline 0.02 -42"><span class='ocrx_word' id='word_1_587' title='bbox 2179 1334 2289 1387; x_wconf 80' lang='lat' dir='ltr'><strong>disc</strong></span> <span class='ocrx_word' id='word_1_588' title='bbox 2316 1337 2467 1407; x_wconf 86' lang='lat' dir='ltr'><strong>(Luc.</strong></span> <span class='ocrx_word' id='word_1_589' title='bbox 2501 1358 2651 1410; x_wconf 87' lang='lat' dir='ltr'><strong>xxtu,</strong></span> <span class='ocrx_word' id='word_1_590' title='bbox 2690 1345 2782 1419; x_wconf 73' lang='grc'><strong>45)</strong></span> <span class='ocrx_word' id='word_1_591' title='bbox 2808 1365 2821 1401; x_wconf 93' lang='lat'><strong>:</strong></span> <span class='ocrx_word' id='word_1_592' title='bbox 2850 1358 2905 1403; x_wconf 90' lang='lat' dir='ltr'><strong>et</strong></span> <span class='ocrx_word' id='word_1_593' title='bbox 2949 1358 3125 1408; x_wconf 89' lang='lat' dir='ltr'><strong>tamen</strong></span> <span class='ocrx_word' id='word_1_594' title='bbox 3171 1367 3292 1410; x_wconf 74' lang='lat' dir='ltr'><strong>Ossa</strong></span> <span class='ocrx_word' id='word_1_595' title='bbox 3335 1355 3451 1425; x_wconf 85' lang='lat' dir='ltr'><strong>ejus</strong></span> <span class='ocrx_word' id='word_1_596' title='bbox 3492 1356 3767 1426; x_wconf 77' lang='lat' dir='ltr'><strong>confracta</strong></span> 
     </span>
    </p>
   </div>
   <div class='ocr_carea' id='block_1_74' title="bbox 2177 1428 3766 1525">
    <p class='ocr_par' dir='ltr' id='par_1_74' title="bbox 2177 1428 3766 1525">
     <span class='ocr_line' id='line_1_74' title="bbox 2177 1428 3766 1525; baseline 0.019 -46"><span class='ocrx_word' id='word_1_597' title='bbox 2177 1436 2321 1480; x_wconf 89' lang='lat' dir='ltr'><strong>sunt.</strong></span> <span class='ocrx_word' id='word_1_598' title='bbox 2353 1428 2483 1485; x_wconf 90' lang='lat' dir='ltr'><strong>Nam</strong></span> <span class='ocrx_word' id='word_1_599' title='bbox 2508 1437 2721 1504; x_wconf 90' lang='lat' dir='ltr'><strong>quando</strong></span> <span class='ocrx_word' id='word_1_600' title='bbox 2752 1451 2965 1495; x_wconf 87' lang='lat' dir='ltr'><strong>ventum</strong></span> <span class='ocrx_word' id='word_1_601' title='bbox 2995 1452 3078 1499; x_wconf 85' lang='lat' dir='ltr'><strong>est</strong></span> <span class='ocrx_word' id='word_1_602' title='bbox 3102 1454 3159 1499; x_wconf 89' lang='lat' dir='ltr'><strong>ut</strong></span> <span class='ocrx_word' id='word_1_603' title='bbox 3178 1462 3399 1518; x_wconf 89' lang='lat' dir='ltr'><strong>corpora</strong></span> <span class='ocrx_word' id='word_1_604' title='bbox 3430 1448 3766 1525; x_wconf 84' lang='lat' dir='ltr'><strong>deponeren-</strong></span> 
     </span>
    </p>
   </div>
   <div class='ocr_carea' id='block_1_75' title="bbox 2178 1523 3764 1601">
    <p class='ocr_par' dir='ltr' id='par_1_75' title="bbox 2178 1523 3764 1601">
     <span class='ocr_line' id='line_1_75' title="bbox 2178 1523 3764 1601; baseline 0.02 -31"><span class='ocrx_word' id='word_1_605' title='bbox 2178 1524 2262 1572; x_wconf 90' lang='lat' dir='ltr'><strong>tur</strong></span> <span class='ocrx_word' id='word_1_606' title='bbox 2288 1536 2444 1575; x_wconf 87' lang='lat' dir='ltr'><strong>causa</strong></span> <span class='ocrx_word' id='word_1_607' title='bbox 2476 1523 2802 1584; x_wconf 86' lang='lat' dir='ltr'><strong>imminentis</strong></span> <span class='ocrx_word' id='word_1_608' title='bbox 2840 1532 3067 1601; x_wconf 88' lang='lat' dir='ltr'><strong>sabbati,</strong></span> <span class='ocrx_word' id='word_1_609' title='bbox 3109 1537 3356 1595; x_wconf 87' lang='lat' dir='ltr'><strong>inventus</strong></span> <span class='ocrx_word' id='word_1_610' title='bbox 3392 1551 3474 1596; x_wconf 87' lang='lat' dir='ltr'><strong>est</strong></span> <span class='ocrx_word' id='word_1_611' title='bbox 3504 1523 3764 1601; x_wconf 87' lang='lat' dir='ltr'><strong>Dominus</strong></span> 
     </span>
    </p>
   </div>
   <div class='ocr_carea' id='block_1_76' title="bbox 2172 1606 3761 1708">
    <p class='ocr_par' dir='ltr' id='par_1_76' title="bbox 2172 1606 3761 1708">
     <span class='ocr_line' id='line_1_76' title="bbox 2172 1606 3761 1708; baseline 0.02 -49"><span class='ocrx_word' id='word_1_612' title='bbox 2172 1606 2281 1677; x_wconf 85' lang='lat' dir='ltr'><strong>jam</strong></span> <span class='ocrx_word' id='word_1_613' title='bbox 2306 1613 2589 1683; x_wconf 70' lang='lat' dir='ltr'><strong>exanimis,</strong></span> <span class='ocrx_word' id='word_1_614' title='bbox 2618 1626 2672 1673; x_wconf 91' lang='lat' dir='ltr'><strong>et</strong></span> <span class='ocrx_word' id='word_1_615' title='bbox 2687 1635 2795 1674; x_wconf 90' lang='lat' dir='ltr'><strong>non</strong></span> <span class='ocrx_word' id='word_1_616' title='bbox 2814 1634 2938 1677; x_wconf 89' lang='lat' dir='ltr'><strong>sunt</strong></span> <span class='ocrx_word' id='word_1_617' title='bbox 2962 1640 3083 1680; x_wconf 89' lang='lat' dir='ltr'><strong>ossa</strong></span> <span class='ocrx_word' id='word_1_618' title='bbox 3104 1627 3220 1698; x_wconf 86' lang='lat' dir='ltr'><strong>ejus</strong></span> <span class='ocrx_word' id='word_1_619' title='bbox 3236 1632 3557 1687; x_wconf 87' lang='lat' dir='ltr'><strong>comminuta</strong></span> <span class='ocrx_word' id='word_1_620' title='bbox 3574 1632 3761 1708; x_wconf 79' lang='lat' dir='ltr'><strong>(Joan.</strong></span> 
     </span>
    </p>
   </div>
   <div class='ocr_carea' id='block_1_77' title="bbox 2176 1703 3759 1793">
    <p class='ocr_par' dir='ltr' id='par_1_77' title="bbox 2176 1703 3759 1793">
     <span class='ocr_line' id='line_1_77' title="bbox 2176 1703 3759 1793; baseline 0.019 -41"><span class='ocrx_word' id='word_1_621' title='bbox 2176 1713 2285 1765; x_wconf 82' lang='lat' dir='ltr'><strong>xix,</strong></span> <span class='ocrx_word' id='word_1_622' title='bbox 2314 1703 2427 1776; x_wconf 77' lang='lat'><strong>53).</strong></span> <span class='ocrx_word' id='word_1_623' title='bbox 2468 1704 2548 1761; x_wconf 86' lang='lat' dir='ltr'><strong>Illi</strong></span> <span class='ocrx_word' id='word_1_624' title='bbox 2592 1719 2769 1765; x_wconf 88' lang='lat' dir='ltr'><strong>autem</strong></span> <span class='ocrx_word' id='word_1_625' title='bbox 2814 1714 2906 1784; x_wconf 90' lang='lat' dir='ltr'><strong>qui</strong></span> <span class='ocrx_word' id='word_1_626' title='bbox 2950 1716 3217 1786; x_wconf 89' lang='lat' dir='ltr'><strong>vivebant,</strong></span> <span class='ocrx_word' id='word_1_627' title='bbox 3255 1731 3314 1776; x_wconf 89' lang='lat' dir='ltr'><strong>ut</strong></span> <span class='ocrx_word' id='word_1_628' title='bbox 3337 1703 3759 1793; x_wconf 82' lang='lat' dir='ltr'><strong>deponerentur,</strong></span> 
     </span>
    </p>
   </div>
   <div class='ocr_carea' id='block_1_78' title="bbox 2173 1791 3764 1888">
    <p class='ocr_par' dir='ltr' id='par_1_78' title="bbox 2173 1791 3764 1888">
     <span class='ocr_line' id='line_1_78' title="bbox 2173 1791 3764 1888; baseline 0.019 -43"><span class='ocrx_word' id='word_1_629' title='bbox 2173 1791 2441 1847; x_wconf 80' lang='lat' dir='ltr'><strong>confracta</strong></span> <span class='ocrx_word' id='word_1_630' title='bbox 2457 1797 2536 1851; x_wconf 89' lang='lat' dir='ltr'><strong>eis</strong></span> <span class='ocrx_word' id='word_1_631' title='bbox 2556 1810 2678 1855; x_wconf 89' lang='lat' dir='ltr'><strong>sunt</strong></span> <span class='ocrx_word' id='word_1_632' title='bbox 2697 1817 2872 1872; x_wconf 87' lang='lat' dir='ltr'><strong>crura,</strong></span> <span class='ocrx_word' id='word_1_633' title='bbox 2902 1817 2959 1861; x_wconf 88' lang='lat' dir='ltr'><strong>ut</strong></span> <span class='ocrx_word' id='word_1_634' title='bbox 2985 1807 3087 1864; x_wconf 85' lang='lat' dir='ltr'><strong>hoc</strong></span> <span class='ocrx_word' id='word_1_635' title='bbox 3111 1811 3295 1867; x_wconf 88' lang='lat' dir='ltr'><strong>dolore</strong></span> <span class='ocrx_word' id='word_1_636' title='bbox 3320 1791 3515 1871; x_wconf 81' lang='lat' dir='ltr'><strong>mortui</strong></span> <span class='ocrx_word' id='word_1_637' title='bbox 3538 1833 3764 1888; x_wconf 82' lang='lat' dir='ltr'><strong>possent</strong></span> 
     </span>
    </p>
   </div>
   <div class='ocr_carea' id='block_1_79' title="bbox 2172 1884 3760 1973">
    <p class='ocr_par' dir='ltr' id='par_1_79' title="bbox 2172 1884 3760 1973">
     <span class='ocr_line' id='line_1_79' title="bbox 2172 1884 3760 1973; baseline 0.02 -39"><span class='ocrx_word' id='word_1_638' title='bbox 2172 1884 2407 1951; x_wconf 80' lang='lat' dir='ltr'><strong>sepeliri.</strong></span> <span class='ocrx_word' id='word_1_639' title='bbox 2429 1886 2694 1961; x_wconf 86' lang='lat' dir='ltr'><strong>Numquid</strong></span> <span class='ocrx_word' id='word_1_640' title='bbox 2724 1896 2879 1951; x_wconf 90' lang='lat' dir='ltr'><strong>unius</strong></span> <span class='ocrx_word' id='word_1_641' title='bbox 2907 1898 3127 1956; x_wconf 87' lang='lat' dir='ltr'><strong>latronis</strong></span> <span class='ocrx_word' id='word_1_642' title='bbox 3156 1904 3247 1973; x_wconf 89' lang='lat' dir='ltr'><strong>qui</strong></span> <span class='ocrx_word' id='word_1_643' title='bbox 3273 1884 3629 1973; x_wconf 78' lang='lat' dir='ltr'><strong>perseveravit</strong></span> <span class='ocrx_word' id='word_1_644' title='bbox 3649 1911 3760 1965; x_wconf 83' lang='lat' dir='ltr'><strong>im-</strong></span> 
     </span>
    </p>
   </div>
   <div class='ocr_carea' id='block_1_80' title="bbox 2173 1972 3761 2061">
    <p class='ocr_par' dir='ltr' id='par_1_80' title="bbox 2173 1972 3761 2061">
     <span class='ocr_line' id='line_1_80' title="bbox 2173 1972 3761 2061; baseline 0.021 -35"><span class='ocrx_word' id='word_1_645' title='bbox 2173 1972 2291 2042; x_wconf 81' lang='lat' dir='ltr'><strong>pius</strong></span> <span class='ocrx_word' id='word_1_646' title='bbox 2315 1975 2367 2030; x_wconf 92' lang='lat' dir='ltr'><strong>in</strong></span> <span class='ocrx_word' id='word_1_647' title='bbox 2398 1992 2576 2047; x_wconf 86' lang='lat' dir='ltr'><strong>cruce,</strong></span> <span class='ocrx_word' id='word_1_648' title='bbox 2607 1985 2876 2043; x_wconf 77' lang='lat' dir='ltr'><strong>confracta</strong></span> <span class='ocrx_word' id='word_1_649' title='bbox 2896 2000 3020 2061; x_wconf 84' lang='lat' dir='ltr'><strong>sunt</strong></span> <span class='ocrx_word' id='word_1_650' title='bbox 3040 1972 3187 2060; x_wconf 75' lang='lat' dir='ltr'><strong>ossa,</strong></span> <span class='ocrx_word' id='word_1_651' title='bbox 3210 2007 3264 2051; x_wconf 90' lang='lat' dir='ltr'><strong>et</strong></span> <span class='ocrx_word' id='word_1_652' title='bbox 3276 1972 3393 2052; x_wconf 81' lang='lat' dir='ltr'><strong>non</strong></span> <span class='ocrx_word' id='word_1_653' title='bbox 3423 2001 3582 2057; x_wconf 85' lang='lat' dir='ltr'><strong>etiam</strong></span> <span class='ocrx_word' id='word_1_654' title='bbox 3611 2002 3761 2059; x_wconf 80' lang='lat' dir='ltr'><strong>illius</strong></span> 
     </span>
    </p>
   </div>
   <div class='ocr_carea' id='block_1_81' title="bbox 2172 2066 3757 2150">
    <p class='ocr_par' dir='ltr' id='par_1_81' title="bbox 2172 2066 3757 2150">
     <span class='ocr_line' id='line_1_81' title="bbox 2172 2066 3757 2150; baseline 0.02 -32"><span class='ocrx_word' id='word_1_655' title='bbox 2172 2066 2262 2135; x_wconf 86' lang='lat' dir='ltr'><strong>qui</strong></span> <span class='ocrx_word' id='word_1_656' title='bbox 2287 2068 2449 2125; x_wconf 89' lang='lat' dir='ltr'><strong>corde</strong></span> <span class='ocrx_word' id='word_1_657' title='bbox 2485 2074 2710 2130; x_wconf 87' lang='lat' dir='ltr'><strong>credidit</strong></span> <span class='ocrx_word' id='word_1_658' title='bbox 2752 2078 2819 2133; x_wconf 89' lang='lat' dir='ltr'><strong>ad</strong></span> <span class='ocrx_word' id='word_1_659' title='bbox 2844 2080 3127 2150; x_wconf 84' lang='lat' dir='ltr'><strong>justitiam,</strong></span> <span class='ocrx_word' id='word_1_660' title='bbox 3158 2101 3253 2143; x_wconf 90' lang='lat' dir='ltr'><strong>ore</strong></span> <span class='ocrx_word' id='word_1_661' title='bbox 3276 2089 3551 2146; x_wconf 74' lang='lat' dir='ltr'><strong>confessus</strong></span> <span class='ocrx_word' id='word_1_662' title='bbox 3574 2101 3659 2148; x_wconf 86' lang='lat' dir='ltr'><strong>est</strong></span> <span class='ocrx_word' id='word_1_663' title='bbox 3685 2096 3757 2150; x_wconf 88' lang='lat' dir='ltr'><strong>ad</strong></span> 
     </span>
    </p>
   </div>
   <div class='ocr_carea' id='block_1_82' title="bbox 2174 2350 3757 2448">
    <p class='ocr_par' dir='ltr' id='par_1_82' title="bbox 2174 2350 3757 2448">
     <span class='ocr_line' id='line_1_82' title="bbox 2174 2350 3757 2448; baseline 0.02 -45"><span class='ocrx_word' id='word_1_664' title='bbox 2174 2350 2345 2423; x_wconf 84' lang='lat' dir='ltr'><strong>(Psal.</strong></span> <span class='ocrx_word' id='word_1_665' title='bbox 2368 2371 2565 2425; x_wconf 86' lang='lat' dir='ltr'><strong>xxxtu,</strong></span> <span class='ocrx_word' id='word_1_666' title='bbox 2591 2357 2715 2430; x_wconf 74' lang='lat'><strong>21);</strong></span> <span class='ocrx_word' id='word_1_667' title='bbox 2744 2362 2847 2417; x_wconf 87' lang='lat' dir='ltr'><strong>nisi</strong></span> <span class='ocrx_word' id='word_1_668' title='bbox 2870 2365 2991 2434; x_wconf 90' lang='lat' dir='ltr'><strong>quia</strong></span> <span class='ocrx_word' id='word_1_669' title='bbox 3018 2381 3139 2422; x_wconf 90' lang='lat' dir='ltr'><strong>ossa</strong></span> <span class='ocrx_word' id='word_1_670' title='bbox 3166 2368 3418 2427; x_wconf 89' lang='lat' dir='ltr'><strong>dicuntur</strong></span> <span class='ocrx_word' id='word_1_671' title='bbox 3446 2373 3497 2429; x_wconf 90' lang='lat' dir='ltr'><strong>in</strong></span> <span class='ocrx_word' id='word_1_672' title='bbox 3526 2391 3757 2448; x_wconf 88' lang='lat' dir='ltr'><strong>corpore</strong></span> 
     </span>
    </p>
   </div>
   <div class='ocr_carea' id='block_1_83' title="bbox 2170 2444 3755 2538">
    <p class='ocr_par' dir='ltr' id='par_1_83' title="bbox 2170 2444 3755 2538">
     <span class='ocr_line' id='line_1_83' title="bbox 2170 2444 3755 2538; baseline 0.019 -41"><span class='ocrx_word' id='word_1_673' title='bbox 2170 2444 2380 2501; x_wconf 87' lang='lat' dir='ltr'><strong>Domini</strong></span> <span class='ocrx_word' id='word_1_674' title='bbox 2400 2463 2587 2504; x_wconf 85' lang='lat' dir='ltr'><strong>omnes</strong></span> <span class='ocrx_word' id='word_1_675' title='bbox 2611 2450 2765 2521; x_wconf 87' lang='lat' dir='ltr'><strong>justi,</strong></span> <span class='ocrx_word' id='word_1_676' title='bbox 2794 2453 2932 2511; x_wconf 83' lang='lat' dir='ltr'><strong>llrmi</strong></span> <span class='ocrx_word' id='word_1_677' title='bbox 2958 2459 3142 2524; x_wconf 88' lang='lat' dir='ltr'><strong>corde,</strong></span> <span class='ocrx_word' id='word_1_678' title='bbox 3173 2459 3357 2529; x_wconf 82' lang='lat' dir='ltr'><strong>fortes,</strong></span> <span class='ocrx_word' id='word_1_679' title='bbox 3380 2466 3538 2522; x_wconf 90' lang='lat' dir='ltr'><strong>nullis</strong></span> <span class='ocrx_word' id='word_1_680' title='bbox 3564 2444 3755 2538; x_wconf 78' lang='lat' dir='ltr'><strong>perse—</strong></span> 
     </span>
    </p>
   </div>
   <div class='ocr_carea' id='block_1_84' title="bbox 2168 2538 3754 2619">
    <p class='ocr_par' dir='ltr' id='par_1_84' title="bbox 2168 2538 3754 2619">
     <span class='ocr_line' id='line_1_84' title="bbox 2168 2538 3754 2619; baseline 0.018 -28"><span class='ocrx_word' id='word_1_681' title='bbox 2168 2538 2471 2595; x_wconf 87' lang='lat' dir='ltr'><strong>cutionibus</strong></span> <span class='ocrx_word' id='word_1_682' title='bbox 2486 2553 2540 2598; x_wconf 90' lang='lat' dir='ltr'><strong>et</strong></span> <span class='ocrx_word' id='word_1_683' title='bbox 2556 2546 2935 2604; x_wconf 88' lang='lat' dir='ltr'><strong>tentationibus</strong></span> <span class='ocrx_word' id='word_1_684' title='bbox 2951 2551 3205 2610; x_wconf 85' lang='lat' dir='ltr'><strong>cedentes</strong></span> <span class='ocrx_word' id='word_1_685' title='bbox 3219 2556 3285 2610; x_wconf 90' lang='lat' dir='ltr'><strong>ad</strong></span> <span class='ocrx_word' id='word_1_686' title='bbox 3305 2562 3754 2619; x_wconf 86' lang='lat' dir='ltr'><strong>consentiendum</strong></span> 
     </span>
    </p>
   </div>
   <div class='ocr_carea' id='block_1_85' title="bbox 2169 2630 3752 2722">
    <p class='ocr_par' dir='ltr' id='par_1_85' title="bbox 2169 2630 3752 2722">
     <span class='ocr_line' id='line_1_85' title="bbox 2169 2630 3752 2722; baseline 0.019 -41"><span class='ocrx_word' id='word_1_687' title='bbox 2169 2630 2344 2684; x_wconf 82' lang='lat' dir='ltr'><strong>malo?</strong></span> <span class='ocrx_word' id='word_1_688' title='bbox 2384 2631 2453 2686; x_wconf 86' lang='lat' dir='ltr'><strong>Et</strong></span> <span class='ocrx_word' id='word_1_689' title='bbox 2496 2635 2635 2689; x_wconf 90' lang='lat' dir='ltr'><strong>unde</strong></span> <span class='ocrx_word' id='word_1_690' title='bbox 2682 2649 2900 2706; x_wconf 89' lang='lat' dir='ltr'><strong>possent</strong></span> <span class='ocrx_word' id='word_1_691' title='bbox 2939 2643 3098 2699; x_wconf 89' lang='lat' dir='ltr'><strong>nullis</strong></span> <span class='ocrx_word' id='word_1_692' title='bbox 3131 2649 3510 2706; x_wconf 87' lang='lat' dir='ltr'><strong>tentationibus</strong></span> <span class='ocrx_word' id='word_1_693' title='bbox 3534 2654 3752 2722; x_wconf 87' lang='lat' dir='ltr'><strong>cedere,</strong></span> 
     </span>
    </p>
   </div>
   <div class='ocr_carea' id='block_1_86' title="bbox 2168 2719 3758 2811">
    <p class='ocr_par' dir='ltr' id='par_1_86' title="bbox 2168 2719 3758 2811">
     <span class='ocr_line' id='line_1_86' title="bbox 2168 2719 3758 2811; baseline 0.019 -38"><span class='ocrx_word' id='word_1_694' title='bbox 2168 2719 2272 2775; x_wconf 90' lang='lat' dir='ltr'><strong>nisi</strong></span> <span class='ocrx_word' id='word_1_695' title='bbox 2310 2736 2429 2777; x_wconf 91' lang='lat' dir='ltr'><strong>cum</strong></span> <span class='ocrx_word' id='word_1_696' title='bbox 2456 2737 2822 2794; x_wconf 87' lang='lat' dir='ltr'><strong>persecutores</strong></span> <span class='ocrx_word' id='word_1_697' title='bbox 2852 2731 3100 2799; x_wconf 84' lang='lat' dir='ltr'><strong>dixerint,</strong></span> <span class='ocrx_word' id='word_1_698' title='bbox 3134 2736 3271 2793; x_wconf 88' lang='lat' dir='ltr'><strong>Ecce</strong></span> <span class='ocrx_word' id='word_1_699' title='bbox 3314 2739 3403 2797; x_wconf 89' lang='lat' dir='ltr'><strong>ille</strong></span> <span class='ocrx_word' id='word_1_700' title='bbox 3443 2742 3596 2811; x_wconf 86' lang='lat' dir='ltr'><strong>deus,</strong></span> <span class='ocrx_word' id='word_1_701' title='bbox 3624 2719 3758 2803; x_wconf 76' lang='lat' dir='ltr'><strong>ecce</strong></span> 
     </span>
    </p>
   </div>
   <div class='ocr_carea' id='block_1_87' title="bbox 2168 2813 3756 2897">
    <p class='ocr_par' dir='ltr' id='par_1_87' title="bbox 2168 2813 3756 2897">
     <span class='ocr_line' id='line_1_87' title="bbox 2168 2813 3756 2897; baseline 0.017 -31"><span class='ocrx_word' id='word_1_702' title='bbox 2168 2813 2339 2883; x_wconf 89' lang='lat' dir='ltr'><strong>qualis</strong></span> <span class='ocrx_word' id='word_1_703' title='bbox 2367 2813 2460 2872; x_wconf 90' lang='lat' dir='ltr'><strong>ille</strong></span> <span class='ocrx_word' id='word_1_704' title='bbox 2482 2815 2649 2873; x_wconf 86' lang='lat' dir='ltr'><strong>deus:</strong></span> <span class='ocrx_word' id='word_1_705' title='bbox 2677 2822 2855 2877; x_wconf 86' lang='lat' dir='ltr'><strong>veniat</strong></span> <span class='ocrx_word' id='word_1_706' title='bbox 2886 2824 3001 2887; x_wconf 85' lang='lat' dir='ltr'><strong>ille,</strong></span> <span class='ocrx_word' id='word_1_707' title='bbox 3046 2825 3171 2897; x_wconf 80' lang='lat' dir='ltr'><strong>liget</strong></span> <span class='ocrx_word' id='word_1_708' title='bbox 3190 2829 3206 2860; x_wconf 87' lang='grc'>¹</span> <span class='ocrx_word' id='word_1_709' title='bbox 3230 2830 3358 2886; x_wconf 88' lang='lat' dir='ltr'><strong>tibi:</strong></span> <span class='ocrx_word' id='word_1_710' title='bbox 3388 2848 3515 2889; x_wconf 86' lang='lat' dir='ltr'><strong>ecce</strong></span> <span class='ocrx_word' id='word_1_711' title='bbox 3554 2846 3637 2891; x_wconf 86' lang='lat' dir='ltr'><strong>est</strong></span> <span class='ocrx_word' id='word_1_712' title='bbox 3665 2836 3756 2894; x_wconf 87' lang='lat' dir='ltr'><strong>hic</strong></span> 
     </span>
    </p>
   </div>
   <div class='ocr_carea' id='block_1_88' title="bbox 2166 2905 3758 2988">
    <p class='ocr_par' dir='ltr' id='par_1_88' title="bbox 2166 2905 3758 2988">
     <span class='ocr_line' id='line_1_88' title="bbox 2166 2905 3758 2988; baseline 0.016 -30"><span class='ocrx_word' id='word_1_713' title='bbox 2166 2905 2348 2960; x_wconf 86' lang='lat' dir='ltr'><strong>nescio</strong></span> <span class='ocrx_word' id='word_1_714' title='bbox 2390 2906 2512 2977; x_wconf 90' lang='lat' dir='ltr'><strong>quis</strong></span> <span class='ocrx_word' id='word_1_715' title='bbox 2552 2908 2606 2964; x_wconf 89' lang='lat' dir='ltr'><strong>in</strong></span> <span class='ocrx_word' id='word_1_716' title='bbox 2651 2920 2833 2969; x_wconf 88' lang='lat' dir='ltr'><strong>monte</strong></span> <span class='ocrx_word' id='word_1_717' title='bbox 2878 2930 3102 2985; x_wconf 84' lang='lat' dir='ltr'><strong>magnus</strong></span> <span class='ocrx_word' id='word_1_718' title='bbox 3143 2921 3431 2979; x_wconf 85' lang='lat' dir='ltr'><strong>sacerdos:</strong></span> <span class='ocrx_word' id='word_1_719' title='bbox 3459 2926 3593 2982; x_wconf 74' lang='lat' dir='ltr'><strong>forte</strong></span> <span class='ocrx_word' id='word_1_720' title='bbox 3630 2928 3758 2988; x_wconf 81' lang='lat' dir='ltr'><strong>ideo</strong></span> 
     </span>
    </p>
   </div>
   <div class='ocr_carea' id='block_1_89' title="bbox 2166 3002 3751 3089">
    <p class='ocr_par' dir='ltr' id='par_1_89' title="bbox 2166 3002 3751 3089">
     <span class='ocr_line' id='line_1_89' title="bbox 2166 3002 3751 3089; baseline 0.017 -38"><span class='ocrx_word' id='word_1_721' title='bbox 2166 3012 2371 3068; x_wconf 86' lang='lat' dir='ltr'><strong>pauper</strong></span> <span class='ocrx_word' id='word_1_722' title='bbox 2396 3013 2477 3065; x_wconf 90' lang='lat' dir='ltr'><strong>es,</strong></span> <span class='ocrx_word' id='word_1_723' title='bbox 2505 3002 2628 3071; x_wconf 91' lang='lat' dir='ltr'><strong>quia</strong></span> <span class='ocrx_word' id='word_1_724' title='bbox 2657 3018 2764 3059; x_wconf 89' lang='lat' dir='ltr'><strong>non</strong></span> <span class='ocrx_word' id='word_1_725' title='bbox 2792 3013 2845 3061; x_wconf 90' lang='lat' dir='ltr'><strong>te</strong></span> <span class='ocrx_word' id='word_1_726' title='bbox 2866 3006 3081 3078; x_wconf 78' lang='lat' dir='ltr'><strong>adjuvat</strong></span> <span class='ocrx_word' id='word_1_727' title='bbox 3101 3011 3190 3067; x_wconf 91' lang='lat' dir='ltr'><strong>ille</strong></span> <span class='ocrx_word' id='word_1_728' title='bbox 3209 3012 3369 3081; x_wconf 87' lang='lat' dir='ltr'><strong>deus;</strong></span> <span class='ocrx_word' id='word_1_729' title='bbox 3392 3020 3631 3089; x_wconf 72' lang='lat' dir='ltr'><strong>supplice</strong></span> <span class='ocrx_word' id='word_1_730' title='bbox 3650 3022 3751 3088; x_wconf 86' lang='lat' dir='ltr'><strong>illi,</strong></span> 
     </span>
    </p>
   </div>
   <div class='ocr_carea' id='block_1_90' title="bbox 2164 3091 3750 3182">
    <p class='ocr_par' dir='ltr' id='par_1_90' title="bbox 2164 3091 3750 3182">
     <span class='ocr_line' id='line_1_90' title="bbox 2164 3091 3750 3182; baseline 0.015 -37"><span class='ocrx_word' id='word_1_731' title='bbox 2164 3100 2220 3145; x_wconf 85' lang='lat' dir='ltr'><strong>et</strong></span> <span class='ocrx_word' id='word_1_732' title='bbox 2243 3091 2490 3160; x_wconf 86' lang='lat' dir='ltr'><strong>adjuvat:</strong></span> <span class='ocrx_word' id='word_1_733' title='bbox 2521 3092 2658 3150; x_wconf 82' lang='lat' dir='ltr'><strong>forte</strong></span> <span class='ocrx_word' id='word_1_734' title='bbox 2681 3094 2804 3152; x_wconf 89' lang='lat' dir='ltr'><strong>ideo</strong></span> <span class='ocrx_word' id='word_1_735' title='bbox 2828 3109 3076 3170; x_wconf 70' lang='lat' dir='ltr'><strong>aegrotas,</strong></span> <span class='ocrx_word' id='word_1_736' title='bbox 3093 3103 3214 3173; x_wconf 85' lang='lat' dir='ltr'><strong>quia</strong></span> <span class='ocrx_word' id='word_1_737' title='bbox 3241 3103 3314 3160; x_wconf 90' lang='lat' dir='ltr'><strong>illi</strong></span> <span class='ocrx_word' id='word_1_738' title='bbox 3332 3122 3436 3162; x_wconf 89' lang='lat' dir='ltr'><strong>non</strong></span> <span class='ocrx_word' id='word_1_739' title='bbox 3458 3112 3750 3182; x_wconf 83' lang='lat' dir='ltr'><strong>supplicas;</strong></span> 
     </span>
    </p>
   </div>
   <div class='ocr_carea' id='block_1_91' title="bbox 2164 3181 3753 3259">
    <p class='ocr_par' dir='ltr' id='par_1_91' title="bbox 2164 3181 3753 3259">
     <span class='ocr_line' id='line_1_91' title="bbox 2164 3181 3753 3259; baseline 0.014 -23"><span class='ocrx_word' id='word_1_740' title='bbox 2164 3181 2405 3251; x_wconf 85' lang='lat' dir='ltr'><strong>supplica</strong></span> <span class='ocrx_word' id='word_1_741' title='bbox 2432 3182 2529 3250; x_wconf 90' lang='lat' dir='ltr'><strong>illi,</strong></span> <span class='ocrx_word' id='word_1_742' title='bbox 2558 3194 2613 3240; x_wconf 88' lang='lat' dir='ltr'><strong>et</strong></span> <span class='ocrx_word' id='word_1_743' title='bbox 2636 3188 3011 3246; x_wconf 84' lang='lat' dir='ltr'><strong>convalesces:</strong></span> <span class='ocrx_word' id='word_1_744' title='bbox 3035 3192 3170 3250; x_wconf 73' lang='lat' dir='ltr'><strong>forte</strong></span> <span class='ocrx_word' id='word_1_745' title='bbox 3192 3193 3314 3251; x_wconf 86' lang='lat' dir='ltr'><strong>ideo</strong></span> <span class='ocrx_word' id='word_1_746' title='bbox 3338 3197 3476 3255; x_wconf 82' lang='lat' dir='ltr'><strong>ﬁlios</strong></span> <span class='ocrx_word' id='word_1_747' title='bbox 3509 3181 3614 3257; x_wconf 86' lang='lat' dir='ltr'><strong>non</strong></span> <span class='ocrx_word' id='word_1_748' title='bbox 3651 3203 3753 3259; x_wconf 65' lang='lat' dir='ltr'><strong>ha-</strong></span> 
     </span>
    </p>
   </div>
   <div class='ocr_carea' id='block_1_92' title="bbox 2163 3275 3753 3365">
    <p class='ocr_par' dir='ltr' id='par_1_92' title="bbox 2163 3275 3753 3365">
     <span class='ocr_line' id='line_1_92' title="bbox 2163 3275 3753 3365; baseline 0.013 -33"><span class='ocrx_word' id='word_1_749' title='bbox 2163 3275 2290 3341; x_wconf 85' lang='lat' dir='ltr'><strong>bes;</strong></span> <span class='ocrx_word' id='word_1_750' title='bbox 2316 3276 2556 3346; x_wconf 88' lang='lat' dir='ltr'><strong>supplica</strong></span> <span class='ocrx_word' id='word_1_751' title='bbox 2594 3278 2691 3346; x_wconf 90' lang='lat' dir='ltr'><strong>illi,</strong></span> <span class='ocrx_word' id='word_1_752' title='bbox 2732 3288 2787 3336; x_wconf 88' lang='lat' dir='ltr'><strong>et</strong></span> <span class='ocrx_word' id='word_1_753' title='bbox 2826 3280 3064 3339; x_wconf 87' lang='lat' dir='ltr'><strong>habebis.</strong></span> <span class='ocrx_word' id='word_1_754' title='bbox 3099 3284 3194 3342; x_wconf 86' lang='lat' dir='ltr'><strong>Hic</strong></span> <span class='ocrx_word' id='word_1_755' title='bbox 3218 3301 3345 3343; x_wconf 85' lang='lat' dir='ltr'><strong>vero</strong></span> <span class='ocrx_word' id='word_1_756' title='bbox 3367 3291 3412 3345; x_wconf 89' lang='lat' dir='ltr'><strong>si</strong></span> <span class='ocrx_word' id='word_1_757' title='bbox 3439 3290 3494 3348; x_wconf 91' lang='lat' dir='ltr'><strong>in</strong></span> <span class='ocrx_word' id='word_1_758' title='bbox 3521 3308 3753 3365; x_wconf 84' lang='lat' dir='ltr'><strong>corpore</strong></span> 
     </span>
    </p>
   </div>
   <div class='ocr_carea' id='block_1_93' title="bbox 2164 3366 3753 3454">
    <p class='ocr_par' dir='ltr' id='par_1_93' title="bbox 2164 3366 3753 3454">
     <span class='ocr_line' id='line_1_93' title="bbox 2164 3366 3753 3454; baseline 0.014 -33"><span class='ocrx_word' id='word_1_759' title='bbox 2164 3366 2373 3423; x_wconf 90' lang='lat' dir='ltr'><strong>Domini</strong></span> <span class='ocrx_word' id='word_1_760' title='bbox 2404 3368 2470 3424; x_wconf 88' lang='lat' dir='ltr'><strong>de</strong></span> <span class='ocrx_word' id='word_1_761' title='bbox 2495 3370 2706 3426; x_wconf 91' lang='lat' dir='ltr'><strong>ossibus</strong></span> <span class='ocrx_word' id='word_1_762' title='bbox 2741 3382 2843 3439; x_wconf 88' lang='lat' dir='ltr'><strong>est,</strong></span> <span class='ocrx_word' id='word_1_763' title='bbox 2880 3376 3092 3445; x_wconf 82' lang='lat' dir='ltr'><strong>repellit</strong></span> <span class='ocrx_word' id='word_1_764' title='bbox 3114 3394 3299 3437; x_wconf 87' lang='lat' dir='ltr'><strong>omnes</strong></span> <span class='ocrx_word' id='word_1_765' title='bbox 3325 3381 3452 3439; x_wconf 85' lang='lat' dir='ltr'><strong>istas</strong></span> <span class='ocrx_word' id='word_1_766' title='bbox 3479 3399 3659 3454; x_wconf 87' lang='lat' dir='ltr'><strong>voces,</strong></span> <span class='ocrx_word' id='word_1_767' title='bbox 3695 3400 3753 3445; x_wconf 86' lang='lat' dir='ltr'><strong>et</strong></span> 
     </span>
    </p>
   </div>
   <div class='ocr_carea' id='block_1_94' title="bbox 2164 3459 3749 3544">
    <p class='ocr_par' dir='ltr' id='par_1_94' title="bbox 2164 3459 3749 3544">
     <span class='ocr_line' id='line_1_94' title="bbox 2164 3459 3749 3544; baseline 0.015 -31"><span class='ocrx_word' id='word_1_768' title='bbox 2164 3459 2326 3515; x_wconf 89' lang='lat' dir='ltr'><strong>dicit:</strong></span> <span class='ocrx_word' id='word_1_769' title='bbox 2360 3460 2592 3530; x_wconf 79' lang='lat' dir='ltr'><strong>Domine,</strong></span> <span class='ocrx_word' id='word_1_770' title='bbox 2619 3466 2733 3535; x_wconf 86' lang='lat' dir='ltr'><strong>quis</strong></span> <span class='ocrx_word' id='word_1_771' title='bbox 2760 3466 2942 3523; x_wconf 82' lang='lat' dir='ltr'><strong>similis</strong></span> <span class='ocrx_word' id='word_1_772' title='bbox 2977 3471 3104 3526; x_wconf 80' lang='lat' dir='ltr'><strong>tibi?</strong></span> <span class='ocrx_word' id='word_1_773' title='bbox 3127 3472 3223 3537; x_wconf 88' lang='lat' dir='ltr'><strong>Da,</strong></span> <span class='ocrx_word' id='word_1_774' title='bbox 3249 3474 3293 3529; x_wconf 86' lang='lat' dir='ltr'><strong>si</strong></span> <span class='ocrx_word' id='word_1_775' title='bbox 3325 3477 3404 3531; x_wconf 86' lang='lat' dir='ltr'><strong>vis</strong></span> <span class='ocrx_word' id='word_1_776' title='bbox 3436 3477 3586 3544; x_wconf 86' lang='lat' dir='ltr'><strong>dare,</strong></span> <span class='ocrx_word' id='word_1_777' title='bbox 3612 3491 3669 3536; x_wconf 88' lang='lat' dir='ltr'><strong>et</strong></span> <span class='ocrx_word' id='word_1_778' title='bbox 3695 3483 3749 3537; x_wconf 84' lang='lat' dir='ltr'><strong>in</strong></span> 
     </span>
    </p>
   </div>
   <div class='ocr_carea' id='block_1_95' title="bbox 2166 3551 3750 3635">
    <p class='ocr_par' dir='ltr' id='par_1_95' title="bbox 2166 3551 3750 3635">
     <span class='ocr_line' id='line_1_95' title="bbox 2166 3551 3750 3635; baseline 0.017 -30"><span class='ocrx_word' id='word_1_779' title='bbox 2166 3551 2266 3606; x_wconf 84' lang='lat' dir='ltr'><strong>hae</strong></span> <span class='ocrx_word' id='word_1_780' title='bbox 2292 3552 2418 3619; x_wconf 90' lang='lat' dir='ltr'><strong>vita,</strong></span> <span class='ocrx_word' id='word_1_781' title='bbox 2442 3557 2582 3624; x_wconf 90' lang='lat' dir='ltr'><strong>quod</strong></span> <span class='ocrx_word' id='word_1_782' title='bbox 2608 3573 2824 3627; x_wconf 75' lang='lat' dir='ltr'><strong>quiem:</strong></span> <span class='ocrx_word' id='word_1_783' title='bbox 2852 3560 2898 3614; x_wconf 90' lang='lat' dir='ltr'><strong>si</strong></span> <span class='ocrx_word' id='word_1_784' title='bbox 2924 3565 3100 3633; x_wconf 82' lang='lat' dir='ltr'><strong>autem</strong></span> <span class='ocrx_word' id='word_1_785' title='bbox 3132 3580 3237 3620; x_wconf 87' lang='lat' dir='ltr'><strong>non</strong></span> <span class='ocrx_word' id='word_1_786' title='bbox 3267 3567 3367 3635; x_wconf 86' lang='lat' dir='ltr'><strong>vis,</strong></span> <span class='ocrx_word' id='word_1_787' title='bbox 3407 3578 3461 3625; x_wconf 91' lang='lat' dir='ltr'><strong>tu</strong></span> <span class='ocrx_word' id='word_1_788' title='bbox 3488 3584 3608 3627; x_wconf 62' lang='grc' dir='ltr'><strong>θειο</strong></span> <span class='ocrx_word' id='word_1_789' title='bbox 3636 3574 3750 3631; x_wconf 85' lang='lat' dir='ltr'><strong>vita</strong></span> 
     </span>
    </p>
   </div>
   <div class='ocr_carea' id='block_1_96' title="bbox 2167 3655 3751 3723">
    <p class='ocr_par' dir='ltr' id='par_1_96' title="bbox 2167 3655 3751 3723">
     <span class='ocr_line' id='line_1_96' title="bbox 2167 3655 3751 3723; baseline 0.018 -28"><span class='ocrx_word' id='word_1_790' title='bbox 2167 3660 2307 3705; x_wconf 86' lang='lat' dir='ltr'><strong>mea.</strong></span> <span class='ocrx_word' id='word_1_791' title='bbox 2333 3661 2493 3716; x_wconf 88' lang='lat' dir='ltr'><strong>quem</strong></span> <span class='ocrx_word' id='word_1_792' title='bbox 2535 3664 2750 3719; x_wconf 86' lang='lat' dir='ltr'><strong>semper</strong></span> <span class='ocrx_word' id='word_1_793' title='bbox 2773 3667 2975 3722; x_wconf 72' lang='lat' dir='ltr'><strong>qua-ro.</strong></span> <span class='ocrx_word' id='word_1_794' title='bbox 3022 3655 3159 3712; x_wconf 87' lang='lat' dir='ltr'><strong>llinc</strong></span> <span class='ocrx_word' id='word_1_795' title='bbox 3201 3658 3267 3712; x_wconf 89' lang='lat' dir='ltr'><strong>ad</strong></span> <span class='ocrx_word' id='word_1_796' title='bbox 3298 3669 3350 3715; x_wconf 90' lang='lat' dir='ltr'><strong>te</strong></span> <span class='ocrx_word' id='word_1_797' title='bbox 3377 3660 3541 3718; x_wconf 86' lang='lat' dir='ltr'><strong>libera</strong></span> <span class='ocrx_word' id='word_1_798' title='bbox 3570 3664 3751 3723; x_wconf 84' lang='lat' dir='ltr'><strong>l&#39;mntc</strong></span> 
     </span>
    </p>
   </div>
   <div class='ocr_carea' id='block_1_97' title="bbox 2165 3738 3751 3813">
    <p class='ocr_par' dir='ltr' id='par_1_97' title="bbox 2165 3738 3751 3813">
     <span class='ocr_line' id='line_1_97' title="bbox 2165 3738 3751 3813; baseline 0.015 -23"><span class='ocrx_word' id='word_1_799' title='bbox 2165 3751 2372 3805; x_wconf 72' lang='lat' dir='ltr'><strong>exi-am,</strong></span> <span class='ocrx_word' id='word_1_800' title='bbox 2390 3739 2433 3792; x_wconf 89' lang='lat' dir='ltr'><strong>si</strong></span> <span class='ocrx_word' id='word_1_801' title='bbox 2450 3738 2610 3794; x_wconf 90' lang='lat' dir='ltr'><strong>alium</strong></span> <span class='ocrx_word' id='word_1_802' title='bbox 2633 3741 2946 3808; x_wconf 87' lang='lat' dir='ltr'><strong>adoravero.</strong></span> <span class='ocrx_word' id='word_1_803' title='bbox 2974 3755 3029 3801; x_wconf 88' lang='lat' dir='ltr'><strong>et</strong></span> <span class='ocrx_word' id='word_1_804' title='bbox 3055 3754 3108 3803; x_wconf 88' lang='lat' dir='ltr'><strong>te</strong></span> <span class='ocrx_word' id='word_1_805' title='bbox 3132 3748 3437 3807; x_wconf 80' lang='lat' dir='ltr'><strong>oll‘endero?</strong></span> <span class='ocrx_word' id='word_1_806' title='bbox 3462 3752 3592 3809; x_wconf 86' lang='lat' dir='ltr'><strong>Cras</strong></span> <span class='ocrx_word' id='word_1_807' title='bbox 3606 3754 3751 3813; x_wconf 77' lang='lat' dir='ltr'><strong>forte</strong></span> 
     </span>
    </p>
   </div>
   <div class='ocr_carea' id='block_1_98' title="bbox 2164 3828 3769 3914">
    <p class='ocr_par' dir='ltr' id='par_1_98' title="bbox 2164 3828 3769 3914">
     <span class='ocr_line' id='line_1_98' title="bbox 2164 3828 3769 3914; baseline 0.014 -33"><span class='ocrx_word' id='word_1_808' title='bbox 2164 3828 2456 3884; x_wconf 88' lang='lat' dir='ltr'><strong>moriturus</strong></span> <span class='ocrx_word' id='word_1_809' title='bbox 2484 3846 2623 3895; x_wconf 85' lang='lat' dir='ltr'><strong>sum,</strong></span> <span class='ocrx_word' id='word_1_810' title='bbox 2651 3848 2752 3904; x_wconf 89' lang='lat' dir='ltr'><strong>qua</strong></span> <span class='ocrx_word' id='word_1_811' title='bbox 2787 3834 2960 3891; x_wconf 79' lang='lat' dir='ltr'><strong>fronte</strong></span> <span class='ocrx_word' id='word_1_812' title='bbox 2991 3846 3043 3892; x_wconf 88' lang='lat' dir='ltr'><strong>te</strong></span> <span class='ocrx_word' id='word_1_813' title='bbox 3067 3837 3294 3897; x_wconf 83' lang='lat' dir='ltr'><strong>videbo?</strong></span> <span class='ocrx_word' id='word_1_814' title='bbox 3322 3842 3507 3914; x_wconf 76' lang='lat' dir='ltr'><strong>Magna</strong></span> <span class='ocrx_word' id='word_1_815' title='bbox 3531 3844 3769 3902; x_wconf 81' lang='lat' dir='ltr'><strong>miseri—‘</strong></span> 
     </span>
    </p>
   </div>
   <div class='ocr_carea' id='block_1_99' title="bbox 2165 3920 3749 3997">
    <p class='ocr_par' dir='ltr' id='par_1_99' title="bbox 2165 3920 3749 3997">
     <span class='ocr_line' id='line_1_99' title="bbox 2165 3920 3749 3997; baseline 0.013 -24"><span class='ocrx_word' id='word_1_816' title='bbox 2165 3920 2346 3974; x_wconf 87' lang='lat' dir='ltr'><strong>eordia</strong></span> <span class='ocrx_word' id='word_1_817' title='bbox 2369 3920 2556 3989; x_wconf 90' lang='lat' dir='ltr'><strong>ipsius,</strong></span> <span class='ocrx_word' id='word_1_818' title='bbox 2585 3932 2638 3977; x_wconf 91' lang='lat' dir='ltr'><strong>ct</strong></span> <span class='ocrx_word' id='word_1_819' title='bbox 2658 3927 2865 3981; x_wconf 84' lang='lat' dir='ltr'><strong>monuit</strong></span> <span class='ocrx_word' id='word_1_820' title='bbox 2889 3936 2946 3981; x_wconf 91' lang='grc' dir='ltr'><strong>ιιι</strong></span> <span class='ocrx_word' id='word_1_821' title='bbox 2970 3927 3107 3985; x_wconf 86' lang='lat' dir='ltr'><strong>bene</strong></span> <span class='ocrx_word' id='word_1_822' title='bbox 3128 3931 3381 3997; x_wconf 88' lang='lat' dir='ltr'><strong>vivamus,</strong></span> <span class='ocrx_word' id='word_1_823' title='bbox 3402 3944 3457 3989; x_wconf 90' lang='lat' dir='ltr'><strong>et</strong></span> <span class='ocrx_word' id='word_1_824' title='bbox 3479 3934 3618 3990; x_wconf 87' lang='lat' dir='ltr'><strong>diem</strong></span> <span class='ocrx_word' id='word_1_825' title='bbox 3643 3955 3749 3993; x_wconf 84' lang='lat' dir='ltr'><strong>nn—</strong></span> 
     </span>
    </p>
   </div>
   <div class='ocr_carea' id='block_1_100' title="bbox 2165 4011 3750 4089">
    <p class='ocr_par' dir='ltr' id='par_1_100' title="bbox 2165 4011 3750 4089">
     <span class='ocr_line' id='line_1_100' title="bbox 2165 4011 3750 4089; baseline 0.014 -25"><span class='ocrx_word' id='word_1_826' title='bbox 2165 4011 2247 4065; x_wconf 89' lang='lat' dir='ltr'><strong>bis</strong></span> <span class='ocrx_word' id='word_1_827' title='bbox 2270 4014 2612 4068; x_wconf 86' lang='lat' dir='ltr'><strong>novissimum</strong></span> <span class='ocrx_word' id='word_1_828' title='bbox 2644 4017 2831 4072; x_wconf 89' lang='lat' dir='ltr'><strong>mortis</strong></span> <span class='ocrx_word' id='word_1_829' title='bbox 2858 4028 3055 4075; x_wconf 76' lang='lat' dir='ltr'><strong>nostra:</strong></span> <span class='ocrx_word' id='word_1_830' title='bbox 3081 4020 3379 4089; x_wconf 86' lang='lat' dir='ltr'><strong>abscondit,</strong></span> <span class='ocrx_word' id='word_1_831' title='bbox 3412 4040 3479 4081; x_wconf 88' lang='lat' dir='ltr'><strong>ne</strong></span> <span class='ocrx_word' id='word_1_832' title='bbox 3503 4028 3657 4082; x_wconf 89' lang='lat' dir='ltr'><strong>nobis</strong></span> <span class='ocrx_word' id='word_1_833' title='bbox 3677 4031 3750 4087; x_wconf 88' lang='lat' dir='ltr'><strong>de</strong></span> 
     </span>
    </p>
   </div>
   <div class='ocr_carea' id='block_1_101' title="bbox 2165 4100 3752 4181">
    <p class='ocr_par' dir='ltr' id='par_1_101' title="bbox 2165 4100 3752 4181">
     <span class='ocr_line' id='line_1_101' title="bbox 2165 4100 3752 4181; baseline 0.014 -26"><span class='ocrx_word' id='word_1_834' title='bbox 2165 4100 2343 4157; x_wconf 78' lang='lat' dir='ltr'><strong>futuro</strong></span> <span class='ocrx_word' id='word_1_835' title='bbox 2363 4106 2560 4176; x_wconf 90' lang='lat' dir='ltr'><strong>aliquid</strong></span> <span class='ocrx_word' id='word_1_836' title='bbox 2579 4108 2968 4177; x_wconf 86' lang='lat' dir='ltr'><strong>promittamus.</strong></span> <span class='ocrx_word' id='word_1_837' title='bbox 2997 4112 3155 4169; x_wconf 87' lang='lat' dir='ltr'><strong>Facio</strong></span> <span class='ocrx_word' id='word_1_838' title='bbox 3172 4114 3347 4181; x_wconf 84' lang='lat' dir='ltr'><strong>hodie,</strong></span> <span class='ocrx_word' id='word_1_839' title='bbox 3372 4127 3428 4172; x_wconf 85' lang='lat' dir='ltr'><strong>et</strong></span> <span class='ocrx_word' id='word_1_840' title='bbox 3450 4119 3571 4179; x_wconf 86' lang='lat' dir='ltr'><strong>vivo</strong></span> <span class='ocrx_word' id='word_1_841' title='bbox 3594 4137 3752 4180; x_wconf 84' lang='lat' dir='ltr'><strong>:cras</strong></span> 
     </span>
    </p>
   </div>
   <div class='ocr_carea' id='block_1_102' title="bbox 2165 4196 3750 4285">
    <p class='ocr_par' dir='ltr' id='par_1_102' title="bbox 2165 4196 3750 4285">
     <span class='ocr_line' id='line_1_102' title="bbox 2165 4196 3750 4285; baseline 0.014 -36"><span class='ocrx_word' id='word_1_842' title='bbox 2165 4212 2271 4250; x_wconf 88' lang='lat' dir='ltr'><strong>non</strong></span> <span class='ocrx_word' id='word_1_843' title='bbox 2302 4196 2461 4251; x_wconf 74' lang='lat' dir='ltr'><strong>fat-io.</strong></span> <span class='ocrx_word' id='word_1_844' title='bbox 2490 4200 2626 4266; x_wconf 84' lang='lat' dir='ltr'><strong>Quid</strong></span> <span class='ocrx_word' id='word_1_845' title='bbox 2656 4201 2700 4256; x_wconf 91' lang='lat' dir='ltr'><strong>si</strong></span> <span class='ocrx_word' id='word_1_846' title='bbox 2730 4212 2781 4258; x_wconf 86' lang='lat' dir='ltr'><strong>te</strong></span> <span class='ocrx_word' id='word_1_847' title='bbox 2806 4219 2912 4258; x_wconf 90' lang='lat' dir='ltr'><strong>non</strong></span> <span class='ocrx_word' id='word_1_848' title='bbox 2942 4205 3142 4261; x_wconf 88' lang='lat' dir='ltr'><strong>invenit</strong></span> <span class='ocrx_word' id='word_1_849' title='bbox 3168 4210 3318 4263; x_wconf 80' lang='lat' dir='ltr'><strong>cras?</strong></span> <span class='ocrx_word' id='word_1_850' title='bbox 3348 4210 3439 4267; x_wconf 87' lang='lat' dir='ltr'><strong>Dic</strong></span> <span class='ocrx_word' id='word_1_851' title='bbox 3458 4227 3585 4285; x_wconf 82' lang='lat' dir='ltr'><strong>ergo</strong></span> <span class='ocrx_word' id='word_1_852' title='bbox 3606 4215 3750 4273; x_wconf 88' lang='lat' dir='ltr'><strong>inter</strong></span> 
     </span>
    </p>
   </div>
   <div class='ocr_carea' id='block_1_103' title="bbox 2165 4287 3750 4362">
    <p class='ocr_par' dir='ltr' id='par_1_103' title="bbox 2165 4287 3750 4362">
     <span class='ocr_line' id='line_1_103' title="bbox 2165 4287 3750 4362; baseline 0.013 -22"><span class='ocrx_word' id='word_1_853' title='bbox 2165 4300 2285 4342; x_wconf 87' lang='lat' dir='ltr'><strong>ossa</strong></span> <span class='ocrx_word' id='word_1_854' title='bbox 2307 4287 2501 4344; x_wconf 86' lang='lat' dir='ltr'><strong>Christi</strong></span> <span class='ocrx_word' id='word_1_855' title='bbox 2523 4307 2536 4343; x_wconf 89' lang='lat'><strong>:</strong></span> <span class='ocrx_word' id='word_1_856' title='bbox 2563 4289 2798 4361; x_wconf 85' lang='lat' dir='ltr'><strong>Domine,</strong></span> <span class='ocrx_word' id='word_1_857' title='bbox 2825 4295 2938 4362; x_wconf 83' lang='lat' dir='ltr'><strong>quis</strong></span> <span class='ocrx_word' id='word_1_858' title='bbox 2958 4297 3137 4352; x_wconf 84' lang='lat' dir='ltr'><strong>similis</strong></span> <span class='ocrx_word' id='word_1_859' title='bbox 3161 4299 3251 4353; x_wconf 80' lang='lat' dir='ltr'><strong>tibi</strong></span> <span class='ocrx_word' id='word_1_860' title='bbox 3261 4300 3287 4353; x_wconf 72' lang='lat'><strong>.9</strong></span> <span class='ocrx_word' id='word_1_861' title='bbox 3302 4299 3487 4355; x_wconf 81' lang='lat' dir='ltr'><strong>Omnia</strong></span> <span class='ocrx_word' id='word_1_862' title='bbox 3504 4318 3618 4358; x_wconf 88' lang='lat' dir='ltr'><strong>ossa</strong></span> <span class='ocrx_word' id='word_1_863' title='bbox 3634 4324 3750 4362; x_wconf 84' lang='lat' dir='ltr'><strong>mea</strong></span> 
     </span>
    </p>
   </div>
   <div class='ocr_carea' id='block_1_104' title="bbox 2166 4378 3122 4453">
    <p class='ocr_par' dir='ltr' id='par_1_104' title="bbox 2166 4378 3122 4453">
     <span class='ocr_line' id='line_1_104' title="bbox 2166 4378 3122 4453; baseline 0.015 -23"><span class='ocrx_word' id='word_1_864' title='bbox 2166 4378 2332 4433; x_wconf 83' lang='lat' dir='ltr'><strong>dicent</strong></span> <span class='ocrx_word' id='word_1_865' title='bbox 2354 4395 2374 4432; x_wconf 89' lang='lat'><strong>:</strong></span> <span class='ocrx_word' id='word_1_866' title='bbox 2397 4379 2631 4448; x_wconf 88' lang='lat' dir='ltr'><strong>Domine,</strong></span> <span class='ocrx_word' id='word_1_867' title='bbox 2655 4385 2768 4453; x_wconf 85' lang='lat' dir='ltr'><strong>quis</strong></span> <span class='ocrx_word' id='word_1_868' title='bbox 2794 4387 2974 4441; x_wconf 84' lang='lat' dir='ltr'><strong>similis</strong></span> <span class='ocrx_word' id='word_1_869' title='bbox 2998 4387 3122 4443; x_wconf 65' lang='lat' dir='ltr'><strong>tibi?</strong></span> 
     </span>
    </p>
   </div>
   <div class='ocr_carea' id='block_1_105' title="bbox 2238 4473 3757 4563">
    <p class='ocr_par' dir='ltr' id='par_1_105' title="bbox 2238 4473 3757 4563">
     <span class='ocr_line' id='line_1_105' title="bbox 2238 4473 3757 4563; baseline 0.013 -36"><span class='ocrx_word' id='word_1_870' title='bbox 2238 4473 2325 4528; x_wconf 76' lang='grc'><strong>15.</strong></span> <span class='ocrx_word' id='word_1_871' title='bbox 2366 4475 2564 4531; x_wconf 81' lang='lat' dir='ltr'><strong>Eruens</strong></span> <span class='ocrx_word' id='word_1_872' title='bbox 2593 4477 2791 4546; x_wconf 82' lang='lat' dir='ltr'><strong>inopem</strong></span> <span class='ocrx_word' id='word_1_873' title='bbox 2820 4480 2884 4533; x_wconf 84' lang='lat' dir='ltr'><strong>de</strong></span> <span class='ocrx_word' id='word_1_874' title='bbox 2911 4497 3064 4536; x_wconf 84' lang='lat' dir='ltr'><strong>manu</strong></span> <span class='ocrx_word' id='word_1_875' title='bbox 3108 4485 3373 4557; x_wconf 69' lang='lat' dir='ltr'><strong>[ardorum</strong></span> <span class='ocrx_word' id='word_1_876' title='bbox 3413 4489 3521 4560; x_wconf 77' lang='lat' dir='ltr'><strong>eius</strong></span> <span class='ocrx_word' id='word_1_877' title='bbox 3538 4492 3579 4557; x_wconf 79' lang='lat'><strong>&#39;,</strong></span> <span class='ocrx_word' id='word_1_878' title='bbox 3624 4508 3757 4563; x_wconf 80' lang='lat' dir='ltr'><strong>ege-</strong></span> 
     </span>
    </p>
   </div>
   <div class='ocr_carea' id='block_1_106' title="bbox 2167 4572 3742 4653">
    <p class='ocr_par' dir='ltr' id='par_1_106' title="bbox 2167 4572 3742 4653">
     <span class='ocr_line' id='line_1_106' title="bbox 2167 4572 3742 4653; baseline 0.016 -37"><span class='ocrx_word' id='word_1_879' title='bbox 2167 4581 2288 4617; x_wconf 85' lang='lat' dir='ltr'><strong>num</strong></span> <span class='ocrx_word' id='word_1_880' title='bbox 2317 4575 2364 4620; x_wconf 80' lang='lat' dir='ltr'><strong>et</strong></span> <span class='ocrx_word' id='word_1_881' title='bbox 2390 4583 2661 4638; x_wconf 81' lang='lat' dir='ltr'><strong>pauperem</strong></span> <span class='ocrx_word' id='word_1_882' title='bbox 2687 4587 2718 4623; x_wconf 92' lang='lat' dir='ltr'><strong>a</strong></span> <span class='ocrx_word' id='word_1_883' title='bbox 2740 4572 3086 4642; x_wconf 81' lang='lat' dir='ltr'><strong>diripientibus</strong></span> <span class='ocrx_word' id='word_1_884' title='bbox 3114 4592 3246 4632; x_wconf 89' lang='lat' dir='ltr'><strong>eum.</strong></span> <span class='ocrx_word' id='word_1_885' title='bbox 3270 4579 3384 4636; x_wconf 83' lang='lat' dir='ltr'><strong>Huc</strong></span> <span class='ocrx_word' id='word_1_886' title='bbox 3409 4596 3575 4653; x_wconf 85' lang='lat' dir='ltr'><strong>usque</strong></span> <span class='ocrx_word' id='word_1_887' title='bbox 3591 4583 3742 4641; x_wconf 87' lang='lat' dir='ltr'><strong>Psal-</strong></span> 
     </span>
    </p>
   </div>
   <div class='ocr_carea' id='block_1_107' title="bbox 2166 4661 3749 4741">
    <p class='ocr_par' dir='ltr' id='par_1_107' title="bbox 2166 4661 3749 4741">
     <span class='ocr_line' id='line_1_107' title="bbox 2166 4661 3749 4741; baseline 0.013 -30"><span class='ocrx_word' id='word_1_888' title='bbox 2166 4673 2285 4712; x_wconf 88' lang='lat' dir='ltr'><strong>mus</strong></span> <span class='ocrx_word' id='word_1_889' title='bbox 2312 4661 2479 4715; x_wconf 87' lang='lat' dir='ltr'><strong>lectus</strong></span> <span class='ocrx_word' id='word_1_890' title='bbox 2506 4671 2589 4716; x_wconf 89' lang='lat' dir='ltr'><strong>est</strong></span> <span class='ocrx_word' id='word_1_891' title='bbox 2613 4662 2792 4731; x_wconf 84' lang='lat' dir='ltr'><strong>hodie,</strong></span> <span class='ocrx_word' id='word_1_892' title='bbox 2822 4663 2927 4721; x_wconf 89' lang='lat' dir='ltr'><strong>huc</strong></span> <span class='ocrx_word' id='word_1_893' title='bbox 2951 4674 3117 4738; x_wconf 69' lang='lat' dir='ltr'><strong>uSque</strong></span> <span class='ocrx_word' id='word_1_894' title='bbox 3146 4672 3455 4728; x_wconf 88' lang='lat' dir='ltr'><strong>tractandus</strong></span> <span class='ocrx_word' id='word_1_895' title='bbox 3472 4685 3581 4741; x_wconf 85' lang='lat' dir='ltr'><strong>est;</strong></span> <span class='ocrx_word' id='word_1_896' title='bbox 3606 4690 3673 4730; x_wconf 89' lang='lat' dir='ltr'><strong>ne</strong></span> <span class='ocrx_word' id='word_1_897' title='bbox 3690 4678 3749 4732; x_wconf 89' lang='lat' dir='ltr'><strong>in</strong></span> 
     </span>
    </p>
   </div>
   <div class='ocr_carea' id='block_1_108' title="bbox 2168 4749 3753 4827">
    <p class='ocr_par' dir='ltr' id='par_1_108' title="bbox 2168 4749 3753 4827">
     <span class='ocr_line' id='line_1_108' title="bbox 2168 4749 3753 4827; baseline 0.012 -24"><span class='ocrx_word' id='word_1_898' title='bbox 2168 4749 2434 4805; x_wconf 78' lang='lat' dir='ltr'><strong>fastidium</strong></span> <span class='ocrx_word' id='word_1_899' title='bbox 2483 4755 2700 4808; x_wconf 83' lang='lat' dir='ltr'><strong>veniant</strong></span> <span class='ocrx_word' id='word_1_900' title='bbox 2727 4770 2847 4825; x_wconf 76' lang='lat' dir='ltr'><strong>qua:</strong></span> <span class='ocrx_word' id='word_1_901' title='bbox 2876 4757 3013 4813; x_wconf 88' lang='lat' dir='ltr'><strong>dicta</strong></span> <span class='ocrx_word' id='word_1_902' title='bbox 3058 4771 3203 4827; x_wconf 85' lang='lat' dir='ltr'><strong>sunt,</strong></span> <span class='ocrx_word' id='word_1_903' title='bbox 3250 4762 3375 4818; x_wconf 90' lang='lat' dir='ltr'><strong>dum</strong></span> <span class='ocrx_word' id='word_1_904' title='bbox 3419 4764 3662 4821; x_wconf 84' lang='lat' dir='ltr'><strong>volumus</strong></span> <span class='ocrx_word' id='word_1_905' title='bbox 3690 4776 3753 4824; x_wconf 88' lang='lat' dir='ltr'><strong>et</strong></span> 
     </span>
    </p>
   </div>
   <div class='ocr_carea' id='block_1_109' title="bbox 2166 4842 3750 4931">
    <p class='ocr_par' dir='ltr' id='par_1_109' title="bbox 2166 4842 3750 4931">
     <span class='ocr_line' id='line_1_109' title="bbox 2166 4842 3750 4931; baseline 0.013 -36"><span class='ocrx_word' id='word_1_906' title='bbox 2166 4843 2268 4897; x_wconf 88' lang='lat' dir='ltr'><strong>alia</strong></span> <span class='ocrx_word' id='word_1_907' title='bbox 2297 4842 2493 4898; x_wconf 90' lang='lat' dir='ltr'><strong>dicere.</strong></span> <span class='ocrx_word' id='word_1_908' title='bbox 2525 4844 2941 4918; x_wconf 81' lang='lat' dir='ltr'><strong>Sufﬁciantergo</strong></span> <span class='ocrx_word' id='word_1_909' title='bbox 2961 4849 3118 4905; x_wconf 86' lang='lat' dir='ltr'><strong>hodie</strong></span> <span class='ocrx_word' id='word_1_910' title='bbox 3147 4851 3294 4909; x_wconf 67' lang='lat' dir='ltr'><strong>haec:</strong></span> <span class='ocrx_word' id='word_1_911' title='bbox 3326 4854 3750 4931; x_wconf 69' lang='lat' dir='ltr'><strong>Eruensiitopein</strong></span> 
     </span>
    </p>
   </div>
   <div class='ocr_carea' id='block_1_110' title="bbox 2166 4934 3750 5020">
    <p class='ocr_par' dir='ltr' id='par_1_110' title="bbox 2166 4934 3750 5020">
     <span class='ocr_line' id='line_1_110' title="bbox 2166 4934 3750 5020; baseline 0.013 -34"><span class='ocrx_word' id='word_1_912' title='bbox 2166 4934 2231 4987; x_wconf 86' lang='lat' dir='ltr'><strong>de</strong></span> <span class='ocrx_word' id='word_1_913' title='bbox 2267 4952 2421 4990; x_wconf 87' lang='lat' dir='ltr'><strong>manu</strong></span> <span class='ocrx_word' id='word_1_914' title='bbox 2460 4937 2726 5007; x_wconf 79' lang='lat' dir='ltr'><strong>fortiorum</strong></span> <span class='ocrx_word' id='word_1_915' title='bbox 2758 4942 2887 5008; x_wconf 85' lang='lat' dir='ltr'><strong>ejus.</strong></span> <span class='ocrx_word' id='word_1_916' title='bbox 2918 4943 3051 5010; x_wconf 87' lang='lat' dir='ltr'><strong>Quis</strong></span> <span class='ocrx_word' id='word_1_917' title='bbox 3086 4961 3299 5013; x_wconf 88' lang='lat' dir='ltr'><strong>erucns,</strong></span> <span class='ocrx_word' id='word_1_918' title='bbox 3331 4948 3432 5003; x_wconf 88' lang='lat' dir='ltr'><strong>nisi</strong></span> <span class='ocrx_word' id='word_1_919' title='bbox 3456 4950 3547 5020; x_wconf 88' lang='lat' dir='ltr'><strong>qui</strong></span> <span class='ocrx_word' id='word_1_920' title='bbox 3583 4963 3750 5012; x_wconf 72' lang='lat' dir='ltr'><strong>main:</strong></span> 
     </span>
    </p>
   </div>
   <div class='ocr_carea' id='block_1_111' title="bbox 2168 5023 3750 5103">
    <p class='ocr_par' dir='ltr' id='par_1_111' title="bbox 2168 5023 3750 5103">
     <span class='ocr_line' id='line_1_111' title="bbox 2168 5023 3750 5103; baseline 0.011 -25"><span class='ocrx_word' id='word_1_921' title='bbox 2168 5023 2320 5079; x_wconf 81' lang='lat' dir='ltr'><strong>fortis</strong></span> <span class='ocrx_word' id='word_1_922' title='bbox 2342 5028 2461 5081; x_wconf 74' lang='lat' dir='ltr'><strong>est?</strong></span> <span class='ocrx_word' id='word_1_923' title='bbox 2494 5028 2585 5081; x_wconf 89' lang='lat' dir='ltr'><strong>Ille</strong></span> <span class='ocrx_word' id='word_1_924' title='bbox 2619 5028 2779 5083; x_wconf 87' lang='lat' dir='ltr'><strong>David</strong></span> <span class='ocrx_word' id='word_1_925' title='bbox 2809 5042 2963 5086; x_wconf 89' lang='lat' dir='ltr'><strong>eruet</strong></span> <span class='ocrx_word' id='word_1_926' title='bbox 2989 5033 3200 5103; x_wconf 88' lang='lat' dir='ltr'><strong>inopem</strong></span> <span class='ocrx_word' id='word_1_927' title='bbox 3244 5036 3311 5091; x_wconf 91' lang='lat' dir='ltr'><strong>de</strong></span> <span class='ocrx_word' id='word_1_928' title='bbox 3358 5033 3528 5094; x_wconf 65' lang='lat' dir='ltr'><strong>manti‘</strong></span> <span class='ocrx_word' id='word_1_929' title='bbox 3560 5037 3750 5095; x_wconf 77' lang='lat' dir='ltr'><strong>fortio-</strong></span> 
     </span>
    </p>
   </div>
   <div class='ocr_carea' id='block_1_112' title="bbox 2165 5117 3748 5188">
    <p class='ocr_par' dir='ltr' id='par_1_112' title="bbox 2165 5117 3748 5188">
     <span class='ocr_line' id='line_1_112' title="bbox 2165 5117 3748 5188; baseline 0.011 -18"><span class='ocrx_word' id='word_1_930' title='bbox 2165 5131 2283 5170; x_wconf 88' lang='lat' dir='ltr'><strong>rum</strong></span> <span class='ocrx_word' id='word_1_931' title='bbox 2307 5117 2444 5186; x_wconf 49' lang='lat' dir='ltr'><strong>ejus»</strong></span> <span class='ocrx_word' id='word_1_932' title='bbox 2472 5118 2682 5174; x_wconf 85' lang='lat' dir='ltr'><strong>Fortior</strong></span> <span class='ocrx_word' id='word_1_933' title='bbox 2705 5122 2848 5176; x_wconf 88' lang='lat' dir='ltr'><strong>enim</strong></span> <span class='ocrx_word' id='word_1_934' title='bbox 2889 5124 3059 5178; x_wconf 79' lang='lat' dir='ltr'><strong>fuerat</strong></span> <span class='ocrx_word' id='word_1_935' title='bbox 3084 5126 3326 5183; x_wconf 87' lang='lat' dir='ltr'><strong>diabolus</strong></span> <span class='ocrx_word' id='word_1_936' title='bbox 3362 5127 3430 5184; x_wconf 87' lang='lat' dir='ltr'><strong>ad</strong></span> <span class='ocrx_word' id='word_1_937' title='bbox 3459 5130 3748 5188; x_wconf 87' lang='lat' dir='ltr'><strong>tenendum</strong></span> 
     </span>
    </p>
   </div>
   <div class='ocr_carea' id='block_1_113' title="bbox 2168 5209 3751 5289">
    <p class='ocr_par' dir='ltr' id='par_1_113' title="bbox 2168 5209 3751 5289">
     <span class='ocr_line' id='line_1_113' title="bbox 2168 5209 3751 5289; baseline 0.011 -26"><span class='ocrx_word' id='word_1_938' title='bbox 2168 5217 2240 5272; x_wconf 88' lang='lat' dir='ltr'><strong>te,</strong></span> <span class='ocrx_word' id='word_1_939' title='bbox 2268 5209 2389 5279; x_wconf 87' lang='lat' dir='ltr'><strong>quia</strong></span> <span class='ocrx_word' id='word_1_940' title='bbox 2411 5210 2525 5281; x_wconf 88' lang='lat' dir='ltr'><strong>ipse</strong></span> <span class='ocrx_word' id='word_1_941' title='bbox 2546 5212 2669 5267; x_wconf 88' lang='lat' dir='ltr'><strong>vicit</strong></span> <span class='ocrx_word' id='word_1_942' title='bbox 2686 5213 2774 5268; x_wconf 90' lang='lat' dir='ltr'><strong>cui</strong></span> <span class='ocrx_word' id='word_1_943' title='bbox 2798 5217 3136 5273; x_wconf 85' lang='lat' dir='ltr'><strong>consensisti.</strong></span> <span class='ocrx_word' id='word_1_944' title='bbox 3162 5217 3267 5275; x_wconf 86' lang='lat' dir='ltr'><strong>Sed</strong></span> <span class='ocrx_word' id='word_1_945' title='bbox 3292 5219 3418 5289; x_wconf 88' lang='lat' dir='ltr'><strong>quid</strong></span> <span class='ocrx_word' id='word_1_946' title='bbox 3435 5220 3559 5278; x_wconf 78' lang='lat' dir='ltr'><strong>fecit</strong></span> <span class='ocrx_word' id='word_1_947' title='bbox 3583 5237 3751 5281; x_wconf 80' lang='lat' dir='ltr'><strong>manu</strong></span> 
     </span>
    </p>
   </div>
   <div class='ocr_carea' id='block_1_114' title="bbox 2166 5296 3752 5384">
    <p class='ocr_par' dir='ltr' id='par_1_114' title="bbox 2166 5296 3752 5384">
     <span class='ocr_line' id='line_1_114' title="bbox 2166 5296 3752 5384; baseline 0.013 -35"><span class='ocrx_word' id='word_1_948' title='bbox 2166 5296 2355 5355; x_wconf 77' lang='lat' dir='ltr'><strong>fortis?</strong></span> <span class='ocrx_word' id='word_1_949' title='bbox 2379 5299 2549 5356; x_wconf 89' lang='lat' dir='ltr'><strong>Nemo</strong></span> <span class='ocrx_word' id='word_1_950' title='bbox 2574 5301 2736 5358; x_wconf 86' lang='lat' dir='ltr'><strong>intrat</strong></span> <span class='ocrx_word' id='word_1_951' title='bbox 2765 5304 2817 5359; x_wconf 92' lang='lat' dir='ltr'><strong>in</strong></span> <span class='ocrx_word' id='word_1_952' title='bbox 2842 5304 3059 5361; x_wconf 87' lang='lat' dir='ltr'><strong>domum</strong></span> <span class='ocrx_word' id='word_1_953' title='bbox 3090 5307 3241 5364; x_wconf 81' lang='lat' dir='ltr'><strong>fortis</strong></span> <span class='ocrx_word' id='word_1_954' title='bbox 3269 5319 3328 5365; x_wconf 90' lang='lat' dir='ltr'><strong>ut</strong></span> <span class='ocrx_word' id='word_1_955' title='bbox 3368 5326 3491 5367; x_wconf 89' lang='lat' dir='ltr'><strong>vasa</strong></span> <span class='ocrx_word' id='word_1_956' title='bbox 3518 5312 3637 5384; x_wconf 85' lang='lat' dir='ltr'><strong>ejus</strong></span> <span class='ocrx_word' id='word_1_957' title='bbox 3661 5314 3752 5371; x_wconf 88' lang='lat' dir='ltr'><strong>di-</strong></span> 
     </span>
    </p>
   </div>
   <div class='ocr_carea' id='block_1_115' title="bbox 2166 5393 3744 5477">
    <p class='ocr_par' dir='ltr' id='par_1_115' title="bbox 2166 5393 3744 5477">
     <span class='ocr_line' id='line_1_115' title="bbox 2166 5393 3744 5477; baseline 0.01 -30"><span class='ocrx_word' id='word_1_958' title='bbox 2166 5393 2344 5462; x_wconf 85' lang='lat' dir='ltr'><strong>ripiat,</strong></span> <span class='ocrx_word' id='word_1_959' title='bbox 2371 5393 2473 5451; x_wconf 88' lang='lat' dir='ltr'><strong>nisi</strong></span> <span class='ocrx_word' id='word_1_960' title='bbox 2498 5395 2647 5465; x_wconf 87' lang='lat' dir='ltr'><strong>prius</strong></span> <span class='ocrx_word' id='word_1_961' title='bbox 2672 5397 2968 5469; x_wconf 78' lang='lat' dir='ltr'><strong>alligaverit</strong></span> <span class='ocrx_word' id='word_1_962' title='bbox 3009 5398 3201 5456; x_wconf 83' lang='lat' dir='ltr'><strong>fortem</strong></span> <span class='ocrx_word' id='word_1_963' title='bbox 3248 5402 3459 5475; x_wconf 73' lang='lat' dir='ltr'><strong>(Matth.</strong></span> <span class='ocrx_word' id='word_1_964' title='bbox 3498 5420 3599 5473; x_wconf 85' lang='lat' dir='ltr'><strong>xu,</strong></span> <span class='ocrx_word' id='word_1_965' title='bbox 3625 5407 3744 5477; x_wconf 74' lang='lat'><strong>29).</strong></span> 
     </span>
    </p>
   </div>
   <div class='ocr_carea' id='block_1_116' title="bbox 2231 5594 3751 5667">
    <p class='ocr_par' dir='ltr' id='par_1_116' title="bbox 2231 5594 3751 5667">
     <span class='ocr_line' id='line_1_116' title="bbox 2231 5594 3751 5667; baseline 0.008 -23"><span class='ocrx_word' id='word_1_966' title='bbox 2231 5595 2252 5667; x_wconf 46' lang='grc' dir='ltr'>ἦ</span> <span class='ocrx_word' id='word_1_967' title='bbox 2281 5598 2354 5667; x_wconf 78' lang='lat' dir='ltr'><strong>sic</strong></span> <span class='ocrx_word' id='word_1_968' title='bbox 2376 5594 2591 5667; x_wconf 67' lang='lat' dir='ltr'><strong>nonnulli</strong></span> <span class='ocrx_word' id='word_1_969' title='bbox 2612 5602 2719 5647; x_wconf 77' lang='lat' dir='ltr'><strong>Mss.</strong></span> <span class='ocrx_word' id='word_1_970' title='bbox 2748 5598 3031 5667; x_wconf 68' lang='lat' dir='ltr'><strong>alii_a_utem,</strong></span> <span class='ocrx_word' id='word_1_971' title='bbox 3055 5597 3167 5665; x_wconf 82' lang='lat' dir='ltr'><strong>liget</strong></span> <span class='ocrx_word' id='word_1_972' title='bbox 3183 5606 3244 5650; x_wconf 87' lang='lat' dir='ltr'><strong>te.</strong></span> <span class='ocrx_word' id='word_1_973' title='bbox 3264 5598 3479 5660; x_wconf 81' lang='lat' dir='ltr'><strong>Quidam,</strong></span> <span class='ocrx_word' id='word_1_974' title='bbox 3488 5606 3623 5652; x_wconf 73' lang='lat' dir='ltr'><strong>necet</strong></span> <span class='ocrx_word' id='word_1_975' title='bbox 3643 5602 3751 5656; x_wconf 74' lang='lat' dir='ltr'><strong>tibi.</strong></span> 
     </span>
    </p>
   </div>
   <div class='ocr_carea' id='block_1_117' title="bbox 2164 5657 3134 5728">
    <p class='ocr_par' dir='ltr' id='par_1_117' title="bbox 2164 5657 3134 5728">
     <span class='ocr_line' id='line_1_117' title="bbox 2164 5657 3134 5728; baseline 0.014 -28"><span class='ocrx_word' id='word_1_976' title='bbox 2164 5658 2463 5728; x_wconf 52' lang='lat' dir='ltr'><strong>meti-cicuta</strong></span> <span class='ocrx_word' id='word_1_977' title='bbox 2487 5657 2618 5728; x_wconf 74' lang='lat' dir='ltr'><strong>Edd,</strong></span> <span class='ocrx_word' id='word_1_978' title='bbox 2642 5668 2777 5728; x_wconf 65' lang='lat' dir='ltr'><strong>neget</strong></span> <span class='ocrx_word' id='word_1_979' title='bbox 2797 5657 2899 5728; x_wconf 50' lang='lat' dir='ltr'><strong>lilii.</strong></span> <span class='ocrx_word' id='word_1_980' title='bbox 2943 5726 2950 5728; x_wconf 22' lang='grc' dir='ltr'><em>Α</em></span> <span class='ocrx_word' id='word_1_981' title='bbox 3041 5724 3050 5728; x_wconf 87' lang='lat'><strong><em>_</em></strong></span> 
     </span>
    </p>
   </div>
   <div class='ocr_carea' id='block_1_118' title="bbox 2231 5718 3752 5789">
    <p class='ocr_par' dir='ltr' id='par_1_118' title="bbox 2231 5718 3752 5789">
     <span class='ocr_line' id='line_1_118' title="bbox 2231 5718 3752 5789; baseline 0.009 -25"><span class='ocrx_word' id='word_1_982' title='bbox 2231 5722 2251 5751; x_wconf 78' lang='grc'>³</span> <span class='ocrx_word' id='word_1_983' title='bbox 2284 5718 2505 5767; x_wconf 72' lang='lat' dir='ltr'><strong>Mulieres</strong></span> <span class='ocrx_word' id='word_1_984' title='bbox 2674 5718 2812 5782; x_wconf 76' lang='lat' dir='ltr'><strong>juxta</strong></span> <span class='ocrx_word' id='word_1_985' title='bbox 2849 5726 2954 5769; x_wconf 73' lang='lat' dir='ltr'><strong>LXX</strong></span> <span class='ocrx_word' id='word_1_986' title='bbox 2982 5735 2995 5772; x_wconf 90' lang='lat'><strong>:</strong></span> <span class='ocrx_word' id='word_1_987' title='bbox 3021 5718 3269 5785; x_wconf 70' lang='lat' dir='ltr'><strong>Ibrliorum</strong></span> <span class='ocrx_word' id='word_1_988' title='bbox 3304 5722 3438 5789; x_wconf 69' lang='lat' dir='ltr'><strong>ejus,</strong></span> <span class='ocrx_word' id='word_1_989' title='bbox 3472 5726 3525 5773; x_wconf 76' lang='lat' dir='ltr'><strong>et</strong></span> <span class='ocrx_word' id='word_1_990' title='bbox 3552 5736 3752 5788; x_wconf 63' lang='lat' dir='ltr'><strong>qm</strong></span> 
     </span>
    </p>
   </div>
   <div class='ocr_carea' id='block_1_119' title="bbox 2179 5788 2632 5843">
    <p class='ocr_par' dir='ltr' id='par_1_119' title="bbox 2179 5788 2632 5843">
     <span class='ocr_line' id='line_1_119' title="bbox 2179 5788 2632 5843; baseline -0.002 -13"><span class='ocrx_word' id='word_1_991' title='bbox 2179 5789 2224 5834; x_wconf 74' lang='lat' dir='ltr'><strong>cl</strong></span> <span class='ocrx_word' id='word_1_992' title='bbox 2236 5793 2511 5843; x_wconf 68' lang='lat' dir='ltr'><strong>pauperem.</strong></span> <span class='ocrx_word' id='word_1_993' title='bbox 2538 5788 2632 5830; x_wconf 70' lang='lat' dir='ltr'><strong>etc.</strong></span> 
     </span>
    </p>
   </div>
  </div>
