4008 6324
561 455 665 509 535

561 567 937 618 Verumtamen
967 557 1021 610 in
1053 567 1277 624 corpore
1307 546 1410 602 hoc
1437 543 1748 606 dixerimus,
1781 539 1831 593 id
1863 547 1945 592 est
1973 539 2025 590 in
2053 551 2149 588 no-

560 659 671 711 bis:
699 656 750 707 in
797 649 1020 704 Domino
1058 656 1234 698 autem
1279 648 1464 694 nostro
1493 635 1619 691 Jesu
1645 630 1857 686 Christo
1886 625 2012 696 quid
2044 625 2149 679 tale

558 742 941 818 agnoscimus?
987 733 1278 806 Evangelio
1321 737 1602 802 perspecto
1641 734 1696 780 et
1743 721 2148 818 diligentissime

564 815 918 910 perscrutato,
948 847 1053 886 non
1083 826 1384 884 invenimus
1411 821 1693 877 Dominum
1723 817 1775 871 in
1819 815 1995 910 aliqua
2028 825 2152 881 pas-

561 904 717 984 sione
738 935 793 982 et
809 921 1150 978 tribulatione
1177 933 1273 972 sua
1303 913 1540 969 induisse
1567 925 1626 964 se
1652 907 1847 963 cilicio.
1872 904 2151 974 Jejunasse

570 1018 782 1089 quidem
814 1029 936 1070 eum
968 1012 1192 1081 legimus
1221 1015 1402 1076 postea
1430 1017 1587 1073 quam
1613 998 1913 1070 baptizatus
1933 1003 2047 1089 est:
2070 992 2152 1089 ci-

553 1085 746 1167 licium
785 1107 856 1162 ibi
886 1105 1083 1159 nullum
1115 1099 1433 1162 audivimus,
1476 1092 1688 1148 nullum
1730 1089 1989 1160 legimus:
2009 1085 2151 1154 jeju-

565 1204 723 1258 nasse
749 1206 925 1253 autem
954 1194 1185 1248 nomlum
1213 1190 1412 1245 Iudaeis
1439 1183 1899 1257 persequentibus,
1923 1177 2018 1234 sed
2043 1177 2155 1231 dia-

562 1270 688 1347 bolo
719 1297 952 1345 tentante
969 1281 1360 1353 (Mattlr.tv,l).
1390 1277 1504 1331 Non
1527 1289 1596 1330 co
1621 1283 1859 1342 tempore
1878 1269 1998 1323 dico
2013 1267 2155 1338 jeju-

563 1396 725 1436 nasse
746 1376 1049 1441 Dominum,
1071 1371 1282 1442 quando
1306 1383 1427 1424 eum
1456 1365 1851 1433 interrogabant
1871 1377 1988 1431 quze
2006 1361 2156 1429 igno-

555 1485 666 1540 rat,
683 1483 736 1528 et
749 1468 964 1542 quando
979 1463 1344 1522 retribuebant
1360 1461 1497 1514 mala
1515 1473 1611 1528 pro
1627 1457 1801 1520 bonis,
1818 1451 2150 1518 insectando,

564 1561 957 1637 persequendo,
987 1557 1240 1618 tenendo,
1264 1551 1603 1623 ﬂagellando,
1634 1545 1984 1611 vulnerando,
2009 1543 2153 1597 occi-

559 1641 741 1714 dendo
761 1673 775 1710 :
799 1653 891 1709 sed
923 1662 1098 1706 tamen
1124 1650 1175 1702 iu
1205 1647 1285 1700 ltis
1314 1642 1582 1706 omnibus,
1604 1639 1818 1701 fratres,
1847 1637 1891 1690 si
1918 1637 2156 1704 aliquan-

567 1753 735 1804 tulum
766 1749 850 1818 pia
879 1743 1188 1801 curiositate
1219 1740 1456 1792 levemus
1477 1734 1674 1798 velum,
1704 1741 1759 1786 et
1787 1728 2041 1784 interiora
2061 1728 2159 1818 Ιιιι-

556 1845 652 1912 jus
674 1817 967 1908 Scriptura:
996 1833 1152 1890 oculo
1180 1830 1359 1885 cordis
1406 1829 1610 1881 intento
1635 1828 1914 1884 rimemur,
1951 1817 2157 1873 invenio

561 1910 690 1988 «inus
709 1943 764 1986 et
783 1931 880 1984 hoc
890 1927 1086 1982 fecisse
1104 1923 1405 1979 Dominum.
1425 1917 1668 1974 Ciliciam
1685 1912 1912 1968 fortasse
1927 1910 2159 1980 appellat

563 2024 744 2079 carnis
763 2036 872 2076 sua:
899 2015 1303 2072 mortalitatem.
1325 2011 1502 2079 Quare
1529 2005 1798 2062 cilicium?
1825 2003 2056 2072 Pr0pter
2081 2000 2157 2054 si-

564 2112 920 2168 militudinem
948 2106 1126 2162 carnis
1152 2102 1374 2175 peccati.
1397 2097 1683 2168 Apostolus
1703 2095 1845 2151 enim
1874 2093 2035 2148 dicit:
2057 2089 2160 2144 Mi-

564 2209 632 2264 sit
661 2205 795 2259 Deus
826 2201 1020 2256 Filium
1057 2212 1206 2254 suum
1247 2196 1301 2249 in
1340 2190 1722 2249 similitudinem
1745 2187 1914 2241 carnis
1943 2184 2155 2256 peccati,

565 2308 623 2353 ut
641 2297 703 2352 de
725 2303 929 2368 peccato
945 2292 1210 2346 damnaret
1225 2293 1482 2358 peccatum
1498 2284 1552 2336 in
1574 2296 1725 2335 carne
1746 2279 1922 2350 (Rom.
1945 2291 2060 2340 vm,

564 2389 671 2444 hoc
698 2367 802 2454 est,
830 2384 1024 2447 Filium
1050 2395 1204 2436 suum
1233 2377 1401 2432 induit
1431 2373 1629 2437 cilicio,
1647 2379 1705 2425 ut
1742 2370 1811 2425 de
1847 2368 2021 2424 cilicio
2068 2367 2162 2420 da—

567 2489 780 2536 mnaret
805 2475 1009 2532 haedos.
1044 2473 1159 2528 Non
1193 2469 1315 2540 quia
1366 2474 1641 2536 peccatum
1667 2469 1802 2527 erat,
1825 2475 1928 2515 non
1957 2458 2078 2513 dico
2107 2458 2158 2511 in

568 2572 749 2626 Verbo
779 2570 894 2635 Dei,
924 2565 1020 2621 sed
1047 2577 1146 2618 nec
1172 2561 1222 2615 iu
1251 2559 1363 2628 ipsa
1389 2555 1603 2627 quidem
1630 2553 1751 2608 dico
1779 2550 1953 2604 anima
1977 2558 2161 2604 sancta

567 2676 627 2720 et
672 2672 850 2719 mente
895 2657 1148 2720 hominis,
1180 2668 1340 2724 quem
1385 2648 1487 2705 sibi
1524 2647 1590 2702 ad
1635 2645 1891 2699 unitatem
1921 2656 2163 2711 persona:

570 2756 807 2812 Verbum
838 2751 933 2808 Dei
962 2758 1018 2804 et
1039 2745 1308 2817 Sapientia
1335 2746 1702 2811 coaptaverat;
1725 2735 1820 2791 sed
1848 2749 1946 2789 nec
1969 2734 2022 2788 in
2049 2733 2164 2804 ipso

567 2860 799 2916 corpore
826 2850 1100 2913 peccatum
1141 2837 1310 2891 ullum
1349 2840 1485 2894 erat,
1529 2829 1625 2885 sed
1665 2823 2164 2916 similitudo‘carnis

571 2914 775 3009 peccati
797 2943 912 2990 erat
931 2932 984 2986 in
1012 2927 1267 2990 Domino;
1287 2923 1409 2993 quia
1432 2935 1578 2976 mors
1599 2935 1705 2973 non
1723 2927 1806 2972 est
1826 2915 1927 2970 nisi
1953 2914 2021 2969 de
2043 2928 2165 2981 pec-

568 3007 693 3084 cato
723 3025 832 3098 (Id.
866 3039 920 3091 v,
945 3021 1056 3092 12),
1081 3029 1137 3075 et
1165 3018 1347 3086 utique
1373 3027 1569 3082 corpus
1605 3009 1732 3064 illud
1772 3007 1998 3063 mortale
2026 3015 2162 3060 erat.

573 3122 704 3176 Nam
735 3117 836 3172 nisi
864 3114 1088 3170 mortale
1111 3119 1274 3170 esset,
1297 3121 1402 3160 non
1432 3101 1761 3165 moreretur;
1791 3099 1835 3153 si
1857 3115 1962 3153 non
1985 3112 2165 3151 more-

576 3221 741 3274 retur,
771 3223 878 3263 non
919 3209 1261 3272 resurgeret;
1293 3198 1338 3251 si
1369 3211 1473 3249 non
1502 3198 1822 3261 resurgeret,
1859 3188 2164 3257 exemplum

572 3304 698 3358 vita:
738 3311 955 3356 aeternae
983 3294 1138 3350 nobis
1167 3306 1271 3345 non
1315 3286 1729 3342 demonstraret.
1763 3281 1902 3350 Ergo
1930 3279 2010 3334 sic
2035 3277 2168 3331 dit-i-

573 3406 660 3452 tur
687 3407 832 3447 mors
875 3395 1171 3460 peccatum,
1211 3395 1330 3453 qua:
1356 3379 1493 3432 facta
1521 3382 1606 3430 est
1631 3379 1870 3444 peccato,
1895 3368 2167 3439 quomodo

573 3491 767 3546 dicitur
791 3486 968 3555 lingua
1008 3493 1198 3551 grarca,
1245 3475 1422 3542 lingua
1447 3469 1630 3535 latina,
1659 3481 1767 3522 non
1796 3466 1969 3534 ipsum
1998 3477 2167 3555 inem-

574 3584 731 3636 brum
757 3551 954 3640 carnis,
987 3571 1078 3627 sed
1100 3569 1242 3640 quod
1275 3565 1333 3618 tit
1360 3579 1452 3633 per
1479 3560 1778 3616 membrum
1808 3555 2005 3610 carnis.
2030 3551 2164 3606 Nam

574 3675 752 3742 lingua
773 3669 826 3724 in
852 3663 1107 3722 membris
1140 3656 1338 3714 nostris
1363 3668 1526 3709 unum
1561 3658 1642 3706 est
1673 3649 1739 3703 de
1765 3646 1997 3711 caeteris,
2029 3645 2167 3698 sicut

573 3765 735 3827 nculi,
767 3774 948 3820 nasus,
991 3768 1171 3818 aures,
1200 3759 1251 3806 et
1280 3757 1475 3804 czelcra
1495 3762 1509 3798 :
1533 3744 1710 3812 lingua
1740 3749 1919 3792 autem
1967 3751 2162 3806 graeca,

575 3858 735 3910 verba
761 3865 933 3924 graeca
965 3854 1091 3902 sunt
1123 3863 1138 3897 :
1169 3858 1272 3896 non
1307 3839 1431 3910 quia
1468 3835 1629 3891 verba
1660 3833 1856 3902 lingua,
2040 3827 2166 3924 quia

576 3946 736 4002 verba
762 3915 862 4014 per
904 3941 1156 4007 linguam.
1193 3929 1332 3985 Dicis
1375 3928 1444 3982 de
1485 3925 1688 3994 aliquo,
1720 3917 1929 3990 Agnovi
1970 3915 2163 4014 faciem

575 4009 860 4109 ipsius,vde
891 4028 1130 4084 membro
1173 4020 1414 4092 corporis
1451 4018 1712 4086 loquens:
1738 4021 1792 4067 et
1818 4010 1951 4066 dicis
1981 4009 2161 4075 etiam,

575 4104 779 4202 dgnovi
802 4137 1016 4180 manum
1041 4119 1208 4190 ipsius
1231 4111 1489 4176 absentis,
1514 4124 1618 4163 non
1644 4121 1858 4161 manum
1892 4104 1942 4157 in
1970 4117 2164 4172 corpo-

574 4239 655 4288 re,
685 4219 778 4274 sed
808 4218 1124 4285 scripturam
1153 4223 1271 4278 qua:
1301 4204 1437 4259 faeta
1457 4211 1539 4257 est
1560 4216 1654 4272 per
1677 4214 1891 4252 manum
1915 4213 2033 4268 qua:
2049 4205 2164 4250 erat

575 4319 628 4372 in
659 4326 902 4382 corpore.
942 4307 1033 4363 Sic
1059 4317 1188 4372 ergo
1217 4305 1493 4370 peccatum
1524 4292 1753 4357 Domini,
1785 4291 1924 4382 quod
1968 4290 2164 4344 factum

576 4417 657 4462 cst
683 4380 1009 4474 depcccato,
1034 4395 1156 4466 quia
1178 4391 1301 4445 inde
1320 4401 1537 4442 carnem
1566 4382 1872 4451 assumpsit,
1896 4380 1962 4434 de
1991 4395 2163 4434 massa

576 4502 688 4569 ipsa
715 4472 832 4566 qua:
857 4499 1084 4545 mortem
1107 4487 1374 4539 meruerat
1399 4494 1466 4533 ex
1493 4483 1729 4545 peccato.
1757 4472 1965 4526 Etenim
1989 4480 2048 4524 ut
2072 4486 2163 4525 cc-

577 4591 740 4646 lcrius
769 4586 966 4645 dicam,
1016 4575 1179 4633 Maria
1199 4574 1216 4605 ¹
1248 4586 1314 4626 ex
1351 4569 1520 4625 Adam
1553 4573 1758 4620 mortua
1791 4572 2007 4632 propter
2038 4578 2163 4630 pec-

575 4693 773 4742 eatum,
804 4676 971 4730 Adam
995 4677 1240 4724 mortuus
1270 4671 1488 4736 propter
1514 4668 1810 4728 peccatum,
1841 4663 1895 4710 et
1923 4669 2049 4708 caro
2073 4655 2166 4706 Do-

577 4773 703 4827 mini
729 4785 793 4825 ex
824 4765 986 4822 Maria
1025 4770 1233 4815 mortua
1287 4764 1369 4809 est
1409 4759 1625 4822 propter
1651 4745 1878 4802 delenda
1928 4754 2161 4814 peccata.

579 4867 691 4920 lloc.
715 4859 888 4914 cilicio
905 4871 963 4908 se
989 4851 1161 4906 induit
1183 4846 1469 4900 Dominus:
1495 4851 1547 4895 et
1563 4840 1682 4894 ideo
1699 4853 1804 4892 non
1829 4845 1911 4891 est
1933 4840 2160 4906 agnitus,

578 4956 705 5026 quia
729 4952 828 5006 sub
852 4947 1025 5003 cilicio
1051 4940 1311 4997 latitabat.
1343 4935 1470 4991 Cum
1491 4932 1638 5026 milii,
1660 4930 1857 5026 inquit,
1883 4929 2076 5026 molesti
2092 4945 2170 4980 es-

577 5019 706 5106 sent,
752 5038 1021 5094 induebam
1063 5049 1142 5086 nte
1182 5029 1347 5083 cilicio
1371 5043 1387 5079 :
1412 5025 1464 5079 id
1493 5031 1594 5087 est,
1627 5023 1701 5076 illi
1730 5019 2041 5082 smviebant,
2069 5033 2168 5088 ego

581 5137 830 5192 latebam.
857 5131 913 5184 Si
944 5128 1086 5182 enim
1115 5125 1282 5178 latere
1311 5117 1497 5181 nollet,
1517 5129 1614 5168 nec
1631 5112 1762 5166 mori
1783 5120 1982 5180 posset,
2001 5125 2168 5179 quan.

578 5229 863 5301 doquidcm
903 5236 1010 5277 uno
1036 5216 1288 5286 temporis
1317 5220 1510 5281 puncto
1532 5207 1727 5262 stillam
1757 5203 2040 5301 quamdam
2071 5218 2167 5301 po-

581 5292 789 5378 tesiatis
807 5329 940 5381 sua,
959 5314 1003 5366 si
1019 5309 1104 5365 vel
1119 5310 1140 5340 '
1157 5306 1297 5361 stilla
1320 5300 1538 5356 dicenda
1565 5307 1665 5360 est,
1685 5295 1935 5359 exseruit,
1957 5292 2170 5363 quando

643 5525 662 5557 ι
697 5527 763 5570 Ita
783 5526 894 5569 tm.
930 5522 983 5564 et
1017 5509 1226 5560 niaxims
1259 5517 1369 5570 pars
1404 5509 1513 5570 Mss.
1539 5503 1594 5548 At
1627 5503 1720 5552 Er.,
1745 5491 2172 5570 potiuerim

584 5558 770 5634 amt-tt;
1008 5558 1416 5643 peactttwtt114dq3,
1444 5561 1874 5643 gmw-titius"
1883 5558 2170 5643 estmpfgpntgr

583 5613 970 5703 ἱῖέἑὲιῖιιῗιζνὲίέἷ
988 5613 1711 5703 155535;bellic-198093.22-
1721 5613 1983 5703 ⁸ίὲζέἔέξὲ
1996 5613 2166 5703 λέῌζὲλ

587 5680 973 5755 Z'dﬁﬁiib’niia
989 5680 1184 5762 propter
1208 5694 1470 5762 peccatum,
1492 5697 1593 5762 etc:
1610 5680 2170 5762 ξψη-,νξξεξρὶξιγξελιξι-αςξιι

1209 5735 1595 5803 Ξὲέιιιιιιιιδὸνηιε
1611 5755 1676 5793 ea:
1700 5735 1854 5794 Maria
1874 5735 2171 5805 p‘ropterde-

575 5829 727 5886 itania
753 5833 963 5888 peccata.
1045 5882 1056 5888 _
1075 5882 1086 5888 _
1117 5854 1121 5858 .

639 5894 663 5922 ⁸
691 5882 769 5940 δὶιί
791 5897 895 5937 uss.
923 5892 978 5937 At
997 5882 1127 5943 ωαη
1148 5889 1278 5929 vera.

1803 428 1860 484 S.
1905 429 1941 480 Α
1955 421 2264 481 UGUSTINI
2309 418 2606 473 EPISCOPI

3737 412 3842 468 356

2259 544 2381 583 eum
2412 539 2594 583 tenere
2622 525 2920 593 voluerunt,
2952 534 3007 581 et
3034 525 3101 582 ad
3132 541 3289 580 unam
3324 525 3442 597 ejus
3469 526 3844 597 interrogatio-

2259 635 2402 683 nem,
2433 617 2602 685 Qucm
2631 617 2887 686 quaeritis,
2934 616 3207 671 redierunt
3235 631 3421 670 omnes
3449 623 3594 671 retro
3617 625 3673 671 et
3702 618 3844 671 ceci-

2255 710 2449 765 derunt
2471 709 2649 780 (Joan.
2685 726 2834 774 xvm,
2861 711 2915 777 4,
2947 709 3024 782 6).
3049 709 3271 764 Tantam
3297 719 3613 780 potestatem
3644 709 3696 764 in
3723 725 3848 780 pas.

2255 800 2408 856 sione
2435 816 2540 856 nun
2567 800 2889 866 humiliaret,
2917 801 3017 855 nisi
3044 800 3144 855 sub
3165 800 3338 856 cilicio
3364 799 3574 856 lateret.

2328 893 2383 947 4.
2413 892 2552 962 Ergo
2579 891 2849 945 induebant
2873 908 2950 945 me
2968 892 3132 945 cilicio
3152 907 3172 947 :
3202 901 3249 944 et
3279 891 3607 945 humiliabant
3633 892 3685 945 in
3703 891 3848 962 jeju-

2259 982 2344 1035 nio
2383 981 2607 1035 animam
2649 999 2832 1037 meam.
2879 981 3070 1036 lterum
3109 982 3154 1036 si
3192 982 3551 1037 intelleximus
3575 983 3847 1048 cilicium,

2261 1073 2528 1144 quomodo
2567 1073 2907 1143 intelligimus
2933 1072 3234 1143 jejunium?
3268 1072 3588 1128 Manducare
3631 1072 3851 1129 volebat

2261 1166 2503 1221 Christus
2522 1205 2538 1232 ,
2564 1167 2777 1236 quando
2805 1182 2959 1237 poma
2987 1149 3259 1236 qnzerebat
3284 1166 3336 1219 in
3359 1165 3580 1232 arbore,
3609 1174 3665 1220 et
3687 1165 3735 1219 si
3766 1164 3849 1219 in-

2265 1257 2467 1311 veniret
2499 1256 2841 1312 manducaret
2879 1256 3074 1326 (Mare.
3111 1273 3164 1312 ιι
3185 1298 3200 1323 ,
3231 1257 3372 1328 ἰὅγῖ
3413 1256 3602 1312 Bibere
3634 1257 3854 1311 volebat

2262 1345 2536 1411 Christus,
2566 1347 2779 1417 quando
2803 1346 2936 1401 dixit
2961 1347 3168 1401 mulieri
3194 1345 3541 1402 Samaritana:
3558 1388 3576 1414 ,
3601 1346 3686 1399 Da
3727 1347 3853 1400 milii

2265 1439 2428 1493 bibere
2453 1439 2632 1509 (Joan.
2657 1455 2733 1504 tv,
2751 1438 2974 1510 7),dixit
2999 1438 3051 1493 in
3075 1454 3254 1504 cruce,
3285 1439 3414 1494 Sitio
3440 1437 3549 1511 (Id.
3585 1455 3702 1503 xtx,
3721 1438 3855 1508 28)?

2262 1530 2398 1597 Quid
2426 1531 2686 1598 esurivit,
2722 1530 2850 1600 quid
2876 1530 3042 1585 sitivit
3066 1530 3337 1597 Christus,
3371 1531 3470 1585 nisi
3511 1531 3648 1584 bona
3687 1546 3852 1600 Opem

2265 1621 2480 1675 nostra?
2508 1621 2566 1675 la
2604 1622 2706 1675 illis
2745 1623 2885 1676 enim
2927 1621 3359 1692 crucifigentibus
3396 1633 3451 1676 et
3479 1624 3853 1693 persequenti-

2265 1713 2392 1776 bus,
2421 1716 2540 1782 quia
2572 1713 2716 1767 nulla
2745 1713 2881 1768 bona
2908 1727 3068 1783 opera
3097 1713 3388 1780 invenerat,
3414 1713 3693 1784 jejunabat
3718 1731 3732 1767 :
3765 1730 3855 1769 rc-

2265 1805 2568 1860 tribuebant
2593 1806 2733 1860 enim
2761 1806 3092 1860 sterilitatem
3121 1805 3513 1875 animmipsius.
3539 1805 3669 1859 Nam
3697 1807 3856 1876 quale

2260 1898 2520 1968 jejunium
2550 1899 2715 1965 ipsius
2742 1898 2864 1965 fttit,
2897 1898 2986 1967 qui
3017 1883 3101 1952 vix
3132 1897 3335 1952 invenit
3362 1914 3526 1952 unum
3555 1897 3850 1960 latronem,

2264 2006 2422 2059 quem
2454 1991 2504 2044 in
2547 2005 2704 2046 cruce
2731 1988 3008 2062 gustaret?
3036 1989 3274 2059 Apostoli
3303 1990 3443 2044 enim
3487 1989 3770 2060 fugerant,
3803 2002 3858 2045 et

2265 2097 2330 2137 se
2361 2082 2413 2136 in
2441 2081 2593 2136 turba
2622 2082 3029 2138 absconderant.
3055 2081 3122 2135 Et
3150 2081 3238 2135 ille
3266 2080 3454 2136 Petrus
3481 2082 3571 2152 qui
3598 2096 3660 2136 se
3688 2096 3859 2153 usque

2264 2175 2332 2229 ad
2363 2183 2587 2229 mortem
2623 2175 2830 2228 Domini
2861 2182 3323 2245 perseveraturum
3347 2189 3468 2229 esse
3499 2174 3854 2244 promiserat,

2263 2267 2372 2338 jam
2400 2276 2480 2322 ter
2504 2267 2928 2338 negaverat,jam
2960 2265 3201 2333 ﬂeverat,
3227 2275 3282 2320 et
3310 2267 3484 2321 adhuc
3510 2267 3562 2321 in
3592 2267 3746 2321 turba
3776 2267 3857 2321 la-

2268 2359 2445 2421 tebat,
2476 2358 2651 2414 adhuc
2679 2358 2898 2413 timebat
2925 2373 2993 2413 ne
3031 2366 3426 2428 agnosceretur.
3455 2358 3738 2413 Postremo
3766 2358 3858 2414 illo

2267 2452 2384 2505 viso
2427 2459 2675 2517 mortuo,
2713 2465 2900 2505 omnes
2937 2451 3005 2506 de
3034 2450 3206 2505 salute
3233 2450 3346 2520 ipsa
3390 2449 3810 2520 desperaverunt
3841 2469 3855 2503 :

2267 2557 2402 2612 quos
2451 2542 2798 2612 desperantes
2851 2542 3050 2602 invenit
3097 2550 3218 2610 post
3261 2543 3757 2608 resurrectionem,
3802 2555 3861 2597 et

2271 2637 2478 2688 locutus
2522 2651 2642 2689 cum
2684 2635 2762 2690 eis
2809 2635 3010 2689 invenit
3053 2650 3145 2688 eos
3187 2632 3431 2689 dolentes
3475 2643 3530 2688 et
3575 2634 3854 2705 lugentes,

2271 2725 2401 2780 nihil
2425 2726 2536 2796 jam
2564 2735 2858 2795 sperantes.
2899 2725 3029 2778 Nam
3060 2733 3114 2779 et
3160 2725 3228 2778 ita
3269 2734 3396 2779 sunt
3427 2725 3640 2796 quidam
3669 2741 3858 2780 eorum

2271 2835 2390 2872 cutn
2414 2834 2479 2874 eo
2509 2820 2689 2882 locuti,
2711 2835 2831 2872 cum
2860 2818 3098 2873 diceret:
3129 2816 3262 2882 Quid
3293 2817 3559 2886 loquimini
3585 2817 3716 2872 inter
3737 2820 3860 2873 vos?

2267 2911 2349 2966 illi
2371 2911 2512 2967 enim
2537 2910 2605 2966 de
2633 2911 2720 2964 illo
2747 2909 3126 2979 loquebantur:
3159 2907 3239 2962 Tu
3264 2908 3400 2963 solus
3419 2951 3433 2973 ,
3463 2909 3738 2980 inquiunt,
3765 2928 3858 2981 pe-

2270 3004 2501 3075 regrinus
2526 3020 2576 3056 es
2599 3003 2650 3056 in
2670 3002 2977 3068 Jerusalem,
3000 3011 3046 3055 et
3066 3017 3166 3054 non
3185 3001 3457 3072 cognovisti
3484 3016 3598 3070 qua
3627 3004 3858 3072 fecerunt

2270 3092 2551 3166 sacerdotes
2592 3102 2638 3147 et
2684 3093 2934 3164 principes
2971 3091 3129 3146 nostri
3153 3090 3216 3144 de
3251 3089 3378 3145 Jesu
3421 3089 3730 3156 Nazarene,
3774 3095 3860 3162 qui

2265 3196 2377 3240 erat
2403 3195 2578 3257 potem
2609 3170 2663 3238 in
2688 3185 2835 3254 factis
2872 3194 2919 3236 et
2945 3183 3121 3248 dictis,
3153 3180 3402 3253 quomodo
3444 3199 3558 3235 eum
3588 3183 3861 3250 cruciﬁxe-

2271 3288 2390 3332 runt
2425 3288 2472 3332 et
2513 3277 2842 3331 occiderunt?
2871 3275 2982 3330 Nos
3009 3287 3175 3329 autem
3211 3273 3567 3343 sperabamus,
3595 3277 3721 3343 quia
3751 3277 3861 3347 ipse

2271 3383 2378 3424 erat
2402 3371 2751 3441 redempturus
2780 3368 2946 3423 Israel
2967 3367 3115 3440 (Luc.
3147 3383 3294 3431 xxiv,
3327 3367 3538 3437 18-21).
3571 3367 3625 3420 In
3661 3383 3857 3438 magno

2266 3466 2468 3534 jejunio
2497 3465 2750 3519 Dominus
2770 3470 3121 3528 remanserat,
3149 3463 3248 3516 nisi
3280 3461 3520 3516 reficeret
3539 3477 3674 3532 quos
3703 3477 3861 3516 vora-

2271 3566 2372 3610 ret.
2396 3555 2526 3609 Nam
2557 3556 2737 3610 refecit
2761 3570 2854 3609 eos
2873 3596 2888 3620 ,
2919 3555 3223 3609 consolatus
3249 3562 3332 3607 est
3366 3568 3458 3606 eos
3475 3594 3488 3613 ,
3515 3552 3850 3606 confirmavit

2271 3661 2385 3710 eos,
2415 3645 2541 3700 etin
2561 3660 2756 3714 corpus
2782 3660 2935 3698 suum
2961 3644 3222 3698 convertit
3249 3659 3360 3698 eos.
3383 3643 3503 3697 Fuit
3527 3659 3656 3714 ego
3679 3644 3854 3700 ethoc

2269 3739 2431 3795 modo
2461 3739 2515 3795 in
2538 3739 2743 3809 jejunio
2774 3739 3031 3793 Dominus
3062 3748 3262 3792 noster.

2341 3832 2394 3889 5.
2415 3831 2484 3886 Et
2509 3833 2672 3886 oratio
2701 3847 2832 3896 mea,
2859 3830 3045 3899 inquit,
3072 3831 3122 3882 in
3143 3829 3308 3882 sinum
3331 3845 3492 3881 nteant
3517 3836 3852 3882 convertatur.

2270 3929 2329 3984 In
2370 3928 2471 3983 hoc
2496 3929 2652 3998 plane
2684 3941 2840 3980 versu
2870 3939 3090 3994 magnus
3116 3923 3262 3976 sinus
3288 3929 3396 3983 est,
3425 3929 3478 3975 et
3504 3929 3723 3990 prtestet
3753 3919 3858 3974 Do-

2270 4021 2446 4076 minus
2478 4028 2537 4074 ut
2561 4017 2900 4089 penetrabilis
2939 4016 3093 4070 nobis
3124 4013 3231 4068 fiat.
3266 4013 3320 4068 In
3349 4014 3465 4066 sinu
3495 4013 3636 4066 enim
3670 4028 3854 4066 secre-

2272 4124 2383 4168 tum
2422 4111 2744 4184 agnoscitur.
2771 4109 2837 4164 Et
2860 4107 3096 4178 quidem,
3127 4105 3346 4168 fratres,
3377 4116 3429 4159 et
3457 4119 3552 4158 nos
3587 4118 3748 4158 orare
3777 4105 3854 4158 s‘c

2273 4208 2408 4261 bene
2433 4206 2782 4259 admonemur
2809 4203 2859 4255 in
2889 4200 3009 4254 sinu
3035 4208 3239 4264 nostro,
3275 4197 3362 4251 ubi
3397 4197 3536 4250 Deus
3560 4196 3708 4250 videt
3727 4238 3744 4262 ,
3771 4197 3855 4249 ubi

2273 4301 2416 4354 Deus
2437 4297 2601 4361 audit,
2625 4310 2731 4366 quo
2760 4293 2934 4348 nullus
2954 4291 3140 4347 oculus
3166 4288 3428 4343 humanus
3456 4297 3724 4358 penetrat,
3751 4303 3856 4357 quo

2271 4410 2376 4449 non
2400 4392 2543 4446 videt
2567 4391 2664 4444 nisi
2689 4388 2778 4458 qui
2794 4387 3038 4441 subvenit
3054 4401 3067 4449 ;
3084 4382 3170 4439 ubi
3191 4381 3638 4446 oravitSusanna,
3658 4388 3713 4435 et
3734 4396 3854 4434 cum

2271 4487 2386 4555 ejus
2411 4500 2510 4538 vox
2539 4482 2606 4536 ab
2645 4479 2949 4534 hominibus
2993 4489 3099 4529 non
3141 4472 3412 4528 audiretur
3433 4513 3446 4534 ,
3474 4486 3503 4524 a
3534 4471 3642 4524 Deo
3676 4480 3852 4524 tamen

2271 4576 2450 4630 audita
2477 4580 2560 4627 est
2582 4570 2740 4642 (Dan.
2766 4584 2898 4633 xm,
2923 4567 3022 4630 55,
3052 4563 3164 4636 44).
3206 4564 3270 4618 Et
3299 4563 3399 4616 hoc
3427 4561 3565 4617 bene
3594 4561 3857 4615 admoneo

2271 4682 2390 4720 mur
2419 4682 2432 4719 :
2456 4661 2548 4718 sed
2574 4663 2628 4716 in
2659 4658 2884 4714 Domino
2911 4665 3094 4711 nostro
3119 4651 3317 4722 aliquid
3343 4652 3460 4723 plus
3491 4651 3756 4705 debemus
3780 4652 3860 4704 in-

2270 4758 2530 4824 telligere,
2559 4754 2679 4822 quia
2710 4759 2766 4806 et
2787 4751 2900 4821 ipse
2923 4747 3114 4804 oravit.
3147 4746 3210 4800 Et
3238 4744 3450 4814 quidem
3479 4743 3710 4798 cilicium
3742 4751 3858 4809 ejus

2273 4867 2378 4904 non
2406 4846 2742 4918 agnoscimus
2769 4844 2820 4897 in
2853 4837 3137 4910 Evangelia
3158 4836 3448 4893 secundum
3477 4837 3727 4890 litteram.
3751 4836 3862 4890 Nec

2266 4940 2526 5011 jejunium
2549 4938 2664 5006 ejus
2694 4945 2933 5003 tempore
2964 4929 3225 5000 passionis
3254 4926 3549 4982 seC‘undum
3583 4928 3817 4982 litteram
3847 4947 3859 4978 :

2273 5033 2513 5101 adaeque
2557 5046 2618 5085 ea
2656 5025 3002 5095 exposuimus
3044 5023 3094 5075 in
3126 5021 3376 5088 allegoria
3415 5027 3470 5073 et
3506 5017 3862 5074 similitudine

2274 5129 2434 5193 dicta,
2463 5136 2521 5179 ut
2559 5122 2845 5193 potuimus.
2878 5116 3182 5172 Orationem
3215 5129 3341 5167 vero
3371 5111 3488 5182 ejus
3511 5119 3565 5165 et
3590 5110 3659 5165 de
3698 5126 3864 5166 cruce

2275 5219 2605 5276 audivimus:
2645 5211 2782 5265 Deus
2812 5226 2977 5273 meus,
3009 5206 3145 5260 Deus
3172 5221 3341 5267 meus,
3368 5203 3547 5274 utquid
3571 5218 3648 5256 me
3672 5203 3859 5257 dereli-

2274 5312 2424 5381 quisti
2449 5307 2617 5379 (Psat.
2643 5319 2752 5369 xxt,
2778 5301 2842 5363 2;
2875 5299 3060 5353 Matth.
3093 5312 3261 5360 xxv",
3287 5295 3416 5365 ιδῃ
3445 5293 3552 5350 Sed
3580 5303 3633 5349 et
3663 5293 3735 5347 ibi
3765 5309 3865 5349 nos

2275 5415 2489 5457 eramus
2513 5401 2550 5450 ¹.
2581 5394 2804 5464 Quando
2833 5392 2974 5445 enim
3016 5405 3137 5444 eum
3164 5386 3446 5457 dereliquit
3477 5386 3662 5452 Pater,
3693 5399 3722 5439 a
3755 5402 3864 5456 quo

2276 5505 2544 5561 nunquam
2586 5485 2864 5542 discessit?
2890 5482 3137 5551 Legimus
3178 5478 3340 5535 etiam
3369 5477 3420 5532 in
3469 5489 3650 5532 monte
3679 5491 3862 5530 orasse

2277 5586 2447 5641 solum
2469 5583 2650 5637 Jesum
2668 5621 2682 5642 .
2707 5578 2933 5647 legimus
2956 5584 3295 5644 pernoctasse
3321 5573 3373 5626 in
3397 5571 3671 5636 oratione;
3699 5571 3862 5624 etiam

2278 5677 2376 5732 sub
2403 5686 2610 5742 tempus
2636 5669 2799 5740 ipsius
2831 5663 3089 5737 passionis
3116 5662 3227 5736 (Id.
3252 5677 3361 5729 xw,
3389 5663 3478 5727 25;
3505 5659 3629 5714 an.
3655 5676 3727 5729 vt,
3752 5659 3840 5715 ﬁt

2344 5859 2359 5888 ⁸
2395 5855 2466 5904 sic
2488 5858 2594 5900 Mss.
2615 5856 2669 5899 At
2692 5845 2825 5908 Μὰ,
2842 5855 3053 5895 oramus.
