4008 6318
171 329 274 385 537

169 444 233 498 in
262 445 425 498 sinum
464 457 592 512 ergo
630 459 794 496 meum
840 449 1151 495 convertatur
1193 440 1355 494 oratio
1385 456 1515 494 mea.
1559 438 1751 495 Nescio

167 538 292 608 quid
323 536 512 591 melius
539 535 831 605 intelligam
853 534 920 589 de
937 533 1193 587 Domino:
1213 532 1422 587 interim
1450 548 1592 587 nunc
1611 532 1752 602 quod

167 630 435 693 occurrit,
472 628 606 683 torte
656 626 843 682 melius
884 625 1084 696 aliquid
1130 635 1313 695 postea
1358 635 1638 688 occurret,
1670 624 1753 679 vel

166 721 319 783 mihi,
342 721 424 773 vel
449 720 695 789 cuiquam
724 718 952 781 meliori,
981 718 1031 770 in
1057 717 1224 770 sinum
1247 732 1413 769 meum
1438 725 1756 768 convertetur

168 812 332 863 oratio
363 826 494 875 mea,
530 811 631 863 hoc
653 807 891 878 intelligo
912 808 1133 873 dictum,
1157 806 1278 875 quia
1306 806 1359 859 in
1389 806 1510 860 sinu
1532 821 1630 859 suo
1654 804 1752 857 ha-
1778 819 1787 827 ‘

168 901 327 956 bcbat
365 902 597 956 Patrem.
640 900 780 955 Deus
822 899 964 954 enim
994 910 1109 953 erat
1150 897 1201 951 in
1241 893 1453 951 Christo
1496 897 1751 951 mundum

168 994 520 1047 reconcilians
540 993 638 1045 sibi
666 991 857 1064 (llCor.
874 1007 924 1052 v,
951 990 1059 1057 l9).
1085 989 1142 1043 In
1162 1004 1221 1045 se
1244 988 1469 1043 habebat
1485 1003 1639 1058 quem
1657 987 1753 1043 de-

170 1094 483 1154 precaretur
509 1103 521 1136 :
553 1102 657 1137 non
686 1092 801 1138 erat
822 1082 887 1135 ab
909 1082 998 1137 illo
1025 1081 1200 1151 longe,
1225 1081 1347 1151 quia
1375 1081 1486 1149 ipse
1506 1078 1749 1134 dixerat:

174 1176 285 1249 Ego
311 1177 361 1230 in
397 1175 572 1240 Patre,
601 1184 648 1227 ct
677 1174 831 1227 Pater
854 1175 906 1227 in
930 1189 1010 1227 me
1044 1182 1118 1227 est
1154 1171 1332 1241 (Joan.
1361 1186 1468 1233 xiv,
1504 1169 1614 1239 l0).
1644 1168 1749 1224 Sed

167 1272 289 1339 quia
330 1270 505 1325 oratio
543 1268 609 1322 ad
658 1270 828 1339 ipsum
868 1266 1035 1336 magis
1064 1264 1333 1318 hominem
1364 1262 1631 1332 pertinet:
1663 1274 1751 1314 se-

167 1361 402 1415 cundum
428 1360 569 1413 enim
601 1358 739 1428 quod
764 1356 993 1413 Verbum
1024 1366 1110 1411 est
1148 1355 1393 1410 Christus
1412 1395 1426 1417 ,
1459 1367 1564 1406 non
1592 1361 1747 1416 orat,

166 1452 263 1508 sed
284 1450 527 1515 exaudit;
560 1458 614 1504 et
663 1464 765 1502 non
797 1447 894 1501 sibi
935 1445 1208 1501 subveniri
1236 1443 1462 1514 qurerit,
1502 1442 1596 1497 sed
1628 1456 1748 1496 cum

170 1542 330 1597 Patre
355 1541 604 1595 omnibus
633 1538 881 1594 subvenit
912 1555 925 1589 :
953 1535 1080 1607 quid
1104 1545 1186 1591 est
1204 1576 1220 1602 ,
1251 1533 1429 1589 Oratio
1457 1550 1568 1587 mea
1595 1533 1647 1586 in
1676 1532 1720 1585 si
1731 1561 1748 1571 -

167 1651 291 1688 num
315 1639 825 1696 meumconvertetur,
848 1628 946 1682 nisi
965 1669 982 1694 ,
1014 1628 1065 1682 in
1096 1626 1299 1696 meipso
1328 1624 1654 1689 humanitas,
1690 1622 1742 1676 in

172 1723 381 1802 meipso
410 1721 714 1791 interpellat
748 1716 1113 1773 divinitatem?

236 1818 294 1870 6.
346 1810 497 1886 [verm
541 1809 656 1884 ιι]
688 1811 832 1865 Sicut
870 1810 1186 1879 proximum,
1234 1807 1365 1862 sicut
1401 1809 1610 1877 fratrem
1656 1819 1753 1857 no-

168 1918 328 1962 strum
346 1947 360 1967 ,
390 1906 461 1958 ita
496 1901 867 1974 complacebam
892 1918 911 1956 :
937 1908 1176 1970 tanquam
1202 1898 1376 1969 lugens
1403 1907 1449 1951 et
1478 1896 1751 1950 contrista~

167 2010 277 2065 tus,
307 1998 377 2049 ita
402 1994 726 2049 humiliabar.
756 1991 834 2047 Ad
854 2007 1048 2061 corpus
1068 2005 1218 2044 suum
1243 1987 1462 2058 reSpicit
1480 2004 1493 2039 :
1514 1984 1625 2056 jam
1654 2000 1752 2040 nos

171 2090 258 2145 hic
284 2089 576 2143 videamus.
606 2084 829 2153 Quando
851 2083 1143 2155 gaudemus
1172 2081 1223 2134 in
1250 2084 1513 2144 oratione,
1539 2077 1753 2147 quando

169 2198 325 2239 mens
352 2192 532 2237 nostra
559 2187 863 2243 serenatur,
891 2194 996 2231 non
1024 2174 1373 2245 prosperitate
1401 2171 1583 2226 saeculi
1600 2212 1615 2235 ,
1649 2168 1745 2225 sed

173 2277 290 2330 luce
315 2272 553 2328 veritatis
577 2288 592 2323 :
615 2271 703 2339 qui
720 2270 880 2324 sentit
902 2268 1038 2321 hanc
1059 2267 1250 2330 laetam,
1268 2262 1413 2316 novit
1441 2260 1583 2330 quod
1606 2260 1748 2325 dico,

170 2378 221 2420 ct
247 2365 397 2419 videt
426 2363 531 2429 liic,
562 2360 906 2431 agnoscitque
928 2356 1068 2427 quod
1096 2357 1292 2410 dictum
1320 2362 1431 2417 est,
1454 2351 1599 2407 Sicut
1628 2366 1749 2420 pro-

170 2461 399 2520 ximum,
430 2454 558 2508 sicut
598 2453 808 2522 fratrem
836 2459 1083 2513 nostrum,
1113 2448 1184 2500 ita
1224 2444 1617 2517 complacebant.
1665 2441 1753 2497 Sic

170 2552 315 2605 enim
348 2558 473 2601 tunc
499 2546 672 2599 anima
716 2544 889 2613 placet
922 2542 1030 2595 Deo
1055 2580 1069 2601 ,
1115 2555 1218 2591 non
1244 2538 1401 2607 longe
1442 2536 1650 2603 posita;
1684 2530 1751 2585 In

170 2640 298 2705 illo,
327 2638 527 2709 inquit,
554 2650 808 2689 mouemur
829 2643 875 2687 et
895 2647 1066 2685 sumus
1094 2630 1226 2702 (Act.
1256 2642 1364 2682 xvu
1387 2667 1402 2689 ,
1424 2626 1519 2694 28)
1553 2643 1567 2678 :
1600 2623 1749 2695 quasi

176 2733 324 2788 fratri
344 2770 361 2799 ,
384 2730 532 2801 quasi
562 2728 885 2799 propinquo,
917 2724 1067 2794 quasi
1112 2720 1303 2777 amico.
1345 2719 1402 2775 Si
1441 2729 1618 2772 autem
1645 2732 1753 2771 non

171 2837 257 2883 cst
283 2826 427 2891 talis,
453 2833 512 2877 ut
536 2823 705 2893 possit
731 2821 809 2875 sic
828 2819 1078 2889 gaudere,
1101 2816 1177 2870 sic
1202 2814 1407 2885 fulgere
1437 2813 1453 2845 ι
1474 2854 1489 2877 ,
1515 2811 1593 2865 sic
1623 2826 1742 2879 pro-

173 2921 453 2990 pinquare,
484 2917 562 2970 sic
589 2913 888 2979 adlimrere,
912 2920 965 2966 et
985 2909 1128 2965 videt
1150 2908 1304 2976 longe
1327 2921 1386 2961 se
1411 2904 1564 2968 inde;
1595 2902 1753 2957 faciat

170 3010 316 3081 quod
340 3009 580 3078 sequitur
602 3026 615 3060 :
638 3004 903 3077 Tanquam
928 3002 1102 3072 lugens
1126 3009 1169 3053 et
1195 2998 1533 3060 contristatus,
1552 2995 1624 3047 ita
1650 2995 1750 3045 hu-

171 3101 430 3155 miliabar.
473 3096 541 3154 Ut
564 3101 772 3167 fratrem
800 3103 1026 3147 nostrum
1050 3131 1066 3156 ,
1094 3094 1167 3143 ita
1194 3087 1563 3154 complacebam
1582 3125 1598 3150 ,
1629 3097 1749 3152 pro-

174 3194 440 3260 pinquans
465 3187 598 3243 dixit
620 3204 634 3238 :
670 3183 739 3239 Ut
768 3184 942 3254 lugens
966 3190 1014 3234 ct
1042 3180 1387 3240 contristatus,
1414 3176 1487 3229 sic
1511 3174 1755 3228 humilia-

174 3286 283 3344 bar,
308 3288 547 3337 remotus
571 3285 624 3332 et
651 3276 807 3343 longe
829 3272 1030 3342 positus
1073 3270 1225 3323 dixit.
1248 3266 1385 3334 Quid
1409 3265 1551 3321 enim
1583 3265 1749 3333 luget,

168 3378 276 3430 nisi
303 3372 447 3443 quod
473 3370 741 3426 desiderat
768 3374 823 3422 et
845 3381 950 3420 non
972 3362 1166 3427 habet?
1201 3362 1264 3415 Et
1296 3372 1671 3429 nonnunquam
1704 3358 1755 3411 in

174 3484 285 3523 uno
311 3466 529 3521 homine
550 3473 828 3531 utrumque
848 3458 1123 3526 contingit,
1148 3466 1204 3510 ut
1230 3453 1512 3524 aliquando
1542 3452 1755 3522 propin-

173 3572 323 3635 quet.
354 3567 413 3617 et.
434 3555 719 3629 aliquando
747 3555 899 3622 longe
928 3551 1045 3604 ﬁat:
1076 3547 1389 3618 propinquat
1416 3546 1533 3600 luce
1562 3545 1756 3599 verita-

178 3657 267 3721 tis,
295 3656 455 3724 longe
478 3652 536 3706 lit
561 3647 741 3705 nubilo
761 3644 956 3701 carnis.
984 3640 1163 3713 Neque
1182 3638 1325 3692 enim
1350 3679 1364 3703 ,
1393 3637 1613 3701 fratres,
1648 3635 1759 3688 Deo

174 3751 265 3820 qui
293 3747 495 3817 ubique
527 3752 608 3799 est
627 3780 644 3807 ,
665 3750 718 3796 et
738 3739 884 3794 nullo
908 3738 1210 3791 continetur
1238 3735 1374 3798 loco,
1405 3737 1497 3786 aut
1525 3744 1620 3800 per
1644 3727 1755 3780 loca

175 3842 621 3914 propinquamus,
646 3832 825 3889 autab
849 3831 940 3886 illo
976 3845 1068 3897 per
1092 3830 1205 3882 loca
1238 3840 1593 3881 removentur.
1628 3824 1759 3877 Pro-

175 3936 439 4005 pinquare
467 3928 576 3992 illi,
601 3934 683 3981 est
714 3923 941 3978 similem
970 3921 1043 3974 illi
1073 3919 1219 3984 lieri;
1246 3916 1501 3973 recedere
1524 3916 1592 3970 ab
1631 3916 1722 3969 illo
1741 3954 1757 3979 ,

175 4021 495 4079 dissimilem
523 4017 599 4072 illi
626 4015 761 4071 ﬁeri.
790 4014 976 4069 Nonne
998 4026 1117 4065 cum
1149 4009 1298 4063 vides
1320 4007 1455 4063 duas
1477 4021 1565 4062 res
1594 4020 1759 4075 prope

176 4119 403 4179 similes,
422 4113 577 4177 dicis,
603 4108 925 4179 Propinquat
952 4105 1065 4158 haec
1093 4102 1203 4157 illi?
1226 4102 1292 4155 Et
1311 4099 1520 4170 quando
1545 4098 1635 4152 tibi
1653 4097 1761 4151 dis-

176 4209 369 4264 similia
396 4206 853 4263 demonstrantur,
885 4195 1129 4267 quamvis
1154 4209 1257 4248 uno
1288 4193 1407 4246 loco
1442 4198 1497 4245 et
1524 4190 1758 4258 plerum-

175 4317 279 4372 que
303 4313 409 4354 una
435 4310 593 4348 manu
615 4299 914 4354 teneantur,
936 4287 1091 4352 dicis,
1116 4286 1293 4354 Longe
1313 4293 1395 4338 est
1419 4282 1533 4336 haec
1556 4280 1761 4350 species

175 4396 243 4449 ab
265 4392 393 4447 illa?
414 4388 616 4444 Ambas
638 4393 811 4450 tenes,
833 4380 1015 4435 ambas
1035 4378 1297 4449 adjungis,
1316 4386 1369 4431 et
1394 4374 1547 4440 dicis,
1583 4375 1763 4442 Longe

174 4494 257 4539 est
288 4484 406 4536 lizec
436 4493 524 4533 res
552 4477 618 4530 ab
640 4475 728 4529 illa
750 4491 764 4528 :
788 4488 893 4527 non
924 4470 1105 4540 utique
1126 4468 1277 4530 loco,
1308 4465 1402 4521 sed
1428 4464 1763 4519 dissimilitu-

174 4578 320 4631 dine.
342 4573 399 4629 Si
430 4585 560 4639 ergo
594 4567 675 4621 vis
698 4564 1158 4636 appr0pinquare,
1182 4558 1372 4614 similis
1396 4564 1512 4611 esto
1536 4573 1550 4611 :
1579 4556 1625 4611 si
1654 4569 1762 4609 non

175 4670 255 4723 vis
304 4679 432 4721 esse
470 4659 695 4721 similis,
738 4652 1127 4725 longinquabis.
1154 4649 1257 4705 Sed
1285 4663 1408 4703 cum
1444 4646 1633 4701 similis
1666 4658 1761 4709 es,

173 4759 383 4829 gaude;
410 4768 534 4808 cum
558 4747 848 4810 dissimilis,
876 4758 1030 4815 geme
1062 4760 1077 4796 :
1105 4751 1159 4796 ut
1187 4740 1414 4811 gemitus
1443 4737 1638 4792 excitet
1666 4736 1764 4789 de‘

174 4850 457 4908 siderium.
480 4844 588 4897 imo
611 4838 931 4896 desiderium
951 4835 1149 4891 excitet
1169 4834 1447 4903 gemitum,
1473 4840 1527 4884 et
1549 4845 1644 4900 per
1669 4845 1763 4899 ge-

177 4944 364 5001 mitum
396 4935 754 5006 propinques,
783 4930 876 5000 qui
906 4939 1148 4995 coeperas
1176 4924 1541 4993 longinquare.
1574 4918 1762 4973 Nonne

178 5036 367 5091 Petrus
387 5025 786 5103 propinquavit,
813 5021 1026 5091 quando
1050 5018 1217 5073 dixit:
1240 5013 1320 5070 Tu
1339 5032 1391 5068 es
1417 5013 1643 5068 Christus
1670 5010 1764 5064 Fi-

176 5130 274 5183 lius
303 5125 399 5180 Dei
430 5121 567 5177 vivi?
592 5120 659 5175 Et
700 5131 911 5171 rursum
945 5113 1084 5168 idem
1125 5110 1237 5180 ipse
1277 5109 1431 5178 longe
1474 5106 1646 5162 factus
1682 5112 1766 5159 est

176 5216 407 5275 dicendo
435 5232 450 5269 :
480 5212 714 5275 Domine,
744 5206 871 5263 absit
908 5222 941 5259 a
967 5214 1047 5269 te,
1077 5218 1178 5256 non
1217 5201 1302 5269 ﬁet
1329 5197 1487 5253 istud.
1524 5195 1764 5265 Denique

179 5322 435 5380 tanquam
481 5301 755 5375 proximus
793 5298 919 5370 quid
958 5297 1089 5351 dixit
1128 5289 1540 5364 propinquanti?
1578 5288 1765 5341 Beatus

177 5420 258 5468 es,
283 5401 468 5456 Simon
486 5396 732 5466 Barjona.
755 5392 1026 5459 Tanquam
1051 5384 1415 5455 longinquanti
1442 5391 1496 5438 et
1524 5380 1767 5435 dissimili

182 5492 305 5560 quid
326 5490 463 5546 dixit
486 5507 501 5544 :
521 5486 651 5541 Redi
677 5493 831 5547 retro,
858 5492 1081 5535 satanas.
1110 5478 1186 5532 llli
1210 5474 1581 5546 propinquanti
1606 5489 1619 5525 :
1643 5470 1766 5526 Non

182 5589 268 5641 tibi
293 5581 532 5640 reuelauit
554 5596 675 5635 caro
712 5587 762 5632 et
788 5574 1027 5645 sanguis,
1055 5570 1257 5641 inquit,
1305 5571 1394 5624 sed
1438 5567 1595 5622 Pater
1626 5579 1767 5617 meus

182 5683 265 5752 qui
292 5681 345 5733 in
362 5675 502 5735 caelis
525 5682 597 5729 est
613 5687 634 5726 :
655 5671 796 5726 illius
810 5669 899 5721 lux
924 5674 977 5721 te
996 5662 1249 5736 pertudit,
1272 5662 1411 5718 illius
1428 5661 1546 5716 luce
1572 5657 1764 5728 fulges.

241 5818 254 5847 '
288 5810 427 5876 εδει,
463 5812 652 5877 fugere.
686 5805 857 5857 Ilelius
878 5811 1005 5865 Mss,
1037 5800 1239 5865 fulgere.

1275 324 1673 378 ENARRATIO
1711 323 1774 376 1N
1819 326 2135 385 PSALMUM
2179 331 2418 387 XXXIV.

3345 340 3449 395 338

1859 444 2079 513 Quando
2095 454 2270 501 autem
2293 447 2449 517 longe
2466 448 2633 502 factus
2648 450 2967 505 contradixit
2984 454 3216 521 passioni
3236 454 3446 511 Domini

1859 535 2049 590 futura:
2072 552 2167 607 pro
2193 536 2365 592 salute
2389 548 2570 593 nostra
2596 555 2609 593 :
2637 539 2755 593 Non
2781 543 2949 611 sapis,
2984 544 3153 612 inquit
3173 586 3187 607 ,
3209 562 3323 615 qua:
3352 547 3448 601 Dei

1858 638 1995 687 sunt.
2011 627 2103 682 sed
2114 644 2227 691 qua:
2242 638 2359 682 sunt
2372 628 2627 682 hominum
2644 628 2853 701 (Matth.
2879 646 2989 693 xvx,
3014 632 3099 697 l6,
3119 634 3203 698 l7,
3219 634 3310 701 2‘2,
3325 636 3441 703 9.3).

1859 717 2047 771 Merito
2074 718 2257 773 ambas
2280 732 2366 774 res
2395 733 2597 788 ponens
2623 720 2833 788 quidam
2867 720 2919 774 in
2951 722 3153 789 psalmo
3183 725 3259 778 ait
3282 740 3299 780 :
3327 725 3439 795 Ego

1858 810 1965 864 dixi
1992 812 2045 864 in
2066 812 2246 865 ecstasi
2271 828 2380 866 mea
2407 813 2701 883 :Projectus
2724 829 2837 866 sum
2857 827 2890 866 α
2915 815 3045 887 facie
3058 816 3316 870 oculorum
3335 828 3444 871 tuo-

1858 920 1969 956 rum
2000 902 2171 973 (Psal.
2200 920 2325 968 xxx,
2352 904 2467 975 25).
2502 905 2556 959 1η
2585 905 2777 960 ecstasi
2799 922 2907 963 non
2937 906 3160 971 diceret,
3189 907 3291 963 nisi
3321 926 3448 979 pro-

1830 1032 1833 1036 λ
1859 995 2172 1065 pinquaret:
2203 995 2423 1051 ecstasis
2446 996 2588 1051 enim
2616 997 2808 1052 mentis
2838 1012 3092 1053 excessus
3119 1009 3223 1054 est.
3246 998 3448 1054 Ell‘udit

1857 1103 2020 1155 super
2044 1102 2102 1143 se
2132 1089 2363 1143 animam
2392 1105 2541 1144 suam
2561 1131 2576 1153 ,
2600 1099 2654 1144 et
2674 1091 3047 1160 propinquavit
3080 1091 3189 1147 Deo
3220 1107 3236 1144 :
3266 1100 3318 1147 et
3349 1108 3460 1162 per'

1856 1179 2137 1249 quamdam
2168 1180 2388 1247 nubem,
2409 1180 2719 1251 pondusque
2747 1184 2924 1237 carnis
2948 1198 3133 1237 rursus
3162 1185 3214 1239 in
3244 1192 3439 1239 terram

1857 1272 2155 1341 projectus,
2189 1273 2440 1328 recolens
2471 1273 2557 1326 ubi
2588 1274 2807 1339 luisset,
2838 1282 2894 1328 et
2928 1274 3113 1329 videns
3142 1275 3229 1330 ubi
3261 1286 3439 1343 esset,

1854 1363 2023 1417 dixit:
2062 1362 2331 1434 Projectus
2358 1380 2469 1417 sum
2496 1382 2527 1417 a
2567 1366 2697 1436 facie
2724 1366 2986 1419 oculorum
3015 1376 3237 1420 tuorum.
3272 1366 3435 1437 Ergo,

1855 1454 2001 1509 Sicut
2028 1457 2315 1526 prox-imum
2335 1497 2350 1523 ,
2378 1456 2505 1509 sicut
2534 1461 2740 1528 fratrem
2768 1468 2990 1512 nostrum
3008 1500 3022 1523 ,
3062 1459 3134 1512 ita
3158 1460 3442 1529 complure-

1853 1546 1988 1612 bam,
2018 1555 2232 1615 pra'stet
2260 1557 2318 1601 ut
2347 1549 2437 1601 liat
2465 1548 2516 1602 in
2549 1548 2723 1602 nobis.
2756 1549 2981 1613 Quando
3009 1559 3186 1603 autem
3216 1565 3322 1603 non
3357 1549 3438 1612 tit,

1854 1637 1939 1692 vel
1972 1637 2071 1692 hoc
2095 1638 2205 1703 tiat,
2242 1636 2502 1708 Tanquam
2532 1638 2705 1709 lugens
2732 1651 2780 1692 et
2803 1642 3145 1706 contristatus,
3168 1640 3241 1693 ita
3267 1639 3440 1693 humi-

1854 1729 2035 1787 liabar.
2870 1792 2873 1793 ν

1925 1826 1978 1880 7.
2013 1824 2162 1898 [vers.
2206 1824 2319 1898 15.]
2348 1823 2412 1878 Et
2456 1824 2692 1878 adversus
2740 1840 2818 1877 me
2846 1822 3003 1877 lwtati
3019 1831 3135 1876 sunt
3171 1830 3219 1875 et
3260 1835 3442 1875 conve-

1855 1928 2035 1973 nerunt
2084 1918 2136 1973 in
2168 1932 2352 1971 unum.
2391 1915 2469 1970 llli
2502 1915 2625 1976 laeti,
2655 1929 2755 1984 ego
2790 1914 2978 1967 tristis.
3014 1913 3122 1967 Sed
3155 1911 3312 1965 modo
3340 1926 3439 1964 au-

1858 2011 2087 2065 divimus
2114 2011 2165 2064 in
2201 2009 2509 2078 Evangelio,
2548 2007 2690 2062 Beati
2718 2007 2806 2076 qui
2832 2007 3002 2075 lugent
3028 2006 3241 2077 (Matth.
3270 2021 3323 2071 v,
3354 2003 3438 2076 5):

1856 2103 1911 2158 Si
1939 2104 2078 2158 beati
2109 2102 2198 2172 qui
2241 2104 2440 2172 lugent,
2489 2099 2668 2154 miseri
2716 2100 2803 2169 qui
2834 2099 3026 2153 rident.
3065 2097 3320 2152 Adversus
3362 2112 3446 2149 me

1857 2196 2010 2251 ltelati
2036 2204 2154 2248 sunt
2183 2202 2228 2243 et
2271 2201 2606 2245 convenerunt
2637 2207 2654 2244 :
2681 2200 2982 2259 congregata
3008 2198 3125 2242 sunt
3168 2188 3219 2240 in
3245 2204 3324 2241 me
3341 2188 3444 2256 [ιαρ

1856 2288 2007 2359 galla,
2032 2295 2076 2340 et
2094 2289 2466 2357 ignoraverunt.
2498 2284 2758 2349 Quoniam
2784 2296 2900 2348 qua:
2941 2279 3243 2349 ignorabam
3274 2279 3441 2331 inter-

1856 2380 2113 2450 rogabant
2137 2392 2243 2441 me,
2291 2387 2341 2431 et
2381 2376 2479 2444 ipsi
2510 2374 2885 2443 ignoraveruut
2927 2385 3084 2440 quem
3143 2369 3438 2436 interroga-

1856 2480 1995 2525 rent.

1927 2563 1981 2616 8.
2012 2557 2160 2631 [vers.
2191 2555 2303 2629 16.]
2332 2556 2408 2629 (α)
2435 2554 2765 2608 Tentaverunt
2790 2568 2885 2613 me,
2913 2561 2960 2603 ct
3006 2549 3439 2603 subsannaverunt

1858 2668 1936 2706 me
1977 2650 2384 2705 subsannatione.
2427 2646 2481 2700 ld
2516 2654 2620 2711 est,
2672 2642 2948 2697 irriserunt
2996 2653 3103 2705 me,
3147 2638 3439 2694 insultave-

1856 2740 2133 2797 rnutmihi
2163 2758 2177 2792 :
2210 2737 2313 2793 hoc
2350 2736 2535 2805 capiti,
2565 2734 2666 2787 hoc
2705 2730 2938 2802 corpori.
2988 2727 3279 2793 Attendite,
3335 2728 3444 2782 fra-

1858 2844 1987 2899 tres,
2017 2832 2084 2887 ad
2112 2831 2334 2902 gloriam
2375 2827 2647 2892 Ecclesiae,
2691 2839 2810 2894 qua:
2862 2837 3002 2878 nunc
3047 2830 3148 2885 est;
3190 2819 3449 2889 respicite

1857 2923 2145 3006 opprobria
2165 2921 2281 2990 ejus
2304 2918 2595 2989 prieterita,
2616 2915 2865 2985 respicite
2894 2910 3174 2980 aliquando
3202 2909 3440 2979 undique

1858 3000 2067 3088 fugatos
2092 3029 2212 3069 esse
2238 3012 2589 3075 Christianos,
2635 3015 2691 3062 et
2728 3006 3053 3073 ubicumque
3080 3002 3349 3067 inventos,
3376 3000 3443 3055 il-

1859 3112 2021 3174 lusos,
2055 3119 2244 3169 caesos,
2277 3102 2503 3168 occisos,
2555 3099 2739 3154 bestiis
2765 3097 3023 3165 objectos,
3046 3095 3312 3157 incensos,
3346 3093 3439 3146 la:-

1860 3210 1996 3255 tatos
2020 3197 2267 3253 homines
2292 3193 2552 3250 adversus
2573 3189 2711 3244 illos.
2740 3186 2892 3256 Quod
2918 3186 3103 3256 capiti,
3125 3186 3229 3238 hoc
3248 3193 3302 3237 et
3325 3198 3444 3236 cor-

1860 3292 1996 3362 peri.
2018 3292 2165 3346 Sicut
2191 3286 2334 3343 enim
2362 3285 2586 3339 Domino
2621 3282 2675 3336 in
2718 3294 2900 3342 cruce,
2932 3279 3011 3332 sic
3037 3277 3249 3345 corpori
3276 3274 3443 3344 ipsius

1860 3385 1912 3439 in
1935 3381 2082 3439 omni
2111 3380 2199 3435 illa
2222 3394 2341 3450 quae
2363 3377 2473 3447 jam
2499 3374 2629 3429 facta
2669 3381 2751 3426 est
2779 3367 3148 3440 persecutione
3176 3386 3188 3417 :
3220 3381 3320 3421 nec
3338 3366 3435 3421 de-

1859 3477 2043 3539 sinunt
2070 3472 2230 3527 etiam
2277 3481 2419 3523 nunc
2461 3464 2858 3536 persecutiones
2898 3462 3158 3529 ipsorum.
3189 3456 3441 3514 Ubicum—

1861 3584 1964 3639 que
1987 3564 2289 3621 invenerint
2313 3559 2685 3620 christianum,
2727 3554 2904 3609 solent
2934 3552 3209 3615 insultare.
3254 3551 3443 3619 exagi-

1864 3672 1995 3722 tare,
2018 3655 2260 3719 irridere,
2281 3666 2476 3705 vocare
2497 3642 3079 3712 hebetem,insulsum,
3108 3643 3301 3698 nullius
3325 3656 3448 3697 cor-

1862 3754 1966 3821 dis,
1998 3749 2193 3808 nullius
2242 3746 2469 3819 peritim.
2498 3738 2761 3813 Quidquid
2803 3738 2984 3797 volunt
3029 3738 3243 3804 faciant,
3294 3735 3449 3791 Chri-

1864 3858 1978 3901 stus
2004 3845 2056 3899 in
2083 3842 2219 3898 cmlo
2245 3849 2366 3895 est:
2399 3834 2655 3907 quidquid
2686 3833 2871 3887 volunt
2907 3829 3126 3892 faciant,
3168 3826 3451 3883 honoravit

1863 3941 1955 3994 ille
1974 3949 2185 4007 poenam
2211 3945 2382 3995 suam,
2412 3928 2521 3997 jam
2541 3940 2755 3981 crucem
2775 3938 2926 3977 suam
2951 3922 3002 3974 in
3028 3919 3270 3974 omnium
3301 3917 3448 3971 fron-

1867 4032 2006 4085 tibus
2032 4027 2146 4082 llxit
2179 4024 2408 4093 :impius
2434 4020 2687 4075 insultare
2722 4015 3063 4085 permittitur,
3091 4011 3282 4065 saevire
3338 4024 3445 4064 non

1864 4120 2219 4193 permittitur;
2249 4114 2342 4170 sed
2370 4122 2547 4167 tamen
2574 4125 2640 4163 ex
2671 4122 2739 4162 eo
2766 4103 2905 4176 quod
2928 4104 3104 4172 lingua
3128 4100 3342 4170 promit,
3368 4100 3449 4153 in—

1866 4213 2120 4283 telligitur
2148 4208 2274 4279 quid
2304 4214 2475 4278 gestet
2495 4205 2547 4258 in
2578 4200 2759 4258 corde.
2790 4197 3085 4255 Striderunt
3114 4197 3168 4249 in
3207 4210 3287 4250 me
3323 4194 3450 4247 den.

1866 4308 1997 4363 tibus
2022 4304 2145 4358 suis.

1937 4398 1991 4453 9.
2016 4395 2166 4469 [vers.
2197 4392 2307 4463 ιη.
2360 4389 2591 4448 Domine,
2644 4384 2846 4456 quando
2913 4380 3182 4449 respicies?
3230 4376 3458 4431 Restitue

1867 4490 2090 4544 animam
2130 4501 2296 4539 meum
2344 4484 2407 4534 ab
2447 4478 2642 4532 astutiis
2689 4490 2881 4535 eorum,
2932 4489 2963 4524 a
2989 4470 3214 4525 leonibus
3252 4470 3454 4523 unicam

1867 4597 2051 4636 meam.
2078 4578 2244 4633 Nobis
2268 4576 2411 4629 enim
2439 4572 2645 4626 lardum
2686 4576 2788 4629 est,
2818 4575 2873 4620 et
2912 4579 2978 4617 ex
3017 4576 3241 4630 persona
3271 4566 3452 4613 nostra

1870 4673 1973 4729 hoc
1991 4672 2191 4725 dictum
2220 4676 2324 4731 est,
2356 4661 2572 4731 Quando
2595 4657 2869 4727 respicies?
2896 4654 2946 4709 id
2977 4661 3083 4716 est,
3110 4649 3325 4720 quando
3374 4650 3453 4701 vi-

1868 4763 2115 4817 debimus
2136 4755 2420 4812 vindictam
2438 4752 2506 4805 de
2530 4750 2613 4804 his
2637 4748 2727 4817 qui
2751 4745 2905 4800 nobis
2930 4740 3222 4797 insultant?
3242 4738 3456 4808 quando

1870 4855 2014 4910 illam
2064 4851 2275 4905 viduam
2319 4846 2485 4916 judex
2532 4841 2691 4897 taedio
2766 4837 2937 4891 victus
2986 4831 3331 4888 exauditurus
3373 4839 3457 4885 est

1870 4945 2020 5017 (Luc.
2052 4956 2201 5007 xvui,
2229 4939 2319 5010 25)?
2348 4936 2723 4991 Verumtamen
2741 4928 2909 4999 judex
2934 4933 3115 4980 noster
3143 4937 3246 4976 non
3274 4920 3456 4986 tmdio,

1872 5014 1966 5093 scd
2014 5048 2194 5088 amore
2242 5028 2422 5084 dilfcrt
2470 5026 2695 5079 salutem
2740 5029 3011 5080 nostram;
3081 5014 3307 5078 ratione,
3350 5026 3457 5064 non

1871 5126 2080 5198 inopia;
2114 5138 2217 5177 non
2244 5121 2368 5191 quia
2393 5132 2501 5171 non
2534 5122 2707 5185 potest
2738 5108 2978 5166 etmodo
3019 5104 3325 5168 subvenire,
3360 5103 3457 5157 sed

1872 5233 1933 5278 ut
1957 5232 2212 5276 numerus
2254 5212 2492 5267 omnium
2541 5215 2783 5263 nostrum
2832 5215 2999 5270 usque
3023 5198 3076 5252 in
3106 5196 3263 5251 tinem
3290 5194 3459 5263 possit

1873 5313 2099 5385 impleri.
2127 5310 2195 5364 Et
2234 5316 2411 5362 tamen
2459 5318 2558 5357 nos
2601 5315 2667 5356 ex
2714 5294 2978 5352 desiderio
3021 5289 3145 5362 quid
3194 5288 3461 5342 dicimus?

1873 5381 2107 5471 Domine,
2135 5396 2337 5468 quando
2374 5394 2645 5466 respicies?
2687 5390 2912 5445 Restitue
2936 5385 3160 5441 anitnum
3186 5396 3349 5435 meam
3395 5381 3458 5431 ab

1873 5499 2073 5555 astutiis
2096 5510 2268 5550 eorum
2294 5535 2310 5557 ,
2338 5507 2372 5544 a
2419 5485 2647 5543 leonibus
2691 5483 2893 5536 unicam
2926 5493 3090 5530 meam
3114 5490 3127 5528 .'
3153 5471 3207 5527 id
3242 5480 3328 5527 est
3360 5470 3461 5524 Ec-

1871 5594 2091 5651 clesiam
2116 5602 2288 5644 meam
2315 5600 2343 5638 a
2375 5578 2718 5639 smvicntibus
2749 5570 3119 5645 potestatibus.

1939 5728 2011 5800 (α)
2035 5726 2118 5800 Hic
2140 5718 2553 5800 gmittitpti‘orem
2596 5718 2784 5800 μεθέξω
2824 5703 3047 5758 versiculi
3086 5702 3162 5761 ιω,
3181 5714 3328 5766 quam
3353 5708 3460 5763 post

1881 5774 2126 5849 utirn'gitin
2140 5774 2442 5836 EuarrJ‘snl.
2461 5792 2572 5832 uti,
2597 5774 2645 5825 nr.
2672 5774 2746 5822 ‘30.
