4008 6320
482 317 588 374 3'59

556 433 643 486 10.
673 428 822 504 [verm
849 428 963 502 18.]
992 428 1226 498 Denique
1266 427 1345 482 vis
1379 440 1540 481 nosse
1569 424 1696 496 quid
1733 425 1806 480 sit
1831 424 1918 479 illa
1965 424 2080 478 uni-

483 542 542 576 ra
561 526 584 578 ?
605 524 746 593 Lege
773 522 1052 591 sequentia
1082 536 1096 573 :
1129 517 1418 587 Con/itebor
1444 515 1554 582 tibi,
1588 514 1825 581 Domine,
1875 513 1930 566 in
1981 512 2084 566 Ec-

482 615 637 668 clesia
665 613 847 679 multa,
875 612 928 666 in
959 612 1147 681 populo
1167 609 1306 680 gravi
1331 608 1549 662 laudabo
1589 615 1656 660 te.
1689 605 1854 661 Plane
1893 605 1946 658 in
1976 603 2082 658 Ec-

484 706 641 759 rlcsia
679 705 860 766 multa,
889 701 1164 771 conﬁtebor
1194 701 1302 765 tibi,
1320 700 1373 753 in
1401 699 1588 769 populo
1612 697 1754 768 gravi
1774 696 1993 750 laudabo
2015 705 2082 750 te.

487 795 576 850 Fit
603 796 746 850 enim
773 793 1041 848 confessio
1087 793 1139 846 in
1166 793 1310 847 omni
1342 789 1705 855 multitudine,
1746 787 1840 842 sed
1893 803 1997 842 non
2031 788 2084 842 in

489 887 740 941 omnibus
768 885 912 940 Deus
937 883 1183 938 laudatur
1216 902 1229 936 :
1261 891 1369 937 tota
1391 881 1674 936 multitudo
1697 880 1848 934 audit
1874 878 2087 935 confes-

491 979 700 1032 sionem
755 987 1014 1044 nostram,
1047 976 1141 1032 sed
1172 992 1278 1031 non
1329 976 1382 1029 in
1422 975 1567 1029 omni
1603 973 1942 1029 multitudine
1968 972 2086 1027 laus

492 1071 589 1125 Dei
618 1080 719 1126 est.
767 1070 823 1124 ln
876 1072 974 1125 ista
1027 1071 1169 1126 enim
1235 1069 1382 1124 omni
1421 1066 1777 1132 multitudine,
1817 1068 1977 1122 idest
2031 1069 2085 1122 in

491 1162 754 1230 Ecclesia,
780 1178 900 1233 quae
933 1171 1044 1217 toto
1092 1162 1224 1218 urbe
1272 1171 1531 1215 terrarum
1577 1159 1764 1215 diffusa
1809 1171 1912 1224 cst,
1937 1160 2085 1228 palea

490 1267 575 1312 est
600 1263 656 1311 et
696 1255 1024 1311 frumentum
1058 1273 1072 1310 :
1108 1255 1259 1326 palea
1290 1254 1451 1317 volat,
1492 1253 1816 1308 frumentum
1871 1261 2083 1316 manet;

488 1349 612 1405 ideo
636 1350 689 1404 in
713 1349 903 1419 popqu
926 1347 1068 1419 gravi
1097 1345 1315 1402 laudabo
1337 1354 1404 1400 te.
1432 1345 1487 1400 lu
1509 1346 1653 1416 gravi
1683 1344 1899 1415 p0pulo,
1927 1358 2086 1414 quem

487 1450 683 1498 ventus
712 1441 1018 1497 tentationis
1043 1457 1148 1495 non
1170 1439 1362 1505 aufert,
1397 1438 1450 1493 in
1498 1437 1582 1492 his
1625 1438 1764 1492 Deus
1819 1435 2082 1492 laudatur.

487 1535 623 1591 Nam
651 1536 703 1589 in
748 1534 900 1605 palea
946 1532 1350 1603 blasphematur
1401 1547 1634 1603 semper.
1661 1530 1885 1599 Quando
1929 1530 2083 1601 palea

489 1636 672 1681 nostra
701 1625 1010 1689 attenditur,
1057 1625 1180 1695 quid
1211 1624 1441 1678 dicitur?
1495 1625 1633 1678 Ecce
1687 1621 1958 1692 quomodo
2002 1622 2084 1675 vi-

490 1727 628 1774 vunt
653 1719 961 1784 Christiani,
987 1733 1116 1773 ecce
1149 1716 1274 1787 quid
1323 1717 1524 1770 faciunt
1578 1715 1897 1780 Christiani;
1929 1723 1983 1769 et
2028 1714 2086 1769 fit

490 1810 633 1880 quod
680 1809 934 1880 scriptum
975 1818 1102 1864 est:
1140 1808 1390 1875 Quoniam
1439 1823 1620 1860 nomen
1664 1823 1831 1861 meum
1881 1824 1972 1877 per
1997 1821 2086 1860 vos

493 1901 871 1972 blasphematur
915 1901 971 1954 in
1010 1899 1250 1954 Gentibus
1298 1897 1448 1969 (Isai.
1477 1913 1568 1961 LII,
1593 1898 1647 1962 5;
1693 1896 1846 1950 Rom.
1877 1912 1937 1962 tt,
1963 1896 2080 1965 21).

490 1996 696 2067 inique,
722 1993 919 2059 invide,
946 2007 1127 2048 aream
1157 1990 1393 2060 inspicis,
1434 1990 1523 2059 qui
1556 1997 1696 2044 totus
1730 1990 1792 2048 ,in
1820 1989 1969 2059 palea
2000 2002 2081 2056 es,

490 2102 600 2142 non
646 2084 740 2140 tibi
797 2082 954 2138 facile
999 2097 1161 2153 grana
1200 2089 1491 2136 occurrunt
1538 2096 1551 2131 :
1602 2087 1887 2150 qumre,et
1935 2078 2085 2134 inve-

489 2178 607 2233 nies
662 2175 917 2248 populum
963 2187 1218 2244 gravem,
1274 2171 1326 2225 in
1381 2187 1486 2241 quo
1545 2170 1824 2224 Dominum
1873 2169 2078 2224 laudes.

493 2271 581 2326 Vis
608 2266 881 2324 invenire?
905 2264 1037 2320 Esto
1069 2265 1206 2319 talis.
1235 2261 1367 2318 Nam
1393 2263 1436 2341 si
1466 2277 1571 2316 non
1598 2261 1761 2316 fueris
1789 2261 1933 2326 talis,
1980 2259 2084 2315 dif-

488 2363 631 2419 ﬂcile
649 2370 732 2420 est
752 2370 810 2415 ut
837 2375 944 2414 non
965 2373 1155 2414 omnes
1190 2356 1322 2411 tales
1352 2355 1445 2409 tibi
1477 2354 1757 2409 videantur
1781 2354 1953 2423 qualis
1978 2367 2037 2409 es
2064 2370 2079 2410 :

486 2456 557 2511 Et
581 2463 954 2528 comparantes,
981 2453 1057 2508 ait
1083 2448 1392 2520 Apostolus,
1445 2448 1738 2518 semetipsos
1765 2445 2084 2517 sibimetipsis

487 2545 558 2610 (ll
583 2545 702 2602 Cor.
727 2561 782 2613 κ,
810 2544 921 2616 l2),
949 2558 1056 2598 non
1101 2540 1425 2612 intelligunt,
1460 2539 1526 2593 In
1555 2538 1746 2610 populo
1789 2538 1933 2609 gravi
1960 2537 2078 2592 lau-

485 2639 616 2696 dabo
643 2649 710 2695 te.

563 2734 650 2789 11.
679 2731 831 2806 (vers.
865 2729 1077 2803 19-21.]
1103 2729 1223 2785 Non
1247 2730 1490 2785 insultent
1516 2727 1642 2782 mihi
1670 2728 1756 2798 qui
1800 2727 2080 2782 adversan-

488 2835 571 2880 tur
593 2824 717 2879 mihi
736 2824 906 2894 inique
930 2838 949 2876 :
975 2822 1231 2877 insultant
1264 2820 1409 2875 enim
1447 2818 1577 2874 mihi
1634 2819 1702 2874 de
1746 2818 1895 2886 palea
1936 2832 2076 2873 mea.

488 2918 593 2983 Qui
620 2917 834 2972 oderunt
860 2931 940 2969 me
959 2914 1116 2985 gratis
1143 2932 1162 2969 :
1195 2912 1297 2968 hoc
1325 2921 1428 2979 est,
1467 2911 1660 2981 quibus
1713 2909 1848 2965 nihil
1892 2912 2075 2971 nocui.

487 3010 558 3065 Et
591 3015 868 3064 aunuentes
923 3007 1082 3061 oculis
1113 3004 1258 3060 :boc
1304 3015 1426 3070 est,
1479 3002 1772 3074 hypocrita:
1821 3002 2076 3056 simulati.

486 3103 743 3170 Quoniam
782 3100 908 3154 mihi
939 3100 1141 3171 quidem
1183 3097 1394 3170 paciﬁce
1433 3095 1778 3165 loquebantur.
1802 3093 1941 3163 Quid
1971 3101 2076 3161 est,

486 3203 760 3249 unnuentes
780 3192 940 3247 oculis
958 3191 985 3246 .9
1012 3189 1425 3247 Pronuntiantes
1453 3186 1602 3241 vultu
1640 3184 1784 3256 quod
1835 3186 1887 3240 in
1913 3184 2077 3240 corde

484 3302 592 3342 non
620 3291 851 3358 gestant.
888 3282 954 3337 Et
990 3291 1268 3336 annuentes
1306 3279 1467 3334 oculis
1493 3276 1585 3348 qui
1614 3276 1776 3332 sunt?
1820 3274 2077 3343 Quoniam

480 3375 611 3432 mihi
651 3375 853 3447 quidem
878 3373 1089 3446 paci/ire
1113 3373 1130 3405 ¹
1162 3369 1495 3442 loquebantur
1519 3384 1540 3424 .°
1568 3378 1615 3423 et
1642 3386 1796 3438 super
1818 3369 1949 3422 iram
1977 3368 2074 3423 do-

482 3471 590 3524 lose
611 3465 919 3539 cogitabant.
943 3464 1010 3519 Et
1027 3464 1367 3530 dilataverunt
1394 3462 1448 3516 in
1478 3477 1558 3516 me
1584 3475 1642 3515 os
1675 3475 1844 3514 suum.
1893 3458 2076 3515 Primo

480 3568 779 3625 annuentes
806 3556 998 3620 oculis,
1029 3556 1216 3611 leones
1244 3553 1320 3608 illi
1348 3561 1654 3624 quaerentes
1675 3566 1863 3623 rapere
1886 3558 1943 3607 et
1968 3550 2070 3606 de-

481 3665 697 3715 vorare,
723 3649 898 3720 primo
958 3647 1292 3702 blandientes
1339 3644 1559 3716 pacifica
1607 3644 1980 3714 loquebantur,
2021 3653 2078 3699 et

482 3757 645 3811 super
668 3740 800 3795 iram
845 3738 1034 3794 dolose
1077 3736 1402 3808 cogitabant.
1442 3734 1572 3802 Qum
1614 3735 1834 3805 pacifica
1881 3735 2072 3805 loque-

481 3831 715 3891 bantur?
743 3828 1005 3900 Hagister,
1031 3829 1216 3884 scimus
1240 3827 1361 3898 quia
1397 3826 1591 3881 nullius
1629 3841 1897 3896 personam
1946 3825 2078 3880 acci-

481 3925 653 3996 pis,.et
672 3923 727 3978 in
754 3923 960 3977 veritate
985 3920 1116 3974 viam
1143 3917 1239 3973 Dei
1266 3919 1415 3972 doces
1456 3933 1475 3972 :
1508 3916 1648 3971 Licet
1672 3917 1796 3971 dare
1832 3919 2076 3971 tributum

481 4016 694 4082 Caesari,
723 4032 790 4068 an
819 4031 919 4068 non
950 4014 1061 4068 licet
1082 4012 1109 4067 Ρ
1133 4010 1258 4067 Mihi
1282 4010 1499 4082 quidem
1527 4008 1747 4080 pacifica
1781 4009 2076 4079 loqueban-

480 4117 588 4162 tur.
618 4105 755 4177 Quid
777 4105 945 4177 δι’δοῖ
976 4105 1080 4160 Eos
1104 4113 1162 4159 tu
1203 4118 1308 4158 non
1352 4101 1698 4174 agnoscebas.
1729 4111 1784 4158 et
1824 4101 2076 4159 fallebant

479 4212 536 4257 te
562 4199 730 4255 oculis
755 4196 1095 4253 annuentes?
1124 4193 1610 4266 lmoagnoscebat;
1643 4192 1768 4249 ideo
1786 4193 1861 4248 ait
1893 4211 1906 4248 :
1937 4193 2074 4259 Quid

480 4307 565 4345 me
584 4290 810 4357 tentatis,
869 4287 1152 4360 hypocrita:
1199 4284 1410 4360 (Matth.
1433 4300 1564 4350 χιιι,
1613 4285 1828 4356 16-18)?
1879 4285 2071 4342 Postea

479 4382 837 4437 dilataverunt
875 4380 927 4434 in
970 4394 1058 4434 me
1109 4393 1172 4434 os
1206 4392 1383 4443 sutnn,
1429 4374 2068 4447 clamantes:Cruciﬁge,

478 4473 756 4545 cruciﬁge!
803 4472 1100 4527 Dixerunt:
1121 4467 1288 4542 Euge,
1327 4485 1472 4542 euge,
1520 4468 1751 4523 uiderunt
1802 4468 1937 4523 oculi
1971 4478 2073 4524 no-

479 4566 592 4620 stri.
617 4563 732 4620 Hoc
756 4579 863 4633 1am
897 4561 1221 4627 insultando,
1253 4558 1430 4632 Euge,
1459 4576 1603 4630 euge,
1651 4558 1946 4630 prophetica
1973 4575 2070 4614 no-

482 4658 580 4725 bis,
605 4655 804 4712 Christe
826 4653 935 4725 (id.
958 4670 1103 4719 xxvn,
1131 4652 1244 4724 68).
1264 4651 1544 4720 Quomodo
1563 4651 1809 4705 simulata
1838 4659 1954 4706 erat
1970 4665 2072 4721 pax

480 4752 740 4820 ipsorum,
770 4746 985 4817 quando
1023 4745 1298 4800 tentabant
1345 4742 1412 4798 de
1460 4755 1699 4802 nummo.
1746 4740 1825 4796 sic
1841 4741 1951 4811 jam
1983 4740 2070 4796 in-

482 4841 756 4899 sultatoria
781 4839 895 4892 laus
920 4852 1128 4891 eorum.
1159 4834 1409 4889 Dixerunt
1437 4849 1457 4888 :
1478 4830 1645 4902 Euge,
1673 4848 1814 4903 euge,
1837 4831 2068 4888 viderunt

473 4934 612 4990 muli
641 4930 800 4986 nostri
829 4946 850 4985 :
876 4928 928 4984 id
953 4935 1056 4994 est,
1086 4928 1225 4981 facta
1270 4935 1380 4993 tua,
1412 4923 1678 4980 mirabilia
1709 4933 1816 4978 tua.
1858 4924 1956 4980 llic
1985 4933 2070 4981 est

474 5023 724 5081 Christus
749 5023 770 5055 ⁸
818 5019 882 5078 Si
900 5021 1010 5089 ipse
1035 5027 1107 5074 est
1134 5018 1385 5084 Christus,
1410 5016 1682 5071 descendat
1705 5015 1771 5071 de
1806 5033 1977 5084 cruce,
2019 5027 2066 5072 et

474 5117 730 5173 credimus
757 5113 824 5168 ei.
848 5112 988 5167 Alios
1031 5110 1196 5165 salvos
1223 5110 1363 5179 fecit,
1397 5108 1618 5178 scipsum
1654 5106 1851 5162 salvum
1901 5111 2070 5178 facere

475 5229 579 5267 non
606 5218 766 5282 potest
804 5205 914 5280 (Id.
949 5219 1115 5268 xxvn,
1141 5202 1250 5273 42).
1288 5199 1533 5255 Viderunt
1561 5200 1697 5255 oculi
1724 5201 1905 5255 nostri.
1951 5199 2065 5255 Hoc

474 5312 561 5360 est
583 5310 754 5358 totum
777 5297 918 5371 quod
947 5312 1003 5350 se
1021 5295 1274 5366 iactabat,
1307 5291 1448 5364 quod
1474 5307 1533 5346 se
1561 5289 1759 5347 Filium
1787 5290 1881 5346 Dei
1910 5290 2060 5347 dico-

472 5397 566 5452 bat
596 5391 777 5467 (Joan.
808 5405 920 5457 six,
954 5388 1029 5458 7).
1059 5385 1316 5441 Dominus
1348 5394 1525 5439 autem
1567 5383 1774 5453 patiens
1825 5381 2065 5439 haerebat

475 5489 529 5544 in
556 5499 752 5542 cruce:
777 5497 886 5537 non
914 5479 1202 5551 potentiam
1234 5475 1556 5546 perdiderat,
1611 5473 1706 5530 sed
1745 5474 2064 5544 sapientiam

473 5576 893 5639 demonstrabat.
922 5571 1058 5641 Quid
1089 5569 1230 5626 enim
1261 5568 1336 5623 illi
1355 5577 1470 5623 erat
1510 5582 1759 5639 magnum
1802 5568 1870 5624 de
1902 5584 2062 5626 cruce

537 5721 555 5750 ί
594 5715 778 5776 Aliquot
800 5715 929 5770 ηδε..
953 5705 1173 5776 paci/ica.

537 5782 558 5814 s
590 5767 797 5841 ρυεὶιυυιτ
823 5767 964 5835 me;
979 5767 1069 5823 hoc
1089 5778 1156 5823 est
1177 5767 1392 5822 (lutatus

1701 307 1759 361 S.
1801 302 2166 361 AUCUSTINI
2209 306 2516 366 EPISCOPI

3678 327 3777 388 340

2195 422 2542 516 descendere,
2571 427 2662 498 qui
2689 432 2858 499 potuit
2886 442 3069 502 postea
3091 433 3158 492 de
3179 439 3426 509 sepulcro
3454 458 3737 516 resurgere
3756 450 3777 502 2

2189 515 2293 610 Sed
2318 519 2547 575 cessisse
2568 521 2836 579 videretur
2873 525 3250 588 insultantibus
3278 550 3292 587 :
3317 544 3369 590 et
3413 535 3516 592 hoc
3562 551 3780 610 oporte«

2191 609 2298 676 bat,
2330 623 2389 668 ut
2414 630 2701 686 resurgens
2730 619 2842 674 suis
2883 635 2944 676 se
2969 624 3294 691 ostenderet.
3321 641 3376 685 et
3399 647 3506 688 non
3545 609 3672 700 illis,
3713 641 3766 692 in

2189 719 2382 775 magno
2411 722 2784 778 sacramento;
2841 715 2966 786 quia
3009 724 3331 778 resnrreetio
3385 727 3552 796 ipsius
3604 731 3767 788 vitam

2191 800 2754 902 novam‘significabat,
2788 807 2893 862 vita
2922 819 3098 879 autem
3131 828 3266 868 nova
3295 818 3482 876 amicis
3511 833 3636 877 nota
3663 834 3765 890 est,

2190 900 2296 939 non
2325 891 2571 944 inimicis.

2263 977 2350 1030 12.
2379 977 2528 1071 [vers.
2717 982 2921 1054 Vidisti,
2992 987 3240 1060 Domine,
3289 1012 3352 1050 ne
3411 997 3581 1071 silens.
3643 1002 3783 1071 Quid

2191 1077 2292 1163 est,
2316 1085 2378 1163 ne
2401 1069 2596 1163 sileas?
2619 1073 2826 1130 Judica.
2857 1077 2931 1133 De
2953 1077 3156 1148 judicio
3199 1087 3397 1140 etenim
3427 1068 3624 1145 dicitur
3647 1068 3786 1163 quo-

2191 1158 2311 1254 dum
2343 1160 2459 1254 loco
2488 1181 2502 1216 :
2539 1162 2716 1229 Tacui,
2765 1170 3010 1237 numquid
3045 1187 3243 1242 semper
3281 1179 3451 1233 tacebo
3480 1179 3614 1251 (Isai
3645 1158 3778 1254 sur,

2193 1249 2326 1322 ην
2354 1253 2418 1307 Et
2445 1254 2512 1309 de
2553 1255 2806 1313 dilatione
2851 1258 3035 1329 jndicii
3079 1264 3276 1320 dicitur
3304 1249 3566 1337 peccaturi
3603 1291 3617 1327 :
3654 1249 3784 1331 Illuc

2193 1345 2374 1414 fecisti,
2427 1356 2473 1400 et
2503 1350 2674 1415 tacui;
2716 1352 3000 1420 suspicatus
3037 1373 3089 1411 es
3127 1359 3460 1430 iniquitatem,
3504 1366 3644 1435 quod
3692 1386 3784 1422 ero

2189 1435 2280 1489 tibi
2297 1435 2664 1529 similis(Psal.
2695 1457 2842 1511 stis,
2864 1443 2980 1516 21).
3009 1446 3291 1514 Quomodo
3318 1460 3456 1508 tacet
3475 1456 3565 1525 qui
3597 1457 3781 1529 loqui-

2191 1535 2275 1620 tur
2303 1542 2401 1597 per
2425 1528 2740 1599 PrOphetas,
2769 1534 2859 1604 qui
2888 1535 3120 1606 loquitur
3145 1555 3241 1597 ore
3284 1557 3384 1598 suo
3438 1544 3490 1599 in
3537 1528 3784 1620 Evange-

2189 1617 2283 1685 lio,
2314 1619 2404 1689 qui
2433 1620 2668 1692 loquitur
2706 1638 2803 1694 per
2832 1625 3219 1697 Evangelistas.
3269 1634 3357 1704 qui
3403 1635 3639 1707 loquitur
3684 1617 3786 1711 per

2191 1725 2288 1804 nos
2314 1713 2529 1783 quando
2562 1730 2745 1770 verum
2773 1717 3044 1776 dicimus?
3084 1722 3223 1792 Quid
3266 1728 3434 1797 ergo?
3461 1728 3596 1785 Silet
3618 1740 3665 1786 ‘a
3691 1733 3784 1804 ju-

2187 1801 2348 1868 dicio,
2378 1819 2483 1860 non
2509 1821 2539 1859 a
2582 1818 2871 1879 praecepto,
2920 1827 3026 1866 non
3053 1829 3082 1868 a
3123 1815 3387 1874 doctrina.
3431 1821 3544 1878 Hoc
3596 1801 3779 1881 autem

2182 1893 2439 1965 judicium
2469 1896 2636 1966 ipsius
2667 1898 2878 1956 invocat
2907 1903 2924 1935 ι
2955 1905 3182 1974 quodam
3213 1909 3374 1965 modo
3403 1911 3694 1982 Propheta,
3725 1925 3784 1974 et

2187 1985 2430 2056 prmdicit
2459 2005 2475 2043 :
2507 1986 2712 2058 Vidisti,
2752 1991 2988 2059 Domine,
3014 2012 3076 2050 ne
3123 2001 3341 2056 tacueris
3364 2017 3384 2055 .·
3406 2002 3455 2077 id
3501 2015 3604 2070 est,
3652 2008 3781 2077 quia

2189 2090 2293 2131 non
2324 2077 2527 2146 silebis,
2559 2082 2680 2148 quia
2709 2098 2929 2139 necesse
2954 2097 3037 2141 est
3081 2097 3140 2143 ut
3174 2074 3422 2159 iudices.
3451 2074 3689 2165 Domine,
3718 2116 3784 2154 ne

2186 2167 2418 2223 discedas
2443 2186 2588 2225 ante.
2618 2172 2799 2230 Donec
2825 2176 3000 2231 veniat
3018 2178 3305 2248 judicium,
3325 2199 3392 2240 ne
3438 2185 3684 2244 discedas
3722 2205 3754 2243 a

2186 2273 2296 2358 me,
2325 2259 2461 2314 sicut
2507 2264 2834 2331 promisisti:
2865 2266 2998 2322 Ecce
3039 2286 3130 2340 ego
3163 2271 3417 2328 uobiscum
3464 2293 3576 2332 sum
3617 2295 3781 2351 usque

2185 2352 2238 2403 in
2257 2352 2736 2408 consummationem
2763 2357 2939 2410 saculi
2963 2357 3176 2427 (Matth.
3205 2377 3389 2429 xsvm,
3411 2364 3525 2435 20).

2259 2442 2345 2497 13.
2373 2440 2521 2515 [vers.
2549 2442 2666 2518 25.]
2690 2445 2925 2518 Exsurge
2973 2448 3210 2520 Domine,
3249 2463 3297 2508 et
3346 2455 3549 2513 intende
3573 2459 3779 2530 judicio

2185 2549 2315 2588 meo.
2341 2534 2436 2591 Cui
2459 2535 2703 2605 judicio?
2730 2538 2864 2606 Quia
2893 2542 3174 2600 tribulatus
3212 2561 3292 2613 es,
3323 2549 3447 2619 quia
3501 2551 3779 2610 laboribus

2184 2630 2242 2679 et
2291 2623 2565 2681 doloribus
2607 2629 2877 2685 cruciatus
2923 2632 3020 2687 es?
3047 2632 3234 2691 Nonne
3278 2637 3376 2691 ista
3403 2639 3564 2697 etiam
3620 2645 3777 2702 multi

2185 2714 2310 2770 mali
2335 2718 2654 2788 patiuntur?
2699 2719 2796 2776 Cui
2837 2721 3076 2791 judicio?
3102 2724 3226 2782 ldeo
3255 2728 3455 2799 justus,
3496 2732 3622 2804 quia
3672 2735 3775 2792 ists

2184 2807 2423 2876 pateris?
2447 2808 2562 2864 Non
2595 2827 2610 2864 :
2641 2810 2735 2866 sed
2768 2813 2935 2882 quid?
2968 2811 3174 2870 Iudicio
3200 2834 3328 2873 meo.
3359 2821 3642 2888 Quomodo
3667 2843 3772 2883 se-

2183 2896 2397 2967 quitur?
2426 2897 2644 2956 Intende
2669 2902 2869 2973 judicio
2896 2921 3028 2972 meo,
3059 2906 3197 2963 Deus
3238 2926 3380 2966 meus
3420 2922 3470 2968 et
3520 2914 3780 2976 Dominus

2181 3004 2345 3055 meus,
2361 2991 2414 3045 in
2438 3008 2646 3049 causam
2670 3012 2852 3051 meam.
2875 2996 2992 3052 Non
3034 3000 3086 3053 in
3117 3015 3328 3070 pmnam
3357 3021 3555 3077 meam,
3586 3012 3683 3068 sed
3707 3013 3764 3070 in

2181 3096 2397 3138 causam
2439 3100 2655 3141 meam:
2683 3101 2789 3144 non
2826 3091 2878 3145 in
2917 3088 2971 3146 id
3001 3093 3144 3163 quod
3188 3111 3400 3154 mecum
3426 3099 3589 3160 habet
3631 3105 3773 3165 latro

2181 3186 2487 3242 commune,
2519 3175 2613 3232 sed
2643 3177 2698 3233 in
2739 3179 2870 3235 illud
2898 3182 3038 3251 quod
3086 3184 3218 3240 beati
3236 3189 3327 3257 qui
3371 3196 3771 3262 persecutionem

2181 3264 2445 3335 patiuntur
2492 3278 2698 3340 propter
2725 3271 2983 3338 justitiam
3024 3273 3148 3347 (Id.
3179 3292 3232 3344 v,
3261 3278 3383 3353 10).
3448 3283 3574 3342 Haec
3621 3289 3772 3346 enim

2179 3372 2340 3414 causa
2360 3358 2591 3417 discreta
2620 3371 2721 3419 est.
2744 3363 2875 3419 Nam
2896 3380 3055 3438 ptnna
3080 3369 3269 3428 similis
3288 3381 3371 3429 est
3385 3370 3538 3432 bonis
3567 3389 3621 3434 et
3649 3397 3773 3439 ma-

2179 3448 2265 3505 lis.
2289 3450 2470 3522 ltaque
2496 3464 2760 3528 martyres
2788 3473 2896 3512 non
2919 3457 3043 3514 facit
3070 3476 3248 3531 pmtia,
3295 3465 3390 3524 sed
3413 3483 3597 3527 causa.
3629 3473 3768 3533 Nam

2177 3541 2228 3635 si
2254 3556 2412 3613 pcena
2440 3553 2700 3618 martyres
2740 3547 2956 3613 faceret.
2986 3551 3165 3607 omnia
3192 3558 3407 3613 metalla
3433 3566 3758 3635 martyribus

2179 3633 2332 3704 plena
2385 3645 2587 3706 essent,
2633 3653 2823 3698 omnes
2868 3651 3074 3699 catena:
3131 3658 3395 3728 martyres
3465 3633 3766 3728 traherent,

2179 3742 2367 3783 omnes
2392 3729 2480 3800 qui
2504 3729 2682 3800 gladio
2707 3731 2966 3788 feriuntur
2984 3749 3390 3796 coronarentur.
3414 3741 3556 3816 Ergo
3571 3746 3771 3806 discer-

2179 3829 2336 3875 natur
2383 3836 2564 3878 causa.
2615 3822 2786 3881 Nemo
2830 3824 2973 3882 dicat
3003 3843 3018 3882 :
3051 3828 3184 3896 Quia
3211 3834 3386 3901 patior
3417 3834 3594 3905 justus
3619 3855 3766 3899 sum.

2177 3911 2312 3980 Quia
2334 3910 2450 3982 ipse
2471 3913 2560 3984 qui
2592 3914 2762 3982 primo
2809 3931 2998 3986 passus
3036 3929 3139 3984 est.
3183 3937 3279 3991 pro
3313 3923 3519 3992 iustitia
3574 3945 3769 4000 passus

2177 4012 2304 4059 est:
2335 4002 2455 4095 ideo
2502 4019 2744 4076 magnam
2795 4009 3168 4079 exceptionem
3204 4013 3449 4070 addidit:
3479 4016 3628 4073 Beati
3679 4026 3771 4095 qui

2179 4094 2572 4164 persecutionem
2613 4095 2877 4164 patiuntur
2901 4111 3108 4170 propter
3117 4104 3394 4174 justitiam.
3426 4106 3557 4163 Nam
3608 4117 3765 4172 multi

2179 4185 2440 4242 habentes
2461 4186 2656 4241 bonam
2685 4202 2903 4244 causam
2951 4189 3151 4248 faciunt
3201 4199 3665 4269 persecutionem;
3711 4217 3770 4263 et

2180 4277 2436 4333 habentes
2452 4278 2646 4333 malam
2669 4293 2886 4336 causam
2915 4285 3188 4352 patiuntur
3232 4292 3677 4357 persecutionem.
3708 4297 3768 4356 Si

2177 4369 2320 4424 enim
2348 4369 2648 4439 persecutio
2673 4384 2778 4426 non
2806 4383 2987 4442 posset
3014 4374 3132 4431 fieri
3165 4377 3322 4444 bene,
3351 4397 3459 4437 non
3492 4383 3769 4446 diceretur

2176 4463 2231 4516 in
2276 4461 2482 4531 psalmo
2511 4478 2529 4518 :
2556 4461 2917 4519 Detrahentem
2963 4469 3192 4536 proximo
3234 4487 3331 4525 suo
3376 4476 3585 4541 occulte,
3629 4481 3772 4537 hunc

2177 4552 2699 4626 persequebar(Psal.
2724 4569 2779 4623 c,
2809 4554 2889 4626 5).
2949 4556 3171 4624 Deinde,
3215 4559 3428 4631 fratres,
3467 4576 3618 4637 pater
3667 4571 3771 4628 bo-

2178 4658 2278 4699 nus
2321 4655 2376 4700 ct
2397 4645 2575 4715 justus
2602 4661 2780 4702 nonne
2805 4650 3147 4720 persequitur
3172 4651 3338 4709 filium
3391 4655 3724 4716 luxuriOSum
3743 4665 3769 4718 τ

2176 4737 2519 4807 Persequitur
2537 4739 2666 4793 vitia
2691 4739 2827 4810 ejus,
2857 4733 2965 4795 non
2993 4742 3166 4811 ipsum
3190 4759 3206 4810 ;
3239 4761 3345 4801 non
3377 4749 3517 4818 quod
3543 4756 3757 4821 genuit,

2174 4828 2269 4884 sed
2297 4829 2439 4899 quod
2471 4829 2559 4884 ille
2583 4829 2804 4885 addidit.
2838 4830 3070 4888 Medicus
3097 4849 3292 4905 nempe
3319 4839 3409 4906 qui
3429 4839 3494 4895 ad
3531 4843 3765 4902 salutem

2173 4919 2478 4985 adhibetur,
2508 4934 2687 4975 nonne
2709 4919 2853 4975 ferro
2876 4922 3190 4994 plerumque
3204 4931 3481 4985 armatur?
3497 4931 3602 4988 8ηά
3629 4949 3769 4992 con-

2173 5018 2254 5065 tra
2283 5009 2497 5074 vulnus,
2531 5025 2636 5066 non
2655 5021 2841 5067 contra
2869 5013 3162 5072 hominem.
3188 5018 3368 5086 Secat,
3400 5031 3459 5077 ut
3481 5035 3674 5082 sanet:
3707 5041 3766 5086 et

2173 5110 2350 5156 tamen
2374 5117 2492 5156 cum
2519 5112 2664 5157 secat
2683 5114 2966 5173 aegrotum,
3010 5105 3158 5162 dolet
3202 5109 3312 5172 ille.
3344 5112 3560 5180 clamat,
3613 5124 3770 5176 sesi--~

2171 5193 2281 5254 stit.
2306 5203 2361 5248 et
2389 5191 2433 5246 si
2464 5193 2602 5248 forte
2631 5194 2776 5250 febre
2802 5206 3036 5251 mentem
3068 5198 3384 5268 perdiderit,
3429 5205 3592 5260 etiam
3638 5225 3764 5266 me-

2169 5283 2348 5338 dicum
2370 5283 2547 5367 cardit;
2575 5299 2673 5341 nec
2701 5295 2875 5341 tamen
2897 5286 2988 5341 ille
3001 5288 3210 5344 desistit
3232 5305 3262 5345 a
3291 5294 3461 5350 salute
3483 5310 3761 5367 aegrotan-

2171 5367 2299 5432 tis',
2331 5366 2473 5435 quod
2513 5369 2661 5421 novit
2690 5368 2835 5433 facit,
2883 5369 3035 5425 illum
3089 5366 3764 5446 maledicentempconvi-

2168 5459 2400 5516 ciantem
2428 5475 2536 5514 non
2565 5469 2738 5516 curat.
2766 5461 2955 5518 Nonne
3002 5465 3302 5524 excitantur
3340 5473 3519 5528 cuncti
3547 5474 3761 5531 lethar.

2167 5551 2291 5623 εἰεί,
2325 5567 2394 5606 ne
2421 5565 2632 5606 sommo
2656 5537 2803 5622 gravi
2837 5564 3146 5623 premantur
3169 5559 3221 5614 in
3251 5565 3521 5620 mortem?
3559 5566 3628 5622 Et
3658 5568 3762 5626 hoc

2236 5717 2251 5746 ι
2285 5709 2360 5771 sic
2381 5705 2592 5756 nonnulli
2619 5715 2725 5759 Mss.
2753 5715 2806 5757 At
2829 5709 2962 5771 Edd.,
2987 5719 3137 5763 uocat.

2235 5771 2255 5806 ³
2287 5769 2451 5821 Plures
2472 5777 2600 5833 Mss,
2623 5771 2883 5837 eroganda.
