  <div class='ocr_page' id='page_1' title='image "/cluster/home/n/w/nwhite01/storage/ocr_20150623/36/umn.319510024773307/180.png"; bbox 0 0 4008 6318; ppageno 0'>
   <div class='ocr_carea' id='block_1_1' title="bbox 216 401 306 458">
    <p class='ocr_par' dir='ltr' id='par_1_1' title="bbox 216 401 306 458">
     <span class='ocr_line' id='line_1_1' title="bbox 216 401 306 458; baseline -0.067 0"><span class='ocrx_word' id='word_1_1' title='bbox 216 401 306 458; x_wconf 71' lang='lat' dir='ltr'><strong>3M</strong></span> 
     </span>
    </p>
   </div>
   <div class='ocr_carea' id='block_1_2' title="bbox 221 524 1798 604">
    <p class='ocr_par' dir='ltr' id='par_1_2' title="bbox 221 524 1798 604">
     <span class='ocr_line' id='line_1_2' title="bbox 221 524 1798 604; baseline 0.005 -26"><span class='ocrx_word' id='word_1_2' title='bbox 221 524 480 593; x_wconf 88' lang='lat' dir='ltr'><strong>patiuntur</strong></span> <span class='ocrx_word' id='word_1_3' title='bbox 509 541 537 578; x_wconf 89' lang='lat' dir='ltr'><strong>a</strong></span> <span class='ocrx_word' id='word_1_4' title='bbox 587 527 707 583; x_wconf 87' lang='lat' dir='ltr'><strong>ﬁliis</strong></span> <span class='ocrx_word' id='word_1_5' title='bbox 733 530 844 585; x_wconf 84' lang='lat' dir='ltr'><strong>suis</strong></span> <span class='ocrx_word' id='word_1_6' title='bbox 867 546 1003 603; x_wconf 88' lang='lat' dir='ltr'><strong>quos</strong></span> <span class='ocrx_word' id='word_1_7' title='bbox 1044 533 1350 588; x_wconf 82' lang='lat' dir='ltr'><strong>carissimos</strong></span> <span class='ocrx_word' id='word_1_8' title='bbox 1379 547 1714 604; x_wconf 83' lang='lat' dir='ltr'><strong>genuerunt;</strong></span> <span class='ocrx_word' id='word_1_9' title='bbox 1745 543 1798 586; x_wconf 79' lang='lat' dir='ltr'><strong>ct</strong></span> 
     </span>
    </p>
   </div>
   <div class='ocr_carea' id='block_1_3' title="bbox 219 621 1795 696">
    <p class='ocr_par' dir='ltr' id='par_1_3' title="bbox 219 621 1795 696">
     <span class='ocr_line' id='line_1_3' title="bbox 219 621 1795 696; baseline 0.006 -28"><span class='ocrx_word' id='word_1_10' title='bbox 219 632 316 670; x_wconf 90' lang='lat' dir='ltr'><strong>non</strong></span> <span class='ocrx_word' id='word_1_11' title='bbox 343 627 420 669; x_wconf 89' lang='lat' dir='ltr'><strong>est</strong></span> <span class='ocrx_word' id='word_1_12' title='bbox 446 633 608 672; x_wconf 86' lang='lat' dir='ltr'><strong>carus</strong></span> <span class='ocrx_word' id='word_1_13' title='bbox 630 621 784 687; x_wconf 90' lang='lat' dir='ltr'><strong>ﬁlius,</strong></span> <span class='ocrx_word' id='word_1_14' title='bbox 838 623 937 676; x_wconf 88' lang='lat' dir='ltr'><strong>nisi</strong></span> <span class='ocrx_word' id='word_1_15' title='bbox 983 623 1140 677; x_wconf 81' lang='lat' dir='ltr'><strong>l&#39;tterit</strong></span> <span class='ocrx_word' id='word_1_16' title='bbox 1176 625 1458 678; x_wconf 76' lang='lat' dir='ltr'><strong>dormienti</strong></span> <span class='ocrx_word' id='word_1_17' title='bbox 1498 626 1630 696; x_wconf 88' lang='lat' dir='ltr'><strong>patri</strong></span> <span class='ocrx_word' id='word_1_18' title='bbox 1678 639 1795 678; x_wconf 87' lang='lat' dir='ltr'><strong>mo-</strong></span> 
     </span>
    </p>
   </div>
   <div class='ocr_carea' id='block_1_4' title="bbox 217 708 1794 788">
    <p class='ocr_par' dir='ltr' id='par_1_4' title="bbox 217 708 1794 788">
     <span class='ocr_line' id='line_1_4' title="bbox 217 708 1794 788; baseline 0.008 -28"><span class='ocrx_word' id='word_1_19' title='bbox 217 708 390 762; x_wconf 72' lang='lat' dir='ltr'><strong>lestus.</strong></span> <span class='ocrx_word' id='word_1_20' title='bbox 441 709 744 784; x_wconf 86' lang='lat' dir='ltr'><strong>Lethargici</strong></span> <span class='ocrx_word' id='word_1_21' title='bbox 798 718 1118 781; x_wconf 68' lang='lat' dir='ltr'><strong>excitantur,</strong></span> <span class='ocrx_word' id='word_1_22' title='bbox 1169 717 1465 786; x_wconf 79' lang='lat' dir='ltr'><strong>phrenetici</strong></span> <span class='ocrx_word' id='word_1_23' title='bbox 1516 718 1794 788; x_wconf 79' lang='lat' dir='ltr'><strong>ligantur:</strong></span> 
     </span>
    </p>
   </div>
   <div class='ocr_carea' id='block_1_5' title="bbox 215 802 1794 880">
    <p class='ocr_par' dir='ltr' id='par_1_5' title="bbox 215 802 1794 880">
     <span class='ocr_line' id='line_1_5' title="bbox 215 802 1794 880; baseline 0.01 -28"><span class='ocrx_word' id='word_1_24' title='bbox 215 802 302 856; x_wconf 81' lang='lat' dir='ltr'><strong>sed</strong></span> <span class='ocrx_word' id='word_1_25' title='bbox 328 810 502 859; x_wconf 78' lang='lat' dir='ltr'><strong>tamen</strong></span> <span class='ocrx_word' id='word_1_26' title='bbox 534 807 744 876; x_wconf 84' lang='lat' dir='ltr'><strong>utrique</strong></span> <span class='ocrx_word' id='word_1_27' title='bbox 764 819 1032 863; x_wconf 89' lang='lat' dir='ltr'><strong>amantur.</strong></span> <span class='ocrx_word' id='word_1_28' title='bbox 1057 808 1222 864; x_wconf 90' lang='lat' dir='ltr'><strong>Nemo</strong></span> <span class='ocrx_word' id='word_1_29' title='bbox 1249 826 1379 880; x_wconf 84' lang='lat' dir='ltr'><strong>ergo</strong></span> <span class='ocrx_word' id='word_1_30' title='bbox 1408 811 1570 877; x_wconf 82' lang='lat' dir='ltr'><strong>dicat,</strong></span> <span class='ocrx_word' id='word_1_31' title='bbox 1597 812 1794 867; x_wconf 80' lang='lat' dir='ltr'><strong>Perse-</strong></span> 
     </span>
    </p>
   </div>
   <div class='ocr_carea' id='block_1_6' title="bbox 213 895 1796 972">
    <p class='ocr_par' dir='ltr' id='par_1_6' title="bbox 213 895 1796 972">
     <span class='ocr_line' id='line_1_6' title="bbox 213 895 1796 972; baseline 0.006 -25"><span class='ocrx_word' id='word_1_32' title='bbox 213 895 471 951; x_wconf 87' lang='lat' dir='ltr'><strong>cntionem</strong></span> <span class='ocrx_word' id='word_1_33' title='bbox 518 901 694 966; x_wconf 86' lang='lat' dir='ltr'><strong>patior</strong></span> <span class='ocrx_word' id='word_1_34' title='bbox 728 917 742 952; x_wconf 89' lang='lat'><strong>:</strong></span> <span class='ocrx_word' id='word_1_35' title='bbox 771 917 874 954; x_wconf 91' lang='lat' dir='ltr'><strong>non</strong></span> <span class='ocrx_word' id='word_1_36' title='bbox 921 901 1142 956; x_wconf 84' lang='lat' dir='ltr'><strong>ventilet</strong></span> <span class='ocrx_word' id='word_1_37' title='bbox 1193 918 1426 971; x_wconf 78' lang='lat' dir='ltr'><strong>ptenam,</strong></span> <span class='ocrx_word' id='word_1_38' title='bbox 1470 903 1564 957; x_wconf 88' lang='lat' dir='ltr'><strong>sed</strong></span> <span class='ocrx_word' id='word_1_39' title='bbox 1607 903 1796 972; x_wconf 84' lang='lat' dir='ltr'><strong>probet</strong></span> 
     </span>
    </p>
   </div>
   <div class='ocr_carea' id='block_1_7' title="bbox 212 992 1796 1064">
    <p class='ocr_par' dir='ltr' id='par_1_7' title="bbox 212 992 1796 1064">
     <span class='ocr_line' id='line_1_7' title="bbox 212 992 1796 1064; baseline 0.008 -24"><span class='ocrx_word' id='word_1_40' title='bbox 212 1003 452 1053; x_wconf 84' lang='lat' dir='ltr'><strong>causam;</strong></span> <span class='ocrx_word' id='word_1_41' title='bbox 509 1008 574 1045; x_wconf 88' lang='lat' dir='ltr'><strong>ne</strong></span> <span class='ocrx_word' id='word_1_42' title='bbox 600 992 644 1046; x_wconf 80' lang='lat' dir='ltr'><strong>si</strong></span> <span class='ocrx_word' id='word_1_43' title='bbox 690 1007 905 1048; x_wconf 78' lang='lat' dir='ltr'><strong>causam</strong></span> <span class='ocrx_word' id='word_1_44' title='bbox 957 1011 1061 1048; x_wconf 92' lang='lat' dir='ltr'><strong>non</strong></span> <span class='ocrx_word' id='word_1_45' title='bbox 1119 995 1448 1064; x_wconf 89' lang='lat' dir='ltr'><strong>probaverit,</strong></span> <span class='ocrx_word' id='word_1_46' title='bbox 1488 1006 1796 1052; x_wconf 85' lang='lat' dir='ltr'><strong>numeretur</strong></span> 
     </span>
    </p>
   </div>
   <div class='ocr_carea' id='block_1_8' title="bbox 215 1081 1795 1157">
    <p class='ocr_par' dir='ltr' id='par_1_8' title="bbox 215 1081 1795 1157">
     <span class='ocr_line' id='line_1_8' title="bbox 215 1081 1795 1157; baseline 0.006 -25"><span class='ocrx_word' id='word_1_47' title='bbox 215 1094 328 1132; x_wconf 87' lang='lat' dir='ltr'><strong>cum</strong></span> <span class='ocrx_word' id='word_1_48' title='bbox 356 1081 572 1150; x_wconf 89' lang='lat' dir='ltr'><strong>iniquis.</strong></span> <span class='ocrx_word' id='word_1_49' title='bbox 603 1083 725 1139; x_wconf 89' lang='lat' dir='ltr'><strong>ldco</strong></span> <span class='ocrx_word' id='word_1_50' title='bbox 751 1101 909 1154; x_wconf 91' lang='lat' dir='ltr'><strong>quam</strong></span> <span class='ocrx_word' id='word_1_51' title='bbox 945 1087 1247 1156; x_wconf 79' lang='lat' dir='ltr'><strong>vigilanter,</strong></span> <span class='ocrx_word' id='word_1_52' title='bbox 1275 1103 1436 1157; x_wconf 90' lang='lat' dir='ltr'><strong>quam</strong></span> <span class='ocrx_word' id='word_1_53' title='bbox 1472 1088 1672 1157; x_wconf 87' lang='lat' dir='ltr'><strong>optime</strong></span> <span class='ocrx_word' id='word_1_54' title='bbox 1706 1087 1795 1142; x_wconf 91' lang='lat' dir='ltr'><strong>hic</strong></span> 
     </span>
    </p>
   </div>
   <div class='ocr_carea' id='block_1_9' title="bbox 212 1173 1792 1250">
    <p class='ocr_par' dir='ltr' id='par_1_9' title="bbox 212 1173 1792 1250">
     <span class='ocr_line' id='line_1_9' title="bbox 212 1173 1792 1250; baseline 0.006 -26"><span class='ocrx_word' id='word_1_55' title='bbox 212 1173 620 1239; x_wconf 85' lang='lat' dir='ltr'><strong>commendavit,</strong></span> <span class='ocrx_word' id='word_1_56' title='bbox 646 1175 877 1241; x_wconf 86' lang='lat' dir='ltr'><strong>Domine,</strong></span> <span class='ocrx_word' id='word_1_57' title='bbox 906 1177 1108 1232; x_wconf 83' lang='lat' dir='ltr'><strong>intende</strong></span> <span class='ocrx_word' id='word_1_58' title='bbox 1114 1178 1312 1250; x_wconf 85' lang='lat' dir='ltr'><strong>judicio</strong></span> <span class='ocrx_word' id='word_1_59' title='bbox 1331 1195 1459 1241; x_wconf 89' lang='lat' dir='ltr'><strong>meo,</strong></span> <span class='ocrx_word' id='word_1_60' title='bbox 1484 1195 1587 1234; x_wconf 93' lang='lat' dir='ltr'><strong>non</strong></span> <span class='ocrx_word' id='word_1_61' title='bbox 1620 1179 1792 1248; x_wconf 75' lang='lat' dir='ltr'><strong>pmuis</strong></span> 
     </span>
    </p>
   </div>
   <div class='ocr_carea' id='block_1_10' title="bbox 212 1262 1790 1338">
    <p class='ocr_par' dir='ltr' id='par_1_10' title="bbox 212 1262 1790 1338">
     <span class='ocr_line' id='line_1_10' title="bbox 212 1262 1790 1338; baseline 0.006 -24"><span class='ocrx_word' id='word_1_62' title='bbox 212 1262 384 1318; x_wconf 83' lang='lat' dir='ltr'><strong>meis:</strong></span> <span class='ocrx_word' id='word_1_63' title='bbox 421 1264 560 1320; x_wconf 79' lang='lat' dir='ltr'><strong>Deus</strong></span> <span class='ocrx_word' id='word_1_64' title='bbox 610 1284 748 1322; x_wconf 86' lang='lat' dir='ltr'><strong>meus</strong></span> <span class='ocrx_word' id='word_1_65' title='bbox 809 1278 857 1322; x_wconf 84' lang='lat' dir='ltr'><strong>et</strong></span> <span class='ocrx_word' id='word_1_66' title='bbox 915 1268 1166 1325; x_wconf 85' lang='lat' dir='ltr'><strong>Dominus</strong></span> <span class='ocrx_word' id='word_1_67' title='bbox 1229 1287 1369 1326; x_wconf 86' lang='lat' dir='ltr'><strong>meus</strong></span> <span class='ocrx_word' id='word_1_68' title='bbox 1393 1313 1408 1338; x_wconf 88' lang='lat'><strong>,</strong></span> <span class='ocrx_word' id='word_1_69' title='bbox 1474 1271 1527 1325; x_wconf 88' lang='lat' dir='ltr'><strong>in</strong></span> <span class='ocrx_word' id='word_1_70' title='bbox 1584 1288 1790 1324; x_wconf 83' lang='lat' dir='ltr'><strong>causam</strong></span> 
     </span>
    </p>
   </div>
   <div class='ocr_carea' id='block_1_11' title="bbox 212 1368 382 1407">
    <p class='ocr_par' dir='ltr' id='par_1_11' title="bbox 212 1368 382 1407">
     <span class='ocr_line' id='line_1_11' title="bbox 212 1368 382 1407; baseline 0.018 -3"><span class='ocrx_word' id='word_1_71' title='bbox 212 1368 382 1407; x_wconf 75' lang='lat' dir='ltr'><strong>meum.</strong></span> 
     </span>
    </p>
   </div>
   <div class='ocr_carea' id='block_1_12' title="bbox 277 1445 1792 1526">
    <p class='ocr_par' dir='ltr' id='par_1_12' title="bbox 277 1445 1792 1526">
     <span class='ocr_line' id='line_1_12' title="bbox 277 1445 1792 1526; baseline 0.005 -26"><span class='ocrx_word' id='word_1_72' title='bbox 277 1446 358 1500; x_wconf 72' lang='lat' dir='ltr'><strong>H.</strong></span> <span class='ocrx_word' id='word_1_73' title='bbox 386 1445 534 1518; x_wconf 68' lang='lat' dir='ltr'><strong>[item</strong></span> <span class='ocrx_word' id='word_1_74' title='bbox 557 1447 769 1524; x_wconf 60' lang='lat'><strong>24-26.]</strong></span> <span class='ocrx_word' id='word_1_75' title='bbox 801 1450 988 1506; x_wconf 82' lang='lat' dir='ltr'><strong>Judica</strong></span> <span class='ocrx_word' id='word_1_76' title='bbox 1003 1470 1099 1517; x_wconf 86' lang='lat' dir='ltr'><strong>me,</strong></span> <span class='ocrx_word' id='word_1_77' title='bbox 1133 1453 1368 1519; x_wconf 80' lang='lat' dir='ltr'><strong>Domine,</strong></span> <span class='ocrx_word' id='word_1_78' title='bbox 1411 1455 1680 1510; x_wconf 84' lang='lat' dir='ltr'><strong>secundum</strong></span> <span class='ocrx_word' id='word_1_79' title='bbox 1702 1458 1792 1526; x_wconf 88' lang='lat' dir='ltr'><strong>ju-</strong></span> 
     </span>
    </p>
   </div>
   <div class='ocr_carea' id='block_1_13' title="bbox 210 1537 1786 1606">
    <p class='ocr_par' dir='ltr' id='par_1_13' title="bbox 210 1537 1786 1606">
     <span class='ocr_line' id='line_1_13' title="bbox 210 1537 1786 1606; baseline 0.006 -16"><span class='ocrx_word' id='word_1_80' title='bbox 210 1537 382 1590; x_wconf 81' lang='lat' dir='ltr'><strong>stitiam</strong></span> <span class='ocrx_word' id='word_1_81' title='bbox 413 1555 594 1592; x_wconf 83' lang='lat' dir='ltr'><strong>meam.</strong></span> <span class='ocrx_word' id='word_1_82' title='bbox 619 1538 731 1594; x_wconf 87' lang='lat' dir='ltr'><strong>Hoc</strong></span> <span class='ocrx_word' id='word_1_83' title='bbox 755 1552 854 1606; x_wconf 90' lang='lat' dir='ltr'><strong>est,</strong></span> <span class='ocrx_word' id='word_1_84' title='bbox 882 1543 933 1596; x_wconf 87' lang='lat' dir='ltr'><strong>itt</strong></span> <span class='ocrx_word' id='word_1_85' title='bbox 961 1558 1178 1598; x_wconf 88' lang='lat' dir='ltr'><strong>causam</strong></span> <span class='ocrx_word' id='word_1_86' title='bbox 1205 1561 1399 1599; x_wconf 87' lang='lat' dir='ltr'><strong>meam.</strong></span> <span class='ocrx_word' id='word_1_87' title='bbox 1433 1545 1547 1600; x_wconf 86' lang='lat' dir='ltr'><strong>Non</strong></span> <span class='ocrx_word' id='word_1_88' title='bbox 1593 1563 1786 1600; x_wconf 84' lang='lat' dir='ltr'><strong>secun-</strong></span> 
     </span>
    </p>
   </div>
   <div class='ocr_carea' id='block_1_14' title="bbox 209 1625 1784 1706">
    <p class='ocr_par' dir='ltr' id='par_1_14' title="bbox 209 1625 1784 1706">
     <span class='ocr_line' id='line_1_14' title="bbox 209 1625 1784 1706; baseline 0.008 -28"><span class='ocrx_word' id='word_1_89' title='bbox 209 1625 324 1679; x_wconf 90' lang='lat' dir='ltr'><strong>dum</strong></span> <span class='ocrx_word' id='word_1_90' title='bbox 353 1642 562 1695; x_wconf 65' lang='lat' dir='ltr'><strong>pinnam</strong></span> <span class='ocrx_word' id='word_1_91' title='bbox 591 1647 762 1684; x_wconf 86' lang='lat' dir='ltr'><strong>meam</strong></span> <span class='ocrx_word' id='word_1_92' title='bbox 789 1675 804 1697; x_wconf 95' lang='lat'><strong>,</strong></span> <span class='ocrx_word' id='word_1_93' title='bbox 847 1633 940 1688; x_wconf 90' lang='lat' dir='ltr'><strong>sed</strong></span> <span class='ocrx_word' id='word_1_94' title='bbox 978 1636 1256 1690; x_wconf 84' lang='lat' dir='ltr'><strong>secundum</strong></span> <span class='ocrx_word' id='word_1_95' title='bbox 1293 1638 1548 1706; x_wconf 80' lang='lat' dir='ltr'><strong>justitiam</strong></span> <span class='ocrx_word' id='word_1_96' title='bbox 1587 1656 1784 1702; x_wconf 84' lang='lat' dir='ltr'><strong>meam,</strong></span> 
     </span>
    </p>
   </div>
   <div class='ocr_carea' id='block_1_15' title="bbox 212 1717 1782 1800">
    <p class='ocr_par' dir='ltr' id='par_1_15' title="bbox 212 1717 1782 1800">
     <span class='ocr_line' id='line_1_15' title="bbox 212 1717 1782 1800; baseline 0.01 -31"><span class='ocrx_word' id='word_1_97' title='bbox 212 1717 417 1771; x_wconf 81' lang='lat' dir='ltr'><strong>Domine</strong></span> <span class='ocrx_word' id='word_1_98' title='bbox 447 1720 581 1774; x_wconf 89' lang='lat' dir='ltr'><strong>Deus</strong></span> <span class='ocrx_word' id='word_1_99' title='bbox 602 1739 777 1789; x_wconf 80' lang='lat' dir='ltr'><strong>meus;</strong></span> <span class='ocrx_word' id='word_1_100' title='bbox 800 1724 850 1778; x_wconf 89' lang='lat' dir='ltr'><strong>id</strong></span> <span class='ocrx_word' id='word_1_101' title='bbox 879 1736 981 1791; x_wconf 86' lang='lat' dir='ltr'><strong>est,</strong></span> <span class='ocrx_word' id='word_1_102' title='bbox 1006 1727 1300 1782; x_wconf 87' lang='lat' dir='ltr'><strong>secundum</strong></span> <span class='ocrx_word' id='word_1_103' title='bbox 1324 1729 1426 1783; x_wconf 90' lang='lat' dir='ltr'><strong>hoe</strong></span> <span class='ocrx_word' id='word_1_104' title='bbox 1473 1746 1558 1784; x_wconf 89' lang='lat' dir='ltr'><strong>me</strong></span> <span class='ocrx_word' id='word_1_105' title='bbox 1581 1731 1782 1800; x_wconf 78' lang='lat' dir='ltr'><strong>judica.</strong></span> 
     </span>
    </p>
   </div>
   <div class='ocr_carea' id='block_1_16' title="bbox 277 1812 1786 1876">
    <p class='ocr_par' dir='ltr' id='par_1_16' title="bbox 277 1812 1786 1876">
     <span class='ocr_line' id='line_1_16' title="bbox 277 1812 1786 1876; baseline 0.008 -12"><span class='ocrx_word' id='word_1_106' title='bbox 277 1813 360 1865; x_wconf 76' lang='grc'><strong>15.</strong></span> <span class='ocrx_word' id='word_1_107' title='bbox 387 1812 454 1864; x_wconf 83' lang='lat' dir='ltr'><strong>Et</strong></span> <span class='ocrx_word' id='word_1_108' title='bbox 480 1831 578 1867; x_wconf 87' lang='lat' dir='ltr'><strong>non</strong></span> <span class='ocrx_word' id='word_1_109' title='bbox 601 1815 839 1870; x_wconf 87' lang='lat' dir='ltr'><strong>insuitent</strong></span> <span class='ocrx_word' id='word_1_110' title='bbox 861 1819 911 1870; x_wconf 88' lang='lat' dir='ltr'><strong>in</strong></span> <span class='ocrx_word' id='word_1_111' title='bbox 940 1835 1017 1871; x_wconf 85' lang='lat' dir='ltr'><strong>me</strong></span> <span class='ocrx_word' id='word_1_112' title='bbox 1045 1835 1064 1873; x_wconf 89' lang='lat'><strong><em>:</em></strong></span> <span class='ocrx_word' id='word_1_113' title='bbox 1091 1820 1288 1875; x_wconf 83' lang='lat' dir='ltr'><strong>inimici</strong></span> <span class='ocrx_word' id='word_1_114' title='bbox 1314 1822 1441 1876; x_wconf 85' lang='lat' dir='ltr'><strong>mei.</strong></span> <span class='ocrx_word' id='word_1_115' title='bbox 1474 1821 1592 1875; x_wconf 80' lang='lat' dir='ltr'><strong>Non</strong></span> <span class='ocrx_word' id='word_1_116' title='bbox 1617 1823 1786 1876; x_wconf 87' lang='lat' dir='ltr'><strong>dicant</strong></span> 
     </span>
    </p>
   </div>
   <div class='ocr_carea' id='block_1_17' title="bbox 207 1902 1778 1983">
    <p class='ocr_par' dir='ltr' id='par_1_17' title="bbox 207 1902 1778 1983">
     <span class='ocr_line' id='line_1_17' title="bbox 207 1902 1778 1983; baseline 0.01 -29"><span class='ocrx_word' id='word_1_117' title='bbox 207 1902 254 1955; x_wconf 85' lang='lat' dir='ltr'><strong>in</strong></span> <span class='ocrx_word' id='word_1_118' title='bbox 302 1908 451 1957; x_wconf 86' lang='lat' dir='ltr'><strong>corde</strong></span> <span class='ocrx_word' id='word_1_119' title='bbox 493 1923 585 1959; x_wconf 90' lang='lat' dir='ltr'><strong>suo</strong></span> <span class='ocrx_word' id='word_1_120' title='bbox 629 1923 648 1960; x_wconf 89' lang='lat'><strong><em>:</em></strong></span> <span class='ocrx_word' id='word_1_121' title='bbox 696 1907 878 1980; x_wconf 85' lang='lat' dir='ltr'><strong>Euge,</strong></span> <span class='ocrx_word' id='word_1_122' title='bbox 921 1929 1062 1983; x_wconf 84' lang='lat' dir='ltr'><strong>euge,</strong></span> <span class='ocrx_word' id='word_1_123' title='bbox 1116 1917 1301 1968; x_wconf 76' lang='lat' dir='ltr'><strong>anima:</strong></span> <span class='ocrx_word' id='word_1_124' title='bbox 1343 1926 1562 1981; x_wconf 74' lang='lat' dir='ltr'><strong>nostrw;</strong></span> <span class='ocrx_word' id='word_1_125' title='bbox 1592 1917 1644 1971; x_wconf 91' lang='lat' dir='ltr'><strong>id</strong></span> <span class='ocrx_word' id='word_1_126' title='bbox 1679 1927 1778 1981; x_wconf 87' lang='lat' dir='ltr'><strong>est,</strong></span> 
     </span>
    </p>
   </div>
   <div class='ocr_carea' id='block_1_18' title="bbox 215 1993 1779 2073">
    <p class='ocr_par' dir='ltr' id='par_1_18' title="bbox 215 1993 1779 2073">
     <span class='ocr_line' id='line_1_18' title="bbox 215 1993 1779 2073; baseline 0.01 -26"><span class='ocrx_word' id='word_1_127' title='bbox 215 1993 450 2050; x_wconf 75' lang='lat' dir='ltr'><strong>Fecimus</strong></span> <span class='ocrx_word' id='word_1_128' title='bbox 499 1999 639 2067; x_wconf 92' lang='lat' dir='ltr'><strong>quod</strong></span> <span class='ocrx_word' id='word_1_129' title='bbox 693 2002 999 2069; x_wconf 82' lang='lat' dir='ltr'><strong>potuimus,</strong></span> <span class='ocrx_word' id='word_1_130' title='bbox 1055 2006 1386 2073; x_wconf 88' lang='lat' dir='ltr'><strong>occidimus,</strong></span> <span class='ocrx_word' id='word_1_131' title='bbox 1446 2009 1779 2062; x_wconf 84' lang='lat' dir='ltr'><strong>abstulimus.</strong></span> 
     </span>
    </p>
   </div>
   <div class='ocr_carea' id='block_1_19' title="bbox 213 2085 1783 2164">
    <p class='ocr_par' dir='ltr' id='par_1_19' title="bbox 213 2085 1783 2164">
     <span class='ocr_line' id='line_1_19' title="bbox 213 2085 1783 2164; baseline 0.01 -26"><span class='ocrx_word' id='word_1_132' title='bbox 213 2085 320 2140; x_wconf 84' lang='lat' dir='ltr'><strong>Non</strong></span> <span class='ocrx_word' id='word_1_133' title='bbox 384 2089 560 2144; x_wconf 87' lang='lat' dir='ltr'><strong>dicant</strong></span> <span class='ocrx_word' id='word_1_134' title='bbox 611 2107 630 2146; x_wconf 93' lang='lat'><strong><em>:</em></strong></span> <span class='ocrx_word' id='word_1_135' title='bbox 685 2093 921 2149; x_wconf 86' lang='lat' dir='ltr'><strong>Ostende</strong></span> <span class='ocrx_word' id='word_1_136' title='bbox 975 2097 1096 2164; x_wconf 85' lang='lat' dir='ltr'><strong>quia</strong></span> <span class='ocrx_word' id='word_1_137' title='bbox 1163 2097 1292 2151; x_wconf 85' lang='lat' dir='ltr'><strong>nihil</strong></span> <span class='ocrx_word' id='word_1_138' title='bbox 1349 2098 1608 2154; x_wconf 80' lang='lat' dir='ltr'><strong>fecerunt.</strong></span> <span class='ocrx_word' id='word_1_139' title='bbox 1659 2100 1783 2154; x_wconf 76' lang='lat' dir='ltr'><strong>Non</strong></span> 
     </span>
    </p>
   </div>
   <div class='ocr_carea' id='block_1_20' title="bbox 205 2177 1778 2262">
    <p class='ocr_par' dir='ltr' id='par_1_20' title="bbox 205 2177 1778 2262">
     <span class='ocr_line' id='line_1_20' title="bbox 205 2177 1778 2262; baseline 0.013 -36"><span class='ocrx_word' id='word_1_140' title='bbox 205 2177 363 2231; x_wconf 85' lang='lat' dir='ltr'><strong>dicunt</strong></span> <span class='ocrx_word' id='word_1_141' title='bbox 393 2196 411 2233; x_wconf 87' lang='lat'><strong><em>:</em></strong></span> <span class='ocrx_word' id='word_1_142' title='bbox 439 2181 802 2239; x_wconf 78' lang='lat' dir='ltr'><strong>Absorbuimus</strong></span> <span class='ocrx_word' id='word_1_143' title='bbox 823 2202 957 2240; x_wconf 88' lang='lat' dir='ltr'><strong>eum.</strong></span> <span class='ocrx_word' id='word_1_144' title='bbox 990 2187 1139 2242; x_wconf 83' lang='lat' dir='ltr'><strong>Unde</strong></span> <span class='ocrx_word' id='word_1_145' title='bbox 1169 2189 1241 2242; x_wconf 89' lang='lat' dir='ltr'><strong>llli</strong></span> <span class='ocrx_word' id='word_1_146' title='bbox 1274 2200 1536 2262; x_wconf 82' lang='lat' dir='ltr'><strong>martyres</strong></span> <span class='ocrx_word' id='word_1_147' title='bbox 1565 2192 1778 2246; x_wconf 88' lang='lat' dir='ltr'><strong>dicunt:</strong></span> 
     </span>
    </p>
   </div>
   <div class='ocr_carea' id='block_1_21' title="bbox 208 2266 1782 2349">
    <p class='ocr_par' dir='ltr' id='par_1_21' title="bbox 208 2266 1782 2349">
     <span class='ocr_line' id='line_1_21' title="bbox 208 2266 1782 2349; baseline 0.011 -29"><span class='ocrx_word' id='word_1_148' title='bbox 208 2266 314 2322; x_wconf 74' lang='lat' dir='ltr'><strong>Nisi</strong></span> <span class='ocrx_word' id='word_1_149' title='bbox 328 2271 445 2340; x_wconf 83' lang='lat' dir='ltr'><strong>quia</strong></span> <span class='ocrx_word' id='word_1_150' title='bbox 470 2271 717 2328; x_wconf 78' lang='lat' dir='ltr'><strong>Dominus</strong></span> <span class='ocrx_word' id='word_1_151' title='bbox 736 2287 843 2329; x_wconf 89' lang='lat' dir='ltr'><strong>erat</strong></span> <span class='ocrx_word' id='word_1_152' title='bbox 863 2277 914 2329; x_wconf 90' lang='lat' dir='ltr'><strong>in</strong></span> <span class='ocrx_word' id='word_1_153' title='bbox 931 2279 1092 2343; x_wconf 84' lang='lat' dir='ltr'><strong>nobis,</strong></span> <span class='ocrx_word' id='word_1_154' title='bbox 1116 2282 1332 2349; x_wconf 75' lang='lat' dir='ltr'><strong>fortasse</strong></span> <span class='ocrx_word' id='word_1_155' title='bbox 1351 2282 1483 2336; x_wconf 83' lang='lat' dir='ltr'><strong>vivos</strong></span> <span class='ocrx_word' id='word_1_156' title='bbox 1504 2282 1782 2338; x_wconf 84' lang='lat' dir='ltr'><strong>absorbuis-</strong></span> 
     </span>
    </p>
   </div>
   <div class='ocr_carea' id='block_1_22' title="bbox 206 2363 1780 2439">
    <p class='ocr_par' dir='ltr' id='par_1_22' title="bbox 206 2363 1780 2439">
     <span class='ocr_line' id='line_1_22' title="bbox 206 2363 1780 2439; baseline 0.011 -26"><span class='ocrx_word' id='word_1_157' title='bbox 206 2372 301 2414; x_wconf 81' lang='lat' dir='ltr'><strong>sent</strong></span> <span class='ocrx_word' id='word_1_158' title='bbox 325 2380 411 2416; x_wconf 87' lang='lat' dir='ltr'><strong>nos</strong></span> <span class='ocrx_word' id='word_1_159' title='bbox 440 2364 460 2434; x_wconf 94' lang='lat'><strong>(</strong></span> <span class='ocrx_word' id='word_1_160' title='bbox 487 2363 631 2418; x_wconf 85' lang='lat' dir='ltr'><strong>Psal.</strong></span> <span class='ocrx_word' id='word_1_161' title='bbox 662 2382 823 2422; x_wconf 71' lang='lat' dir='ltr'><strong>cum</strong></span> <span class='ocrx_word' id='word_1_162' title='bbox 842 2409 856 2432; x_wconf 90' lang='lat'><strong>,</strong></span> <span class='ocrx_word' id='word_1_163' title='bbox 891 2369 942 2434; x_wconf 78' lang='grc'><strong>1,</strong></span> <span class='ocrx_word' id='word_1_164' title='bbox 966 2369 1052 2439; x_wconf 79' lang='grc'><strong>5).</strong></span> <span class='ocrx_word' id='word_1_165' title='bbox 1082 2371 1216 2436; x_wconf 89' lang='lat' dir='ltr'><strong>Quid</strong></span> <span class='ocrx_word' id='word_1_166' title='bbox 1263 2383 1365 2438; x_wconf 89' lang='lat' dir='ltr'><strong>est,</strong></span> <span class='ocrx_word' id='word_1_167' title='bbox 1411 2374 1780 2430; x_wconf 84' lang='lat' dir='ltr'><strong>absorbuissent</strong></span> 
     </span>
    </p>
   </div>
   <div class='ocr_carea' id='block_1_23' title="bbox 207 2452 1780 2528">
    <p class='ocr_par' dir='ltr' id='par_1_23' title="bbox 207 2452 1780 2528">
     <span class='ocr_line' id='line_1_23' title="bbox 207 2452 1780 2528; baseline 0.012 -26"><span class='ocrx_word' id='word_1_168' title='bbox 207 2452 400 2508; x_wconf 79' lang='lat' dir='ltr'><strong>nos?lu</strong></span> <span class='ocrx_word' id='word_1_169' title='bbox 440 2469 639 2523; x_wconf 86' lang='lat' dir='ltr'><strong>corpus</strong></span> <span class='ocrx_word' id='word_1_170' title='bbox 663 2473 818 2513; x_wconf 90' lang='lat' dir='ltr'><strong>suum</strong></span> <span class='ocrx_word' id='word_1_171' title='bbox 852 2459 1181 2528; x_wconf 82' lang='lat' dir='ltr'><strong>trajecissent</strong></span> <span class='ocrx_word' id='word_1_172' title='bbox 1209 2476 1325 2517; x_wconf 88' lang='lat' dir='ltr'><strong>nos.</strong></span> <span class='ocrx_word' id='word_1_173' title='bbox 1362 2463 1472 2518; x_wconf 91' lang='lat' dir='ltr'><strong>lloc</strong></span> <span class='ocrx_word' id='word_1_174' title='bbox 1516 2466 1657 2520; x_wconf 88' lang='lat' dir='ltr'><strong>enim</strong></span> <span class='ocrx_word' id='word_1_175' title='bbox 1687 2468 1780 2521; x_wconf 83' lang='lat' dir='ltr'><strong>ab-</strong></span> 
     </span>
    </p>
   </div>
   <div class='ocr_carea' id='block_1_24' title="bbox 203 2544 1779 2621">
    <p class='ocr_par' dir='ltr' id='par_1_24' title="bbox 203 2544 1779 2621">
     <span class='ocr_line' id='line_1_24' title="bbox 203 2544 1779 2621; baseline 0.011 -26"><span class='ocrx_word' id='word_1_176' title='bbox 203 2544 392 2605; x_wconf 81' lang='lat' dir='ltr'><strong>sorbes,</strong></span> <span class='ocrx_word' id='word_1_177' title='bbox 422 2547 565 2614; x_wconf 86' lang='lat' dir='ltr'><strong>quod</strong></span> <span class='ocrx_word' id='word_1_178' title='bbox 600 2547 650 2599; x_wconf 91' lang='lat' dir='ltr'><strong>in</strong></span> <span class='ocrx_word' id='word_1_179' title='bbox 678 2563 872 2618; x_wconf 90' lang='lat' dir='ltr'><strong>corpus</strong></span> <span class='ocrx_word' id='word_1_180' title='bbox 900 2559 1044 2603; x_wconf 90' lang='lat' dir='ltr'><strong>tuum</strong></span> <span class='ocrx_word' id='word_1_181' title='bbox 1069 2552 1286 2621; x_wconf 88' lang='lat' dir='ltr'><strong>trajicis.</strong></span> <span class='ocrx_word' id='word_1_182' title='bbox 1329 2553 1451 2607; x_wconf 85' lang='lat' dir='ltr'><strong>Vult</strong></span> <span class='ocrx_word' id='word_1_183' title='bbox 1473 2565 1523 2610; x_wconf 91' lang='lat' dir='ltr'><strong>te</strong></span> <span class='ocrx_word' id='word_1_184' title='bbox 1553 2557 1779 2613; x_wconf 89' lang='lat' dir='ltr'><strong>mundus</strong></span> 
     </span>
    </p>
   </div>
   <div class='ocr_carea' id='block_1_25' title="bbox 204 2635 1778 2714">
    <p class='ocr_par' dir='ltr' id='par_1_25' title="bbox 204 2635 1778 2714">
     <span class='ocr_line' id='line_1_25' title="bbox 204 2635 1778 2714; baseline 0.012 -27"><span class='ocrx_word' id='word_1_185' title='bbox 204 2635 478 2693; x_wconf 84' lang='lat' dir='ltr'><strong>absorbere</strong></span> <span class='ocrx_word' id='word_1_186' title='bbox 509 2658 522 2691; x_wconf 91' lang='lat'><strong><em>:</em></strong></span> <span class='ocrx_word' id='word_1_187' title='bbox 556 2651 610 2693; x_wconf 91' lang='lat' dir='ltr'><strong>tu</strong></span> <span class='ocrx_word' id='word_1_188' title='bbox 638 2641 866 2698; x_wconf 88' lang='lat' dir='ltr'><strong>absorbe</strong></span> <span class='ocrx_word' id='word_1_189' title='bbox 896 2645 1172 2710; x_wconf 89' lang='lat' dir='ltr'><strong>mundum,</strong></span> <span class='ocrx_word' id='word_1_190' title='bbox 1209 2647 1391 2714; x_wconf 81' lang='lat' dir='ltr'><strong>trajice</strong></span> <span class='ocrx_word' id='word_1_191' title='bbox 1415 2649 1558 2708; x_wconf 91' lang='lat' dir='ltr'><strong>illum</strong></span> <span class='ocrx_word' id='word_1_192' title='bbox 1589 2650 1638 2704; x_wconf 88' lang='lat' dir='ltr'><strong>in</strong></span> <span class='ocrx_word' id='word_1_193' title='bbox 1667 2668 1778 2706; x_wconf 83' lang='lat' dir='ltr'><strong>cor-</strong></span> 
     </span>
    </p>
   </div>
   <div class='ocr_carea' id='block_1_26' title="bbox 205 2734 1773 2808">
    <p class='ocr_par' dir='ltr' id='par_1_26' title="bbox 205 2734 1773 2808">
     <span class='ocr_line' id='line_1_26' title="bbox 205 2734 1773 2808; baseline 0.013 -31"><span class='ocrx_word' id='word_1_194' title='bbox 205 2741 294 2795; x_wconf 88' lang='lat' dir='ltr'><strong>pus</strong></span> <span class='ocrx_word' id='word_1_195' title='bbox 310 2738 474 2794; x_wconf 89' lang='lat' dir='ltr'><strong>tuum,</strong></span> <span class='ocrx_word' id='word_1_196' title='bbox 511 2739 683 2785; x_wconf 89' lang='lat' dir='ltr'><strong>macta</strong></span> <span class='ocrx_word' id='word_1_197' title='bbox 699 2742 759 2794; x_wconf 72' lang='lat' dir='ltr'><strong>,et</strong></span> <span class='ocrx_word' id='word_1_198' title='bbox 782 2734 1063 2789; x_wconf 91' lang='lat' dir='ltr'><strong>manduca.</strong></span> <span class='ocrx_word' id='word_1_199' title='bbox 1087 2737 1236 2802; x_wconf 87' lang='lat' dir='ltr'><strong>Quod</strong></span> <span class='ocrx_word' id='word_1_200' title='bbox 1264 2739 1420 2793; x_wconf 85' lang='lat' dir='ltr'><strong>Petro</strong></span> <span class='ocrx_word' id='word_1_201' title='bbox 1446 2740 1645 2796; x_wconf 90' lang='lat' dir='ltr'><strong>dictum</strong></span> <span class='ocrx_word' id='word_1_202' title='bbox 1672 2753 1773 2808; x_wconf 89' lang='lat' dir='ltr'><strong>est,</strong></span> 
     </span>
    </p>
   </div>
   <div class='ocr_carea' id='block_1_27' title="bbox 202 2816 1775 2904">
    <p class='ocr_par' dir='ltr' id='par_1_27' title="bbox 202 2816 1775 2904">
     <span class='ocr_line' id='line_1_27' title="bbox 202 2816 1775 2904; baseline 0.011 -34"><span class='ocrx_word' id='word_1_203' title='bbox 202 2816 360 2872; x_wconf 66' lang='lat' dir='ltr'><strong>Hasta</strong></span> <span class='ocrx_word' id='word_1_204' title='bbox 384 2830 430 2873; x_wconf 83' lang='lat' dir='ltr'><strong>et</strong></span> <span class='ocrx_word' id='word_1_205' title='bbox 479 2823 736 2875; x_wconf 84' lang='lat' dir='ltr'><strong>manduca</strong></span> <span class='ocrx_word' id='word_1_206' title='bbox 778 2823 909 2895; x_wconf 84' lang='lat' dir='ltr'><strong>(Act.</strong></span> <span class='ocrx_word' id='word_1_207' title='bbox 940 2841 972 2879; x_wconf 72' lang='lat' dir='ltr'><strong>x</strong></span> <span class='ocrx_word' id='word_1_208' title='bbox 993 2867 1008 2889; x_wconf 96' lang='lat'><strong>,</strong></span> <span class='ocrx_word' id='word_1_209' title='bbox 1047 2826 1142 2898; x_wconf 76' lang='grc'><strong>15)</strong></span> <span class='ocrx_word' id='word_1_210' title='bbox 1169 2844 1182 2882; x_wconf 93' lang='lat'>:</span> <span class='ocrx_word' id='word_1_211' title='bbox 1228 2830 1413 2884; x_wconf 88' lang='lat' dir='ltr'><strong>occide</strong></span> <span class='ocrx_word' id='word_1_212' title='bbox 1438 2831 1489 2885; x_wconf 90' lang='lat' dir='ltr'><strong>in</strong></span> <span class='ocrx_word' id='word_1_213' title='bbox 1519 2832 1596 2886; x_wconf 91' lang='lat' dir='ltr'><strong>eis</strong></span> <span class='ocrx_word' id='word_1_214' title='bbox 1633 2835 1775 2904; x_wconf 87' lang='lat' dir='ltr'><strong>quod</strong></span> 
     </span>
    </p>
   </div>
   <div class='ocr_carea' id='block_1_28' title="bbox 195 2913 1776 2993">
    <p class='ocr_par' dir='ltr' id='par_1_28' title="bbox 195 2913 1776 2993">
     <span class='ocr_line' id='line_1_28' title="bbox 195 2913 1776 2993; baseline 0.011 -32"><span class='ocrx_word' id='word_1_215' title='bbox 195 2921 332 2974; x_wconf 77' lang='lat' dir='ltr'><strong>sunt,</strong></span> <span class='ocrx_word' id='word_1_216' title='bbox 365 2913 445 2966; x_wconf 83' lang='lat' dir='ltr'><strong>lac</strong></span> <span class='ocrx_word' id='word_1_217' title='bbox 465 2928 564 2967; x_wconf 80' lang='lat' dir='ltr'><strong>eos</strong></span> <span class='ocrx_word' id='word_1_218' title='bbox 589 2914 729 2984; x_wconf 93' lang='lat' dir='ltr'><strong>quod</strong></span> <span class='ocrx_word' id='word_1_219' title='bbox 763 2925 817 2969; x_wconf 88' lang='grc' dir='ltr'><strong>ιιι</strong></span> <span class='ocrx_word' id='word_1_220' title='bbox 844 2931 924 2973; x_wconf 89' lang='lat' dir='ltr'><strong>es.</strong></span> <span class='ocrx_word' id='word_1_221' title='bbox 947 2916 1026 2971; x_wconf 78' lang='lat' dir='ltr'><strong>illi</strong></span> <span class='ocrx_word' id='word_1_222' title='bbox 1046 2928 1224 2973; x_wconf 89' lang='lat' dir='ltr'><strong>autem</strong></span> <span class='ocrx_word' id='word_1_223' title='bbox 1245 2931 1428 2975; x_wconf 89' lang='lat' dir='ltr'><strong>contra</strong></span> <span class='ocrx_word' id='word_1_224' title='bbox 1456 2922 1500 2976; x_wconf 92' lang='lat' dir='ltr'><strong>si</strong></span> <span class='ocrx_word' id='word_1_225' title='bbox 1533 2922 1624 2977; x_wconf 84' lang='lat' dir='ltr'><strong>tibi</strong></span> <span class='ocrx_word' id='word_1_226' title='bbox 1655 2940 1776 2993; x_wconf 86' lang='lat' dir='ltr'><strong>per-</strong></span> 
     </span>
    </p>
   </div>
   <div class='ocr_carea' id='block_1_29' title="bbox 198 3002 1774 3082">
    <p class='ocr_par' dir='ltr' id='par_1_29' title="bbox 198 3002 1774 3082">
     <span class='ocr_line' id='line_1_29' title="bbox 198 3002 1774 3082; baseline 0.009 -30"><span class='ocrx_word' id='word_1_227' title='bbox 198 3003 448 3056; x_wconf 70' lang='lat' dir='ltr'><strong>suaserint</strong></span> <span class='ocrx_word' id='word_1_228' title='bbox 475 3002 829 3073; x_wconf 84' lang='lat' dir='ltr'><strong>impietatem,</strong></span> <span class='ocrx_word' id='word_1_229' title='bbox 862 3005 1166 3062; x_wconf 88' lang='lat' dir='ltr'><strong>absorberis</strong></span> <span class='ocrx_word' id='word_1_230' title='bbox 1189 3009 1257 3062; x_wconf 90' lang='lat' dir='ltr'><strong>ab</strong></span> <span class='ocrx_word' id='word_1_231' title='bbox 1282 3008 1386 3065; x_wconf 89' lang='lat' dir='ltr'><strong>eis.</strong></span> <span class='ocrx_word' id='word_1_232' title='bbox 1414 3009 1530 3064; x_wconf 88' lang='lat' dir='ltr'><strong>Non</strong></span> <span class='ocrx_word' id='word_1_233' title='bbox 1558 3014 1774 3082; x_wconf 88' lang='lat' dir='ltr'><strong>quando</strong></span> 
     </span>
    </p>
   </div>
   <div class='ocr_carea' id='block_1_30' title="bbox 198 3095 1773 3171">
    <p class='ocr_par' dir='ltr' id='par_1_30' title="bbox 198 3095 1773 3171">
     <span class='ocr_line' id='line_1_30' title="bbox 198 3095 1773 3171; baseline 0.009 -27"><span class='ocrx_word' id='word_1_234' title='bbox 198 3103 576 3161; x_wconf 67' lang='lat' dir='ltr'><strong>persequuntur</strong></span> <span class='ocrx_word' id='word_1_235' title='bbox 601 3103 671 3158; x_wconf 81' lang='lat' dir='ltr'><strong>te.</strong></span> <span class='ocrx_word' id='word_1_236' title='bbox 712 3095 885 3151; x_wconf 88' lang='lat' dir='ltr'><strong>abhis</strong></span> <span class='ocrx_word' id='word_1_237' title='bbox 926 3098 1266 3165; x_wconf 87' lang='lat' dir='ltr'><strong>absorberis;</strong></span> <span class='ocrx_word' id='word_1_238' title='bbox 1300 3100 1395 3155; x_wconf 85' lang='lat' dir='ltr'><strong>sed</strong></span> <span class='ocrx_word' id='word_1_239' title='bbox 1435 3103 1648 3171; x_wconf 89' lang='lat' dir='ltr'><strong>quando</strong></span> <span class='ocrx_word' id='word_1_240' title='bbox 1681 3104 1773 3158; x_wconf 91' lang='lat' dir='ltr'><strong>tibi</strong></span> 
     </span>
    </p>
   </div>
   <div class='ocr_carea' id='block_1_31' title="bbox 199 3186 1770 3262">
    <p class='ocr_par' dir='ltr' id='par_1_31' title="bbox 199 3186 1770 3262">
     <span class='ocr_line' id='line_1_31' title="bbox 199 3186 1770 3262; baseline 0.01 -25"><span class='ocrx_word' id='word_1_241' title='bbox 199 3186 505 3251; x_wconf 68' lang='lat' dir='ltr'><strong>persuadent</strong></span> <span class='ocrx_word' id='word_1_242' title='bbox 533 3188 676 3256; x_wconf 85' lang='lat' dir='ltr'><strong>quod</strong></span> <span class='ocrx_word' id='word_1_243' title='bbox 702 3199 845 3243; x_wconf 89' lang='lat' dir='ltr'><strong>sunt.</strong></span> <span class='ocrx_word' id='word_1_244' title='bbox 877 3188 988 3244; x_wconf 82' lang='lat' dir='ltr'><strong>Nec</strong></span> <span class='ocrx_word' id='word_1_245' title='bbox 1013 3190 1184 3245; x_wconf 88' lang='lat' dir='ltr'><strong>dicant</strong></span> <span class='ocrx_word' id='word_1_246' title='bbox 1209 3206 1230 3246; x_wconf 90' lang='lat'><strong><em>:</em></strong></span> <span class='ocrx_word' id='word_1_247' title='bbox 1257 3192 1605 3262; x_wconf 81' lang='lat' dir='ltr'><strong>absorbuintus</strong></span> <span class='ocrx_word' id='word_1_248' title='bbox 1631 3215 1770 3252; x_wconf 86' lang='lat' dir='ltr'><strong>eum.</strong></span> 
     </span>
    </p>
   </div>
   <div class='ocr_carea' id='block_1_32' title="bbox 197 3273 1774 3358">
    <p class='ocr_par' dir='ltr' id='par_1_32' title="bbox 197 3273 1774 3358">
     <span class='ocr_line' id='line_1_32' title="bbox 197 3273 1774 3358; baseline 0.01 -31"><span class='ocrx_word' id='word_1_249' title='bbox 197 3273 266 3328; x_wconf 80' lang='lat' dir='ltr'><strong>&#39;l‘u</strong></span> <span class='ocrx_word' id='word_1_250' title='bbox 289 3277 516 3332; x_wconf 82' lang='lat' dir='ltr'><strong>absorbe</strong></span> <span class='ocrx_word' id='word_1_251' title='bbox 544 3293 742 3346; x_wconf 83' lang='lat' dir='ltr'><strong>corpus</strong></span> <span class='ocrx_word' id='word_1_252' title='bbox 774 3279 1128 3350; x_wconf 88' lang='lat' dir='ltr'><strong>Paganorum.</strong></span> <span class='ocrx_word' id='word_1_253' title='bbox 1167 3283 1345 3349; x_wconf 84' lang='lat' dir='ltr'><strong>Quare</strong></span> <span class='ocrx_word' id='word_1_254' title='bbox 1385 3300 1579 3356; x_wconf 89' lang='lat' dir='ltr'><strong>corpus</strong></span> <span class='ocrx_word' id='word_1_255' title='bbox 1605 3287 1774 3358; x_wconf 84' lang='lat' dir='ltr'><strong>Paga-</strong></span> 
     </span>
    </p>
   </div>
   <div class='ocr_carea' id='block_1_33' title="bbox 195 3369 1775 3446">
    <p class='ocr_par' dir='ltr' id='par_1_33' title="bbox 195 3369 1775 3446">
     <span class='ocr_line' id='line_1_33' title="bbox 195 3369 1775 3446; baseline 0.011 -25"><span class='ocrx_word' id='word_1_256' title='bbox 195 3370 414 3424; x_wconf 77' lang='lat' dir='ltr'><strong>norum?</strong></span> <span class='ocrx_word' id='word_1_257' title='bbox 444 3369 572 3426; x_wconf 83' lang='lat' dir='ltr'><strong>Vult</strong></span> <span class='ocrx_word' id='word_1_258' title='bbox 599 3379 651 3426; x_wconf 87' lang='lat' dir='ltr'><strong>te</strong></span> <span class='ocrx_word' id='word_1_259' title='bbox 683 3372 991 3440; x_wconf 82' lang='lat' dir='ltr'><strong>absorbere,</strong></span> <span class='ocrx_word' id='word_1_260' title='bbox 1031 3373 1111 3429; x_wconf 82' lang='lat' dir='ltr'><strong>fac</strong></span> <span class='ocrx_word' id='word_1_261' title='bbox 1151 3375 1225 3430; x_wconf 91' lang='lat' dir='ltr'><strong>illi</strong></span> <span class='ocrx_word' id='word_1_262' title='bbox 1254 3377 1397 3446; x_wconf 88' lang='lat' dir='ltr'><strong>quod</strong></span> <span class='ocrx_word' id='word_1_263' title='bbox 1433 3379 1543 3433; x_wconf 80' lang='lat' dir='ltr'><strong>vult</strong></span> <span class='ocrx_word' id='word_1_264' title='bbox 1569 3380 1662 3436; x_wconf 87' lang='lat' dir='ltr'><strong>tibi</strong></span> <span class='ocrx_word' id='word_1_265' title='bbox 1690 3380 1775 3439; x_wconf 77' lang='lat' dir='ltr'><strong>ta-</strong></span> 
     </span>
    </p>
   </div>
   <div class='ocr_carea' id='block_1_34' title="bbox 192 3461 1770 3543">
    <p class='ocr_par' dir='ltr' id='par_1_34' title="bbox 192 3461 1770 3543">
     <span class='ocr_line' id='line_1_34' title="bbox 192 3461 1770 3543; baseline 0.009 -29"><span class='ocrx_word' id='word_1_266' title='bbox 192 3475 322 3514; x_wconf 63' lang='lat' dir='ltr'><strong>cere.</strong></span> <span class='ocrx_word' id='word_1_267' title='bbox 351 3461 473 3518; x_wconf 89' lang='lat' dir='ltr'><strong>Ideo</strong></span> <span class='ocrx_word' id='word_1_268' title='bbox 503 3463 732 3518; x_wconf 74' lang='lat' dir='ltr'><strong>fortasse</strong></span> <span class='ocrx_word' id='word_1_269' title='bbox 764 3465 961 3520; x_wconf 91' lang='lat' dir='ltr'><strong>vitulus</strong></span> <span class='ocrx_word' id='word_1_270' title='bbox 983 3467 1070 3520; x_wconf 91' lang='lat' dir='ltr'><strong>illc</strong></span> <span class='ocrx_word' id='word_1_271' title='bbox 1099 3470 1458 3524; x_wconf 82' lang='lat' dir='ltr'><strong>comminutus</strong></span> <span class='ocrx_word' id='word_1_272' title='bbox 1499 3473 1548 3524; x_wconf 91' lang='lat' dir='ltr'><strong>in</strong></span> <span class='ocrx_word' id='word_1_273' title='bbox 1579 3488 1770 3543; x_wconf 89' lang='lat' dir='ltr'><strong>aquam</strong></span> 
     </span>
    </p>
   </div>
   <div class='ocr_carea' id='block_1_35' title="bbox 194 3551 1769 3625">
    <p class='ocr_par' dir='ltr' id='par_1_35' title="bbox 194 3551 1769 3625">
     <span class='ocr_line' id='line_1_35' title="bbox 194 3551 1769 3625; baseline 0.012 -23"><span class='ocrx_word' id='word_1_274' title='bbox 194 3551 394 3620; x_wconf 81' lang='lat' dir='ltr'><strong>missus,</strong></span> <span class='ocrx_word' id='word_1_275' title='bbox 417 3564 472 3608; x_wconf 90' lang='lat' dir='ltr'><strong>et</strong></span> <span class='ocrx_word' id='word_1_276' title='bbox 499 3564 687 3625; x_wconf 88' lang='lat' dir='ltr'><strong>potum</strong></span> <span class='ocrx_word' id='word_1_277' title='bbox 715 3557 871 3610; x_wconf 88' lang='lat' dir='ltr'><strong>datus</strong></span> <span class='ocrx_word' id='word_1_278' title='bbox 893 3570 994 3622; x_wconf 81' lang='lat' dir='ltr'><strong>eSt,</strong></span> <span class='ocrx_word' id='word_1_279' title='bbox 1027 3569 1082 3612; x_wconf 91' lang='lat' dir='ltr'><strong>ut</strong></span> <span class='ocrx_word' id='word_1_280' title='bbox 1102 3559 1483 3617; x_wconf 84' lang='lat' dir='ltr'><strong>absurberetur</strong></span> <span class='ocrx_word' id='word_1_281' title='bbox 1516 3563 1584 3617; x_wconf 81' lang='lat' dir='ltr'><strong>ah</strong></span> <span class='ocrx_word' id='word_1_282' title='bbox 1609 3564 1769 3622; x_wconf 87' lang='lat' dir='ltr'><strong>Israel</strong></span> 
     </span>
    </p>
   </div>
   <div class='ocr_carea' id='block_1_36' title="bbox 192 3646 1772 3721">
    <p class='ocr_par' dir='ltr' id='par_1_36' title="bbox 192 3646 1772 3721">
     <span class='ocr_line' id='line_1_36' title="bbox 192 3646 1772 3721; baseline 0.008 -23"><span class='ocrx_word' id='word_1_283' title='bbox 192 3659 372 3715; x_wconf 85' lang='lat' dir='ltr'><strong>corpus</strong></span> <span class='ocrx_word' id='word_1_284' title='bbox 405 3646 698 3716; x_wconf 90' lang='lat' dir='ltr'><strong>impiorum</strong></span> <span class='ocrx_word' id='word_1_285' title='bbox 749 3648 959 3721; x_wconf 75' lang='lat' dir='ltr'><strong>(Exod.</strong></span> <span class='ocrx_word' id='word_1_286' title='bbox 1009 3666 1178 3716; x_wconf 69' lang='grc' dir='ltr'>χχχιι,</span> <span class='ocrx_word' id='word_1_287' title='bbox 1206 3652 1336 3721; x_wconf 75' lang='lat'><strong>20).</strong></span> <span class='ocrx_word' id='word_1_288' title='bbox 1371 3653 1682 3710; x_wconf 81' lang='lat' dir='ltr'><strong>Erubescattt</strong></span> <span class='ocrx_word' id='word_1_289' title='bbox 1724 3667 1772 3711; x_wconf 89' lang='lat' dir='ltr'><strong>et</strong></span> 
     </span>
    </p>
   </div>
   <div class='ocr_carea' id='block_1_37' title="bbox 192 3739 1770 3810">
    <p class='ocr_par' dir='ltr' id='par_1_37' title="bbox 192 3739 1770 3810">
     <span class='ocr_line' id='line_1_37' title="bbox 192 3739 1770 3810; baseline 0.008 -22"><span class='ocrx_word' id='word_1_290' title='bbox 192 3747 494 3792; x_wconf 75' lang='lat' dir='ltr'><strong>reoercantur</strong></span> <span class='ocrx_word' id='word_1_291' title='bbox 514 3739 689 3802; x_wconf 80' lang='lat' dir='ltr'><strong>simul,</strong></span> <span class='ocrx_word' id='word_1_292' title='bbox 719 3740 807 3810; x_wconf 90' lang='lat' dir='ltr'><strong>qui</strong></span> <span class='ocrx_word' id='word_1_293' title='bbox 825 3741 1152 3808; x_wconf 77' lang='lat' dir='ltr'><strong>gratulantur</strong></span> <span class='ocrx_word' id='word_1_294' title='bbox 1172 3745 1320 3797; x_wconf 88' lang='lat' dir='ltr'><strong>malis</strong></span> <span class='ocrx_word' id='word_1_295' title='bbox 1347 3745 1469 3797; x_wconf 82' lang='lat' dir='ltr'><strong>meis</strong></span> <span class='ocrx_word' id='word_1_296' title='bbox 1491 3762 1510 3800; x_wconf 87' lang='lat'><strong><em>:</em></strong></span> <span class='ocrx_word' id='word_1_297' title='bbox 1545 3747 1770 3801; x_wconf 84' lang='lat' dir='ltr'><strong>induan-</strong></span> 
     </span>
    </p>
   </div>
   <div class='ocr_carea' id='block_1_38' title="bbox 192 3830 1771 3900">
    <p class='ocr_par' dir='ltr' id='par_1_38' title="bbox 192 3830 1771 3900">
     <span class='ocr_line' id='line_1_38' title="bbox 192 3830 1771 3900; baseline 0.009 -20"><span class='ocrx_word' id='word_1_298' title='bbox 192 3837 268 3880; x_wconf 83' lang='lat' dir='ltr'><strong>tur</strong></span> <span class='ocrx_word' id='word_1_299' title='bbox 283 3830 575 3900; x_wconf 79' lang='lat' dir='ltr'><strong>confusione</strong></span> <span class='ocrx_word' id='word_1_300' title='bbox 600 3839 647 3885; x_wconf 89' lang='lat' dir='ltr'><strong>et</strong></span> <span class='ocrx_word' id='word_1_301' title='bbox 672 3832 970 3886; x_wconf 74' lang='lat' dir='ltr'><strong>verecundia</strong></span> <span class='ocrx_word' id='word_1_302' title='bbox 998 3848 1018 3886; x_wconf 92' lang='lat'><strong><em>:</em></strong></span> <span class='ocrx_word' id='word_1_303' title='bbox 1042 3842 1100 3888; x_wconf 90' lang='lat' dir='ltr'><strong>ut</strong></span> <span class='ocrx_word' id='word_1_304' title='bbox 1124 3849 1222 3888; x_wconf 89' lang='lat' dir='ltr'><strong>nos</strong></span> <span class='ocrx_word' id='word_1_305' title='bbox 1251 3835 1368 3891; x_wconf 90' lang='lat' dir='ltr'><strong>ilios</strong></span> <span class='ocrx_word' id='word_1_306' title='bbox 1389 3837 1771 3896; x_wconf 86' lang='lat' dir='ltr'><strong>absorbeamus</strong></span> 
     </span>
    </p>
   </div>
   <div class='ocr_carea' id='block_1_39' title="bbox 191 3923 1766 3998">
    <p class='ocr_par' dir='ltr' id='par_1_39' title="bbox 191 3923 1766 3998">
     <span class='ocr_line' id='line_1_39' title="bbox 191 3923 1766 3998; baseline 0.009 -27"><span class='ocrx_word' id='word_1_307' title='bbox 191 3923 557 3978; x_wconf 78' lang='lat' dir='ltr'><strong>erubescentes</strong></span> <span class='ocrx_word' id='word_1_308' title='bbox 600 3933 655 3978; x_wconf 87' lang='lat' dir='ltr'><strong>et</strong></span> <span class='ocrx_word' id='word_1_309' title='bbox 682 3923 954 3979; x_wconf 73' lang='lat' dir='ltr'><strong>confusus.</strong></span> <span class='ocrx_word' id='word_1_310' title='bbox 993 3925 1095 3992; x_wconf 84' lang='lat' dir='ltr'><strong>Qui</strong></span> <span class='ocrx_word' id='word_1_311' title='bbox 1124 3928 1348 3998; x_wconf 82' lang='lat' dir='ltr'><strong>maligna</strong></span> <span class='ocrx_word' id='word_1_312' title='bbox 1379 3929 1652 3998; x_wconf 86' lang='lat' dir='ltr'><strong>loquuntur</strong></span> <span class='ocrx_word' id='word_1_313' title='bbox 1671 3933 1766 3985; x_wconf 88' lang='lat' dir='ltr'><strong>ad-</strong></span> 
     </span>
    </p>
   </div>
   <div class='ocr_carea' id='block_1_40' title="bbox 192 4013 1554 4082">
    <p class='ocr_par' dir='ltr' id='par_1_40' title="bbox 192 4013 1554 4082">
     <span class='ocr_line' id='line_1_40' title="bbox 192 4013 1554 4082; baseline 0.007 -16"><span class='ocrx_word' id='word_1_314' title='bbox 192 4028 371 4068; x_wconf 76' lang='lat' dir='ltr'><strong>versum</strong></span> <span class='ocrx_word' id='word_1_315' title='bbox 395 4032 475 4070; x_wconf 82' lang='lat' dir='ltr'><strong>nte</strong></span> <span class='ocrx_word' id='word_1_316' title='bbox 501 4034 521 4070; x_wconf 90' lang='lat'><strong><em>:</em></strong></span> <span class='ocrx_word' id='word_1_317' title='bbox 553 4013 630 4070; x_wconf 93' lang='lat' dir='ltr'><strong>illi</strong></span> <span class='ocrx_word' id='word_1_318' title='bbox 658 4015 998 4082; x_wconf 88' lang='lat' dir='ltr'><strong>erubescant,</strong></span> <span class='ocrx_word' id='word_1_319' title='bbox 1027 4018 1098 4071; x_wconf 91' lang='lat' dir='ltr'><strong>illi</strong></span> <span class='ocrx_word' id='word_1_320' title='bbox 1139 4021 1554 4076; x_wconf 79' lang='lat' dir='ltr'><strong>confundantur.</strong></span> 
     </span>
    </p>
   </div>
   <div class='ocr_carea' id='block_1_41' title="bbox 255 4107 1769 4184">
    <p class='ocr_par' dir='ltr' id='par_1_41' title="bbox 255 4107 1769 4184">
     <span class='ocr_line' id='line_1_41' title="bbox 255 4107 1769 4184; baseline 0.008 -23"><span class='ocrx_word' id='word_1_321' title='bbox 255 4109 336 4162; x_wconf 78' lang='grc'><strong>16.</strong></span> <span class='ocrx_word' id='word_1_322' title='bbox 365 4107 514 4181; x_wconf 71' lang='grc' dir='ltr'><strong>[σεῖε.</strong></span> <span class='ocrx_word' id='word_1_323' title='bbox 541 4110 637 4174; x_wconf 74' lang='grc'><strong>27,</strong></span> <span class='ocrx_word' id='word_1_324' title='bbox 823 4109 960 4182; x_wconf 87' lang='lat' dir='ltr'><strong>Quid</strong></span> <span class='ocrx_word' id='word_1_325' title='bbox 1003 4120 1056 4164; x_wconf 93' lang='lat' dir='ltr'><strong>lu</strong></span> <span class='ocrx_word' id='word_1_326' title='bbox 1093 4112 1202 4182; x_wconf 86' lang='lat' dir='ltr'><strong>jam</strong></span> <span class='ocrx_word' id='word_1_327' title='bbox 1249 4123 1408 4184; x_wconf 87' lang='lat' dir='ltr'><strong>caput</strong></span> <span class='ocrx_word' id='word_1_328' title='bbox 1451 4130 1572 4170; x_wconf 92' lang='lat' dir='ltr'><strong>cum</strong></span> <span class='ocrx_word' id='word_1_329' title='bbox 1603 4133 1769 4173; x_wconf 87' lang='lat' dir='ltr'><strong>mem-</strong></span> 
     </span>
    </p>
   </div>
   <div class='ocr_carea' id='block_1_42' title="bbox 192 4199 1770 4276">
    <p class='ocr_par' dir='ltr' id='par_1_42' title="bbox 192 4199 1770 4276">
     <span class='ocr_line' id='line_1_42' title="bbox 192 4199 1770 4276; baseline 0.004 -19"><span class='ocrx_word' id='word_1_330' title='bbox 192 4199 322 4276; x_wconf 79' lang='lat' dir='ltr'><strong>bris?</strong></span> <span class='ocrx_word' id='word_1_331' title='bbox 352 4203 622 4256; x_wconf 74' lang='lat' dir='ltr'><strong>Exsultent</strong></span> <span class='ocrx_word' id='word_1_332' title='bbox 648 4213 693 4256; x_wconf 84' lang='lat' dir='ltr'><strong>et</strong></span> <span class='ocrx_word' id='word_1_333' title='bbox 724 4203 955 4257; x_wconf 70' lang='lat' dir='ltr'><strong>(celentur</strong></span> <span class='ocrx_word' id='word_1_334' title='bbox 990 4205 1076 4274; x_wconf 85' lang='lat' dir='ltr'><strong>qui</strong></span> <span class='ocrx_word' id='word_1_335' title='bbox 1100 4205 1271 4258; x_wconf 84' lang='lat' dir='ltr'><strong>volunt</strong></span> <span class='ocrx_word' id='word_1_336' title='bbox 1283 4206 1538 4276; x_wconf 82' lang='lat' dir='ltr'><strong>justitiam</strong></span> <span class='ocrx_word' id='word_1_337' title='bbox 1569 4226 1729 4263; x_wconf 80' lang='lat' dir='ltr'><strong>nteant</strong></span> <span class='ocrx_word' id='word_1_338' title='bbox 1751 4228 1770 4265; x_wconf 88' lang='lat'><strong><em>:</em></strong></span> 
     </span>
    </p>
   </div>
   <div class='ocr_carea' id='block_1_43' title="bbox 193 4275 1771 4373">
    <p class='ocr_par' dir='ltr' id='par_1_43' title="bbox 193 4275 1771 4373">
     <span class='ocr_line' id='line_1_43' title="bbox 193 4275 1771 4373; baseline 0.007 -28"><span class='ocrx_word' id='word_1_339' title='bbox 193 4275 270 4361; x_wconf 86' lang='lat' dir='ltr'><strong>qui</strong></span> <span class='ocrx_word' id='word_1_340' title='bbox 301 4293 550 4348; x_wconf 67' lang='lat' dir='ltr'><strong>laeserint</strong></span> <span class='ocrx_word' id='word_1_341' title='bbox 579 4295 788 4363; x_wconf 86' lang='lat' dir='ltr'><strong>corpori</strong></span> <span class='ocrx_word' id='word_1_342' title='bbox 819 4310 960 4350; x_wconf 90' lang='lat' dir='ltr'><strong>meo.</strong></span> <span class='ocrx_word' id='word_1_343' title='bbox 1003 4295 1066 4349; x_wconf 83' lang='lat' dir='ltr'><strong>Et</strong></span> <span class='ocrx_word' id='word_1_344' title='bbox 1095 4297 1266 4350; x_wconf 84' lang='lat' dir='ltr'><strong>dicant</strong></span> <span class='ocrx_word' id='word_1_345' title='bbox 1286 4275 1488 4368; x_wconf 80' lang='lat' dir='ltr'><strong>semper</strong></span> <span class='ocrx_word' id='word_1_346' title='bbox 1517 4315 1536 4354; x_wconf 90' lang='lat'><strong><em>:</em></strong></span> <span class='ocrx_word' id='word_1_347' title='bbox 1566 4299 1771 4373; x_wconf 57' lang='lat' dir='ltr'><strong>Magni-</strong></span> 
     </span>
    </p>
   </div>
   <div class='ocr_carea' id='block_1_44' title="bbox 193 4384 1770 4466">
    <p class='ocr_par' dir='ltr' id='par_1_44' title="bbox 193 4384 1770 4466">
     <span class='ocr_line' id='line_1_44' title="bbox 193 4384 1770 4466; baseline 0.009 -30"><span class='ocrx_word' id='word_1_348' title='bbox 193 4384 353 4452; x_wconf 70' lang='lat' dir='ltr'><strong>[iretur</strong></span> <span class='ocrx_word' id='word_1_349' title='bbox 378 4384 629 4440; x_wconf 82' lang='lat' dir='ltr'><strong>Dominus</strong></span> <span class='ocrx_word' id='word_1_350' title='bbox 648 4428 663 4452; x_wconf 91' lang='lat'><strong>,</strong></span> <span class='ocrx_word' id='word_1_351' title='bbox 689 4387 776 4458; x_wconf 87' lang='lat' dir='ltr'><strong>qui</strong></span> <span class='ocrx_word' id='word_1_352' title='bbox 804 4386 978 4440; x_wconf 74' lang='lat' dir='ltr'><strong>volunt</strong></span> <span class='ocrx_word' id='word_1_353' title='bbox 1004 4405 1182 4458; x_wconf 85' lang='lat' dir='ltr'><strong>pacem</strong></span> <span class='ocrx_word' id='word_1_354' title='bbox 1203 4390 1335 4445; x_wconf 82' lang='lat' dir='ltr'><strong>servi</strong></span> <span class='ocrx_word' id='word_1_355' title='bbox 1354 4391 1481 4462; x_wconf 76' lang='lat' dir='ltr'><strong>ejus.</strong></span> <span class='ocrx_word' id='word_1_356' title='bbox 1503 4392 1566 4446; x_wconf 85' lang='lat' dir='ltr'><strong>Et</strong></span> <span class='ocrx_word' id='word_1_357' title='bbox 1596 4395 1770 4466; x_wconf 86' lang='lat' dir='ltr'><strong>lingua</strong></span> 
     </span>
    </p>
   </div>
   <div class='ocr_carea' id='block_1_45' title="bbox 193 4479 1764 4551">
    <p class='ocr_par' dir='ltr' id='par_1_45' title="bbox 193 4479 1764 4551">
     <span class='ocr_line' id='line_1_45' title="bbox 193 4479 1764 4551; baseline 0.006 -19"><span class='ocrx_word' id='word_1_358' title='bbox 193 4494 290 4532; x_wconf 76' lang='lat' dir='ltr'><strong>mea</strong></span> <span class='ocrx_word' id='word_1_359' title='bbox 315 4479 635 4535; x_wconf 79' lang='lat' dir='ltr'><strong>meditabitur</strong></span> <span class='ocrx_word' id='word_1_360' title='bbox 647 4479 907 4551; x_wconf 82' lang='lat' dir='ltr'><strong>justitiam</strong></span> <span class='ocrx_word' id='word_1_361' title='bbox 952 4491 1110 4546; x_wconf 89' lang='lat' dir='ltr'><strong>tuam,</strong></span> <span class='ocrx_word' id='word_1_362' title='bbox 1138 4491 1242 4536; x_wconf 85' lang='lat' dir='ltr'><strong>tota</strong></span> <span class='ocrx_word' id='word_1_363' title='bbox 1271 4483 1351 4536; x_wconf 90' lang='lat' dir='ltr'><strong>die</strong></span> <span class='ocrx_word' id='word_1_364' title='bbox 1376 4484 1576 4540; x_wconf 87' lang='lat' dir='ltr'><strong>laudem</strong></span> <span class='ocrx_word' id='word_1_365' title='bbox 1606 4497 1764 4542; x_wconf 85' lang='lat' dir='ltr'><strong>tuam.</strong></span> 
     </span>
    </p>
   </div>
   <div class='ocr_carea' id='block_1_46' title="bbox 193 4569 1767 4644">
    <p class='ocr_par' dir='ltr' id='par_1_46' title="bbox 193 4569 1767 4644">
     <span class='ocr_line' id='line_1_46' title="bbox 193 4569 1767 4644; baseline 0.006 -19"><span class='ocrx_word' id='word_1_366' title='bbox 193 4571 250 4626; x_wconf 80' lang='lat' dir='ltr'><strong>Et</strong></span> <span class='ocrx_word' id='word_1_367' title='bbox 279 4572 422 4644; x_wconf 88' lang='lat' dir='ltr'><strong>cujus</strong></span> <span class='ocrx_word' id='word_1_368' title='bbox 452 4573 633 4643; x_wconf 88' lang='lat' dir='ltr'><strong>lingua</strong></span> <span class='ocrx_word' id='word_1_369' title='bbox 671 4569 829 4625; x_wconf 89' lang='lat' dir='ltr'><strong>durat</strong></span> <span class='ocrx_word' id='word_1_370' title='bbox 856 4571 1097 4626; x_wconf 85' lang='lat' dir='ltr'><strong>meditari</strong></span> <span class='ocrx_word' id='word_1_371' title='bbox 1131 4584 1239 4627; x_wconf 88' lang='lat' dir='ltr'><strong>tota</strong></span> <span class='ocrx_word' id='word_1_372' title='bbox 1272 4575 1359 4630; x_wconf 89' lang='lat' dir='ltr'><strong>die</strong></span> <span class='ocrx_word' id='word_1_373' title='bbox 1387 4575 1600 4632; x_wconf 88' lang='lat' dir='ltr'><strong>laudem</strong></span> <span class='ocrx_word' id='word_1_374' title='bbox 1631 4580 1767 4634; x_wconf 81' lang='lat' dir='ltr'><strong>Dei?</strong></span> 
     </span>
    </p>
   </div>
   <div class='ocr_carea' id='block_1_47' title="bbox 192 4664 1764 4743">
    <p class='ocr_par' dir='ltr' id='par_1_47' title="bbox 192 4664 1764 4743">
     <span class='ocr_line' id='line_1_47' title="bbox 192 4664 1764 4743; baseline 0.006 -25"><span class='ocrx_word' id='word_1_375' title='bbox 192 4664 314 4720; x_wconf 83' lang='lat' dir='ltr'><strong>Ecce</strong></span> <span class='ocrx_word' id='word_1_376' title='bbox 340 4666 497 4720; x_wconf 86' lang='lat' dir='ltr'><strong>modo</strong></span> <span class='ocrx_word' id='word_1_377' title='bbox 525 4667 687 4736; x_wconf 90' lang='lat' dir='ltr'><strong>paulo</strong></span> <span class='ocrx_word' id='word_1_378' title='bbox 703 4666 911 4736; x_wconf 85' lang='lat' dir='ltr'><strong>longior</strong></span> <span class='ocrx_word' id='word_1_379' title='bbox 934 4683 1112 4720; x_wconf 89' lang='lat' dir='ltr'><strong>sermo</strong></span> <span class='ocrx_word' id='word_1_380' title='bbox 1138 4669 1304 4723; x_wconf 81' lang='lat' dir='ltr'><strong>iactus</strong></span> <span class='ocrx_word' id='word_1_381' title='bbox 1326 4679 1428 4736; x_wconf 89' lang='lat' dir='ltr'><strong>est,</strong></span> <span class='ocrx_word' id='word_1_382' title='bbox 1453 4669 1764 4743; x_wconf 81' lang='lat' dir='ltr'><strong>fatigamini.</strong></span> 
     </span>
    </p>
   </div>
   <div class='ocr_carea' id='block_1_48' title="bbox 191 4756 1765 4832">
    <p class='ocr_par' dir='ltr' id='par_1_48' title="bbox 191 4756 1765 4832">
     <span class='ocr_line' id='line_1_48' title="bbox 191 4756 1765 4832; baseline 0.006 -20"><span class='ocrx_word' id='word_1_383' title='bbox 191 4756 309 4814; x_wconf 86' lang='lat' dir='ltr'><strong>&#39;l&#39;ota</strong></span> <span class='ocrx_word' id='word_1_384' title='bbox 354 4756 644 4816; x_wconf 78' lang='lat' dir='ltr'><strong>die&#39;Deum</strong></span> <span class='ocrx_word' id='word_1_385' title='bbox 685 4758 901 4815; x_wconf 88' lang='lat' dir='ltr'><strong>laudare</strong></span> <span class='ocrx_word' id='word_1_386' title='bbox 930 4759 1051 4829; x_wconf 87' lang='lat' dir='ltr'><strong>quis</strong></span> <span class='ocrx_word' id='word_1_387' title='bbox 1091 4759 1285 4816; x_wconf 81' lang='lat' dir='ltr'><strong>durat?</strong></span> <span class='ocrx_word' id='word_1_388' title='bbox 1309 4761 1546 4832; x_wconf 84' lang='lat' dir='ltr'><strong>Suggero</strong></span> <span class='ocrx_word' id='word_1_389' title='bbox 1589 4779 1765 4822; x_wconf 83' lang='lat' dir='ltr'><strong>reme-</strong></span> 
     </span>
    </p>
   </div>
   <div class='ocr_carea' id='block_1_49' title="bbox 193 4849 1763 4927">
    <p class='ocr_par' dir='ltr' id='par_1_49' title="bbox 193 4849 1763 4927">
     <span class='ocr_line' id='line_1_49' title="bbox 193 4849 1763 4927; baseline 0.006 -26"><span class='ocrx_word' id='word_1_390' title='bbox 193 4849 345 4916; x_wconf 85' lang='lat' dir='ltr'><strong>dium,</strong></span> <span class='ocrx_word' id='word_1_391' title='bbox 373 4850 514 4905; x_wconf 84' lang='lat' dir='ltr'><strong>unde</strong></span> <span class='ocrx_word' id='word_1_392' title='bbox 556 4858 666 4904; x_wconf 83' lang='lat' dir='ltr'><strong>tota</strong></span> <span class='ocrx_word' id='word_1_393' title='bbox 712 4850 798 4904; x_wconf 88' lang='lat' dir='ltr'><strong>die</strong></span> <span class='ocrx_word' id='word_1_394' title='bbox 825 4849 1010 4905; x_wconf 89' lang='lat' dir='ltr'><strong>laudes</strong></span> <span class='ocrx_word' id='word_1_395' title='bbox 1051 4852 1238 4916; x_wconf 90' lang='lat' dir='ltr'><strong>Deum,</strong></span> <span class='ocrx_word' id='word_1_396' title='bbox 1278 4853 1321 4906; x_wconf 90' lang='lat' dir='ltr'><strong>si</strong></span> <span class='ocrx_word' id='word_1_397' title='bbox 1370 4855 1466 4907; x_wconf 82' lang='lat' dir='ltr'><strong>ris.</strong></span> <span class='ocrx_word' id='word_1_398' title='bbox 1500 4855 1763 4927; x_wconf 84' lang='lat' dir='ltr'><strong>Quidquid</strong></span> 
     </span>
    </p>
   </div>
   <div class='ocr_carea' id='block_1_50' title="bbox 193 4942 1766 5013">
    <p class='ocr_par' dir='ltr' id='par_1_50' title="bbox 193 4942 1766 5013">
     <span class='ocr_line' id='line_1_50' title="bbox 193 4942 1766 5013; baseline 0.008 -22"><span class='ocrx_word' id='word_1_399' title='bbox 193 4943 364 5011; x_wconf 77' lang='lat' dir='ltr'><strong>egeris.</strong></span> <span class='ocrx_word' id='word_1_400' title='bbox 392 4946 529 4999; x_wconf 86' lang='lat' dir='ltr'><strong>bene</strong></span> <span class='ocrx_word' id='word_1_401' title='bbox 572 4958 705 5013; x_wconf 89' lang='lat' dir='ltr'><strong>age,</strong></span> <span class='ocrx_word' id='word_1_402' title='bbox 747 4951 802 4997; x_wconf 90' lang='lat' dir='ltr'><strong>et</strong></span> <span class='ocrx_word' id='word_1_403' title='bbox 854 4942 1079 4997; x_wconf 81' lang='lat' dir='ltr'><strong>laudasti</strong></span> <span class='ocrx_word' id='word_1_404' title='bbox 1111 4942 1300 4999; x_wconf 89' lang='lat' dir='ltr'><strong>Deum.</strong></span> <span class='ocrx_word' id='word_1_405' title='bbox 1331 4946 1555 5011; x_wconf 78' lang='lat' dir='ltr'><strong>Quando</strong></span> <span class='ocrx_word' id='word_1_406' title='bbox 1583 4959 1766 5004; x_wconf 88' lang='lat' dir='ltr'><strong>cantas</strong></span> 
     </span>
    </p>
   </div>
   <div class='ocr_carea' id='block_1_51' title="bbox 194 5030 1765 5110">
    <p class='ocr_par' dir='ltr' id='par_1_51' title="bbox 194 5030 1765 5110">
     <span class='ocr_line' id='line_1_51' title="bbox 194 5030 1765 5110; baseline 0.008 -26"><span class='ocrx_word' id='word_1_407' title='bbox 194 5030 452 5103; x_wconf 85' lang='lat' dir='ltr'><strong>hymnum,</strong></span> <span class='ocrx_word' id='word_1_408' title='bbox 505 5034 694 5090; x_wconf 84' lang='lat' dir='ltr'><strong>laudas</strong></span> <span class='ocrx_word' id='word_1_409' title='bbox 744 5035 907 5089; x_wconf 76' lang='lat' dir='ltr'><strong>Deum</strong></span> <span class='ocrx_word' id='word_1_410' title='bbox 942 5053 955 5088; x_wconf 90' lang='lat'>:</span> <span class='ocrx_word' id='word_1_411' title='bbox 986 5035 1160 5104; x_wconf 81' lang='lat' dir='ltr'><strong>lingua</strong></span> <span class='ocrx_word' id='word_1_412' title='bbox 1213 5046 1298 5090; x_wconf 90' lang='lat' dir='ltr'><strong>tua</strong></span> <span class='ocrx_word' id='word_1_413' title='bbox 1341 5039 1465 5108; x_wconf 91' lang='lat' dir='ltr'><strong>quid</strong></span> <span class='ocrx_word' id='word_1_414' title='bbox 1506 5040 1630 5110; x_wconf 88' lang='lat' dir='ltr'><strong>agit,</strong></span> <span class='ocrx_word' id='word_1_415' title='bbox 1665 5042 1765 5096; x_wconf 86' lang='lat' dir='ltr'><strong>nisi</strong></span> 
     </span>
    </p>
   </div>
   <div class='ocr_carea' id='block_1_52' title="bbox 194 5121 1765 5199">
    <p class='ocr_par' dir='ltr' id='par_1_52' title="bbox 194 5121 1765 5199">
     <span class='ocr_line' id='line_1_52' title="bbox 194 5121 1765 5199; baseline 0.007 -26"><span class='ocrx_word' id='word_1_416' title='bbox 194 5121 352 5179; x_wconf 86' lang='lat' dir='ltr'><strong>laudet</strong></span> <span class='ocrx_word' id='word_1_417' title='bbox 377 5136 431 5180; x_wconf 90' lang='lat' dir='ltr'><strong>et</strong></span> <span class='ocrx_word' id='word_1_418' title='bbox 470 5124 803 5180; x_wconf 84' lang='lat' dir='ltr'><strong>conscientia</strong></span> <span class='ocrx_word' id='word_1_419' title='bbox 849 5126 972 5180; x_wconf 87' lang='lat' dir='ltr'><strong>tua?</strong></span> <span class='ocrx_word' id='word_1_420' title='bbox 1001 5125 1231 5180; x_wconf 77' lang='lat' dir='ltr'><strong>Cessasti</strong></span> <span class='ocrx_word' id='word_1_421' title='bbox 1275 5127 1342 5180; x_wconf 87' lang='lat' dir='ltr'><strong>ab</strong></span> <span class='ocrx_word' id='word_1_422' title='bbox 1399 5137 1598 5199; x_wconf 81' lang='lat' dir='ltr'><strong>hymno</strong></span> <span class='ocrx_word' id='word_1_423' title='bbox 1641 5147 1765 5185; x_wconf 72' lang='lat' dir='ltr'><strong>can~</strong></span> 
     </span>
    </p>
   </div>
   <div class='ocr_carea' id='block_1_53' title="bbox 196 5214 1767 5286">
    <p class='ocr_par' dir='ltr' id='par_1_53' title="bbox 196 5214 1767 5286">
     <span class='ocr_line' id='line_1_53' title="bbox 196 5214 1767 5286; baseline 0.007 -19"><span class='ocrx_word' id='word_1_424' title='bbox 196 5214 357 5281; x_wconf 86' lang='lat' dir='ltr'><strong>tando,</strong></span> <span class='ocrx_word' id='word_1_425' title='bbox 381 5216 618 5272; x_wconf 81' lang='lat' dir='ltr'><strong>discedis</strong></span> <span class='ocrx_word' id='word_1_426' title='bbox 647 5225 706 5270; x_wconf 90' lang='lat' dir='ltr'><strong>ut</strong></span> <span class='ocrx_word' id='word_1_427' title='bbox 730 5216 1032 5272; x_wconf 87' lang='lat' dir='ltr'><strong>reﬁciaris?</strong></span> <span class='ocrx_word' id='word_1_428' title='bbox 1055 5216 1174 5272; x_wconf 89' lang='lat' dir='ltr'><strong>Noli</strong></span> <span class='ocrx_word' id='word_1_429' title='bbox 1203 5218 1471 5286; x_wconf 89' lang='lat' dir='ltr'><strong>inebriari,</strong></span> <span class='ocrx_word' id='word_1_430' title='bbox 1503 5231 1556 5276; x_wconf 90' lang='lat' dir='ltr'><strong>et</strong></span> <span class='ocrx_word' id='word_1_431' title='bbox 1585 5222 1767 5277; x_wconf 83' lang='lat' dir='ltr'><strong>lauda-</strong></span> 
     </span>
    </p>
   </div>
   <div class='ocr_carea' id='block_1_54' title="bbox 195 5307 1767 5381">
    <p class='ocr_par' dir='ltr' id='par_1_54' title="bbox 195 5307 1767 5381">
     <span class='ocr_line' id='line_1_54' title="bbox 195 5307 1767 5381; baseline 0.006 -23"><span class='ocrx_word' id='word_1_432' title='bbox 195 5307 255 5358; x_wconf 85' lang='lat' dir='ltr'><strong>sti</strong></span> <span class='ocrx_word' id='word_1_433' title='bbox 283 5307 460 5363; x_wconf 88' lang='lat' dir='ltr'><strong>Deum.</strong></span> <span class='ocrx_word' id='word_1_434' title='bbox 493 5308 738 5364; x_wconf 90' lang='lat' dir='ltr'><strong>Discedis</strong></span> <span class='ocrx_word' id='word_1_435' title='bbox 766 5317 822 5360; x_wconf 91' lang='lat' dir='ltr'><strong>ut</strong></span> <span class='ocrx_word' id='word_1_436' title='bbox 849 5307 1118 5363; x_wconf 75' lang='lat' dir='ltr'><strong>dormias?</strong></span> <span class='ocrx_word' id='word_1_437' title='bbox 1151 5308 1274 5363; x_wconf 88' lang='lat' dir='ltr'><strong>Noli</strong></span> <span class='ocrx_word' id='word_1_438' title='bbox 1299 5326 1518 5381; x_wconf 80' lang='lat' dir='ltr'><strong>surgere</strong></span> <span class='ocrx_word' id='word_1_439' title='bbox 1546 5311 1613 5367; x_wconf 88' lang='lat' dir='ltr'><strong>ad</strong></span> <span class='ocrx_word' id='word_1_440' title='bbox 1653 5330 1767 5368; x_wconf 89' lang='lat' dir='ltr'><strong>ma-</strong></span> 
     </span>
    </p>
   </div>
   <div class='ocr_carea' id='block_1_55' title="bbox 194 5399 1765 5474">
    <p class='ocr_par' dir='ltr' id='par_1_55' title="bbox 194 5399 1765 5474">
     <span class='ocr_line' id='line_1_55' title="bbox 194 5399 1765 5474; baseline 0.005 -22"><span class='ocrx_word' id='word_1_441' title='bbox 194 5399 544 5466; x_wconf 81' lang='lat' dir='ltr'><strong>lefaciendum,</strong></span> <span class='ocrx_word' id='word_1_442' title='bbox 594 5407 651 5456; x_wconf 90' lang='lat' dir='ltr'><strong>et</strong></span> <span class='ocrx_word' id='word_1_443' title='bbox 692 5400 914 5454; x_wconf 89' lang='lat' dir='ltr'><strong>laudasti</strong></span> <span class='ocrx_word' id='word_1_444' title='bbox 967 5401 1158 5457; x_wconf 89' lang='lat' dir='ltr'><strong>Deum.</strong></span> <span class='ocrx_word' id='word_1_445' title='bbox 1199 5401 1765 5474; x_wconf 68' lang='lat' dir='ltr'><strong>Negotiumagishmli</strong></span> 
     </span>
    </p>
   </div>
   <div class='ocr_carea' id='block_1_56' title="bbox 195 5491 1766 5566">
    <p class='ocr_par' dir='ltr' id='par_1_56' title="bbox 195 5491 1766 5566">
     <span class='ocr_line' id='line_1_56' title="bbox 195 5491 1766 5566; baseline 0.008 -22"><span class='ocrx_word' id='word_1_446' title='bbox 195 5491 409 5550; x_wconf 77' lang='lat' dir='ltr'><strong>fraudem</strong></span> <span class='ocrx_word' id='word_1_447' title='bbox 439 5496 642 5561; x_wconf 80' lang='lat' dir='ltr'><strong>facere,</strong></span> <span class='ocrx_word' id='word_1_448' title='bbox 661 5504 715 5550; x_wconf 90' lang='lat' dir='ltr'><strong>et</strong></span> <span class='ocrx_word' id='word_1_449' title='bbox 743 5495 964 5549; x_wconf 85' lang='lat' dir='ltr'><strong>laudasti</strong></span> <span class='ocrx_word' id='word_1_450' title='bbox 1009 5495 1197 5552; x_wconf 90' lang='lat' dir='ltr'><strong>Deum.</strong></span> <span class='ocrx_word' id='word_1_451' title='bbox 1226 5497 1426 5566; x_wconf 82' lang='lat' dir='ltr'><strong>Agrum</strong></span> <span class='ocrx_word' id='word_1_452' title='bbox 1449 5499 1625 5554; x_wconf 84' lang='lat' dir='ltr'><strong>colis?</strong></span> <span class='ocrx_word' id='word_1_453' title='bbox 1649 5500 1766 5556; x_wconf 82' lang='lat' dir='ltr'><strong>Noli</strong></span> 
     </span>
    </p>
   </div>
   <div class='ocr_carea' id='block_1_57' title="bbox 196 5585 1765 5661">
    <p class='ocr_par' dir='ltr' id='par_1_57' title="bbox 196 5585 1765 5661">
     <span class='ocr_line' id='line_1_57' title="bbox 196 5585 1765 5661; baseline 0.008 -24"><span class='ocrx_word' id='word_1_454' title='bbox 196 5585 322 5641; x_wconf 89' lang='lat' dir='ltr'><strong>litem</strong></span> <span class='ocrx_word' id='word_1_455' title='bbox 349 5606 565 5645; x_wconf 83' lang='lat' dir='ltr'><strong>movere</strong></span> <span class='ocrx_word' id='word_1_456' title='bbox 590 5630 606 5654; x_wconf 94' lang='lat'><strong>,</strong></span> <span class='ocrx_word' id='word_1_457' title='bbox 637 5597 692 5644; x_wconf 91' lang='lat' dir='ltr'><strong>et</strong></span> <span class='ocrx_word' id='word_1_458' title='bbox 712 5588 932 5643; x_wconf 84' lang='lat' dir='ltr'><strong>laudasti</strong></span> <span class='ocrx_word' id='word_1_459' title='bbox 980 5589 1172 5643; x_wconf 90' lang='lat' dir='ltr'><strong>Deum.</strong></span> <span class='ocrx_word' id='word_1_460' title='bbox 1217 5588 1272 5643; x_wconf 84' lang='lat' dir='ltr'><strong>In</strong></span> <span class='ocrx_word' id='word_1_461' title='bbox 1303 5590 1602 5646; x_wconf 90' lang='lat' dir='ltr'><strong>innocentia</strong></span> <span class='ocrx_word' id='word_1_462' title='bbox 1633 5609 1765 5661; x_wconf 82' lang='lat' dir='ltr'><strong>ope-</strong></span> 
     </span>
    </p>
   </div>
   <div class='ocr_carea' id='block_1_58' title="bbox 195 5681 1764 5753">
    <p class='ocr_par' dir='ltr' id='par_1_58' title="bbox 195 5681 1764 5753">
     <span class='ocr_line' id='line_1_58' title="bbox 195 5681 1764 5753; baseline 0.01 -24"><span class='ocrx_word' id='word_1_463' title='bbox 195 5693 293 5734; x_wconf 85' lang='lat' dir='ltr'><strong>runt</strong></span> <span class='ocrx_word' id='word_1_464' title='bbox 315 5693 514 5736; x_wconf 89' lang='lat' dir='ltr'><strong>tuorum</strong></span> <span class='ocrx_word' id='word_1_465' title='bbox 540 5695 782 5753; x_wconf 70' lang='lat' dir='ltr'><strong>pnepara</strong></span> <span class='ocrx_word' id='word_1_466' title='bbox 801 5691 851 5738; x_wconf 86' lang='lat' dir='ltr'><strong>te</strong></span> <span class='ocrx_word' id='word_1_467' title='bbox 876 5684 891 5714; x_wconf 82' lang='grc'>¹</span> <span class='ocrx_word' id='word_1_468' title='bbox 913 5681 978 5736; x_wconf 89' lang='lat' dir='ltr'><strong>ad</strong></span> <span class='ocrx_word' id='word_1_469' title='bbox 1006 5681 1324 5740; x_wconf 85' lang='lat' dir='ltr'><strong>laudandum</strong></span> <span class='ocrx_word' id='word_1_470' title='bbox 1338 5685 1502 5742; x_wconf 88' lang='lat' dir='ltr'><strong>Deum</strong></span> <span class='ocrx_word' id='word_1_471' title='bbox 1525 5697 1632 5742; x_wconf 87' lang='lat' dir='ltr'><strong>tota</strong></span> <span class='ocrx_word' id='word_1_472' title='bbox 1657 5689 1764 5746; x_wconf 86' lang='lat' dir='ltr'><strong>die.</strong></span> 
     </span>
    </p>
   </div>
   <div class='ocr_carea' id='block_1_59' title="bbox 195 5814 1769 5924">
    <p class='ocr_par' dir='ltr' id='par_1_59' title="bbox 195 5814 1769 5924">
     <span class='ocr_line' id='line_1_59' title="bbox 195 5814 1769 5924; baseline 0.009 -66"><span class='ocrx_word' id='word_1_473' title='bbox 195 5818 258 5924; x_wconf 47' lang='lat' dir='ltr'><strong>at</strong></span> <span class='ocrx_word' id='word_1_474' title='bbox 297 5814 471 5876; x_wconf 65' lang='lat' dir='ltr'><strong>Aliquot</strong></span> <span class='ocrx_word' id='word_1_475' title='bbox 510 5825 654 5866; x_wconf 68' lang='lat' dir='ltr'><strong>Mss:</strong></span> <span class='ocrx_word' id='word_1_476' title='bbox 705 5816 978 5867; x_wconf 86' lang='lat' dir='ltr'><strong>Innocentia</strong></span> <span class='ocrx_word' id='word_1_477' title='bbox 1035 5829 1234 5879; x_wconf 83' lang='lat' dir='ltr'><strong>operum</strong></span> <span class='ocrx_word' id='word_1_478' title='bbox 1277 5827 1465 5870; x_wconf 85' lang='lat' dir='ltr'><strong>tuorum</strong></span> <span class='ocrx_word' id='word_1_479' title='bbox 1520 5831 1769 5885; x_wconf 75' lang='lat' dir='ltr'><strong>prtt’paral</strong></span> 
     </span>
     <span class='ocr_line' id='line_1_60' title="bbox 235 5885 351 5924; baseline -0.026 0"><span class='ocrx_word' id='word_1_480' title='bbox 235 5912 244 5924; x_wconf 70' lang='grc' dir='ltr'><strong>ι</strong></span> <span class='ocrx_word' id='word_1_481' title='bbox 270 5885 351 5924; x_wconf 79' lang='lat' dir='ltr'><strong>t&#39;lt&#39;.</strong></span> 
     </span>
    </p>
   </div>
   <div class='ocr_carea' id='block_1_60' title="bbox 235 5885 351 5928">
    <p class='ocr_par' dir='ltr' id='par_1_60' title="bbox 235 5885 351 5928">
     <span class='ocr_line' id='line_1_61' title="bbox 235 5885 351 5928; baseline -0.009 -6"><span class='ocrx_word' id='word_1_482' title='bbox 235 5912 244 5928; x_wconf 81' lang='lat'><strong>,</strong></span> <span class='ocrx_word' id='word_1_483' title='bbox 270 5885 351 5925; x_wconf 78' lang='lat' dir='ltr'><strong>t&#39;lt&#39;.</strong></span> 
     </span>
    </p>
   </div>
   <div class='ocr_carea' id='block_1_61' title="bbox 1306 417 2429 484">
    <p class='ocr_par' dir='ltr' id='par_1_61' title="bbox 1306 417 2429 484">
     <span class='ocr_line' id='line_1_62' title="bbox 1306 417 2429 484; baseline 0.007 -8"><span class='ocrx_word' id='word_1_484' title='bbox 1306 419 1703 476; x_wconf 77' lang='lat' dir='ltr'><strong>ENARRATIO</strong></span> <span class='ocrx_word' id='word_1_485' title='bbox 1745 421 1812 479; x_wconf 81' lang='grc' dir='ltr'><strong>ΙΝ</strong></span> <span class='ocrx_word' id='word_1_486' title='bbox 1846 417 2170 482; x_wconf 68' lang='lat' dir='ltr'><strong>PSALMUM</strong></span> <span class='ocrx_word' id='word_1_487' title='bbox 2216 427 2429 484; x_wconf 72' lang='lat' dir='ltr'><strong>XXXV.</strong></span> 
     </span>
    </p>
   </div>
   <div class='ocr_carea' id='block_1_62' title="bbox 3400 445 3507 502">
    <p class='ocr_par' dir='ltr' id='par_1_62' title="bbox 3400 445 3507 502">
     <span class='ocr_line' id='line_1_63' title="bbox 3400 445 3507 502; baseline 0 -1"><span class='ocrx_word' id='word_1_488' title='bbox 3400 445 3507 502; x_wconf 66' lang='lat'><strong>352</strong></span> 
     </span>
    </p>
   </div>
   <div class='ocr_carea' id='block_1_63' title="bbox 2050 564 3290 591">
    <p class='ocr_par' dir='ltr' id='par_1_63' title="bbox 2050 564 3290 591">
     <span class='ocr_line' id='line_1_64' title="bbox 2050 564 3290 591; baseline 0.006 -18"><span class='ocrx_word' id='word_1_489' title='bbox 2050 564 3290 591; x_wconf 53' lang='grc' dir='ltr'>Ἢ</span> 
     </span>
    </p>
   </div>
   <div class='ocr_carea' id='block_1_64' title="bbox 2278 599 3073 669">
    <p class='ocr_par' dir='ltr' id='par_1_64' title="bbox 2278 599 3073 669">
     <span class='ocr_line' id='line_1_65' title="bbox 2278 599 3073 669; baseline 0.014 -11"><span class='ocrx_word' id='word_1_490' title='bbox 2278 599 2358 659; x_wconf 86' lang='grc' dir='ltr'>ΙΝ</span> <span class='ocrx_word' id='word_1_491' title='bbox 2403 602 2781 667; x_wconf 72' lang='grc' dir='ltr'><strong>ΡδΑιΜυΜ</strong></span> <span class='ocrx_word' id='word_1_492' title='bbox 2829 609 3073 669; x_wconf 74' lang='lat' dir='ltr'>XXXV</span> 
     </span>
    </p>
   </div>
   <div class='ocr_carea' id='block_1_65' title="bbox 2480 706 2901 765">
    <p class='ocr_par' dir='ltr' id='par_1_65' title="bbox 2480 706 2901 765">
     <span class='ocr_line' id='line_1_66' title="bbox 2480 706 2901 765; baseline 0.005 -4"><span class='ocrx_word' id='word_1_493' title='bbox 2480 706 2901 765; x_wconf 73' lang='lat' dir='ltr'><strong>ENARllATIO.</strong></span> 
     </span>
    </p>
   </div>
   <div class='ocr_carea' id='block_1_66' title="bbox 2069 807 3338 869">
    <p class='ocr_par' dir='ltr' id='par_1_66' title="bbox 2069 807 3338 869">
     <span class='ocr_line' id='line_1_67' title="bbox 2069 807 3338 869; baseline 0.009 -22"><span class='ocrx_word' id='word_1_494' title='bbox 2069 807 2242 848; x_wconf 71' lang='lat' dir='ltr'><strong>senuo</strong></span> <span class='ocrx_word' id='word_1_495' title='bbox 2271 811 2491 853; x_wconf 71' lang='lat' dir='ltr'><strong>murus</strong></span> <span class='ocrx_word' id='word_1_496' title='bbox 2520 813 2692 855; x_wconf 72' lang='lat' dir='ltr'><strong>roma</strong></span> <span class='ocrx_word' id='word_1_497' title='bbox 2719 817 2806 856; x_wconf 78' lang='lat' dir='ltr'><strong>me</strong></span> <span class='ocrx_word' id='word_1_498' title='bbox 2829 815 3063 869; x_wconf 69' lang='lat' dir='ltr'><strong>suns-rt,</strong></span> <span class='ocrx_word' id='word_1_499' title='bbox 3085 820 3147 859; x_wconf 77' lang='lat' dir='ltr'><strong>ex</strong></span> <span class='ocrx_word' id='word_1_500' title='bbox 3171 821 3224 860; x_wconf 93' lang='lat' dir='ltr'><strong>n.</strong></span> <span class='ocrx_word' id='word_1_501' title='bbox 3251 807 3338 861; x_wconf 77' lang='grc'><strong>19.</strong></span> 
     </span>
    </p>
   </div>
   <div class='ocr_carea' id='block_1_67' title="bbox 1983 883 3503 965">
    <p class='ocr_par' dir='ltr' id='par_1_67' title="bbox 1983 883 3503 965">
     <span class='ocr_line' id='line_1_68' title="bbox 1983 883 3503 965; baseline 0.011 -29"><span class='ocrx_word' id='word_1_502' title='bbox 1983 884 2030 937; x_wconf 85' lang='lat' dir='ltr'><strong>l.</strong></span> <span class='ocrx_word' id='word_1_503' title='bbox 2070 883 2222 956; x_wconf 87' lang='lat' dir='ltr'><strong>[vers.</strong></span> <span class='ocrx_word' id='word_1_504' title='bbox 2263 885 2343 960; x_wconf 74' lang='lat'><strong>2.]</strong></span> <span class='ocrx_word' id='word_1_505' title='bbox 2391 888 2632 952; x_wconf 78' lang='lat' dir='ltr'><strong>ltitcndat</strong></span> <span class='ocrx_word' id='word_1_506' title='bbox 2684 891 2931 948; x_wconf 71' lang='lat' dir='ltr'><strong>Charitas</strong></span> <span class='ocrx_word' id='word_1_507' title='bbox 2980 893 3168 949; x_wconf 82' lang='lat' dir='ltr'><strong>Vestra</strong></span> <span class='ocrx_word' id='word_1_508' title='bbox 3231 898 3503 965; x_wconf 88' lang='lat' dir='ltr'><strong>paululum</strong></span> 
     </span>
    </p>
   </div>
   <div class='ocr_carea' id='block_1_68' title="bbox 1905 979 3497 1063">
    <p class='ocr_par' dir='ltr' id='par_1_68' title="bbox 1905 979 3497 1063">
     <span class='ocr_line' id='line_1_69' title="bbox 1905 979 3497 1063; baseline 0.008 -37"><span class='ocrx_word' id='word_1_509' title='bbox 1905 981 2106 1028; x_wconf 82' lang='lat' dir='ltr'><strong>textum</strong></span> <span class='ocrx_word' id='word_1_510' title='bbox 2138 985 2193 1030; x_wconf 92' lang='lat' dir='ltr'><strong>et</strong></span> <span class='ocrx_word' id='word_1_511' title='bbox 2219 979 2469 1048; x_wconf 86' lang='lat' dir='ltr'><strong>mysteria</strong></span> <span class='ocrx_word' id='word_1_512' title='bbox 2510 981 2699 1050; x_wconf 89' lang='lat' dir='ltr'><strong>psalmi</strong></span> <span class='ocrx_word' id='word_1_513' title='bbox 2727 982 2886 1052; x_wconf 87' lang='lat' dir='ltr'><strong>hujus</strong></span> <span class='ocrx_word' id='word_1_514' title='bbox 2911 1001 2925 1048; x_wconf 91' lang='lat'><strong>;</strong></span> <span class='ocrx_word' id='word_1_515' title='bbox 2957 993 3013 1039; x_wconf 87' lang='lat' dir='ltr'><strong>ct</strong></span> <span class='ocrx_word' id='word_1_516' title='bbox 3043 999 3324 1063; x_wconf 77' lang='lat' dir='ltr'><strong>curramus</strong></span> <span class='ocrx_word' id='word_1_517' title='bbox 3351 1004 3497 1050; x_wconf 74' lang='lat' dir='ltr'><strong>euut,</strong></span> 
     </span>
    </p>
   </div>
   <div class='ocr_carea' id='block_1_69' title="bbox 1899 1064 3500 1142">
    <p class='ocr_par' dir='ltr' id='par_1_69' title="bbox 1899 1064 3500 1142">
     <span class='ocr_line' id='line_1_70' title="bbox 1899 1064 3500 1142; baseline 0.009 -24"><span class='ocrx_word' id='word_1_518' title='bbox 1899 1064 2024 1134; x_wconf 88' lang='lat' dir='ltr'><strong>quia</strong></span> <span class='ocrx_word' id='word_1_519' title='bbox 2057 1066 2110 1122; x_wconf 92' lang='lat' dir='ltr'><strong>in</strong></span> <span class='ocrx_word' id='word_1_520' title='bbox 2142 1068 2322 1123; x_wconf 89' lang='lat' dir='ltr'><strong>multis</strong></span> <span class='ocrx_word' id='word_1_521' title='bbox 2345 1069 2478 1125; x_wconf 89' lang='lat' dir='ltr'><strong>locis</strong></span> <span class='ocrx_word' id='word_1_522' title='bbox 2513 1081 2731 1142; x_wconf 87' lang='lat' dir='ltr'><strong>apertus</strong></span> <span class='ocrx_word' id='word_1_523' title='bbox 2756 1084 2840 1129; x_wconf 92' lang='lat' dir='ltr'><strong>est</strong></span> <span class='ocrx_word' id='word_1_524' title='bbox 2869 1093 2882 1129; x_wconf 91' lang='lat'>:</span> <span class='ocrx_word' id='word_1_525' title='bbox 2918 1076 3007 1130; x_wconf 91' lang='lat' dir='ltr'><strong>ubi</strong></span> <span class='ocrx_word' id='word_1_526' title='bbox 3046 1065 3224 1132; x_wconf 81' lang='lat' dir='ltr'><strong>autem</strong></span> <span class='ocrx_word' id='word_1_527' title='bbox 3253 1078 3500 1132; x_wconf 78' lang='lat' dir='ltr'><strong>obscuri-</strong></span> 
     </span>
    </p>
   </div>
   <div class='ocr_carea' id='block_1_70' title="bbox 1901 1159 3499 1238">
    <p class='ocr_par' dir='ltr' id='par_1_70' title="bbox 1901 1159 3499 1238">
     <span class='ocr_line' id='line_1_71' title="bbox 1901 1159 3499 1238; baseline 0.009 -28"><span class='ocrx_word' id='word_1_528' title='bbox 1901 1159 2026 1212; x_wconf 91' lang='lat' dir='ltr'><strong>tatis</strong></span> <span class='ocrx_word' id='word_1_529' title='bbox 2078 1161 2371 1216; x_wconf 84' lang='lat' dir='ltr'><strong>necessitas</strong></span> <span class='ocrx_word' id='word_1_530' title='bbox 2412 1178 2509 1217; x_wconf 88' lang='lat' dir='ltr'><strong>nos</strong></span> <span class='ocrx_word' id='word_1_531' title='bbox 2561 1164 2835 1221; x_wconf 84' lang='lat' dir='ltr'><strong>immorari</strong></span> <span class='ocrx_word' id='word_1_532' title='bbox 2886 1164 3146 1238; x_wconf 76' lang='lat' dir='ltr'><strong>coegerit,</strong></span> <span class='ocrx_word' id='word_1_533' title='bbox 3200 1170 3499 1226; x_wconf 79' lang='lat' dir='ltr'><strong>tolerabilis</strong></span> 
     </span>
    </p>
   </div>
   <div class='ocr_carea' id='block_1_71' title="bbox 1899 1245 3496 1330">
    <p class='ocr_par' dir='ltr' id='par_1_71' title="bbox 1899 1245 3496 1330">
     <span class='ocr_line' id='line_1_72' title="bbox 1899 1245 3496 1330; baseline 0.01 -31"><span class='ocrx_word' id='word_1_534' title='bbox 1899 1245 2077 1302; x_wconf 76' lang='lat' dir='ltr'><strong>fructu</strong></span> <span class='ocrx_word' id='word_1_535' title='bbox 2105 1247 2364 1304; x_wconf 82' lang='lat' dir='ltr'><strong>discendi.</strong></span> <span class='ocrx_word' id='word_1_536' title='bbox 2399 1250 2539 1306; x_wconf 69' lang='lat' dir='ltr'><strong>Dixit</strong></span> <span class='ocrx_word' id='word_1_537' title='bbox 2568 1253 2789 1324; x_wconf 81' lang='lat' dir='ltr'><strong>injustas</strong></span> <span class='ocrx_word' id='word_1_538' title='bbox 2837 1267 2892 1310; x_wconf 89' lang='lat' dir='ltr'><strong>ut</strong></span> <span class='ocrx_word' id='word_1_539' title='bbox 2932 1257 3194 1330; x_wconf 82' lang='lat' dir='ltr'><strong>delinquat</strong></span> <span class='ocrx_word' id='word_1_540' title='bbox 3235 1261 3287 1313; x_wconf 88' lang='lat' dir='ltr'><strong>in</strong></span> <span class='ocrx_word' id='word_1_541' title='bbox 3319 1274 3496 1315; x_wconf 80' lang='lat' dir='ltr'><strong>semet-</strong></span> 
     </span>
    </p>
   </div>
   <div class='ocr_carea' id='block_1_72' title="bbox 1899 1337 3491 1418">
    <p class='ocr_par' dir='ltr' id='par_1_72' title="bbox 1899 1337 3491 1418">
     <span class='ocr_line' id='line_1_73' title="bbox 1899 1337 3491 1418; baseline 0.009 -28"><span class='ocrx_word' id='word_1_542' title='bbox 1899 1337 2008 1407; x_wconf 86' lang='lat' dir='ltr'><strong>ipso</strong></span> <span class='ocrx_word' id='word_1_543' title='bbox 2052 1355 2071 1392; x_wconf 90' lang='lat'><strong><em>:</em></strong></span> <span class='ocrx_word' id='word_1_544' title='bbox 2099 1357 2196 1394; x_wconf 87' lang='lat' dir='ltr'><strong>non</strong></span> <span class='ocrx_word' id='word_1_545' title='bbox 2225 1354 2298 1395; x_wconf 87' lang='lat' dir='ltr'><strong>cst</strong></span> <span class='ocrx_word' id='word_1_546' title='bbox 2326 1346 2476 1396; x_wconf 88' lang='lat' dir='ltr'><strong>timor</strong></span> <span class='ocrx_word' id='word_1_547' title='bbox 2513 1344 2605 1396; x_wconf 81' lang='lat' dir='ltr'><strong>Dei</strong></span> <span class='ocrx_word' id='word_1_548' title='bbox 2631 1357 2746 1400; x_wconf 87' lang='lat' dir='ltr'><strong>ante</strong></span> <span class='ocrx_word' id='word_1_549' title='bbox 2785 1350 2959 1402; x_wconf 79' lang='lat' dir='ltr'><strong>oculos</strong></span> <span class='ocrx_word' id='word_1_550' title='bbox 2987 1350 3121 1418; x_wconf 82' lang='lat' dir='ltr'><strong>ejus.</strong></span> <span class='ocrx_word' id='word_1_551' title='bbox 3167 1351 3280 1405; x_wconf 88' lang='lat' dir='ltr'><strong>Non</strong></span> <span class='ocrx_word' id='word_1_552' title='bbox 3328 1369 3491 1406; x_wconf 88' lang='lat' dir='ltr'><strong>ttnnnt</strong></span> 
     </span>
    </p>
   </div>
   <div class='ocr_carea' id='block_1_73' title="bbox 1897 1428 3494 1514">
    <p class='ocr_par' dir='ltr' id='par_1_73' title="bbox 1897 1428 3494 1514">
     <span class='ocr_line' id='line_1_74' title="bbox 1897 1428 3494 1514; baseline 0.008 -31"><span class='ocrx_word' id='word_1_553' title='bbox 1897 1428 2190 1496; x_wconf 89' lang='lat' dir='ltr'><strong>hominem,</strong></span> <span class='ocrx_word' id='word_1_554' title='bbox 2222 1434 2316 1488; x_wconf 90' lang='lat' dir='ltr'><strong>sed</strong></span> <span class='ocrx_word' id='word_1_555' title='bbox 2343 1451 2509 1505; x_wconf 79' lang='lat' dir='ltr'><strong>genus</strong></span> <span class='ocrx_word' id='word_1_556' title='bbox 2552 1435 2826 1492; x_wconf 85' lang='lat' dir='ltr'><strong>hominum</strong></span> <span class='ocrx_word' id='word_1_557' title='bbox 2874 1443 3172 1510; x_wconf 83' lang='lat' dir='ltr'><strong>tniquorutn</strong></span> <span class='ocrx_word' id='word_1_558' title='bbox 3204 1443 3373 1510; x_wconf 88' lang='lat' dir='ltr'><strong>dicit,</strong></span> <span class='ocrx_word' id='word_1_559' title='bbox 3399 1446 3494 1514; x_wconf 80' lang='lat' dir='ltr'><strong>qui</strong></span> 
     </span>
    </p>
   </div>
   <div class='ocr_carea' id='block_1_74' title="bbox 1895 1522 3490 1601">
    <p class='ocr_par' dir='ltr' id='par_1_74' title="bbox 1895 1522 3490 1601">
     <span class='ocr_line' id='line_1_75' title="bbox 1895 1522 3490 1601; baseline 0.009 -26"><span class='ocrx_word' id='word_1_560' title='bbox 1895 1522 1995 1575; x_wconf 86' lang='lat' dir='ltr'><strong>sibi</strong></span> <span class='ocrx_word' id='word_1_561' title='bbox 2039 1524 2426 1593; x_wconf 86' lang='lat' dir='ltr'><strong>adversantur,</strong></span> <span class='ocrx_word' id='word_1_562' title='bbox 2460 1545 2562 1582; x_wconf 86' lang='lat' dir='ltr'><strong>non</strong></span> <span class='ocrx_word' id='word_1_563' title='bbox 2592 1531 2934 1601; x_wconf 78' lang='lat' dir='ltr'><strong>intelligendo</strong></span> <span class='ocrx_word' id='word_1_564' title='bbox 2979 1543 3036 1586; x_wconf 94' lang='lat' dir='ltr'><strong>ut</strong></span> <span class='ocrx_word' id='word_1_565' title='bbox 3079 1534 3218 1588; x_wconf 86' lang='lat' dir='ltr'><strong>bene</strong></span> <span class='ocrx_word' id='word_1_566' title='bbox 3267 1537 3490 1597; x_wconf 76' lang='lat' dir='ltr'><strong>vivant;</strong></span> 
     </span>
    </p>
   </div>
   <div class='ocr_carea' id='block_1_75' title="bbox 1896 1615 3490 1691">
    <p class='ocr_par' dir='ltr' id='par_1_75' title="bbox 1896 1615 3490 1691">
     <span class='ocr_line' id='line_1_76' title="bbox 1896 1615 3490 1691; baseline 0.01 -28"><span class='ocrx_word' id='word_1_567' title='bbox 1896 1627 1999 1665; x_wconf 93' lang='lat' dir='ltr'><strong>non</strong></span> <span class='ocrx_word' id='word_1_568' title='bbox 2031 1615 2152 1682; x_wconf 87' lang='lat' dir='ltr'><strong>quia</strong></span> <span class='ocrx_word' id='word_1_569' title='bbox 2201 1630 2308 1687; x_wconf 83' lang='lat' dir='ltr'><strong>non</strong></span> <span class='ocrx_word' id='word_1_570' title='bbox 2349 1628 2603 1686; x_wconf 80' lang='lat' dir='ltr'><strong>possunt,</strong></span> <span class='ocrx_word' id='word_1_571' title='bbox 2657 1621 2749 1674; x_wconf 80' lang='lat' dir='ltr'><strong>sed</strong></span> <span class='ocrx_word' id='word_1_572' title='bbox 2799 1623 2921 1691; x_wconf 86' lang='lat' dir='ltr'><strong>quia</strong></span> <span class='ocrx_word' id='word_1_573' title='bbox 2954 1625 3158 1678; x_wconf 89' lang='lat' dir='ltr'><strong>nolunt.</strong></span> <span class='ocrx_word' id='word_1_574' title='bbox 3206 1625 3364 1678; x_wconf 83' lang='lat' dir='ltr'><strong>Aliud</strong></span> <span class='ocrx_word' id='word_1_575' title='bbox 3409 1636 3490 1679; x_wconf 87' lang='lat' dir='ltr'><strong>est</strong></span> 
     </span>
    </p>
   </div>
   <div class='ocr_carea' id='block_1_76' title="bbox 1894 1703 3485 1783">
    <p class='ocr_par' dir='ltr' id='par_1_76' title="bbox 1894 1703 3485 1783">
     <span class='ocr_line' id='line_1_77' title="bbox 1894 1703 3485 1783; baseline 0.009 -27"><span class='ocrx_word' id='word_1_576' title='bbox 1894 1703 2036 1757; x_wconf 90' lang='lat' dir='ltr'><strong>enim</strong></span> <span class='ocrx_word' id='word_1_577' title='bbox 2083 1707 2294 1774; x_wconf 85' lang='lat' dir='ltr'><strong>quando</strong></span> <span class='ocrx_word' id='word_1_578' title='bbox 2325 1710 2551 1777; x_wconf 84' lang='lat' dir='ltr'><strong>quisque</strong></span> <span class='ocrx_word' id='word_1_579' title='bbox 2580 1721 2804 1764; x_wconf 89' lang='lat' dir='ltr'><strong>conatur</strong></span> <span class='ocrx_word' id='word_1_580' title='bbox 2833 1713 3028 1776; x_wconf 82' lang='lat' dir='ltr'><strong>aliquid</strong></span> <span class='ocrx_word' id='word_1_581' title='bbox 3077 1715 3404 1783; x_wconf 79' lang='lat' dir='ltr'><strong>intelligere,</strong></span> <span class='ocrx_word' id='word_1_582' title='bbox 3435 1728 3485 1771; x_wconf 81' lang='lat' dir='ltr'><strong>et</strong></span> 
     </span>
    </p>
   </div>
   <div class='ocr_carea' id='block_1_77' title="bbox 1895 1796 3489 1878">
    <p class='ocr_par' dir='ltr' id='par_1_77' title="bbox 1895 1796 3489 1878">
     <span class='ocr_line' id='line_1_78' title="bbox 1895 1796 3489 1878; baseline 0.009 -32"><span class='ocrx_word' id='word_1_583' title='bbox 1895 1810 1989 1863; x_wconf 89' lang='lat' dir='ltr'><strong>per</strong></span> <span class='ocrx_word' id='word_1_584' title='bbox 2012 1796 2370 1855; x_wconf 80' lang='lat' dir='ltr'><strong>inﬁrmitatem</strong></span> <span class='ocrx_word' id='word_1_585' title='bbox 2395 1800 2572 1856; x_wconf 87' lang='lat' dir='ltr'><strong>carnis</strong></span> <span class='ocrx_word' id='word_1_586' title='bbox 2587 1819 2693 1859; x_wconf 90' lang='lat' dir='ltr'><strong>non</strong></span> <span class='ocrx_word' id='word_1_587' title='bbox 2707 1813 2881 1875; x_wconf 74' lang='lat' dir='ltr'><strong>potest</strong></span> <span class='ocrx_word' id='word_1_588' title='bbox 2895 1849 2908 1870; x_wconf 88' lang='lat'><strong>,</strong></span> <span class='ocrx_word' id='word_1_589' title='bbox 2942 1805 3079 1861; x_wconf 85' lang='lat' dir='ltr'><strong>sicut</strong></span> <span class='ocrx_word' id='word_1_590' title='bbox 3105 1805 3235 1861; x_wconf 89' lang='lat' dir='ltr'><strong>dicit</strong></span> <span class='ocrx_word' id='word_1_591' title='bbox 3258 1807 3489 1878; x_wconf 88' lang='lat' dir='ltr'><strong>quodam</strong></span> 
     </span>
    </p>
   </div>
   <div class='ocr_carea' id='block_1_78' title="bbox 1894 1890 3488 1971">
    <p class='ocr_par' dir='ltr' id='par_1_78' title="bbox 1894 1890 3488 1971">
     <span class='ocr_line' id='line_1_79' title="bbox 1894 1890 3488 1971; baseline 0.006 -29"><span class='ocrx_word' id='word_1_592' title='bbox 1894 1890 2009 1944; x_wconf 80' lang='lat' dir='ltr'><strong>loco</strong></span> <span class='ocrx_word' id='word_1_593' title='bbox 2033 1891 2306 1962; x_wconf 86' lang='lat' dir='ltr'><strong>Scriptura</strong></span> <span class='ocrx_word' id='word_1_594' title='bbox 2343 1915 2357 1950; x_wconf 90' lang='lat'><strong>:</strong></span> <span class='ocrx_word' id='word_1_595' title='bbox 2391 1898 2523 1962; x_wconf 81' lang='lat' dir='ltr'><strong>Quia</strong></span> <span class='ocrx_word' id='word_1_596' title='bbox 2553 1916 2740 1969; x_wconf 82' lang='lat' dir='ltr'><strong>corpus</strong></span> <span class='ocrx_word' id='word_1_597' title='bbox 2771 1900 2906 1969; x_wconf 80' lang='lat' dir='ltr'><strong>quod</strong></span> <span class='ocrx_word' id='word_1_598' title='bbox 2934 1901 3276 1969; x_wconf 81' lang='lat' dir='ltr'><strong>corrumpitur</strong></span> <span class='ocrx_word' id='word_1_599' title='bbox 3302 1918 3488 1971; x_wconf 82' lang='lat' dir='ltr'><strong>aggra-</strong></span> 
     </span>
    </p>
   </div>
   <div class='ocr_carea' id='block_1_79' title="bbox 1890 1991 3480 2060">
    <p class='ocr_par' dir='ltr' id='par_1_79' title="bbox 1890 1991 3480 2060">
     <span class='ocr_line' id='line_1_80' title="bbox 1890 1991 3480 2060; baseline 0.001 -17"><span class='ocrx_word' id='word_1_600' title='bbox 1890 2001 1972 2043; x_wconf 83' lang='lat' dir='ltr'><strong>vat</strong></span> <span class='ocrx_word' id='word_1_601' title='bbox 2014 1991 2268 2054; x_wconf 82' lang='lat' dir='ltr'><strong>animam,</strong></span> <span class='ocrx_word' id='word_1_602' title='bbox 2313 1999 2359 2045; x_wconf 88' lang='lat' dir='ltr'><strong>et</strong></span> <span class='ocrx_word' id='word_1_603' title='bbox 2407 1992 2643 2060; x_wconf 85' lang='lat' dir='ltr'><strong>deprimit</strong></span> <span class='ocrx_word' id='word_1_604' title='bbox 2673 2001 2870 2046; x_wconf 85' lang='lat' dir='ltr'><strong>terrena</strong></span> <span class='ocrx_word' id='word_1_605' title='bbox 2928 1993 3227 2046; x_wconf 84' lang='lat' dir='ltr'><strong>inltabitatio</strong></span> <span class='ocrx_word' id='word_1_606' title='bbox 3279 2010 3480 2046; x_wconf 85' lang='lat' dir='ltr'><strong>sensum</strong></span> 
     </span>
    </p>
   </div>
   <div class='ocr_carea' id='block_1_80' title="bbox 1889 2083 3483 2161">
    <p class='ocr_par' dir='ltr' id='par_1_80' title="bbox 1889 2083 3483 2161">
     <span class='ocr_line' id='line_1_81' title="bbox 1889 2083 3483 2161; baseline 0.004 -27"><span class='ocrx_word' id='word_1_607' title='bbox 1889 2083 2049 2137; x_wconf 88' lang='lat' dir='ltr'><strong>multa</strong></span> <span class='ocrx_word' id='word_1_608' title='bbox 2076 2087 2378 2155; x_wconf 68' lang='lat' dir='ltr'><strong>cogitantem</strong></span> <span class='ocrx_word' id='word_1_609' title='bbox 2409 2086 2586 2161; x_wconf 63' lang='grc' dir='ltr'><strong>(βαρ.</strong></span> <span class='ocrx_word' id='word_1_610' title='bbox 2619 2102 2693 2152; x_wconf 73' lang='grc' dir='ltr'><strong>ις,</strong></span> <span class='ocrx_word' id='word_1_611' title='bbox 2722 2087 2822 2152; x_wconf 77' lang='grc'><strong>15)</strong></span> <span class='ocrx_word' id='word_1_612' title='bbox 2859 2105 2871 2140; x_wconf 94' lang='lat'><strong>:</strong></span> <span class='ocrx_word' id='word_1_613' title='bbox 2900 2086 3041 2140; x_wconf 86' lang='lat' dir='ltr'><strong>aliud</strong></span> <span class='ocrx_word' id='word_1_614' title='bbox 3070 2096 3246 2141; x_wconf 88' lang='lat' dir='ltr'><strong>autem</strong></span> <span class='ocrx_word' id='word_1_615' title='bbox 3268 2088 3483 2156; x_wconf 87' lang='lat' dir='ltr'><strong>quando</strong></span> 
     </span>
    </p>
   </div>
   <div class='ocr_carea' id='block_1_81' title="bbox 1890 2177 3482 2250">
    <p class='ocr_par' dir='ltr' id='par_1_81' title="bbox 1890 2177 3482 2250">
     <span class='ocr_line' id='line_1_82' title="bbox 1890 2177 3482 2250; baseline 0.001 -18"><span class='ocrx_word' id='word_1_616' title='bbox 1890 2177 2244 2246; x_wconf 85' lang='lat' dir='ltr'><strong>perniciosius</strong></span> <span class='ocrx_word' id='word_1_617' title='bbox 2263 2180 2371 2249; x_wconf 83' lang='lat' dir='ltr'><strong>agit</strong></span> <span class='ocrx_word' id='word_1_618' title='bbox 2397 2179 2684 2233; x_wconf 88' lang='lat' dir='ltr'><strong>adversum</strong></span> <span class='ocrx_word' id='word_1_619' title='bbox 2714 2180 2947 2250; x_wconf 83' lang='lat' dir='ltr'><strong>scipsuut</strong></span> <span class='ocrx_word' id='word_1_620' title='bbox 2967 2197 3060 2234; x_wconf 91' lang='lat' dir='ltr'><strong>cor</strong></span> <span class='ocrx_word' id='word_1_621' title='bbox 3082 2181 3394 2245; x_wconf 87' lang='lat' dir='ltr'><strong>humanum,</strong></span> <span class='ocrx_word' id='word_1_622' title='bbox 3426 2193 3482 2234; x_wconf 89' lang='lat' dir='ltr'><strong>ut</strong></span> 
     </span>
    </p>
   </div>
   <div class='ocr_carea' id='block_1_82' title="bbox 1886 2268 3479 2340">
    <p class='ocr_par' dir='ltr' id='par_1_82' title="bbox 1886 2268 3479 2340">
     <span class='ocr_line' id='line_1_83' title="bbox 1886 2268 3479 2340; baseline 0.001 -18"><span class='ocrx_word' id='word_1_623' title='bbox 1886 2268 2029 2339; x_wconf 90' lang='lat' dir='ltr'><strong>quod</strong></span> <span class='ocrx_word' id='word_1_624' title='bbox 2061 2270 2225 2338; x_wconf 88' lang='lat' dir='ltr'><strong>possit</strong></span> <span class='ocrx_word' id='word_1_625' title='bbox 2256 2269 2573 2340; x_wconf 88' lang='lat' dir='ltr'><strong>intelligere,</strong></span> <span class='ocrx_word' id='word_1_626' title='bbox 2620 2270 2663 2324; x_wconf 87' lang='lat' dir='ltr'><strong>si</strong></span> <span class='ocrx_word' id='word_1_627' title='bbox 2709 2270 2844 2324; x_wconf 89' lang='lat' dir='ltr'><strong>bona</strong></span> <span class='ocrx_word' id='word_1_628' title='bbox 2892 2272 3135 2327; x_wconf 85' lang='lat' dir='ltr'><strong>voluntas</strong></span> <span class='ocrx_word' id='word_1_629' title='bbox 3180 2271 3479 2334; x_wconf 87' lang='lat' dir='ltr'><strong>accederet,</strong></span> 
     </span>
    </p>
   </div>
   <div class='ocr_carea' id='block_1_83' title="bbox 1887 2362 3479 2433">
    <p class='ocr_par' dir='ltr' id='par_1_83' title="bbox 1887 2362 3479 2433">
     <span class='ocr_line' id='line_1_84' title="bbox 1887 2362 3479 2433; baseline 0 -19"><span class='ocrx_word' id='word_1_630' title='bbox 1887 2377 1994 2416; x_wconf 93' lang='lat' dir='ltr'><strong>non</strong></span> <span class='ocrx_word' id='word_1_631' title='bbox 2027 2363 2306 2432; x_wconf 86' lang='lat' dir='ltr'><strong>intelligat,</strong></span> <span class='ocrx_word' id='word_1_632' title='bbox 2339 2377 2443 2416; x_wconf 92' lang='lat' dir='ltr'><strong>non</strong></span> <span class='ocrx_word' id='word_1_633' title='bbox 2475 2364 2595 2433; x_wconf 88' lang='lat' dir='ltr'><strong>quia</strong></span> <span class='ocrx_word' id='word_1_634' title='bbox 2633 2362 2848 2417; x_wconf 77' lang='lat' dir='ltr'><strong>dil&#39;iirilo</strong></span> <span class='ocrx_word' id='word_1_635' title='bbox 2874 2375 2976 2428; x_wconf 86' lang='lat' dir='ltr'><strong>cst,</strong></span> <span class='ocrx_word' id='word_1_636' title='bbox 3019 2364 3112 2417; x_wconf 81' lang='lat' dir='ltr'><strong>sed</strong></span> <span class='ocrx_word' id='word_1_637' title='bbox 3140 2363 3259 2433; x_wconf 86' lang='lat' dir='ltr'><strong>quia</strong></span> <span class='ocrx_word' id='word_1_638' title='bbox 3290 2363 3479 2415; x_wconf 88' lang='lat' dir='ltr'><strong>volun—</strong></span> 
     </span>
    </p>
   </div>
   <div class='ocr_carea' id='block_1_84' title="bbox 1886 2454 3479 2523">
    <p class='ocr_par' dir='ltr' id='par_1_84' title="bbox 1886 2454 3479 2523">
     <span class='ocr_line' id='line_1_85' title="bbox 1886 2454 3479 2523; baseline -0.002 -14"><span class='ocrx_word' id='word_1_639' title='bbox 1886 2463 1968 2509; x_wconf 87' lang='lat' dir='ltr'><strong>tas</strong></span> <span class='ocrx_word' id='word_1_640' title='bbox 1990 2454 2212 2508; x_wconf 86' lang='lat' dir='ltr'><strong>advcrsa</strong></span> <span class='ocrx_word' id='word_1_641' title='bbox 2238 2457 2252 2486; x_wconf 90' lang='grc'>¹</span> <span class='ocrx_word' id='word_1_642' title='bbox 2275 2466 2377 2509; x_wconf 89' lang='lat' dir='ltr'><strong>est.</strong></span> <span class='ocrx_word' id='word_1_643' title='bbox 2414 2455 2524 2510; x_wconf 89' lang='lat' dir='ltr'><strong>lloc</strong></span> <span class='ocrx_word' id='word_1_644' title='bbox 2568 2465 2745 2508; x_wconf 87' lang='lat' dir='ltr'><strong>autem</strong></span> <span class='ocrx_word' id='word_1_645' title='bbox 2773 2457 2828 2507; x_wconf 87' lang='lat' dir='ltr'><strong>tit</strong></span> <span class='ocrx_word' id='word_1_646' title='bbox 2871 2455 2995 2508; x_wconf 91' lang='lat' dir='ltr'><strong>dum</strong></span> <span class='ocrx_word' id='word_1_647' title='bbox 3036 2464 3218 2508; x_wconf 88' lang='lat' dir='ltr'><strong>amant</strong></span> <span class='ocrx_word' id='word_1_648' title='bbox 3263 2465 3479 2523; x_wconf 80' lang='lat' dir='ltr'><strong>peccata</strong></span> 
     </span>
    </p>
   </div>
   <div class='ocr_carea' id='block_1_85' title="bbox 1885 2544 3480 2617">
    <p class='ocr_par' dir='ltr' id='par_1_85' title="bbox 1885 2544 3480 2617">
     <span class='ocr_line' id='line_1_86' title="bbox 1885 2544 3480 2617; baseline -0.001 -19"><span class='ocrx_word' id='word_1_649' title='bbox 1885 2559 2002 2610; x_wconf 87' lang='lat' dir='ltr'><strong>sua,</strong></span> <span class='ocrx_word' id='word_1_650' title='bbox 2054 2555 2106 2600; x_wconf 90' lang='lat' dir='ltr'><strong>et</strong></span> <span class='ocrx_word' id='word_1_651' title='bbox 2135 2547 2364 2601; x_wconf 90' lang='lat' dir='ltr'><strong>oderunt</strong></span> <span class='ocrx_word' id='word_1_652' title='bbox 2406 2555 2674 2617; x_wconf 74' lang='lat' dir='ltr'><strong>prurcepta</strong></span> <span class='ocrx_word' id='word_1_653' title='bbox 2712 2547 2826 2600; x_wconf 86' lang='lat' dir='ltr'><strong>Dei.</strong></span> <span class='ocrx_word' id='word_1_654' title='bbox 2874 2547 3064 2601; x_wconf 84' lang='lat' dir='ltr'><strong>Sermo</strong></span> <span class='ocrx_word' id='word_1_655' title='bbox 3092 2545 3232 2600; x_wconf 88' lang='lat' dir='ltr'><strong>enim</strong></span> <span class='ocrx_word' id='word_1_656' title='bbox 3269 2545 3357 2598; x_wconf 80' lang='lat' dir='ltr'><strong>Dei</strong></span> <span class='ocrx_word' id='word_1_657' title='bbox 3386 2544 3480 2597; x_wconf 85' lang='lat' dir='ltr'><strong>ad-</strong></span> 
     </span>
    </p>
   </div>
   <div class='ocr_carea' id='block_1_86' title="bbox 1884 2639 3474 2709">
    <p class='ocr_par' dir='ltr' id='par_1_86' title="bbox 1884 2639 3474 2709">
     <span class='ocr_line' id='line_1_87' title="bbox 1884 2639 3474 2709; baseline 0 -18"><span class='ocrx_word' id='word_1_658' title='bbox 1884 2642 2152 2694; x_wconf 73' lang='lat' dir='ltr'><strong>versarius</strong></span> <span class='ocrx_word' id='word_1_659' title='bbox 2184 2650 2305 2695; x_wconf 91' lang='lat' dir='ltr'><strong>tuus</strong></span> <span class='ocrx_word' id='word_1_660' title='bbox 2345 2650 2448 2705; x_wconf 87' lang='lat' dir='ltr'><strong>est,</strong></span> <span class='ocrx_word' id='word_1_661' title='bbox 2477 2640 2520 2694; x_wconf 92' lang='lat' dir='ltr'><strong>si</strong></span> <span class='ocrx_word' id='word_1_662' title='bbox 2552 2649 2606 2694; x_wconf 89' lang='lat' dir='ltr'><strong>tu</strong></span> <span class='ocrx_word' id='word_1_663' title='bbox 2649 2641 2852 2693; x_wconf 88' lang='lat' dir='ltr'><strong>amicus</strong></span> <span class='ocrx_word' id='word_1_664' title='bbox 2881 2639 2955 2693; x_wconf 87' lang='lat' dir='ltr'><strong>sis</strong></span> <span class='ocrx_word' id='word_1_665' title='bbox 3001 2640 3294 2709; x_wconf 86' lang='lat' dir='ltr'><strong>iniquitatis</strong></span> <span class='ocrx_word' id='word_1_666' title='bbox 3327 2647 3430 2691; x_wconf 77' lang='lat' dir='ltr'><strong>ture</strong></span> <span class='ocrx_word' id='word_1_667' title='bbox 3461 2657 3474 2690; x_wconf 90' lang='lat'>:</span> 
     </span>
    </p>
   </div>
   <div class='ocr_carea' id='block_1_87' title="bbox 1883 2729 3476 2801">
    <p class='ocr_par' dir='ltr' id='par_1_87' title="bbox 1883 2729 3476 2801">
     <span class='ocr_line' id='line_1_88' title="bbox 1883 2729 3476 2801; baseline -0.003 -15"><span class='ocrx_word' id='word_1_668' title='bbox 1883 2733 1925 2786; x_wconf 88' lang='lat' dir='ltr'><strong>si</strong></span> <span class='ocrx_word' id='word_1_669' title='bbox 1948 2742 2125 2786; x_wconf 88' lang='lat' dir='ltr'><strong>autem</strong></span> <span class='ocrx_word' id='word_1_670' title='bbox 2156 2741 2210 2785; x_wconf 93' lang='lat' dir='ltr'><strong>tu</strong></span> <span class='ocrx_word' id='word_1_671' title='bbox 2238 2732 2575 2787; x_wconf 82' lang='lat' dir='ltr'><strong>adversarius</strong></span> <span class='ocrx_word' id='word_1_672' title='bbox 2602 2732 2676 2786; x_wconf 91' lang='lat' dir='ltr'><strong>sis</strong></span> <span class='ocrx_word' id='word_1_673' title='bbox 2706 2731 2995 2801; x_wconf 86' lang='lat' dir='ltr'><strong>iniquitatis</strong></span> <span class='ocrx_word' id='word_1_674' title='bbox 3024 2741 3148 2795; x_wconf 65' lang='lat' dir='ltr'><strong>tute,</strong></span> <span class='ocrx_word' id='word_1_675' title='bbox 3174 2744 3352 2784; x_wconf 86' lang='lat' dir='ltr'><strong>sermo</strong></span> <span class='ocrx_word' id='word_1_676' title='bbox 3384 2729 3476 2784; x_wconf 83' lang='lat' dir='ltr'><strong>Dei</strong></span> 
     </span>
    </p>
   </div>
   <div class='ocr_carea' id='block_1_88' title="bbox 1881 2819 3473 2894">
    <p class='ocr_par' dir='ltr' id='par_1_88' title="bbox 1881 2819 3473 2894">
     <span class='ocr_line' id='line_1_89' title="bbox 1881 2819 3473 2894; baseline -0.003 -14"><span class='ocrx_word' id='word_1_677' title='bbox 1881 2826 2088 2881; x_wconf 85' lang='lat' dir='ltr'><strong>atuicus</strong></span> <span class='ocrx_word' id='word_1_678' title='bbox 2137 2835 2256 2880; x_wconf 88' lang='lat' dir='ltr'><strong>tuus</strong></span> <span class='ocrx_word' id='word_1_679' title='bbox 2301 2834 2403 2890; x_wconf 91' lang='lat' dir='ltr'><strong>est,</strong></span> <span class='ocrx_word' id='word_1_680' title='bbox 2451 2836 2504 2879; x_wconf 91' lang='lat' dir='ltr'><strong>et</strong></span> <span class='ocrx_word' id='word_1_681' title='bbox 2534 2825 2874 2880; x_wconf 85' lang='lat' dir='ltr'><strong>adversarius</strong></span> <span class='ocrx_word' id='word_1_682' title='bbox 2925 2825 3218 2894; x_wconf 89' lang='lat' dir='ltr'><strong>iniquitatis</strong></span> <span class='ocrx_word' id='word_1_683' title='bbox 3249 2833 3371 2879; x_wconf 64' lang='lat' dir='ltr'><strong>tum.</strong></span> <span class='ocrx_word' id='word_1_684' title='bbox 3419 2819 3473 2877; x_wconf 88' lang='lat' dir='ltr'><strong>Si</strong></span> 
     </span>
    </p>
   </div>
   <div class='ocr_carea' id='block_1_89' title="bbox 1881 2914 3470 2987">
    <p class='ocr_par' dir='ltr' id='par_1_89' title="bbox 1881 2914 3470 2987">
     <span class='ocr_line' id='line_1_90' title="bbox 1881 2914 3470 2987; baseline -0.004 -15"><span class='ocrx_word' id='word_1_685' title='bbox 1881 2933 2011 2987; x_wconf 84' lang='lat' dir='ltr'><strong>ergo</strong></span> <span class='ocrx_word' id='word_1_686' title='bbox 2038 2917 2196 2972; x_wconf 90' lang='lat' dir='ltr'><strong>odisti</strong></span> <span class='ocrx_word' id='word_1_687' title='bbox 2230 2917 2560 2986; x_wconf 80' lang='lat' dir='ltr'><strong>iniquitatem</strong></span> <span class='ocrx_word' id='word_1_688' title='bbox 2595 2927 2758 2980; x_wconf 90' lang='lat' dir='ltr'><strong>tuam,</strong></span> <span class='ocrx_word' id='word_1_689' title='bbox 2784 2917 2963 2986; x_wconf 86' lang='lat' dir='ltr'><strong>jungis</strong></span> <span class='ocrx_word' id='word_1_690' title='bbox 2991 2924 3044 2970; x_wconf 90' lang='lat' dir='ltr'><strong>te</strong></span> <span class='ocrx_word' id='word_1_691' title='bbox 3063 2915 3301 2971; x_wconf 78' lang='lat' dir='ltr'><strong>sermoni</strong></span> <span class='ocrx_word' id='word_1_692' title='bbox 3337 2914 3426 2969; x_wconf 82' lang='lat' dir='ltr'><strong>Dei</strong></span> <span class='ocrx_word' id='word_1_693' title='bbox 3456 2930 3470 2976; x_wconf 71' lang='lat'><strong>&#39;,</strong></span> 
     </span>
    </p>
   </div>
   <div class='ocr_carea' id='block_1_90' title="bbox 1879 3007 3474 3077">
    <p class='ocr_par' dir='ltr' id='par_1_90' title="bbox 1879 3007 3474 3077">
     <span class='ocr_line' id='line_1_91' title="bbox 1879 3007 3474 3077; baseline -0.004 -13"><span class='ocrx_word' id='word_1_694' title='bbox 1879 3019 1936 3065; x_wconf 89' lang='lat' dir='ltr'><strong>et</strong></span> <span class='ocrx_word' id='word_1_695' title='bbox 1964 3009 2114 3064; x_wconf 90' lang='lat' dir='ltr'><strong>eritis</strong></span> <span class='ocrx_word' id='word_1_696' title='bbox 2140 3008 2247 3063; x_wconf 89' lang='lat' dir='ltr'><strong>duo</strong></span> <span class='ocrx_word' id='word_1_697' title='bbox 2266 3008 2524 3063; x_wconf 88' lang='lat' dir='ltr'><strong>adversus</strong></span> <span class='ocrx_word' id='word_1_698' title='bbox 2550 3009 2691 3062; x_wconf 89' lang='lat' dir='ltr'><strong>illam</strong></span> <span class='ocrx_word' id='word_1_699' title='bbox 2712 3007 3102 3077; x_wconf 86' lang='lat' dir='ltr'><strong>perimendam,</strong></span> <span class='ocrx_word' id='word_1_700' title='bbox 3133 3016 3187 3060; x_wconf 93' lang='lat' dir='ltr'><strong>tu</strong></span> <span class='ocrx_word' id='word_1_701' title='bbox 3210 3015 3262 3060; x_wconf 90' lang='lat' dir='ltr'><strong>et</strong></span> <span class='ocrx_word' id='word_1_702' title='bbox 3292 3019 3474 3060; x_wconf 84' lang='lat' dir='ltr'><strong>sermo</strong></span> 
     </span>
    </p>
   </div>
   <div class='ocr_carea' id='block_1_91' title="bbox 1883 3096 3476 3170">
    <p class='ocr_par' dir='ltr' id='par_1_91' title="bbox 1883 3096 3476 3170">
     <span class='ocr_line' id='line_1_92' title="bbox 1883 3096 3476 3170; baseline -0.004 -15"><span class='ocrx_word' id='word_1_703' title='bbox 1883 3101 1996 3155; x_wconf 87' lang='lat' dir='ltr'><strong>Dei.</strong></span> <span class='ocrx_word' id='word_1_704' title='bbox 2029 3100 2109 3154; x_wconf 89' lang='lat' dir='ltr'><strong>Tu</strong></span> <span class='ocrx_word' id='word_1_705' title='bbox 2142 3100 2284 3154; x_wconf 90' lang='lat' dir='ltr'><strong>enim</strong></span> <span class='ocrx_word' id='word_1_706' title='bbox 2315 3114 2410 3170; x_wconf 88' lang='lat' dir='ltr'><strong>per</strong></span> <span class='ocrx_word' id='word_1_707' title='bbox 2432 3108 2485 3154; x_wconf 89' lang='lat' dir='ltr'><strong>te</strong></span> <span class='ocrx_word' id='word_1_708' title='bbox 2515 3115 2581 3154; x_wconf 82' lang='lat' dir='ltr'><strong>ex</strong></span> <span class='ocrx_word' id='word_1_709' title='bbox 2608 3099 2810 3154; x_wconf 85' lang='lat' dir='ltr'><strong>viribus</strong></span> <span class='ocrx_word' id='word_1_710' title='bbox 2851 3099 2954 3152; x_wconf 89' lang='lat' dir='ltr'><strong>tuis</strong></span> <span class='ocrx_word' id='word_1_711' title='bbox 2989 3097 3120 3152; x_wconf 85' lang='lat' dir='ltr'><strong>nihil</strong></span> <span class='ocrx_word' id='word_1_712' title='bbox 3149 3106 3300 3166; x_wconf 90' lang='lat' dir='ltr'><strong>potes</strong></span> <span class='ocrx_word' id='word_1_713' title='bbox 3339 3113 3352 3150; x_wconf 90' lang='lat'>:</span> <span class='ocrx_word' id='word_1_714' title='bbox 3381 3096 3476 3148; x_wconf 85' lang='lat' dir='ltr'><strong>ad-</strong></span> 
     </span>
    </p>
   </div>
   <div class='ocr_carea' id='block_1_92' title="bbox 1875 3187 3473 3260">
    <p class='ocr_par' dir='ltr' id='par_1_92' title="bbox 1875 3187 3473 3260">
     <span class='ocr_line' id='line_1_93' title="bbox 1875 3187 3473 3260; baseline -0.004 -15"><span class='ocrx_word' id='word_1_715' title='bbox 1875 3191 2024 3260; x_wconf 79' lang='lat' dir='ltr'><strong>juvat</strong></span> <span class='ocrx_word' id='word_1_716' title='bbox 2058 3197 2110 3245; x_wconf 85' lang='lat' dir='ltr'><strong>te</strong></span> <span class='ocrx_word' id='word_1_717' title='bbox 2132 3190 2220 3244; x_wconf 90' lang='lat' dir='ltr'><strong>ille</strong></span> <span class='ocrx_word' id='word_1_718' title='bbox 2246 3189 2336 3259; x_wconf 88' lang='lat' dir='ltr'><strong>qui</strong></span> <span class='ocrx_word' id='word_1_719' title='bbox 2369 3189 2460 3244; x_wconf 91' lang='lat' dir='ltr'><strong>tibi</strong></span> <span class='ocrx_word' id='word_1_720' title='bbox 2487 3205 2794 3244; x_wconf 84' lang='lat' dir='ltr'><strong>sermonem</strong></span> <span class='ocrx_word' id='word_1_721' title='bbox 2834 3189 3000 3250; x_wconf 84' lang='lat' dir='ltr'><strong>misit,</strong></span> <span class='ocrx_word' id='word_1_722' title='bbox 3031 3197 3085 3243; x_wconf 89' lang='lat' dir='ltr'><strong>et</strong></span> <span class='ocrx_word' id='word_1_723' title='bbox 3117 3190 3348 3242; x_wconf 81' lang='lat' dir='ltr'><strong>vincitur</strong></span> <span class='ocrx_word' id='word_1_724' title='bbox 3369 3187 3473 3240; x_wconf 84' lang='lat' dir='ltr'><strong>ini-</strong></span> 
     </span>
    </p>
   </div>
   <div class='ocr_carea' id='block_1_93' title="bbox 1878 3277 3476 3352">
    <p class='ocr_par' dir='ltr' id='par_1_93' title="bbox 1878 3277 3476 3352">
     <span class='ocr_line' id='line_1_94' title="bbox 1878 3277 3476 3352; baseline -0.004 -16"><span class='ocrx_word' id='word_1_725' title='bbox 1878 3282 2074 3352; x_wconf 86' lang='lat' dir='ltr'><strong>quitas.</strong></span> <span class='ocrx_word' id='word_1_726' title='bbox 2105 3281 2161 3337; x_wconf 93' lang='lat' dir='ltr'><strong>Si</strong></span> <span class='ocrx_word' id='word_1_727' title='bbox 2201 3289 2256 3335; x_wconf 93' lang='lat' dir='ltr'><strong>tu</strong></span> <span class='ocrx_word' id='word_1_728' title='bbox 2283 3281 2426 3335; x_wconf 90' lang='lat' dir='ltr'><strong>illam</strong></span> <span class='ocrx_word' id='word_1_729' title='bbox 2453 3280 2611 3336; x_wconf 90' lang='lat' dir='ltr'><strong>odisti</strong></span> <span class='ocrx_word' id='word_1_730' title='bbox 2637 3298 2652 3346; x_wconf 92' lang='lat'><strong>;</strong></span> <span class='ocrx_word' id='word_1_731' title='bbox 2684 3290 2739 3336; x_wconf 90' lang='lat' dir='ltr'><strong>et</strong></span> <span class='ocrx_word' id='word_1_732' title='bbox 2770 3281 2908 3335; x_wconf 91' lang='lat' dir='ltr'><strong>Deus</strong></span> <span class='ocrx_word' id='word_1_733' title='bbox 2931 3279 3153 3344; x_wconf 90' lang='lat' dir='ltr'><strong>dim‘isit,</strong></span> <span class='ocrx_word' id='word_1_734' title='bbox 3181 3288 3236 3333; x_wconf 91' lang='lat' dir='ltr'><strong>et</strong></span> <span class='ocrx_word' id='word_1_735' title='bbox 3273 3278 3382 3333; x_wconf 90' lang='lat' dir='ltr'><strong>eris</strong></span> <span class='ocrx_word' id='word_1_736' title='bbox 3411 3277 3476 3330; x_wconf 83' lang='lat' dir='ltr'><strong>li-</strong></span> 
     </span>
    </p>
   </div>
   <div class='ocr_carea' id='block_1_94' title="bbox 1879 3369 3470 3443">
    <p class='ocr_par' dir='ltr' id='par_1_94' title="bbox 1879 3369 3470 3443">
     <span class='ocr_line' id='line_1_95' title="bbox 1879 3369 3470 3443; baseline -0.004 -14"><span class='ocrx_word' id='word_1_737' title='bbox 1879 3373 1976 3429; x_wconf 89' lang='lat' dir='ltr'><strong>ber</strong></span> <span class='ocrx_word' id='word_1_738' title='bbox 2019 3393 2032 3428; x_wconf 94' lang='lat'>:</span> <span class='ocrx_word' id='word_1_739' title='bbox 2077 3374 2123 3430; x_wconf 90' lang='lat' dir='ltr'><strong>si</strong></span> <span class='ocrx_word' id='word_1_740' title='bbox 2171 3383 2349 3429; x_wconf 88' lang='lat' dir='ltr'><strong>autem</strong></span> <span class='ocrx_word' id='word_1_741' title='bbox 2404 3374 2570 3443; x_wconf 88' lang='lat' dir='ltr'><strong>ipsam</strong></span> <span class='ocrx_word' id='word_1_742' title='bbox 2610 3372 2837 3443; x_wconf 88' lang='lat' dir='ltr'><strong>diligas;</strong></span> <span class='ocrx_word' id='word_1_743' title='bbox 2879 3371 3206 3427; x_wconf 89' lang='lat' dir='ltr'><strong>contrarimn</strong></span> <span class='ocrx_word' id='word_1_744' title='bbox 3251 3379 3332 3424; x_wconf 91' lang='lat' dir='ltr'><strong>est</strong></span> <span class='ocrx_word' id='word_1_745' title='bbox 3379 3369 3470 3423; x_wconf 88' lang='lat' dir='ltr'><strong>tibi</strong></span> 
     </span>
    </p>
   </div>
   <div class='ocr_carea' id='block_1_95' title="bbox 1881 3461 3473 3537">
    <p class='ocr_par' dir='ltr' id='par_1_95' title="bbox 1881 3461 3473 3537">
     <span class='ocr_line' id='line_1_96' title="bbox 1881 3461 3473 3537; baseline -0.004 -16"><span class='ocrx_word' id='word_1_746' title='bbox 1881 3466 2178 3537; x_wconf 86' lang='lat' dir='ltr'><strong>intelligere</strong></span> <span class='ocrx_word' id='word_1_747' title='bbox 2223 3465 2477 3537; x_wconf 88' lang='lat' dir='ltr'><strong>quidquid</strong></span> <span class='ocrx_word' id='word_1_748' title='bbox 2517 3475 2704 3520; x_wconf 90' lang='lat' dir='ltr'><strong>contra</strong></span> <span class='ocrx_word' id='word_1_749' title='bbox 2741 3464 2886 3518; x_wconf 89' lang='lat' dir='ltr'><strong>illam</strong></span> <span class='ocrx_word' id='word_1_750' title='bbox 2924 3463 3138 3518; x_wconf 90' lang='lat' dir='ltr'><strong>dicitur.</strong></span> <span class='ocrx_word' id='word_1_751' title='bbox 3167 3461 3273 3517; x_wconf 85' lang='lat' dir='ltr'><strong>Fac</strong></span> <span class='ocrx_word' id='word_1_752' title='bbox 3299 3462 3473 3516; x_wconf 88' lang='lat' dir='ltr'><strong>homi-</strong></span> 
     </span>
    </p>
   </div>
   <div class='ocr_carea' id='block_1_96' title="bbox 1877 3552 3472 3630">
    <p class='ocr_par' dir='ltr' id='par_1_96' title="bbox 1877 3552 3472 3630">
     <span class='ocr_line' id='line_1_97' title="bbox 1877 3552 3472 3630; baseline -0.004 -18"><span class='ocrx_word' id='word_1_753' title='bbox 1877 3575 2000 3612; x_wconf 88' lang='lat' dir='ltr'><strong>nem</strong></span> <span class='ocrx_word' id='word_1_754' title='bbox 2029 3573 2274 3630; x_wconf 86' lang='lat' dir='ltr'><strong>quaerere</strong></span> <span class='ocrx_word' id='word_1_755' title='bbox 2298 3555 2567 3627; x_wconf 89' lang='lat' dir='ltr'><strong>quomodo</strong></span> <span class='ocrx_word' id='word_1_756' title='bbox 2593 3555 2664 3610; x_wconf 91' lang='lat' dir='ltr'><strong>sit</strong></span> <span class='ocrx_word' id='word_1_757' title='bbox 2684 3555 2906 3626; x_wconf 73' lang='lat' dir='ltr'><strong>tequalis</strong></span> <span class='ocrx_word' id='word_1_758' title='bbox 2941 3553 3110 3610; x_wconf 87' lang='lat' dir='ltr'><strong>Filius</strong></span> <span class='ocrx_word' id='word_1_759' title='bbox 3133 3552 3278 3609; x_wconf 85' lang='lat' dir='ltr'><strong>Patri</strong></span> <span class='ocrx_word' id='word_1_760' title='bbox 3305 3570 3318 3618; x_wconf 91' lang='lat'><strong>;</strong></span> <span class='ocrx_word' id='word_1_761' title='bbox 3350 3568 3472 3606; x_wconf 85' lang='lat' dir='ltr'><strong>ere-</strong></span> 
     </span>
    </p>
   </div>
   <div class='ocr_carea' id='block_1_97' title="bbox 1879 3647 3471 3722">
    <p class='ocr_par' dir='ltr' id='par_1_97' title="bbox 1879 3647 3471 3722">
     <span class='ocr_line' id='line_1_98' title="bbox 1879 3647 3471 3722; baseline -0.005 -16"><span class='ocrx_word' id='word_1_762' title='bbox 1879 3653 2032 3718; x_wconf 87' lang='lat' dir='ltr'><strong>didit,</strong></span> <span class='ocrx_word' id='word_1_763' title='bbox 2065 3651 2257 3722; x_wconf 78' lang='lat' dir='ltr'><strong>quaerit</strong></span> <span class='ocrx_word' id='word_1_764' title='bbox 2281 3649 2601 3720; x_wconf 87' lang='lat' dir='ltr'><strong>intelligere,</strong></span> <span class='ocrx_word' id='word_1_765' title='bbox 2634 3647 2870 3703; x_wconf 90' lang='lat' dir='ltr'><strong>nondum</strong></span> <span class='ocrx_word' id='word_1_766' title='bbox 2899 3656 3093 3718; x_wconf 90' lang='lat' dir='ltr'><strong>potest.</strong></span> <span class='ocrx_word' id='word_1_767' title='bbox 3119 3647 3304 3716; x_wconf 81' lang='lat' dir='ltr'><strong>Magna</strong></span> <span class='ocrx_word' id='word_1_768' title='bbox 3328 3648 3471 3701; x_wconf 87' lang='lat' dir='ltr'><strong>enim</strong></span> 
     </span>
    </p>
   </div>
   <div class='ocr_carea' id='block_1_98' title="bbox 1877 3741 3473 3812">
    <p class='ocr_par' dir='ltr' id='par_1_98' title="bbox 1877 3741 3473 3812">
     <span class='ocr_line' id='line_1_99' title="bbox 1877 3741 3473 3812; baseline -0.004 -11"><span class='ocrx_word' id='word_1_769' title='bbox 1877 3763 1966 3801; x_wconf 84' lang='lat' dir='ltr'><strong>res</strong></span> <span class='ocrx_word' id='word_1_770' title='bbox 1985 3755 2088 3810; x_wconf 89' lang='lat' dir='ltr'><strong>est,</strong></span> <span class='ocrx_word' id='word_1_771' title='bbox 2131 3754 2186 3799; x_wconf 90' lang='lat' dir='ltr'><strong>et</strong></span> <span class='ocrx_word' id='word_1_772' title='bbox 2223 3743 2365 3798; x_wconf 79' lang='lat' dir='ltr'><strong>vires</strong></span> <span class='ocrx_word' id='word_1_773' title='bbox 2400 3743 2632 3812; x_wconf 86' lang='lat' dir='ltr'><strong>majores</strong></span> <span class='ocrx_word' id='word_1_774' title='bbox 2661 3741 2929 3797; x_wconf 72' lang='lat' dir='ltr'><strong>desiderat</strong></span> <span class='ocrx_word' id='word_1_775' title='bbox 2953 3750 3010 3796; x_wconf 88' lang='lat' dir='ltr'><strong>ut</strong></span> <span class='ocrx_word' id='word_1_776' title='bbox 3037 3743 3204 3810; x_wconf 85' lang='lat' dir='ltr'><strong>possit</strong></span> <span class='ocrx_word' id='word_1_777' title='bbox 3245 3741 3390 3810; x_wconf 86' lang='lat' dir='ltr'><strong>capi;</strong></span> <span class='ocrx_word' id='word_1_778' title='bbox 3420 3748 3473 3794; x_wconf 85' lang='lat' dir='ltr'><strong>ct</strong></span> 
     </span>
    </p>
   </div>
   <div class='ocr_carea' id='block_1_99' title="bbox 1879 3815 3470 3907">
    <p class='ocr_par' dir='ltr' id='par_1_99' title="bbox 1879 3815 3470 3907">
     <span class='ocr_line' id='line_1_100' title="bbox 1879 3815 3470 3907; baseline -0.006 -13"><span class='ocrx_word' id='word_1_779' title='bbox 1879 3851 1961 3894; x_wconf 86' lang='lat' dir='ltr'><strong>est</strong></span> <span class='ocrx_word' id='word_1_780' title='bbox 2007 3839 2215 3893; x_wconf 92' lang='lat' dir='ltr'><strong>initium</strong></span> <span class='ocrx_word' id='word_1_781' title='bbox 2249 3815 2371 3892; x_wconf 82' lang='lat' dir='ltr'><strong>ﬁdei</strong></span> <span class='ocrx_word' id='word_1_782' title='bbox 2423 3835 2563 3907; x_wconf 88' lang='lat' dir='ltr'><strong>quod</strong></span> <span class='ocrx_word' id='word_1_783' title='bbox 2590 3833 2822 3890; x_wconf 88' lang='lat' dir='ltr'><strong>custodit</strong></span> <span class='ocrx_word' id='word_1_784' title='bbox 2849 3833 3083 3888; x_wconf 88' lang='lat' dir='ltr'><strong>animam</strong></span> <span class='ocrx_word' id='word_1_785' title='bbox 3110 3833 3282 3887; x_wconf 88' lang='lat' dir='ltr'><strong>donec</strong></span> <span class='ocrx_word' id='word_1_786' title='bbox 3309 3833 3470 3886; x_wconf 84' lang='lat' dir='ltr'><strong>robo-</strong></span> 
     </span>
    </p>
   </div>
   <div class='ocr_carea' id='block_1_100' title="bbox 1878 3923 3474 3997">
    <p class='ocr_par' dir='ltr' id='par_1_100' title="bbox 1878 3923 3474 3997">
     <span class='ocr_line' id='line_1_101' title="bbox 1878 3923 3474 3997; baseline -0.007 -11"><span class='ocrx_word' id='word_1_787' title='bbox 1878 3942 2043 3986; x_wconf 88' lang='lat' dir='ltr'><strong>rctur.</strong></span> <span class='ocrx_word' id='word_1_788' title='bbox 2081 3930 2242 3984; x_wconf 86' lang='lat' dir='ltr'><strong>Lacte</strong></span> <span class='ocrx_word' id='word_1_789' title='bbox 2283 3930 2514 3982; x_wconf 85' lang='lat' dir='ltr'><strong>nutritur</strong></span> <span class='ocrx_word' id='word_1_790' title='bbox 2541 3936 2597 3980; x_wconf 91' lang='lat' dir='ltr'><strong>ut</strong></span> <span class='ocrx_word' id='word_1_791' title='bbox 2628 3925 2900 3997; x_wconf 80' lang='lat' dir='ltr'><strong>perveniat</strong></span> <span class='ocrx_word' id='word_1_792' title='bbox 2933 3923 3002 3980; x_wconf 91' lang='lat' dir='ltr'><strong>ad</strong></span> <span class='ocrx_word' id='word_1_793' title='bbox 3031 3923 3392 3979; x_wconf 89' lang='lat' dir='ltr'><strong>habitudinem</strong></span> <span class='ocrx_word' id='word_1_794' title='bbox 3420 3931 3474 3977; x_wconf 85' lang='lat' dir='ltr'><strong>et</strong></span> 
     </span>
    </p>
   </div>
   <div class='ocr_carea' id='block_1_101' title="bbox 1879 4014 3470 4087">
    <p class='ocr_par' dir='ltr' id='par_1_101' title="bbox 1879 4014 3470 4087">
     <span class='ocr_line' id='line_1_102' title="bbox 1879 4014 3470 4087; baseline -0.007 -11"><span class='ocrx_word' id='word_1_795' title='bbox 1879 4023 2184 4076; x_wconf 87' lang='lat' dir='ltr'><strong>ﬁrmitatem</strong></span> <span class='ocrx_word' id='word_1_796' title='bbox 2212 4020 2316 4076; x_wconf 89' lang='lat' dir='ltr'><strong>cibi</strong></span> <span class='ocrx_word' id='word_1_797' title='bbox 2361 4019 2667 4082; x_wconf 89' lang='lat' dir='ltr'><strong>solidioris;</strong></span> <span class='ocrx_word' id='word_1_798' title='bbox 2712 4027 2772 4070; x_wconf 92' lang='lat' dir='ltr'><strong>ut</strong></span> <span class='ocrx_word' id='word_1_799' title='bbox 2817 4017 2986 4087; x_wconf 83' lang='lat' dir='ltr'><strong>possit</strong></span> <span class='ocrx_word' id='word_1_800' title='bbox 3033 4015 3350 4084; x_wconf 86' lang='lat' dir='ltr'><strong>intelligere,</strong></span> <span class='ocrx_word' id='word_1_801' title='bbox 3409 4014 3470 4066; x_wconf 87' lang='lat' dir='ltr'><strong>In</strong></span> 
     </span>
    </p>
   </div>
   <div class='ocr_carea' id='block_1_102' title="bbox 1878 4107 3472 4183">
    <p class='ocr_par' dir='ltr' id='par_1_102' title="bbox 1878 4107 3472 4183">
     <span class='ocr_line' id='line_1_103' title="bbox 1878 4107 3472 4183; baseline -0.004 -20"><span class='ocrx_word' id='word_1_802' title='bbox 1878 4114 2127 4183; x_wconf 77' lang='lat' dir='ltr'><strong>principio</strong></span> <span class='ocrx_word' id='word_1_803' title='bbox 2149 4121 2254 4166; x_wconf 89' lang='lat' dir='ltr'><strong>erat</strong></span> <span class='ocrx_word' id='word_1_804' title='bbox 2289 4111 2529 4176; x_wconf 78' lang='lat' dir='ltr'><strong>Verbum,</strong></span> <span class='ocrx_word' id='word_1_805' title='bbox 2573 4119 2618 4164; x_wconf 84' lang='lat' dir='ltr'><strong>et</strong></span> <span class='ocrx_word' id='word_1_806' title='bbox 2653 4109 2872 4163; x_wconf 84' lang='lat' dir='ltr'><strong>Verbum</strong></span> <span class='ocrx_word' id='word_1_807' title='bbox 2902 4118 3007 4162; x_wconf 84' lang='lat' dir='ltr'><strong>erat</strong></span> <span class='ocrx_word' id='word_1_808' title='bbox 3036 4108 3176 4179; x_wconf 82' lang='lat' dir='ltr'><strong>apud</strong></span> <span class='ocrx_word' id='word_1_809' title='bbox 3220 4107 3402 4166; x_wconf 86' lang='lat' dir='ltr'><strong>Deum,</strong></span> <span class='ocrx_word' id='word_1_810' title='bbox 3428 4117 3472 4158; x_wconf 81' lang='lat' dir='ltr'><strong>et</strong></span> 
     </span>
    </p>
   </div>
   <div class='ocr_carea' id='block_1_103' title="bbox 1880 4198 3469 4274">
    <p class='ocr_par' dir='ltr' id='par_1_103' title="bbox 1880 4198 3469 4274">
     <span class='ocr_line' id='line_1_104' title="bbox 1880 4198 3469 4274; baseline -0.004 -18"><span class='ocrx_word' id='word_1_811' title='bbox 1880 4205 2016 4259; x_wconf 85' lang='lat' dir='ltr'><strong>Deus</strong></span> <span class='ocrx_word' id='word_1_812' title='bbox 2043 4215 2151 4259; x_wconf 88' lang='lat' dir='ltr'><strong>erat</strong></span> <span class='ocrx_word' id='word_1_813' title='bbox 2186 4202 2400 4258; x_wconf 82' lang='lat' dir='ltr'><strong>Verbum</strong></span> <span class='ocrx_word' id='word_1_814' title='bbox 2423 4201 2600 4274; x_wconf 82' lang='lat' dir='ltr'><strong>(Joan.</strong></span> <span class='ocrx_word' id='word_1_815' title='bbox 2631 4217 2668 4267; x_wconf 89' lang='grc' dir='ltr'>ι,</span> <span class='ocrx_word' id='word_1_816' title='bbox 2699 4203 2722 4255; x_wconf 78' lang='grc'>1</span> <span class='ocrx_word' id='word_1_817' title='bbox 2750 4201 2788 4270; x_wconf 93' lang='grc'><strong>).</strong></span> <span class='ocrx_word' id='word_1_818' title='bbox 2821 4201 3118 4268; x_wconf 85' lang='lat' dir='ltr'><strong>Antequam</strong></span> <span class='ocrx_word' id='word_1_819' title='bbox 3151 4198 3251 4252; x_wconf 87' lang='lat' dir='ltr'><strong>hoc</strong></span> <span class='ocrx_word' id='word_1_820' title='bbox 3280 4198 3469 4267; x_wconf 88' lang='lat' dir='ltr'><strong>possit,</strong></span> 
     </span>
    </p>
   </div>
   <div class='ocr_carea' id='block_1_104' title="bbox 1877 4292 3473 4362">
    <p class='ocr_par' dir='ltr' id='par_1_104' title="bbox 1877 4292 3473 4362">
     <span class='ocr_line' id='line_1_105' title="bbox 1877 4292 3473 4362; baseline -0.006 -10"><span class='ocrx_word' id='word_1_821' title='bbox 1877 4301 2112 4352; x_wconf 87' lang='lat' dir='ltr'><strong>nutritur</strong></span> <span class='ocrx_word' id='word_1_822' title='bbox 2143 4297 2193 4350; x_wconf 91' lang='lat' dir='ltr'><strong>in</strong></span> <span class='ocrx_word' id='word_1_823' title='bbox 2229 4296 2369 4351; x_wconf 90' lang='lat' dir='ltr'><strong>ﬁde:</strong></span> <span class='ocrx_word' id='word_1_824' title='bbox 2401 4303 2454 4350; x_wconf 90' lang='lat' dir='ltr'><strong>et</strong></span> <span class='ocrx_word' id='word_1_825' title='bbox 2491 4304 2716 4350; x_wconf 88' lang='lat' dir='ltr'><strong>conatur</strong></span> <span class='ocrx_word' id='word_1_826' title='bbox 2754 4294 3069 4362; x_wconf 85' lang='lat' dir='ltr'><strong>intelligere,</strong></span> <span class='ocrx_word' id='word_1_827' title='bbox 3118 4302 3176 4346; x_wconf 91' lang='lat' dir='ltr'><strong>ut</strong></span> <span class='ocrx_word' id='word_1_828' title='bbox 3212 4292 3473 4360; x_wconf 74' lang='lat' dir='ltr'><strong>intelligat</strong></span> 
     </span>
    </p>
   </div>
   <div class='ocr_carea' id='block_1_105' title="bbox 1876 4385 3469 4459">
    <p class='ocr_par' dir='ltr' id='par_1_105' title="bbox 1876 4385 3469 4459">
     <span class='ocr_line' id='line_1_106' title="bbox 1876 4385 3469 4459; baseline -0.003 -18"><span class='ocrx_word' id='word_1_829' title='bbox 1876 4399 2132 4459; x_wconf 88' lang='lat' dir='ltr'><strong>quantum</strong></span> <span class='ocrx_word' id='word_1_830' title='bbox 2161 4390 2300 4445; x_wconf 87' lang='lat' dir='ltr'><strong>Deus</strong></span> <span class='ocrx_word' id='word_1_831' title='bbox 2336 4389 2563 4444; x_wconf 87' lang='lat' dir='ltr'><strong>dederit.</strong></span> <span class='ocrx_word' id='word_1_832' title='bbox 2595 4387 2860 4457; x_wconf 87' lang='lat' dir='ltr'><strong>Numquid</strong></span> <span class='ocrx_word' id='word_1_833' title='bbox 2901 4397 2953 4440; x_wconf 91' lang='lat' dir='ltr'><strong>et</strong></span> <span class='ocrx_word' id='word_1_834' title='bbox 2985 4385 3084 4441; x_wconf 84' lang='lat' dir='ltr'><strong>hoc</strong></span> <span class='ocrx_word' id='word_1_835' title='bbox 3113 4402 3233 4440; x_wconf 89' lang='lat' dir='ltr'><strong>cum</strong></span> <span class='ocrx_word' id='word_1_836' title='bbox 3276 4399 3469 4438; x_wconf 84' lang='lat' dir='ltr'><strong>conatu</strong></span> 
     </span>
    </p>
   </div>
   <div class='ocr_carea' id='block_1_106' title="bbox 1877 4478 3468 4554">
    <p class='ocr_par' dir='ltr' id='par_1_106' title="bbox 1877 4478 3468 4554">
     <span class='ocr_line' id='line_1_107' title="bbox 1877 4478 3468 4554; baseline -0.005 -16"><span class='ocrx_word' id='word_1_837' title='bbox 1877 4484 2121 4554; x_wconf 82' lang='lat' dir='ltr'><strong>intelligit</strong></span> <span class='ocrx_word' id='word_1_838' title='bbox 2149 4499 2165 4536; x_wconf 85' lang='lat'><strong>:</strong></span> <span class='ocrx_word' id='word_1_839' title='bbox 2196 4482 2346 4548; x_wconf 82' lang='lat' dir='ltr'><strong>Quod</strong></span> <span class='ocrx_word' id='word_1_840' title='bbox 2365 4481 2453 4536; x_wconf 84' lang='lat' dir='ltr'><strong>tibi</strong></span> <span class='ocrx_word' id='word_1_841' title='bbox 2481 4483 2593 4552; x_wconf 83' lang='lat' dir='ltr'><strong>ﬁeri</strong></span> <span class='ocrx_word' id='word_1_842' title='bbox 2637 4498 2736 4534; x_wconf 91' lang='lat' dir='ltr'><strong>non</strong></span> <span class='ocrx_word' id='word_1_843' title='bbox 2767 4482 2860 4540; x_wconf 80' lang='lat' dir='ltr'><strong>vis,</strong></span> <span class='ocrx_word' id='word_1_844' title='bbox 2887 4481 2976 4532; x_wconf 86' lang='lat' dir='ltr'><strong>alii</strong></span> <span class='ocrx_word' id='word_1_845' title='bbox 3010 4496 3072 4532; x_wconf 86' lang='lat' dir='ltr'><strong>ne</strong></span> <span class='ocrx_word' id='word_1_846' title='bbox 3101 4479 3276 4548; x_wconf 80' lang='lat' dir='ltr'><strong>feceris</strong></span> <span class='ocrx_word' id='word_1_847' title='bbox 3302 4480 3318 4545; x_wconf 95' lang='lat'><strong>(</strong></span> <span class='ocrx_word' id='word_1_848' title='bbox 3345 4478 3468 4530; x_wconf 85' lang='lat' dir='ltr'><strong>Tob.</strong></span> 
     </span>
    </p>
   </div>
   <div class='ocr_carea' id='block_1_107' title="bbox 1876 4571 3470 4652">
    <p class='ocr_par' dir='ltr' id='par_1_107' title="bbox 1876 4571 3470 4652">
     <span class='ocr_line' id='line_1_108' title="bbox 1876 4571 3470 4652; baseline -0.008 -18"><span class='ocrx_word' id='word_1_849' title='bbox 1876 4595 1948 4643; x_wconf 86' lang='lat' dir='ltr'><strong>tv,</strong></span> <span class='ocrx_word' id='word_1_850' title='bbox 1983 4578 2085 4649; x_wconf 78' lang='grc'><strong>16)</strong></span> <span class='ocrx_word' id='word_1_851' title='bbox 2107 4595 2124 4645; x_wconf 88' lang='grc'><strong>;</strong></span> <span class='ocrx_word' id='word_1_852' title='bbox 2147 4588 2204 4632; x_wconf 85' lang='grc' dir='ltr'><strong>ιιι</strong></span> <span class='ocrx_word' id='word_1_853' title='bbox 2231 4577 2352 4648; x_wconf 89' lang='lat' dir='ltr'><strong>quia</strong></span> <span class='ocrx_word' id='word_1_854' title='bbox 2379 4591 2484 4630; x_wconf 91' lang='lat' dir='ltr'><strong>non</strong></span> <span class='ocrx_word' id='word_1_855' title='bbox 2512 4575 2591 4629; x_wconf 91' lang='lat' dir='ltr'><strong>vis</strong></span> <span class='ocrx_word' id='word_1_856' title='bbox 2619 4575 2723 4652; x_wconf 82' lang='lat' dir='ltr'><strong>pati</strong></span> <span class='ocrx_word' id='word_1_857' title='bbox 2763 4573 3132 4642; x_wconf 81' lang='lat' dir='ltr'><strong>iniquitatem,</strong></span> <span class='ocrx_word' id='word_1_858' title='bbox 3175 4588 3278 4624; x_wconf 90' lang='lat' dir='ltr'><strong>non</strong></span> <span class='ocrx_word' id='word_1_859' title='bbox 3312 4571 3470 4628; x_wconf 78' lang='lat' dir='ltr'><strong>facias</strong></span> 
     </span>
    </p>
   </div>
   <div class='ocr_carea' id='block_1_108' title="bbox 1876 4662 3468 4748">
    <p class='ocr_par' dir='ltr' id='par_1_108' title="bbox 1876 4662 3468 4748">
     <span class='ocr_line' id='line_1_109' title="bbox 1876 4662 3468 4748; baseline -0.007 -23"><span class='ocrx_word' id='word_1_860' title='bbox 1876 4669 2242 4740; x_wconf 87' lang='lat' dir='ltr'><strong>iniquitatem;</strong></span> <span class='ocrx_word' id='word_1_861' title='bbox 2274 4667 2395 4740; x_wconf 84' lang='lat' dir='ltr'><strong>quia</strong></span> <span class='ocrx_word' id='word_1_862' title='bbox 2417 4681 2524 4721; x_wconf 90' lang='lat' dir='ltr'><strong>non</strong></span> <span class='ocrx_word' id='word_1_863' title='bbox 2546 4665 2626 4720; x_wconf 92' lang='lat' dir='ltr'><strong>vis</strong></span> <span class='ocrx_word' id='word_1_864' title='bbox 2655 4665 2763 4748; x_wconf 73' lang='lat' dir='ltr'><strong>pati</strong></span> <span class='ocrx_word' id='word_1_865' title='bbox 2799 4664 2978 4719; x_wconf 85' lang='lat' dir='ltr'><strong>dolum</strong></span> <span class='ocrx_word' id='word_1_866' title='bbox 3011 4674 3066 4718; x_wconf 86' lang='lat' dir='ltr'><strong>et</strong></span> <span class='ocrx_word' id='word_1_867' title='bbox 3092 4662 3331 4727; x_wconf 89' lang='lat' dir='ltr'><strong>insidias,</strong></span> <span class='ocrx_word' id='word_1_868' title='bbox 3364 4678 3468 4716; x_wconf 86' lang='lat' dir='ltr'><strong>non</strong></span> 
     </span>
    </p>
   </div>
   <div class='ocr_carea' id='block_1_109' title="bbox 1875 4755 3448 4824">
    <p class='ocr_par' dir='ltr' id='par_1_109' title="bbox 1875 4755 3448 4824">
     <span class='ocr_line' id='line_1_110' title="bbox 1875 4755 3448 4824; baseline -0.004 -9"><span class='ocrx_word' id='word_1_869' title='bbox 1875 4760 2142 4816; x_wconf 87' lang='lat' dir='ltr'><strong>iusidieris</strong></span> <span class='ocrx_word' id='word_1_870' title='bbox 2171 4759 2361 4814; x_wconf 87' lang='lat' dir='ltr'><strong>alteri?</strong></span> <span class='ocrx_word' id='word_1_871' title='bbox 2382 4758 2492 4813; x_wconf 80' lang='lat' dir='ltr'><strong>Hoc</strong></span> <span class='ocrx_word' id='word_1_872' title='bbox 2513 4768 2691 4812; x_wconf 91' lang='lat' dir='ltr'><strong>autem</strong></span> <span class='ocrx_word' id='word_1_873' title='bbox 2717 4772 2838 4811; x_wconf 91' lang='lat' dir='ltr'><strong>cum</strong></span> <span class='ocrx_word' id='word_1_874' title='bbox 2882 4755 2988 4811; x_wconf 90' lang='lat' dir='ltr'><strong>non</strong></span> <span class='ocrx_word' id='word_1_875' title='bbox 3022 4757 3103 4808; x_wconf 85' lang='lat' dir='ltr'><strong>vis</strong></span> <span class='ocrx_word' id='word_1_876' title='bbox 3133 4756 3448 4824; x_wconf 84' lang='lat' dir='ltr'><strong>intelligere.</strong></span> 
     </span>
    </p>
   </div>
   <div class='ocr_carea' id='block_1_110' title="bbox 1873 4847 3473 4918">
    <p class='ocr_par' dir='ltr' id='par_1_110' title="bbox 1873 4847 3473 4918">
     <span class='ocr_line' id='line_1_111' title="bbox 1873 4847 3473 4918; baseline -0.004 -11"><span class='ocrx_word' id='word_1_877' title='bbox 1873 4852 2135 4907; x_wconf 82' lang='lat' dir='ltr'><strong>voluntati</strong></span> <span class='ocrx_word' id='word_1_878' title='bbox 2181 4860 2284 4906; x_wconf 72' lang='lat' dir='ltr'><strong>tua:</strong></span> <span class='ocrx_word' id='word_1_879' title='bbox 2312 4849 2576 4904; x_wconf 86' lang='lat' dir='ltr'><strong>tribuitur.</strong></span> <span class='ocrx_word' id='word_1_880' title='bbox 2623 4848 2748 4904; x_wconf 82' lang='lat' dir='ltr'><strong>Ideo</strong></span> <span class='ocrx_word' id='word_1_881' title='bbox 2794 4849 2919 4901; x_wconf 71' lang='lat' dir='ltr'><strong>dixit</strong></span> <span class='ocrx_word' id='word_1_882' title='bbox 2943 4849 3162 4918; x_wconf 81' lang='lat' dir='ltr'><strong>injustas</strong></span> <span class='ocrx_word' id='word_1_883' title='bbox 3190 4889 3204 4916; x_wconf 88' lang='lat'><strong>,</strong></span> <span class='ocrx_word' id='word_1_884' title='bbox 3235 4858 3286 4900; x_wconf 84' lang='lat' dir='ltr'><strong>ut</strong></span> <span class='ocrx_word' id='word_1_885' title='bbox 3306 4847 3473 4902; x_wconf 79' lang='lat' dir='ltr'><strong>delin—</strong></span> 
     </span>
    </p>
   </div>
   <div class='ocr_carea' id='block_1_111' title="bbox 1874 4941 3064 5014">
    <p class='ocr_par' dir='ltr' id='par_1_111' title="bbox 1874 4941 3064 5014">
     <span class='ocr_line' id='line_1_112' title="bbox 1874 4941 3064 5014; baseline -0.003 -18"><span class='ocrx_word' id='word_1_886' title='bbox 1874 4956 1992 5014; x_wconf 83' lang='lat' dir='ltr'><strong>quat</strong></span> <span class='ocrx_word' id='word_1_887' title='bbox 2019 4945 2072 4998; x_wconf 89' lang='lat' dir='ltr'><strong>in</strong></span> <span class='ocrx_word' id='word_1_888' title='bbox 2098 4945 2365 5013; x_wconf 84' lang='lat' dir='ltr'><strong>semetipso</strong></span> <span class='ocrx_word' id='word_1_889' title='bbox 2387 4958 2406 4996; x_wconf 92' lang='lat'><strong><em>:</em></strong></span> <span class='ocrx_word' id='word_1_890' title='bbox 2433 4941 2707 5013; x_wconf 83' lang='lat' dir='ltr'><strong>prOpOSttit</strong></span> <span class='ocrx_word' id='word_1_891' title='bbox 2731 4941 3064 5011; x_wconf 88' lang='lat' dir='ltr'><strong>delinquere.</strong></span> 
     </span>
    </p>
   </div>
   <div class='ocr_carea' id='block_1_112' title="bbox 1945 5033 3469 5106">
    <p class='ocr_par' dir='ltr' id='par_1_112' title="bbox 1945 5033 3469 5106">
     <span class='ocr_line' id='line_1_113' title="bbox 1945 5033 3469 5106; baseline -0.003 -16"><span class='ocrx_word' id='word_1_892' title='bbox 1945 5037 2000 5090; x_wconf 75' lang='lat'><strong>2.</strong></span> <span class='ocrx_word' id='word_1_893' title='bbox 2025 5035 2131 5092; x_wconf 88' lang='lat' dir='ltr'><strong>Sed</strong></span> <span class='ocrx_word' id='word_1_894' title='bbox 2173 5035 2430 5106; x_wconf 90' lang='lat' dir='ltr'><strong>numquid</strong></span> <span class='ocrx_word' id='word_1_895' title='bbox 2459 5035 2548 5104; x_wconf 87' lang='lat' dir='ltr'><strong>qui</strong></span> <span class='ocrx_word' id='word_1_896' title='bbox 2593 5034 2839 5104; x_wconf 90' lang='lat' dir='ltr'><strong>proponit</strong></span> <span class='ocrx_word' id='word_1_897' title='bbox 2889 5033 3222 5104; x_wconf 88' lang='lat' dir='ltr'><strong>delinquere,</strong></span> <span class='ocrx_word' id='word_1_898' title='bbox 3258 5033 3469 5102; x_wconf 81' lang='lat' dir='ltr'><strong>publico</strong></span> 
     </span>
    </p>
   </div>
   <div class='ocr_carea' id='block_1_113' title="bbox 1876 5124 3472 5194">
    <p class='ocr_par' dir='ltr' id='par_1_113' title="bbox 1876 5124 3472 5194">
     <span class='ocr_line' id='line_1_114' title="bbox 1876 5124 3472 5194; baseline -0.001 -15"><span class='ocrx_word' id='word_1_899' title='bbox 1876 5128 1978 5181; x_wconf 87' lang='lat' dir='ltr'><strong>hoc</strong></span> <span class='ocrx_word' id='word_1_900' title='bbox 1996 5127 2146 5193; x_wconf 88' lang='lat' dir='ltr'><strong>dicit,</strong></span> <span class='ocrx_word' id='word_1_901' title='bbox 2175 5137 2229 5181; x_wconf 88' lang='lat' dir='ltr'><strong>et</strong></span> <span class='ocrx_word' id='word_1_902' title='bbox 2270 5142 2376 5180; x_wconf 88' lang='lat' dir='ltr'><strong>non</strong></span> <span class='ocrx_word' id='word_1_903' title='bbox 2405 5125 2458 5180; x_wconf 92' lang='lat' dir='ltr'><strong>in</strong></span> <span class='ocrx_word' id='word_1_904' title='bbox 2502 5125 2826 5194; x_wconf 81' lang='lat' dir='ltr'><strong>semetipso?</strong></span> <span class='ocrx_word' id='word_1_905' title='bbox 2847 5125 3023 5193; x_wconf 89' lang='lat' dir='ltr'><strong>Quare</strong></span> <span class='ocrx_word' id='word_1_906' title='bbox 3057 5125 3109 5178; x_wconf 92' lang='lat' dir='ltr'><strong>in</strong></span> <span class='ocrx_word' id='word_1_907' title='bbox 3137 5124 3472 5194; x_wconf 77' lang='lat' dir='ltr'><strong>semetipso?</strong></span> 
     </span>
    </p>
   </div>
   <div class='ocr_carea' id='block_1_114' title="bbox 1875 5218 3471 5289">
    <p class='ocr_par' dir='ltr' id='par_1_114' title="bbox 1875 5218 3471 5289">
     <span class='ocr_line' id='line_1_115' title="bbox 1875 5218 3471 5289; baseline -0.003 -14"><span class='ocrx_word' id='word_1_908' title='bbox 1875 5223 2010 5289; x_wconf 87' lang='lat' dir='ltr'><strong>Quia</strong></span> <span class='ocrx_word' id='word_1_909' title='bbox 2054 5221 2216 5275; x_wconf 88' lang='lat' dir='ltr'><strong>homo</strong></span> <span class='ocrx_word' id='word_1_910' title='bbox 2245 5220 2394 5275; x_wconf 90' lang='lat' dir='ltr'><strong>illum</strong></span> <span class='ocrx_word' id='word_1_911' title='bbox 2443 5235 2548 5273; x_wconf 91' lang='lat' dir='ltr'><strong>non</strong></span> <span class='ocrx_word' id='word_1_912' title='bbox 2576 5219 2743 5274; x_wconf 77' lang='lat' dir='ltr'><strong>videt.</strong></span> <span class='ocrx_word' id='word_1_913' title='bbox 2773 5219 2911 5285; x_wconf 90' lang='lat' dir='ltr'><strong>Quid</strong></span> <span class='ocrx_word' id='word_1_914' title='bbox 2954 5221 3104 5288; x_wconf 76' lang='lat' dir='ltr'><strong>ergo,</strong></span> <span class='ocrx_word' id='word_1_915' title='bbox 3154 5219 3277 5288; x_wconf 87' lang='lat' dir='ltr'><strong>quia</strong></span> <span class='ocrx_word' id='word_1_916' title='bbox 3307 5218 3471 5272; x_wconf 88' lang='lat' dir='ltr'><strong>homo</strong></span> 
     </span>
    </p>
   </div>
   <div class='ocr_carea' id='block_1_115' title="bbox 1877 5311 3471 5382">
    <p class='ocr_par' dir='ltr' id='par_1_115' title="bbox 1877 5311 3471 5382">
     <span class='ocr_line' id='line_1_116' title="bbox 1877 5311 3471 5382; baseline -0.003 -13"><span class='ocrx_word' id='word_1_917' title='bbox 1877 5331 1982 5369; x_wconf 86' lang='lat' dir='ltr'><strong>non</strong></span> <span class='ocrx_word' id='word_1_918' title='bbox 2008 5314 2152 5370; x_wconf 75' lang='lat' dir='ltr'><strong>videt</strong></span> <span class='ocrx_word' id='word_1_919' title='bbox 2176 5354 2189 5377; x_wconf 93' lang='lat'><strong>,</strong></span> <span class='ocrx_word' id='word_1_920' title='bbox 2218 5313 2271 5368; x_wconf 91' lang='lat' dir='ltr'><strong>in</strong></span> <span class='ocrx_word' id='word_1_921' title='bbox 2298 5314 2414 5382; x_wconf 87' lang='lat' dir='ltr'><strong>ipso</strong></span> <span class='ocrx_word' id='word_1_922' title='bbox 2447 5312 2632 5375; x_wconf 87' lang='lat' dir='ltr'><strong>corde,</strong></span> <span class='ocrx_word' id='word_1_923' title='bbox 2665 5312 2751 5366; x_wconf 80' lang='lat' dir='ltr'><strong>ubi</strong></span> <span class='ocrx_word' id='word_1_924' title='bbox 2796 5311 2896 5366; x_wconf 88' lang='lat' dir='ltr'><strong>sibi</strong></span> <span class='ocrx_word' id='word_1_925' title='bbox 2922 5312 3052 5367; x_wconf 87' lang='lat' dir='ltr'><strong>dicit</strong></span> <span class='ocrx_word' id='word_1_926' title='bbox 3090 5320 3149 5365; x_wconf 90' lang='lat' dir='ltr'><strong>ut</strong></span> <span class='ocrx_word' id='word_1_927' title='bbox 3174 5311 3471 5381; x_wconf 85' lang='lat' dir='ltr'><strong>delinquat,</strong></span> 
     </span>
    </p>
   </div>
   <div class='ocr_carea' id='block_1_116' title="bbox 1879 5395 3470 5475">
    <p class='ocr_par' dir='ltr' id='par_1_116' title="bbox 1879 5395 3470 5475">
     <span class='ocr_line' id='line_1_117' title="bbox 1879 5395 3470 5475; baseline -0.003 -13"><span class='ocrx_word' id='word_1_928' title='bbox 1879 5408 2018 5462; x_wconf 73' lang='lat' dir='ltr'><strong>Deus</strong></span> <span class='ocrx_word' id='word_1_929' title='bbox 2042 5407 2114 5460; x_wconf 89' lang='lat' dir='ltr'><strong>ibi</strong></span> <span class='ocrx_word' id='word_1_930' title='bbox 2145 5421 2253 5460; x_wconf 89' lang='lat' dir='ltr'><strong>non</strong></span> <span class='ocrx_word' id='word_1_931' title='bbox 2275 5405 2461 5460; x_wconf 86' lang='lat' dir='ltr'><strong>videt?</strong></span> <span class='ocrx_word' id='word_1_932' title='bbox 2494 5405 2648 5460; x_wconf 83' lang='lat' dir='ltr'><strong>Videt</strong></span> <span class='ocrx_word' id='word_1_933' title='bbox 2690 5403 2759 5459; x_wconf 87' lang='lat' dir='ltr'><strong>ibi</strong></span> <span class='ocrx_word' id='word_1_934' title='bbox 2798 5404 2959 5459; x_wconf 89' lang='lat' dir='ltr'><strong>Deus.</strong></span> <span class='ocrx_word' id='word_1_935' title='bbox 3005 5403 3109 5459; x_wconf 89' lang='lat' dir='ltr'><strong>Sed</strong></span> <span class='ocrx_word' id='word_1_936' title='bbox 3137 5395 3261 5474; x_wconf 89' lang='lat' dir='ltr'><strong>quid</strong></span> <span class='ocrx_word' id='word_1_937' title='bbox 3288 5405 3470 5475; x_wconf 86' lang='lat' dir='ltr'><strong>sequi-</strong></span> 
     </span>
    </p>
   </div>
   <div class='ocr_carea' id='block_1_117' title="bbox 1877 5495 3473 5567">
    <p class='ocr_par' dir='ltr' id='par_1_117' title="bbox 1877 5495 3473 5567">
     <span class='ocr_line' id='line_1_118' title="bbox 1877 5495 3473 5567; baseline -0.001 -16"><span class='ocrx_word' id='word_1_938' title='bbox 1877 5501 1996 5553; x_wconf 86' lang='lat' dir='ltr'><strong>tur?</strong></span> <span class='ocrx_word' id='word_1_939' title='bbox 2038 5498 2160 5552; x_wconf 83' lang='lat' dir='ltr'><strong>Non</strong></span> <span class='ocrx_word' id='word_1_940' title='bbox 2195 5507 2268 5553; x_wconf 87' lang='lat' dir='ltr'><strong>est</strong></span> <span class='ocrx_word' id='word_1_941' title='bbox 2295 5497 2446 5552; x_wconf 89' lang='lat' dir='ltr'><strong>timor</strong></span> <span class='ocrx_word' id='word_1_942' title='bbox 2473 5495 2569 5551; x_wconf 81' lang='lat' dir='ltr'><strong>Dei</strong></span> <span class='ocrx_word' id='word_1_943' title='bbox 2595 5508 2713 5551; x_wconf 85' lang='lat' dir='ltr'><strong>ante</strong></span> <span class='ocrx_word' id='word_1_944' title='bbox 2746 5498 2920 5551; x_wconf 86' lang='lat' dir='ltr'><strong>oculos</strong></span> <span class='ocrx_word' id='word_1_945' title='bbox 2947 5497 3077 5567; x_wconf 78' lang='lat' dir='ltr'><strong>ejus.</strong></span> <span class='ocrx_word' id='word_1_946' title='bbox 3104 5499 3241 5550; x_wconf 87' lang='lat' dir='ltr'><strong>Ante</strong></span> <span class='ocrx_word' id='word_1_947' title='bbox 3285 5497 3473 5550; x_wconf 86' lang='lat' dir='ltr'><strong>oculos</strong></span> 
     </span>
    </p>
   </div>
   <div class='ocr_carea' id='block_1_118' title="bbox 1880 5587 3471 5665">
    <p class='ocr_par' dir='ltr' id='par_1_118' title="bbox 1880 5587 3471 5665">
     <span class='ocr_line' id='line_1_119' title="bbox 1880 5587 3471 5665; baseline -0.001 -22"><span class='ocrx_word' id='word_1_948' title='bbox 1880 5591 2040 5644; x_wconf 88' lang='lat' dir='ltr'><strong>timor</strong></span> <span class='ocrx_word' id='word_1_949' title='bbox 2070 5591 2345 5644; x_wconf 90' lang='lat' dir='ltr'><strong>hominum</strong></span> <span class='ocrx_word' id='word_1_950' title='bbox 2373 5598 2477 5643; x_wconf 92' lang='lat' dir='ltr'><strong>est.</strong></span> <span class='ocrx_word' id='word_1_951' title='bbox 2505 5587 2619 5642; x_wconf 85' lang='lat' dir='ltr'><strong>Non</strong></span> <span class='ocrx_word' id='word_1_952' title='bbox 2643 5587 2801 5665; x_wconf 83' lang='lat' dir='ltr'><strong>audet</strong></span> <span class='ocrx_word' id='word_1_953' title='bbox 2821 5589 2962 5642; x_wconf 90' lang='lat' dir='ltr'><strong>enim</strong></span> <span class='ocrx_word' id='word_1_954' title='bbox 2994 5588 3204 5658; x_wconf 88' lang='lat' dir='ltr'><strong>publice</strong></span> <span class='ocrx_word' id='word_1_955' title='bbox 3233 5588 3471 5657; x_wconf 80' lang='lat' dir='ltr'><strong>proﬁteri</strong></span> 
     </span>
    </p>
   </div>
   <div class='ocr_carea' id='block_1_119' title="bbox 1879 5678 3472 5751">
    <p class='ocr_par' dir='ltr' id='par_1_119' title="bbox 1879 5678 3472 5751">
     <span class='ocr_line' id='line_1_120' title="bbox 1879 5678 3472 5751; baseline -0.003 -16"><span class='ocrx_word' id='word_1_956' title='bbox 1879 5682 2234 5751; x_wconf 88' lang='lat' dir='ltr'><strong>iniquitatem,</strong></span> <span class='ocrx_word' id='word_1_957' title='bbox 2263 5695 2332 5735; x_wconf 89' lang='lat' dir='ltr'><strong>ne</strong></span> <span class='ocrx_word' id='word_1_958' title='bbox 2357 5681 2439 5733; x_wconf 87' lang='lat' dir='ltr'><strong>vel</strong></span> <span class='ocrx_word' id='word_1_959' title='bbox 2466 5679 2890 5749; x_wconf 84' lang='lat' dir='ltr'><strong>reprehendatur</strong></span> <span class='ocrx_word' id='word_1_960' title='bbox 2915 5719 2934 5745; x_wconf 91' lang='lat'><strong>,</strong></span> <span class='ocrx_word' id='word_1_961' title='bbox 2968 5679 3046 5733; x_wconf 74' lang='lat' dir='ltr'><strong>vel</strong></span> <span class='ocrx_word' id='word_1_962' title='bbox 3077 5679 3358 5732; x_wconf 85' lang='lat' dir='ltr'><strong>damnetur</strong></span> <span class='ocrx_word' id='word_1_963' title='bbox 3403 5678 3472 5731; x_wconf 88' lang='lat' dir='ltr'><strong>ab</strong></span> 
     </span>
    </p>
   </div>
   <div class='ocr_carea' id='block_1_120' title="bbox 1881 5771 3464 5842">
    <p class='ocr_par' dir='ltr' id='par_1_120' title="bbox 1881 5771 3464 5842">
     <span class='ocr_line' id='line_1_121' title="bbox 1881 5771 3464 5842; baseline -0.001 -15"><span class='ocrx_word' id='word_1_964' title='bbox 1881 5773 2202 5828; x_wconf 89' lang='lat' dir='ltr'><strong>hominibus.</strong></span> <span class='ocrx_word' id='word_1_965' title='bbox 2251 5771 2487 5826; x_wconf 88' lang='lat' dir='ltr'><strong>Discedit</strong></span> <span class='ocrx_word' id='word_1_966' title='bbox 2524 5783 2700 5828; x_wconf 90' lang='lat' dir='ltr'><strong>autem</strong></span> <span class='ocrx_word' id='word_1_967' title='bbox 2730 5788 2760 5827; x_wconf 85' lang='lat' dir='ltr'><strong>a</strong></span> <span class='ocrx_word' id='word_1_968' title='bbox 2806 5784 3100 5842; x_wconf 81' lang='lat' dir='ltr'><strong>conspectu</strong></span> <span class='ocrx_word' id='word_1_969' title='bbox 3149 5773 3464 5832; x_wconf 83' lang='lat' dir='ltr'><strong>hominum:</strong></span> 
     </span>
    </p>
   </div>
   <div class='ocr_carea' id='block_1_121' title="bbox 1946 5890 2466 5947">
    <p class='ocr_par' dir='ltr' id='par_1_121' title="bbox 1946 5890 2466 5947">
     <span class='ocr_line' id='line_1_122' title="bbox 1946 5890 2466 5947; baseline 0.002 -13"><span class='ocrx_word' id='word_1_970' title='bbox 1946 5890 1960 5918; x_wconf 81' lang='grc' dir='ltr'><strong>ι</strong></span> <span class='ocrx_word' id='word_1_971' title='bbox 1996 5895 2110 5936; x_wconf 85' lang='lat' dir='ltr'><strong>octo</strong></span> <span class='ocrx_word' id='word_1_972' title='bbox 2131 5893 2256 5947; x_wconf 73' lang='lat' dir='ltr'><strong>Mss,</strong></span> <span class='ocrx_word' id='word_1_973' title='bbox 2284 5899 2466 5938; x_wconf 71' lang='lat' dir='ltr'><strong>utet-sa.</strong></span> 
     </span>
    </p>
   </div>
  </div>
