  <div class='ocr_page' id='page_1' title='image "/cluster/home/n/w/nwhite01/storage/ocr_20150623/36/umn.319510024773307/181.png"; bbox 0 0 3978 6342; ppageno 0'>
   <div class='ocr_carea' id='block_1_1' title="bbox 471 403 582 459">
    <p class='ocr_par' dir='ltr' id='par_1_1' title="bbox 471 403 582 459">
     <span class='ocr_line' id='line_1_1' title="bbox 471 403 582 459; baseline -0.018 -1"><span class='ocrx_word' id='word_1_1' title='bbox 471 403 582 459; x_wconf 75' lang='grc'><strong>’545</strong></span> 
     </span>
    </p>
   </div>
   <div class='ocr_carea' id='block_1_2' title="bbox 1712 377 2526 439">
    <p class='ocr_par' dir='ltr' id='par_1_2' title="bbox 1712 377 2526 439">
     <span class='ocr_line' id='line_1_2' title="bbox 1712 377 2526 439; baseline 0.002 -1"><span class='ocrx_word' id='word_1_2' title='bbox 1712 384 1771 439; x_wconf 82' lang='lat' dir='ltr'><strong>S.</strong></span> <span class='ocrx_word' id='word_1_3' title='bbox 1814 377 2186 438; x_wconf 73' lang='lat' dir='ltr'><strong>AUGUSTINI</strong></span> <span class='ocrx_word' id='word_1_4' title='bbox 2225 379 2526 439; x_wconf 71' lang='lat' dir='ltr'><strong>EI’ISCOPI</strong></span> 
     </span>
    </p>
   </div>
   <div class='ocr_carea' id='block_1_3' title="bbox 3651 390 3758 448">
    <p class='ocr_par' dir='ltr' id='par_1_3' title="bbox 3651 390 3758 448">
     <span class='ocr_line' id='line_1_3' title="bbox 3651 390 3758 448; baseline 0 -1"><span class='ocrx_word' id='word_1_5' title='bbox 3651 390 3758 448; x_wconf 70' lang='lat' dir='ltr'><strong>3N-</strong></span> 
     </span>
    </p>
   </div>
   <div class='ocr_carea' id='block_1_4' title="bbox 454 491 3754 576">
    <p class='ocr_par' dir='ltr' id='par_1_4' title="bbox 454 491 3754 576">
     <span class='ocr_line' id='line_1_4' title="bbox 454 491 3754 576; baseline -0.001 -21"><span class='ocrx_word' id='word_1_6' title='bbox 454 520 566 576; x_wconf 83' lang='lat' dir='ltr'><strong>quo</strong></span> <span class='ocrx_word' id='word_1_7' title='bbox 597 513 624 572; x_wconf 71' lang='grc' dir='ltr'><strong><em>τ</em></strong></span> <span class='ocrx_word' id='word_1_8' title='bbox 662 509 743 568; x_wconf 81' lang='lat' dir='ltr'><strong>Ad</strong></span> <span class='ocrx_word' id='word_1_9' title='bbox 767 507 1116 576; x_wconf 89' lang='lat' dir='ltr'><strong>semetipsum</strong></span> <span class='ocrx_word' id='word_1_10' title='bbox 1144 519 1159 557; x_wconf 91' lang='lat'>:</span> <span class='ocrx_word' id='word_1_11' title='bbox 1189 501 1335 556; x_wconf 89' lang='lat' dir='ltr'><strong>ducit</strong></span> <span class='ocrx_word' id='word_1_12' title='bbox 1361 514 1420 572; x_wconf 77' lang='lat' dir='ltr'><strong>se</strong></span> <span class='ocrx_word' id='word_1_13' title='bbox 1448 498 1608 560; x_wconf 74' lang='lat' dir='ltr'><strong>intro,</strong></span> <span class='ocrx_word' id='word_1_14' title='bbox 1639 507 1692 552; x_wconf 92' lang='lat' dir='ltr'><strong>et</strong></span> <span class='ocrx_word' id='word_1_15' title='bbox 1722 511 1878 551; x_wconf 87' lang='lat' dir='ltr'><strong>nemo</strong></span> <span class='ocrx_word' id='word_1_16' title='bbox 1913 494 2061 549; x_wconf 82' lang='lat' dir='ltr'><strong>illum</strong></span> <span class='ocrx_word' id='word_1_17' title='bbox 2166 502 2271 558; x_wconf 88' lang='lat' dir='ltr'><strong>est,</strong></span> <span class='ocrx_word' id='word_1_18' title='bbox 2302 491 2482 550; x_wconf 76' lang='lat' dir='ltr'><strong>claude</strong></span> <span class='ocrx_word' id='word_1_19' title='bbox 2505 496 2890 556; x_wconf 75' lang='lat' dir='ltr'><strong>oetiumtuuin.’</strong></span> <span class='ocrx_word' id='word_1_20' title='bbox 2913 497 3032 556; x_wconf 82' lang='lat' dir='ltr'><strong>Noli</strong></span> <span class='ocrx_word' id='word_1_21' title='bbox 3058 500 3181 556; x_wconf 87' lang='lat' dir='ltr'><strong>talia</strong></span> <span class='ocrx_word' id='word_1_22' title='bbox 3206 510 3517 572; x_wconf 89' lang='lat' dir='ltr'><strong>exspectare</strong></span> <span class='ocrx_word' id='word_1_23' title='bbox 3532 501 3600 556; x_wconf 87' lang='lat' dir='ltr'><strong>de</strong></span> <span class='ocrx_word' id='word_1_24' title='bbox 3620 502 3754 566; x_wconf 81' lang='lat' dir='ltr'><strong>Deo,</strong></span> 
     </span>
    </p>
   </div>
   <div class='ocr_carea' id='block_1_5' title="bbox 479 584 2060 658">
    <p class='ocr_par' dir='ltr' id='par_1_5' title="bbox 479 584 2060 658">
     <span class='ocr_line' id='line_1_5' title="bbox 479 584 2060 658; baseline -0.014 0"><span class='ocrx_word' id='word_1_25' title='bbox 479 603 673 658; x_wconf 90' lang='lat' dir='ltr'><strong>videt:</strong></span> <span class='ocrx_word' id='word_1_26' title='bbox 709 600 798 654; x_wconf 91' lang='lat' dir='ltr'><strong>ubi</strong></span> <span class='ocrx_word' id='word_1_27' title='bbox 847 595 1137 653; x_wconf 74' lang='lat' dir='ltr'><strong>meditatur</strong></span> <span class='ocrx_word' id='word_1_28' title='bbox 1178 591 1333 647; x_wconf 87' lang='lat' dir='ltr'><strong>dolos</strong></span> <span class='ocrx_word' id='word_1_29' title='bbox 1367 599 1422 645; x_wconf 90' lang='lat' dir='ltr'><strong>et</strong></span> <span class='ocrx_word' id='word_1_30' title='bbox 1467 587 1689 643; x_wconf 84' lang='lat' dir='ltr'><strong>insidias</strong></span> <span class='ocrx_word' id='word_1_31' title='bbox 1735 595 1789 640; x_wconf 89' lang='lat' dir='ltr'><strong>et</strong></span> <span class='ocrx_word' id='word_1_32' title='bbox 1843 584 2060 647; x_wconf 89' lang='lat' dir='ltr'><strong>delicta,</strong></span> 
     </span>
    </p>
   </div>
   <div class='ocr_carea' id='block_1_6' title="bbox 473 675 2063 753">
    <p class='ocr_par' dir='ltr' id='par_1_6' title="bbox 473 675 2063 753">
     <span class='ocr_line' id='line_1_6' title="bbox 473 675 2063 753; baseline -0.015 -4"><span class='ocrx_word' id='word_1_33' title='bbox 473 707 635 749; x_wconf 87' lang='lat' dir='ltr'><strong>nemo</strong></span> <span class='ocrx_word' id='word_1_34' title='bbox 658 690 822 746; x_wconf 87' lang='lat' dir='ltr'><strong>videt.</strong></span> <span class='ocrx_word' id='word_1_35' title='bbox 848 687 1039 743; x_wconf 82' lang='lat' dir='ltr'><strong>Posset</strong></span> <span class='ocrx_word' id='word_1_36' title='bbox 1060 699 1164 740; x_wconf 90' lang='lat' dir='ltr'><strong>nec</strong></span> <span class='ocrx_word' id='word_1_37' title='bbox 1191 682 1262 737; x_wconf 85' lang='lat' dir='ltr'><strong>ibi</strong></span> <span class='ocrx_word' id='word_1_38' title='bbox 1289 678 1426 753; x_wconf 89' lang='lat' dir='ltr'><strong>apud</strong></span> <span class='ocrx_word' id='word_1_39' title='bbox 1447 694 1509 736; x_wconf 86' lang='lat' dir='ltr'><strong>se</strong></span> <span class='ocrx_word' id='word_1_40' title='bbox 1537 676 1806 740; x_wconf 87' lang='lat' dir='ltr'><strong>meditari,</strong></span> <span class='ocrx_word' id='word_1_41' title='bbox 1830 675 1874 730; x_wconf 89' lang='lat' dir='ltr'><strong>si</strong></span> <span class='ocrx_word' id='word_1_42' title='bbox 1915 675 2063 744; x_wconf 87' lang='lat' dir='ltr'><strong>cogi-</strong></span> 
     </span>
    </p>
   </div>
   <div class='ocr_carea' id='block_1_7' title="bbox 477 768 2066 853">
    <p class='ocr_par' dir='ltr' id='par_1_7' title="bbox 477 768 2066 853">
     <span class='ocr_line' id='line_1_7' title="bbox 477 768 2066 853; baseline -0.011 -15"><span class='ocrx_word' id='word_1_43' title='bbox 477 792 619 838; x_wconf 89' lang='lat' dir='ltr'><strong>taret</strong></span> <span class='ocrx_word' id='word_1_44' title='bbox 636 781 760 853; x_wconf 88' lang='lat' dir='ltr'><strong>quia</strong></span> <span class='ocrx_word' id='word_1_45' title='bbox 802 780 942 834; x_wconf 89' lang='lat' dir='ltr'><strong>Deus</strong></span> <span class='ocrx_word' id='word_1_46' title='bbox 977 778 1125 831; x_wconf 91' lang='lat' dir='ltr'><strong>illum</strong></span> <span class='ocrx_word' id='word_1_47' title='bbox 1154 773 1297 829; x_wconf 83' lang='lat' dir='ltr'><strong>videt</strong></span> <span class='ocrx_word' id='word_1_48' title='bbox 1331 791 1344 828; x_wconf 90' lang='lat'>:</span> <span class='ocrx_word' id='word_1_49' title='bbox 1374 771 1466 826; x_wconf 88' lang='lat' dir='ltr'><strong>sed</strong></span> <span class='ocrx_word' id='word_1_50' title='bbox 1495 770 1615 841; x_wconf 85' lang='lat' dir='ltr'><strong>quia</strong></span> <span class='ocrx_word' id='word_1_51' title='bbox 1657 785 1761 824; x_wconf 92' lang='lat' dir='ltr'><strong>non</strong></span> <span class='ocrx_word' id='word_1_52' title='bbox 1794 775 1875 823; x_wconf 89' lang='lat' dir='ltr'><strong>est</strong></span> <span class='ocrx_word' id='word_1_53' title='bbox 1906 768 2066 821; x_wconf 81' lang='lat' dir='ltr'><strong>timor</strong></span> 
     </span>
    </p>
   </div>
   <div class='ocr_carea' id='block_1_8' title="bbox 483 855 2066 939">
    <p class='ocr_par' dir='ltr' id='par_1_8' title="bbox 483 855 2066 939">
     <span class='ocr_line' id='line_1_8' title="bbox 483 855 2066 939; baseline -0.012 -9"><span class='ocrx_word' id='word_1_54' title='bbox 483 876 572 930; x_wconf 90' lang='lat' dir='ltr'><strong>Dei</strong></span> <span class='ocrx_word' id='word_1_55' title='bbox 593 883 718 928; x_wconf 86' lang='lat' dir='ltr'><strong>ante</strong></span> <span class='ocrx_word' id='word_1_56' title='bbox 742 871 927 928; x_wconf 90' lang='lat' dir='ltr'><strong>oculos</strong></span> <span class='ocrx_word' id='word_1_57' title='bbox 956 868 1093 939; x_wconf 88' lang='lat' dir='ltr'><strong>ejus,</strong></span> <span class='ocrx_word' id='word_1_58' title='bbox 1116 883 1236 922; x_wconf 90' lang='lat' dir='ltr'><strong>cum</strong></span> <span class='ocrx_word' id='word_1_59' title='bbox 1258 863 1565 919; x_wconf 86' lang='lat' dir='ltr'><strong>discesserit</strong></span> <span class='ocrx_word' id='word_1_60' title='bbox 1587 876 1616 915; x_wconf 89' lang='lat' dir='ltr'><strong>a</strong></span> <span class='ocrx_word' id='word_1_61' title='bbox 1647 867 1936 934; x_wconf 79' lang='lat' dir='ltr'><strong>conspectu</strong></span> <span class='ocrx_word' id='word_1_62' title='bbox 1963 855 2066 912; x_wconf 87' lang='lat' dir='ltr'><strong>ho-</strong></span> 
     </span>
    </p>
   </div>
   <div class='ocr_carea' id='block_1_9' title="bbox 479 950 2065 1028">
    <p class='ocr_par' dir='ltr' id='par_1_9' title="bbox 479 950 2065 1028">
     <span class='ocr_line' id='line_1_9' title="bbox 479 950 2065 1028; baseline -0.013 -5"><span class='ocrx_word' id='word_1_63' title='bbox 479 967 682 1024; x_wconf 89' lang='lat' dir='ltr'><strong>minum</strong></span> <span class='ocrx_word' id='word_1_64' title='bbox 710 963 778 1020; x_wconf 89' lang='lat' dir='ltr'><strong>ad</strong></span> <span class='ocrx_word' id='word_1_65' title='bbox 802 978 896 1018; x_wconf 92' lang='lat' dir='ltr'><strong>cor</strong></span> <span class='ocrx_word' id='word_1_66' title='bbox 921 976 1098 1024; x_wconf 92' lang='lat' dir='ltr'><strong>suum,</strong></span> <span class='ocrx_word' id='word_1_67' title='bbox 1127 959 1196 1012; x_wconf 90' lang='lat' dir='ltr'><strong>ibi</strong></span> <span class='ocrx_word' id='word_1_68' title='bbox 1222 971 1381 1028; x_wconf 83' lang='lat' dir='ltr'><strong>quem</strong></span> <span class='ocrx_word' id='word_1_69' title='bbox 1413 951 1635 1009; x_wconf 83' lang='lat' dir='ltr'><strong>timeat?</strong></span> <span class='ocrx_word' id='word_1_70' title='bbox 1661 950 1926 1021; x_wconf 84' lang='lat' dir='ltr'><strong>Numquid</strong></span> <span class='ocrx_word' id='word_1_71' title='bbox 1957 964 2065 1004; x_wconf 91' lang='lat' dir='ltr'><strong>non</strong></span> 
     </span>
    </p>
   </div>
   <div class='ocr_carea' id='block_1_10' title="bbox 481 1043 2067 1130">
    <p class='ocr_par' dir='ltr' id='par_1_10' title="bbox 481 1043 2067 1130">
     <span class='ocr_line' id='line_1_10' title="bbox 481 1043 2067 1130; baseline -0.013 -14"><span class='ocrx_word' id='word_1_72' title='bbox 481 1059 557 1116; x_wconf 85' lang='lat' dir='ltr'><strong>ibi</strong></span> <span class='ocrx_word' id='word_1_73' title='bbox 583 1069 665 1115; x_wconf 90' lang='lat' dir='ltr'><strong>est</strong></span> <span class='ocrx_word' id='word_1_74' title='bbox 689 1072 925 1130; x_wconf 78' lang='lat' dir='ltr'><strong>przescns</strong></span> <span class='ocrx_word' id='word_1_75' title='bbox 951 1055 1094 1110; x_wconf 87' lang='lat' dir='ltr'><strong>Deus</strong></span> <span class='ocrx_word' id='word_1_76' title='bbox 1113 1051 1137 1104; x_wconf 75' lang='grc' dir='ltr'>τ</span> <span class='ocrx_word' id='word_1_77' title='bbox 1157 1049 1262 1106; x_wconf 87' lang='lat' dir='ltr'><strong>Sed</strong></span> <span class='ocrx_word' id='word_1_78' title='bbox 1302 1064 1406 1104; x_wconf 91' lang='lat' dir='ltr'><strong>non</strong></span> <span class='ocrx_word' id='word_1_79' title='bbox 1429 1055 1514 1103; x_wconf 91' lang='lat' dir='ltr'><strong>est</strong></span> <span class='ocrx_word' id='word_1_80' title='bbox 1543 1046 1702 1102; x_wconf 83' lang='lat' dir='ltr'><strong>timor</strong></span> <span class='ocrx_word' id='word_1_81' title='bbox 1728 1045 1820 1100; x_wconf 86' lang='lat' dir='ltr'><strong>Dei</strong></span> <span class='ocrx_word' id='word_1_82' title='bbox 1849 1043 1902 1098; x_wconf 91' lang='lat' dir='ltr'><strong>in</strong></span> <span class='ocrx_word' id='word_1_83' title='bbox 1931 1056 2067 1099; x_wconf 90' lang='lat' dir='ltr'><strong>con-</strong></span> 
     </span>
    </p>
   </div>
   <div class='ocr_carea' id='block_1_11' title="bbox 478 1147 823 1222">
    <p class='ocr_par' dir='ltr' id='par_1_11' title="bbox 478 1147 823 1222">
     <span class='ocr_line' id='line_1_11' title="bbox 478 1147 823 1222; baseline -0.017 -16"><span class='ocrx_word' id='word_1_84' title='bbox 478 1160 665 1222; x_wconf 83' lang='lat' dir='ltr'><strong>spectu</strong></span> <span class='ocrx_word' id='word_1_85' title='bbox 688 1147 823 1218; x_wconf 87' lang='lat' dir='ltr'><strong>ejus.</strong></span> 
     </span>
    </p>
   </div>
   <div class='ocr_carea' id='block_1_12' title="bbox 549 1222 2066 1312">
    <p class='ocr_par' dir='ltr' id='par_1_12' title="bbox 549 1222 2066 1312">
     <span class='ocr_line' id='line_1_12' title="bbox 549 1222 2066 1312; baseline -0.014 -15"><span class='ocrx_word' id='word_1_86' title='bbox 549 1241 604 1297; x_wconf 80' lang='lat'><strong>5.</strong></span> <span class='ocrx_word' id='word_1_87' title='bbox 631 1238 782 1312; x_wconf 79' lang='grc' dir='ltr'><strong>[υεη.</strong></span> <span class='ocrx_word' id='word_1_88' title='bbox 816 1233 894 1307; x_wconf 81' lang='grc'><strong>3.]</strong></span> <span class='ocrx_word' id='word_1_89' title='bbox 947 1232 1228 1289; x_wconf 79' lang='lat' dir='ltr'><strong>Meditatur</strong></span> <span class='ocrx_word' id='word_1_90' title='bbox 1273 1245 1401 1300; x_wconf 86' lang='lat' dir='ltr'><strong>ergo</strong></span> <span class='ocrx_word' id='word_1_91' title='bbox 1447 1227 1600 1282; x_wconf 90' lang='lat' dir='ltr'><strong>dolos</strong></span> <span class='ocrx_word' id='word_1_92' title='bbox 1645 1243 1658 1280; x_wconf 89' lang='lat'><strong>:</strong></span> <span class='ocrx_word' id='word_1_93' title='bbox 1707 1235 1760 1280; x_wconf 87' lang='lat' dir='ltr'><strong>et</strong></span> <span class='ocrx_word' id='word_1_94' title='bbox 1801 1222 2066 1294; x_wconf 85' lang='lat' dir='ltr'><strong>sequitur,</strong></span> 
     </span>
    </p>
   </div>
   <div class='ocr_carea' id='block_1_13' title="bbox 478 1317 2067 1403">
    <p class='ocr_par' dir='ltr' id='par_1_13' title="bbox 478 1317 2067 1403">
     <span class='ocr_line' id='line_1_13' title="bbox 478 1317 2067 1403; baseline -0.016 -10"><span class='ocrx_word' id='word_1_95' title='bbox 478 1334 678 1396; x_wconf 88' lang='lat' dir='ltr'><strong>(Forte</strong></span> <span class='ocrx_word' id='word_1_96' title='bbox 699 1333 832 1403; x_wconf 80' lang='lat' dir='ltr'><strong>latet</strong></span> <span class='ocrx_word' id='word_1_97' title='bbox 855 1329 1168 1397; x_wconf 89' lang='lat' dir='ltr'><strong>illum,quia</strong></span> <span class='ocrx_word' id='word_1_98' title='bbox 1198 1325 1342 1379; x_wconf 86' lang='lat' dir='ltr'><strong>Deus</strong></span> <span class='ocrx_word' id='word_1_99' title='bbox 1372 1323 1443 1377; x_wconf 90' lang='lat' dir='ltr'><strong>ibi</strong></span> <span class='ocrx_word' id='word_1_100' title='bbox 1470 1319 1648 1375; x_wconf 81' lang='lat' dir='ltr'><strong>videt?</strong></span> <span class='ocrx_word' id='word_1_101' title='bbox 1679 1317 1852 1372; x_wconf 86' lang='lat' dir='ltr'><strong>Etiam</strong></span> <span class='ocrx_word' id='word_1_102' title='bbox 1885 1325 2067 1371; x_wconf 80' lang='lat' dir='ltr'><strong>osten-</strong></span> 
     </span>
    </p>
   </div>
   <div class='ocr_carea' id='block_1_14' title="bbox 471 1407 2069 1495">
    <p class='ocr_par' dir='ltr' id='par_1_14' title="bbox 471 1407 2069 1495">
     <span class='ocr_line' id='line_1_14' title="bbox 471 1407 2069 1495; baseline -0.01 -20"><span class='ocrx_word' id='word_1_103' title='bbox 471 1425 620 1480; x_wconf 80' lang='lat' dir='ltr'><strong>ditur</strong></span> <span class='ocrx_word' id='word_1_104' title='bbox 647 1423 788 1495; x_wconf 89' lang='lat' dir='ltr'><strong>quod</strong></span> <span class='ocrx_word' id='word_1_105' title='bbox 819 1421 999 1476; x_wconf 82' lang='lat' dir='ltr'><strong>dicere</strong></span> <span class='ocrx_word' id='word_1_106' title='bbox 1041 1432 1306 1486; x_wconf 69' lang='lat' dir='ltr'><strong>coeperam</strong></span> <span class='ocrx_word' id='word_1_107' title='bbox 1341 1432 1355 1468; x_wconf 87' lang='lat'><strong>:</strong></span> <span class='ocrx_word' id='word_1_108' title='bbox 1385 1414 1512 1469; x_wconf 89' lang='lat' dir='ltr'><strong>latet</strong></span> <span class='ocrx_word' id='word_1_109' title='bbox 1552 1412 1721 1477; x_wconf 88' lang='lat' dir='ltr'><strong>illum,</strong></span> <span class='ocrx_word' id='word_1_110' title='bbox 1743 1409 1836 1465; x_wconf 89' lang='lat' dir='ltr'><strong>sed</strong></span> <span class='ocrx_word' id='word_1_111' title='bbox 1884 1407 2069 1462; x_wconf 89' lang='lat' dir='ltr'><strong>volen-</strong></span> 
     </span>
    </p>
   </div>
   <div class='ocr_carea' id='block_1_15' title="bbox 478 1499 2069 1586">
    <p class='ocr_par' dir='ltr' id='par_1_15' title="bbox 478 1499 2069 1586">
     <span class='ocr_line' id='line_1_15' title="bbox 478 1499 2069 1586; baseline -0.013 -15"><span class='ocrx_word' id='word_1_112' title='bbox 478 1530 616 1583; x_wconf 86' lang='lat' dir='ltr'><strong>tem;</strong></span> <span class='ocrx_word' id='word_1_113' title='bbox 645 1513 766 1586; x_wconf 84' lang='lat' dir='ltr'><strong>quia</strong></span> <span class='ocrx_word' id='word_1_114' title='bbox 786 1521 1047 1567; x_wconf 88' lang='lat' dir='ltr'><strong>contrase</strong></span> <span class='ocrx_word' id='word_1_115' title='bbox 1077 1509 1199 1564; x_wconf 81' lang='lat' dir='ltr'><strong>fecit</strong></span> <span class='ocrx_word' id='word_1_116' title='bbox 1220 1507 1408 1562; x_wconf 90' lang='lat' dir='ltr'><strong>nolens</strong></span> <span class='ocrx_word' id='word_1_117' title='bbox 1438 1501 1785 1573; x_wconf 81' lang='lat' dir='ltr'><strong>intelligere.)</strong></span> <span class='ocrx_word' id='word_1_118' title='bbox 1817 1499 2069 1568; x_wconf 83' lang='lat' dir='ltr'><strong>Quoniam</strong></span> 
     </span>
    </p>
   </div>
   <div class='ocr_carea' id='block_1_16' title="bbox 479 1589 2071 1676">
    <p class='ocr_par' dir='ltr' id='par_1_16' title="bbox 479 1589 2071 1676">
     <span class='ocr_line' id='line_1_16' title="bbox 479 1589 2071 1676; baseline -0.01 -16"><span class='ocrx_word' id='word_1_119' title='bbox 479 1608 652 1662; x_wconf 79' lang='lat' dir='ltr'><strong>dolose</strong></span> <span class='ocrx_word' id='word_1_120' title='bbox 677 1605 777 1676; x_wconf 95' lang='lat' dir='ltr'><strong>egit</strong></span> <span class='ocrx_word' id='word_1_121' title='bbox 806 1604 857 1658; x_wconf 91' lang='lat' dir='ltr'><strong>in</strong></span> <span class='ocrx_word' id='word_1_122' title='bbox 889 1611 1158 1671; x_wconf 81' lang='lat' dir='ltr'><strong>conspectu</strong></span> <span class='ocrx_word' id='word_1_123' title='bbox 1180 1600 1308 1668; x_wconf 83' lang='lat' dir='ltr'><strong>ejus.</strong></span> <span class='ocrx_word' id='word_1_124' title='bbox 1335 1598 1391 1653; x_wconf 90' lang='lat' dir='ltr'><strong>lu</strong></span> <span class='ocrx_word' id='word_1_125' title='bbox 1430 1595 1584 1666; x_wconf 80' lang='lat' dir='ltr'><strong>cujus</strong></span> <span class='ocrx_word' id='word_1_126' title='bbox 1608 1602 1900 1662; x_wconf 86' lang='lat' dir='ltr'><strong>conspectu</strong></span> <span class='ocrx_word' id='word_1_127' title='bbox 1920 1590 1946 1645; x_wconf 72' lang='grc' dir='ltr'>τ</span> <span class='ocrx_word' id='word_1_128' title='bbox 1964 1589 2071 1645; x_wconf 84' lang='lat' dir='ltr'><strong>Cu-</strong></span> 
     </span>
    </p>
   </div>
   <div class='ocr_carea' id='block_1_17' title="bbox 478 1681 2070 1767">
    <p class='ocr_par' dir='ltr' id='par_1_17' title="bbox 478 1681 2070 1767">
     <span class='ocr_line' id='line_1_17' title="bbox 478 1681 2070 1767; baseline -0.009 -16"><span class='ocrx_word' id='word_1_129' title='bbox 478 1698 565 1767; x_wconf 87' lang='lat' dir='ltr'><strong>jus</strong></span> <span class='ocrx_word' id='word_1_130' title='bbox 590 1698 748 1750; x_wconf 91' lang='lat' dir='ltr'><strong>timor</strong></span> <span class='ocrx_word' id='word_1_131' title='bbox 773 1710 878 1748; x_wconf 90' lang='lat' dir='ltr'><strong>non</strong></span> <span class='ocrx_word' id='word_1_132' title='bbox 907 1700 989 1748; x_wconf 84' lang='lat' dir='ltr'><strong>est</strong></span> <span class='ocrx_word' id='word_1_133' title='bbox 1017 1704 1140 1767; x_wconf 69' lang='lat' dir='ltr'><strong>ante</strong></span> <span class='ocrx_word' id='word_1_134' title='bbox 1164 1691 1348 1744; x_wconf 87' lang='lat' dir='ltr'><strong>oculos</strong></span> <span class='ocrx_word' id='word_1_135' title='bbox 1375 1688 1492 1757; x_wconf 89' lang='lat' dir='ltr'><strong>ejus</strong></span> <span class='ocrx_word' id='word_1_136' title='bbox 1520 1686 1607 1755; x_wconf 87' lang='lat' dir='ltr'><strong>qui</strong></span> <span class='ocrx_word' id='word_1_137' title='bbox 1636 1684 1820 1738; x_wconf 87' lang='lat' dir='ltr'><strong>dolose</strong></span> <span class='ocrx_word' id='word_1_138' title='bbox 1840 1683 1968 1754; x_wconf 82' lang='lat' dir='ltr'><strong>egit.</strong></span> <span class='ocrx_word' id='word_1_139' title='bbox 2000 1681 2070 1737; x_wconf 84' lang='lat' dir='ltr'><strong>Ut</strong></span> 
     </span>
    </p>
   </div>
   <div class='ocr_carea' id='block_1_18' title="bbox 478 1773 2074 1856">
    <p class='ocr_par' dir='ltr' id='par_1_18' title="bbox 478 1773 2074 1856">
     <span class='ocr_line' id='line_1_18' title="bbox 478 1773 2074 1856; baseline -0.009 -15"><span class='ocrx_word' id='word_1_140' title='bbox 478 1789 722 1842; x_wconf 81' lang='lat' dir='ltr'><strong>inveniret</strong></span> <span class='ocrx_word' id='word_1_141' title='bbox 748 1785 1057 1856; x_wconf 80' lang='lat' dir='ltr'><strong>iniquitatem</strong></span> <span class='ocrx_word' id='word_1_142' title='bbox 1085 1799 1252 1846; x_wconf 82' lang='lat' dir='ltr'><strong>suam,</strong></span> <span class='ocrx_word' id='word_1_143' title='bbox 1278 1789 1326 1834; x_wconf 88' lang='lat' dir='ltr'><strong>et</strong></span> <span class='ocrx_word' id='word_1_144' title='bbox 1352 1778 1566 1832; x_wconf 65' lang='lat' dir='ltr'><strong>odisset.</strong></span> <span class='ocrx_word' id='word_1_145' title='bbox 1601 1775 1705 1830; x_wconf 89' lang='lat' dir='ltr'><strong>lste</strong></span> <span class='ocrx_word' id='word_1_146' title='bbox 1733 1775 1812 1829; x_wconf 90' lang='lat' dir='ltr'><strong>sic</strong></span> <span class='ocrx_word' id='word_1_147' title='bbox 1859 1773 1966 1844; x_wconf 81' lang='lat' dir='ltr'><strong>egit</strong></span> <span class='ocrx_word' id='word_1_148' title='bbox 2014 1781 2074 1828; x_wconf 90' lang='lat' dir='ltr'><strong>ut</strong></span> 
     </span>
    </p>
   </div>
   <div class='ocr_carea' id='block_1_19' title="bbox 478 1864 2070 1936">
    <p class='ocr_par' dir='ltr' id='par_1_19' title="bbox 478 1864 2070 1936">
     <span class='ocr_line' id='line_1_19' title="bbox 478 1864 2070 1936; baseline -0.009 -6"><span class='ocrx_word' id='word_1_149' title='bbox 478 1894 590 1932; x_wconf 80' lang='lat' dir='ltr'><strong>non</strong></span> <span class='ocrx_word' id='word_1_150' title='bbox 634 1875 922 1931; x_wconf 84' lang='lat' dir='ltr'><strong>inveniret.</strong></span> <span class='ocrx_word' id='word_1_151' title='bbox 969 1873 1104 1929; x_wconf 88' lang='lat' dir='ltr'><strong>Sunt</strong></span> <span class='ocrx_word' id='word_1_152' title='bbox 1151 1871 1294 1924; x_wconf 86' lang='lat' dir='ltr'><strong>enim</strong></span> <span class='ocrx_word' id='word_1_153' title='bbox 1344 1868 1588 1922; x_wconf 85' lang='lat' dir='ltr'><strong>homines</strong></span> <span class='ocrx_word' id='word_1_154' title='bbox 1645 1865 1738 1936; x_wconf 91' lang='lat' dir='ltr'><strong>qui</strong></span> <span class='ocrx_word' id='word_1_155' title='bbox 1771 1864 1923 1935; x_wconf 90' lang='lat' dir='ltr'><strong>quasi</strong></span> <span class='ocrx_word' id='word_1_156' title='bbox 1978 1878 2070 1917; x_wconf 80' lang='lat' dir='ltr'><strong>co-</strong></span> 
     </span>
    </p>
   </div>
   <div class='ocr_carea' id='block_1_20' title="bbox 481 1954 2072 2038">
    <p class='ocr_par' dir='ltr' id='par_1_20' title="bbox 481 1954 2072 2038">
     <span class='ocr_line' id='line_1_20' title="bbox 481 1954 2072 2038; baseline -0.008 -15"><span class='ocrx_word' id='word_1_157' title='bbox 481 1977 677 2023; x_wconf 85' lang='lat' dir='ltr'><strong>nantur</strong></span> <span class='ocrx_word' id='word_1_158' title='bbox 716 1980 956 2038; x_wconf 72' lang='lat' dir='ltr'><strong>quterere</strong></span> <span class='ocrx_word' id='word_1_159' title='bbox 1005 1962 1335 2033; x_wconf 81' lang='lat' dir='ltr'><strong>iniquitatem</strong></span> <span class='ocrx_word' id='word_1_160' title='bbox 1381 1974 1553 2020; x_wconf 87' lang='lat' dir='ltr'><strong>suam,</strong></span> <span class='ocrx_word' id='word_1_161' title='bbox 1606 1966 1661 2012; x_wconf 90' lang='lat' dir='ltr'><strong>et</strong></span> <span class='ocrx_word' id='word_1_162' title='bbox 1691 1957 1880 2011; x_wconf 89' lang='lat' dir='ltr'><strong>timent</strong></span> <span class='ocrx_word' id='word_1_163' title='bbox 1925 1954 2072 2010; x_wconf 87' lang='lat' dir='ltr'><strong>illam</strong></span> 
     </span>
    </p>
   </div>
   <div class='ocr_carea' id='block_1_21' title="bbox 480 2047 2074 2128">
    <p class='ocr_par' dir='ltr' id='par_1_21' title="bbox 480 2047 2074 2128">
     <span class='ocr_line' id='line_1_21' title="bbox 480 2047 2074 2128; baseline -0.009 -12"><span class='ocrx_word' id='word_1_164' title='bbox 480 2059 758 2125; x_wconf 83' lang='lat' dir='ltr'><strong>invenire;</strong></span> <span class='ocrx_word' id='word_1_165' title='bbox 787 2057 908 2128; x_wconf 87' lang='lat' dir='ltr'><strong>quia</strong></span> <span class='ocrx_word' id='word_1_166' title='bbox 932 2054 975 2110; x_wconf 90' lang='lat' dir='ltr'><strong>si</strong></span> <span class='ocrx_word' id='word_1_167' title='bbox 1000 2055 1142 2110; x_wconf 87' lang='lat' dir='ltr'><strong>illam</strong></span> <span class='ocrx_word' id='word_1_168' title='bbox 1171 2051 1494 2118; x_wconf 85' lang='lat' dir='ltr'><strong>invenerint,</strong></span> <span class='ocrx_word' id='word_1_169' title='bbox 1525 2049 1720 2105; x_wconf 90' lang='lat' dir='ltr'><strong>dicitur</strong></span> <span class='ocrx_word' id='word_1_170' title='bbox 1747 2047 1874 2111; x_wconf 89' lang='lat' dir='ltr'><strong>illis,</strong></span> <span class='ocrx_word' id='word_1_171' title='bbox 1902 2048 2074 2104; x_wconf 82' lang='lat' dir='ltr'><strong>Rece-</strong></span> 
     </span>
    </p>
   </div>
   <div class='ocr_carea' id='block_1_22' title="bbox 479 2141 2069 2214">
    <p class='ocr_par' dir='ltr' id='par_1_22' title="bbox 479 2141 2069 2214">
     <span class='ocr_line' id='line_1_22' title="bbox 479 2141 2069 2214; baseline -0.008 -7"><span class='ocrx_word' id='word_1_172' title='bbox 479 2153 591 2208; x_wconf 89' lang='lat' dir='ltr'><strong>dite</strong></span> <span class='ocrx_word' id='word_1_173' title='bbox 611 2150 679 2207; x_wconf 91' lang='lat' dir='ltr'><strong>ab</strong></span> <span class='ocrx_word' id='word_1_174' title='bbox 708 2151 796 2204; x_wconf 89' lang='lat' dir='ltr'><strong>illa</strong></span> <span class='ocrx_word' id='word_1_175' title='bbox 828 2167 841 2206; x_wconf 93' lang='lat'><strong>:</strong></span> <span class='ocrx_word' id='word_1_176' title='bbox 868 2149 983 2202; x_wconf 84' lang='lat' dir='ltr'><strong>haec</strong></span> <span class='ocrx_word' id='word_1_177' title='bbox 1005 2147 1172 2202; x_wconf 79' lang='lat' dir='ltr'><strong>iecisti</strong></span> <span class='ocrx_word' id='word_1_178' title='bbox 1195 2153 1479 2214; x_wconf 86' lang='lat' dir='ltr'><strong>antequam</strong></span> <span class='ocrx_word' id='word_1_179' title='bbox 1508 2143 1698 2208; x_wconf 89' lang='lat' dir='ltr'><strong>scires,</strong></span> <span class='ocrx_word' id='word_1_180' title='bbox 1736 2141 2069 2212; x_wconf 88' lang='lat' dir='ltr'><strong>iniquitatem</strong></span> 
     </span>
    </p>
   </div>
   <div class='ocr_carea' id='block_1_23' title="bbox 479 2233 2070 2308">
    <p class='ocr_par' dir='ltr' id='par_1_23' title="bbox 479 2233 2070 2308">
     <span class='ocr_line' id='line_1_23' title="bbox 479 2233 2070 2308; baseline -0.006 -9"><span class='ocrx_word' id='word_1_181' title='bbox 479 2244 654 2300; x_wconf 77' lang='lat' dir='ltr'><strong>fecisti</strong></span> <span class='ocrx_word' id='word_1_182' title='bbox 683 2258 802 2297; x_wconf 90' lang='lat' dir='ltr'><strong>cum</strong></span> <span class='ocrx_word' id='word_1_183' title='bbox 845 2255 993 2296; x_wconf 89' lang='lat' dir='ltr'><strong>esses</strong></span> <span class='ocrx_word' id='word_1_184' title='bbox 1044 2239 1095 2294; x_wconf 88' lang='lat' dir='ltr'><strong>in</strong></span> <span class='ocrx_word' id='word_1_185' title='bbox 1137 2236 1465 2308; x_wconf 81' lang='lat' dir='ltr'><strong>ignorantia;</strong></span> <span class='ocrx_word' id='word_1_186' title='bbox 1497 2234 1590 2289; x_wconf 91' lang='lat' dir='ltr'><strong>dat</strong></span> <span class='ocrx_word' id='word_1_187' title='bbox 1634 2235 1774 2290; x_wconf 88' lang='lat' dir='ltr'><strong>Deus</strong></span> <span class='ocrx_word' id='word_1_188' title='bbox 1819 2233 2070 2289; x_wconf 85' lang='lat' dir='ltr'><strong>veniam:</strong></span> 
     </span>
    </p>
   </div>
   <div class='ocr_carea' id='block_1_24' title="bbox 482 2325 2072 2406">
    <p class='ocr_par' dir='ltr' id='par_1_24' title="bbox 482 2325 2072 2406">
     <span class='ocr_line' id='line_1_24' title="bbox 482 2325 2072 2406; baseline -0.006 -14"><span class='ocrx_word' id='word_1_189' title='bbox 482 2336 642 2392; x_wconf 90' lang='lat' dir='ltr'><strong>modo</strong></span> <span class='ocrx_word' id='word_1_190' title='bbox 667 2333 963 2406; x_wconf 80' lang='lat' dir='ltr'><strong>cognovisti</strong></span> <span class='ocrx_word' id='word_1_191' title='bbox 999 2347 1162 2396; x_wconf 86' lang='lat' dir='ltr'><strong>eam;</strong></span> <span class='ocrx_word' id='word_1_192' title='bbox 1205 2329 1411 2384; x_wconf 85' lang='lat' dir='ltr'><strong>dimitte</strong></span> <span class='ocrx_word' id='word_1_193' title='bbox 1456 2327 1599 2382; x_wconf 89' lang='lat' dir='ltr'><strong>illam</strong></span> <span class='ocrx_word' id='word_1_194' title='bbox 1629 2337 1685 2381; x_wconf 93' lang='lat' dir='ltr'><strong>ut</strong></span> <span class='ocrx_word' id='word_1_195' title='bbox 1713 2326 1881 2396; x_wconf 81' lang='lat' dir='ltr'><strong>possit</strong></span> <span class='ocrx_word' id='word_1_196' title='bbox 1917 2325 2072 2382; x_wconf 80' lang='lat' dir='ltr'><strong>facile</strong></span> 
     </span>
    </p>
   </div>
   <div class='ocr_carea' id='block_1_25' title="bbox 481 2417 2072 2498">
    <p class='ocr_par' dir='ltr' id='par_1_25' title="bbox 481 2417 2072 2498">
     <span class='ocr_line' id='line_1_25' title="bbox 481 2417 2072 2498; baseline -0.006 -17"><span class='ocrx_word' id='word_1_197' title='bbox 481 2425 794 2498; x_wconf 77' lang='lat' dir='ltr'><strong>ignorantia:</strong></span> <span class='ocrx_word' id='word_1_198' title='bbox 819 2432 923 2477; x_wconf 70' lang='lat' dir='ltr'><strong>tua:</strong></span> <span class='ocrx_word' id='word_1_199' title='bbox 947 2421 1100 2476; x_wconf 89' lang='lat' dir='ltr'><strong>venia</strong></span> <span class='ocrx_word' id='word_1_200' title='bbox 1130 2420 1267 2487; x_wconf 87' lang='lat' dir='ltr'><strong>dari,</strong></span> <span class='ocrx_word' id='word_1_201' title='bbox 1290 2427 1347 2474; x_wconf 90' lang='lat' dir='ltr'><strong>ct</strong></span> <span class='ocrx_word' id='word_1_202' title='bbox 1374 2418 1538 2475; x_wconf 87' lang='lat' dir='ltr'><strong>libera</strong></span> <span class='ocrx_word' id='word_1_203' title='bbox 1568 2417 1743 2473; x_wconf 87' lang='lat' dir='ltr'><strong>fronte</strong></span> <span class='ocrx_word' id='word_1_204' title='bbox 1762 2417 1911 2472; x_wconf 89' lang='lat' dir='ltr'><strong>dicas</strong></span> <span class='ocrx_word' id='word_1_205' title='bbox 1938 2417 2072 2484; x_wconf 87' lang='lat' dir='ltr'><strong>Deo,</strong></span> 
     </span>
    </p>
   </div>
   <div class='ocr_carea' id='block_1_26' title="bbox 481 2511 2074 2588">
    <p class='ocr_par' dir='ltr' id='par_1_26' title="bbox 481 2511 2074 2588">
     <span class='ocr_line' id='line_1_26' title="bbox 481 2511 2074 2588; baseline -0.004 -16"><span class='ocrx_word' id='word_1_206' title='bbox 481 2519 681 2574; x_wconf 77' lang='lat' dir='ltr'><strong>Delicta</strong></span> <span class='ocrx_word' id='word_1_207' title='bbox 701 2516 985 2588; x_wconf 79' lang='lat' dir='ltr'><strong>juventutis</strong></span> <span class='ocrx_word' id='word_1_208' title='bbox 1005 2531 1128 2568; x_wconf 84' lang='lat' dir='ltr'><strong>mea:</strong></span> <span class='ocrx_word' id='word_1_209' title='bbox 1153 2523 1198 2567; x_wconf 83' lang='lat' dir='ltr'><strong>et</strong></span> <span class='ocrx_word' id='word_1_210' title='bbox 1218 2513 1518 2584; x_wconf 75' lang='lat' dir='ltr'><strong>ignorantia:</strong></span> <span class='ocrx_word' id='word_1_211' title='bbox 1541 2528 1665 2566; x_wconf 64' lang='lat' dir='ltr'><strong>metu</strong></span> <span class='ocrx_word' id='word_1_212' title='bbox 1702 2527 1766 2565; x_wconf 88' lang='lat' dir='ltr'><strong>ne</strong></span> <span class='ocrx_word' id='word_1_213' title='bbox 1783 2511 2074 2566; x_wconf 76' lang='lat' dir='ltr'><strong>memineris</strong></span> 
     </span>
    </p>
   </div>
   <div class='ocr_carea' id='block_1_27' title="bbox 483 2601 2073 2684">
    <p class='ocr_par' dir='ltr' id='par_1_27' title="bbox 483 2601 2073 2684">
     <span class='ocr_line' id='line_1_27' title="bbox 483 2601 2073 2684; baseline -0.006 -20"><span class='ocrx_word' id='word_1_214' title='bbox 483 2608 668 2684; x_wconf 79' lang='lat' dir='ltr'><strong>(Psal.</strong></span> <span class='ocrx_word' id='word_1_215' title='bbox 703 2623 853 2671; x_wconf 76' lang='lat' dir='ltr'><strong>xmv,</strong></span> <span class='ocrx_word' id='word_1_216' title='bbox 897 2607 989 2677; x_wconf 87' lang='grc'><strong>7).</strong></span> <span class='ocrx_word' id='word_1_217' title='bbox 1020 2605 1131 2660; x_wconf 80' lang='lat' dir='ltr'><strong>Hac</strong></span> <span class='ocrx_word' id='word_1_218' title='bbox 1160 2605 1302 2659; x_wconf 87' lang='lat' dir='ltr'><strong>illam</strong></span> <span class='ocrx_word' id='word_1_219' title='bbox 1344 2603 1555 2674; x_wconf 56' lang='lat' dir='ltr'><strong>quaerit,</strong></span> <span class='ocrx_word' id='word_1_220' title='bbox 1588 2601 1688 2657; x_wconf 86' lang='lat' dir='ltr'><strong>hac</strong></span> <span class='ocrx_word' id='word_1_221' title='bbox 1727 2603 1876 2658; x_wconf 88' lang='lat' dir='ltr'><strong>timet</strong></span> <span class='ocrx_word' id='word_1_222' title='bbox 1900 2617 1969 2658; x_wconf 89' lang='lat' dir='ltr'><strong>ne</strong></span> <span class='ocrx_word' id='word_1_223' title='bbox 1991 2601 2073 2656; x_wconf 88' lang='lat' dir='ltr'><strong>in-</strong></span> 
     </span>
    </p>
   </div>
   <div class='ocr_carea' id='block_1_28' title="bbox 481 2692 2075 2764">
    <p class='ocr_par' dir='ltr' id='par_1_28' title="bbox 481 2692 2075 2764">
     <span class='ocr_line' id='line_1_28' title="bbox 481 2692 2075 2764; baseline -0.004 -9"><span class='ocrx_word' id='word_1_224' title='bbox 481 2699 662 2755; x_wconf 80' lang='lat' dir='ltr'><strong>veniat</strong></span> <span class='ocrx_word' id='word_1_225' title='bbox 682 2699 830 2753; x_wconf 86' lang='lat' dir='ltr'><strong>illam</strong></span> <span class='ocrx_word' id='word_1_226' title='bbox 859 2715 873 2752; x_wconf 91' lang='lat'><strong>:</strong></span> <span class='ocrx_word' id='word_1_227' title='bbox 902 2696 1089 2751; x_wconf 87' lang='lat' dir='ltr'><strong>dolose</strong></span> <span class='ocrx_word' id='word_1_228' title='bbox 1110 2693 1252 2750; x_wconf 89' lang='lat' dir='ltr'><strong>enim</strong></span> <span class='ocrx_word' id='word_1_229' title='bbox 1277 2693 1488 2764; x_wconf 65' lang='lat' dir='ltr'><strong>quaerit.</strong></span> <span class='ocrx_word' id='word_1_230' title='bbox 1520 2692 1636 2747; x_wconf 86' lang='lat' dir='ltr'><strong>Non</strong></span> <span class='ocrx_word' id='word_1_231' title='bbox 1674 2692 1910 2748; x_wconf 86' lang='lat' dir='ltr'><strong>sciebam</strong></span> <span class='ocrx_word' id='word_1_232' title='bbox 1948 2692 2075 2764; x_wconf 84' lang='lat' dir='ltr'><strong>quia</strong></span> 
     </span>
    </p>
   </div>
   <div class='ocr_carea' id='block_1_29' title="bbox 485 2783 2071 2863">
    <p class='ocr_par' dir='ltr' id='par_1_29' title="bbox 485 2783 2071 2863">
     <span class='ocr_line' id='line_1_29' title="bbox 485 2783 2071 2863; baseline -0.005 -17"><span class='ocrx_word' id='word_1_233' title='bbox 485 2801 764 2863; x_wconf 87' lang='lat' dir='ltr'><strong>peccatum</strong></span> <span class='ocrx_word' id='word_1_234' title='bbox 797 2797 900 2855; x_wconf 88' lang='lat' dir='ltr'><strong>est,</strong></span> <span class='ocrx_word' id='word_1_235' title='bbox 925 2785 1140 2858; x_wconf 89' lang='lat' dir='ltr'><strong>quando</strong></span> <span class='ocrx_word' id='word_1_236' title='bbox 1175 2786 1303 2840; x_wconf 86' lang='lat' dir='ltr'><strong>dicit</strong></span> <span class='ocrx_word' id='word_1_237' title='bbox 1339 2784 1540 2840; x_wconf 84' lang='lat' dir='ltr'><strong>homo?</strong></span> <span class='ocrx_word' id='word_1_238' title='bbox 1568 2784 1698 2838; x_wconf 89' lang='lat' dir='ltr'><strong>Cum</strong></span> <span class='ocrx_word' id='word_1_239' title='bbox 1727 2783 1922 2839; x_wconf 89' lang='lat' dir='ltr'><strong>viderit</strong></span> <span class='ocrx_word' id='word_1_240' title='bbox 1947 2786 2071 2854; x_wconf 89' lang='lat' dir='ltr'><strong>quia</strong></span> 
     </span>
    </p>
   </div>
   <div class='ocr_carea' id='block_1_30' title="bbox 485 2876 2068 2954">
    <p class='ocr_par' dir='ltr' id='par_1_30' title="bbox 485 2876 2068 2954">
     <span class='ocr_line' id='line_1_30' title="bbox 485 2876 2068 2954; baseline -0.004 -16"><span class='ocrx_word' id='word_1_241' title='bbox 485 2891 766 2954; x_wconf 88' lang='lat' dir='ltr'><strong>peccatum</strong></span> <span class='ocrx_word' id='word_1_242' title='bbox 814 2888 916 2945; x_wconf 89' lang='lat' dir='ltr'><strong>est,</strong></span> <span class='ocrx_word' id='word_1_243' title='bbox 965 2886 1022 2933; x_wconf 91' lang='lat' dir='ltr'><strong>et</strong></span> <span class='ocrx_word' id='word_1_244' title='bbox 1045 2877 1308 2932; x_wconf 88' lang='lat' dir='ltr'><strong>destiterit</strong></span> <span class='ocrx_word' id='word_1_245' title='bbox 1338 2876 1516 2932; x_wconf 90' lang='lat' dir='ltr'><strong>facere</strong></span> <span class='ocrx_word' id='word_1_246' title='bbox 1554 2877 1725 2946; x_wconf 89' lang='lat' dir='ltr'><strong>ipsum</strong></span> <span class='ocrx_word' id='word_1_247' title='bbox 1771 2885 2068 2947; x_wconf 87' lang='lat' dir='ltr'><strong>peccatum,</strong></span> 
     </span>
    </p>
   </div>
   <div class='ocr_carea' id='block_1_31' title="bbox 483 2964 2074 3044">
    <p class='ocr_par' dir='ltr' id='par_1_31' title="bbox 483 2964 2074 3044">
     <span class='ocr_line' id='line_1_31' title="bbox 483 2964 2074 3044; baseline -0.003 -17"><span class='ocrx_word' id='word_1_248' title='bbox 483 2971 624 3044; x_wconf 89' lang='lat' dir='ltr'><strong>quod</strong></span> <span class='ocrx_word' id='word_1_249' title='bbox 665 2969 787 3025; x_wconf 84' lang='lat' dir='ltr'><strong>ideo</strong></span> <span class='ocrx_word' id='word_1_250' title='bbox 824 2966 1074 3030; x_wconf 89' lang='lat' dir='ltr'><strong>faciebat,</strong></span> <span class='ocrx_word' id='word_1_251' title='bbox 1103 2966 1226 3036; x_wconf 89' lang='lat' dir='ltr'><strong>quia</strong></span> <span class='ocrx_word' id='word_1_252' title='bbox 1256 2964 1568 3036; x_wconf 80' lang='lat' dir='ltr'><strong>ignorabat;</strong></span> <span class='ocrx_word' id='word_1_253' title='bbox 1622 2981 1746 3021; x_wconf 90' lang='lat' dir='ltr'><strong>vere</strong></span> <span class='ocrx_word' id='word_1_254' title='bbox 1796 2967 1873 3021; x_wconf 87' lang='lat' dir='ltr'><strong>sic</strong></span> <span class='ocrx_word' id='word_1_255' title='bbox 1903 2965 2074 3022; x_wconf 82' lang='lat' dir='ltr'><strong>voluit</strong></span> 
     </span>
    </p>
   </div>
   <div class='ocr_carea' id='block_1_32' title="bbox 483 3055 2072 3132">
    <p class='ocr_par' dir='ltr' id='par_1_32' title="bbox 483 3055 2072 3132">
     <span class='ocr_line' id='line_1_32' title="bbox 483 3055 2072 3132; baseline -0.006 -11"><span class='ocrx_word' id='word_1_256' title='bbox 483 3079 648 3122; x_wconf 88' lang='lat' dir='ltr'><strong>nosse</strong></span> <span class='ocrx_word' id='word_1_257' title='bbox 674 3061 1028 3132; x_wconf 87' lang='lat' dir='ltr'><strong>iniquitatem,</strong></span> <span class='ocrx_word' id='word_1_258' title='bbox 1060 3067 1119 3114; x_wconf 93' lang='lat' dir='ltr'><strong>ut</strong></span> <span class='ocrx_word' id='word_1_259' title='bbox 1147 3058 1429 3122; x_wconf 76' lang='lat' dir='ltr'><strong>inveniret,</strong></span> <span class='ocrx_word' id='word_1_260' title='bbox 1455 3067 1510 3112; x_wconf 89' lang='lat' dir='ltr'><strong>et</strong></span> <span class='ocrx_word' id='word_1_261' title='bbox 1534 3055 1756 3113; x_wconf 91' lang='lat' dir='ltr'><strong>odisset.</strong></span> <span class='ocrx_word' id='word_1_262' title='bbox 1788 3057 1943 3113; x_wconf 87' lang='lat' dir='ltr'><strong>Nunc</strong></span> <span class='ocrx_word' id='word_1_263' title='bbox 1969 3074 2072 3113; x_wconf 85' lang='lat' dir='ltr'><strong>au-</strong></span> 
     </span>
    </p>
   </div>
   <div class='ocr_carea' id='block_1_33' title="bbox 483 3148 2070 3224">
    <p class='ocr_par' dir='ltr' id='par_1_33' title="bbox 483 3148 2070 3224">
     <span class='ocr_line' id='line_1_33' title="bbox 483 3148 2070 3224; baseline -0.004 -13"><span class='ocrx_word' id='word_1_264' title='bbox 483 3165 593 3214; x_wconf 89' lang='lat' dir='ltr'><strong>tem</strong></span> <span class='ocrx_word' id='word_1_265' title='bbox 642 3153 796 3210; x_wconf 90' lang='lat' dir='ltr'><strong>multi</strong></span> <span class='ocrx_word' id='word_1_266' title='bbox 849 3152 1036 3208; x_wconf 90' lang='lat' dir='ltr'><strong>dolose</strong></span> <span class='ocrx_word' id='word_1_267' title='bbox 1083 3159 1267 3222; x_wconf 89' lang='lat' dir='ltr'><strong>agunt,</strong></span> <span class='ocrx_word' id='word_1_268' title='bbox 1319 3157 1376 3203; x_wconf 91' lang='lat' dir='ltr'><strong>ut</strong></span> <span class='ocrx_word' id='word_1_269' title='bbox 1415 3148 1690 3224; x_wconf 66' lang='lat' dir='ltr'><strong>inveniant</strong></span> <span class='ocrx_word' id='word_1_270' title='bbox 1737 3148 2070 3219; x_wconf 84' lang='lat' dir='ltr'><strong>iniquitatem</strong></span> 
     </span>
    </p>
   </div>
   <div class='ocr_carea' id='block_1_34' title="bbox 483 3239 2069 3310">
    <p class='ocr_par' dir='ltr' id='par_1_34' title="bbox 483 3239 2069 3310">
     <span class='ocr_line' id='line_1_34' title="bbox 483 3239 2069 3310; baseline -0.004 -10"><span class='ocrx_word' id='word_1_271' title='bbox 483 3261 657 3310; x_wconf 81' lang='lat' dir='ltr'><strong>suam,</strong></span> <span class='ocrx_word' id='word_1_272' title='bbox 691 3243 742 3299; x_wconf 93' lang='lat' dir='ltr'><strong>id</strong></span> <span class='ocrx_word' id='word_1_273' title='bbox 769 3251 872 3310; x_wconf 90' lang='lat' dir='ltr'><strong>est,</strong></span> <span class='ocrx_word' id='word_1_274' title='bbox 896 3256 1000 3297; x_wconf 92' lang='lat' dir='ltr'><strong>non</strong></span> <span class='ocrx_word' id='word_1_275' title='bbox 1021 3257 1092 3296; x_wconf 82' lang='lat' dir='ltr'><strong>ex</strong></span> <span class='ocrx_word' id='word_1_276' title='bbox 1123 3240 1303 3295; x_wconf 90' lang='lat' dir='ltr'><strong>animo</strong></span> <span class='ocrx_word' id='word_1_277' title='bbox 1330 3247 1494 3310; x_wconf 87' lang='lat' dir='ltr'><strong>agunt</strong></span> <span class='ocrx_word' id='word_1_278' title='bbox 1533 3239 1771 3295; x_wconf 74' lang='lat' dir='ltr'><strong>invenite</strong></span> <span class='ocrx_word' id='word_1_279' title='bbox 1794 3249 1849 3296; x_wconf 91' lang='lat' dir='ltr'><strong>et</strong></span> <span class='ocrx_word' id='word_1_280' title='bbox 1869 3239 2069 3296; x_wconf 66' lang='lat' dir='ltr'><strong>odisse.</strong></span> 
     </span>
    </p>
   </div>
   <div class='ocr_carea' id='block_1_35' title="bbox 482 3329 2073 3406">
    <p class='ocr_par' dir='ltr' id='par_1_35' title="bbox 482 3329 2073 3406">
     <span class='ocr_line' id='line_1_35' title="bbox 482 3329 2073 3406; baseline -0.003 -14"><span class='ocrx_word' id='word_1_281' title='bbox 482 3335 589 3393; x_wconf 86' lang='lat' dir='ltr'><strong>Sed</strong></span> <span class='ocrx_word' id='word_1_282' title='bbox 612 3335 733 3406; x_wconf 85' lang='lat' dir='ltr'><strong>quia</strong></span> <span class='ocrx_word' id='word_1_283' title='bbox 759 3335 810 3390; x_wconf 91' lang='lat' dir='ltr'><strong>in</strong></span> <span class='ocrx_word' id='word_1_284' title='bbox 830 3336 943 3404; x_wconf 89' lang='lat' dir='ltr'><strong>ipsa</strong></span> <span class='ocrx_word' id='word_1_285' title='bbox 970 3331 1313 3402; x_wconf 91' lang='lat' dir='ltr'><strong>inquisitione</strong></span> <span class='ocrx_word' id='word_1_286' title='bbox 1341 3330 1493 3386; x_wconf 90' lang='lat' dir='ltr'><strong>dolus</strong></span> <span class='ocrx_word' id='word_1_287' title='bbox 1535 3338 1638 3396; x_wconf 89' lang='lat' dir='ltr'><strong>est,</strong></span> <span class='ocrx_word' id='word_1_288' title='bbox 1670 3331 1724 3384; x_wconf 87' lang='lat' dir='ltr'><strong>in</strong></span> <span class='ocrx_word' id='word_1_289' title='bbox 1767 3329 2073 3387; x_wconf 82' lang='lat' dir='ltr'><strong>inventione</strong></span> 
     </span>
    </p>
   </div>
   <div class='ocr_carea' id='block_1_36' title="bbox 483 3419 2072 3495">
    <p class='ocr_par' dir='ltr' id='par_1_36' title="bbox 483 3419 2072 3495">
     <span class='ocr_line' id='line_1_36' title="bbox 483 3419 2072 3495; baseline -0.004 -12"><span class='ocrx_word' id='word_1_290' title='bbox 483 3426 725 3483; x_wconf 79' lang='lat' dir='ltr'><strong>defensio</strong></span> <span class='ocrx_word' id='word_1_291' title='bbox 751 3423 1043 3495; x_wconf 86' lang='lat' dir='ltr'><strong>iniquitatis</strong></span> <span class='ocrx_word' id='word_1_292' title='bbox 1079 3422 1203 3478; x_wconf 86' lang='lat' dir='ltr'><strong>erit.</strong></span> <span class='ocrx_word' id='word_1_293' title='bbox 1233 3419 1370 3475; x_wconf 89' lang='lat' dir='ltr'><strong>Cum</strong></span> <span class='ocrx_word' id='word_1_294' title='bbox 1417 3421 1559 3475; x_wconf 87' lang='lat' dir='ltr'><strong>enim</strong></span> <span class='ocrx_word' id='word_1_295' title='bbox 1587 3420 1850 3476; x_wconf 87' lang='lat' dir='ltr'><strong>invenerit</strong></span> <span class='ocrx_word' id='word_1_296' title='bbox 1879 3421 2072 3491; x_wconf 88' lang='lat' dir='ltr'><strong>iniqui-</strong></span> 
     </span>
    </p>
   </div>
   <div class='ocr_carea' id='block_1_37' title="bbox 482 3512 2072 3587">
    <p class='ocr_par' dir='ltr' id='par_1_37' title="bbox 482 3512 2072 3587">
     <span class='ocr_line' id='line_1_37' title="bbox 482 3512 2072 3587; baseline -0.004 -11"><span class='ocrx_word' id='word_1_297' title='bbox 482 3528 668 3586; x_wconf 88' lang='lat' dir='ltr'><strong>tatem,</strong></span> <span class='ocrx_word' id='word_1_298' title='bbox 699 3533 826 3573; x_wconf 89' lang='lat' dir='ltr'><strong>ecce</strong></span> <span class='ocrx_word' id='word_1_299' title='bbox 848 3516 958 3587; x_wconf 87' lang='lat' dir='ltr'><strong>jam</strong></span> <span class='ocrx_word' id='word_1_300' title='bbox 1001 3515 1342 3570; x_wconf 80' lang='lat' dir='ltr'><strong>manifestum</strong></span> <span class='ocrx_word' id='word_1_301' title='bbox 1385 3522 1468 3567; x_wconf 91' lang='lat' dir='ltr'><strong>est</strong></span> <span class='ocrx_word' id='word_1_302' title='bbox 1510 3513 1622 3578; x_wconf 76' lang='lat' dir='ltr'><strong>illi,</strong></span> <span class='ocrx_word' id='word_1_303' title='bbox 1667 3513 1788 3584; x_wconf 86' lang='lat' dir='ltr'><strong>quia</strong></span> <span class='ocrx_word' id='word_1_304' title='bbox 1822 3512 2072 3585; x_wconf 89' lang='lat' dir='ltr'><strong>iniquitas</strong></span> 
     </span>
    </p>
   </div>
   <div class='ocr_carea' id='block_1_38' title="bbox 484 3604 2071 3674">
    <p class='ocr_par' dir='ltr' id='par_1_38' title="bbox 484 3604 2071 3674">
     <span class='ocr_line' id='line_1_38' title="bbox 484 3604 2071 3674; baseline -0.006 -6"><span class='ocrx_word' id='word_1_305' title='bbox 484 3621 587 3667; x_wconf 87' lang='lat' dir='ltr'><strong>est.</strong></span> <span class='ocrx_word' id='word_1_306' title='bbox 612 3610 733 3666; x_wconf 78' lang='lat' dir='ltr'><strong>Noli</strong></span> <span class='ocrx_word' id='word_1_307' title='bbox 757 3609 900 3663; x_wconf 85' lang='lat' dir='ltr'><strong>illam</strong></span> <span class='ocrx_word' id='word_1_308' title='bbox 931 3606 1127 3671; x_wconf 88' lang='lat' dir='ltr'><strong>facere,</strong></span> <span class='ocrx_word' id='word_1_309' title='bbox 1167 3604 1362 3674; x_wconf 89' lang='lat' dir='ltr'><strong>inquis.</strong></span> <span class='ocrx_word' id='word_1_310' title='bbox 1391 3604 1460 3659; x_wconf 86' lang='lat' dir='ltr'><strong>Et</strong></span> <span class='ocrx_word' id='word_1_311' title='bbox 1492 3604 1584 3658; x_wconf 91' lang='lat' dir='ltr'><strong>ille</strong></span> <span class='ocrx_word' id='word_1_312' title='bbox 1609 3604 1698 3673; x_wconf 90' lang='lat' dir='ltr'><strong>qui</strong></span> <span class='ocrx_word' id='word_1_313' title='bbox 1726 3604 1911 3659; x_wconf 89' lang='lat' dir='ltr'><strong>dolose</strong></span> <span class='ocrx_word' id='word_1_314' title='bbox 1943 3621 2071 3674; x_wconf 82' lang='lat' dir='ltr'><strong>age-</strong></span> 
     </span>
    </p>
   </div>
   <div class='ocr_carea' id='block_1_39' title="bbox 484 3697 2070 3770">
    <p class='ocr_par' dir='ltr' id='par_1_39' title="bbox 484 3697 2070 3770">
     <span class='ocr_line' id='line_1_39' title="bbox 484 3697 2070 3770; baseline -0.004 -11"><span class='ocrx_word' id='word_1_315' title='bbox 484 3707 578 3766; x_wconf 85' lang='lat' dir='ltr'><strong>bat</strong></span> <span class='ocrx_word' id='word_1_316' title='bbox 606 3714 661 3760; x_wconf 90' lang='lat' dir='ltr'><strong>ut</strong></span> <span class='ocrx_word' id='word_1_317' title='bbox 685 3700 1091 3770; x_wconf 82' lang='lat' dir='ltr'><strong>inveniret,jam</strong></span> <span class='ocrx_word' id='word_1_318' title='bbox 1121 3699 1341 3765; x_wconf 80' lang='lat' dir='ltr'><strong>invenit,</strong></span> <span class='ocrx_word' id='word_1_319' title='bbox 1374 3707 1426 3753; x_wconf 90' lang='lat' dir='ltr'><strong>et</strong></span> <span class='ocrx_word' id='word_1_320' title='bbox 1457 3712 1561 3751; x_wconf 91' lang='lat' dir='ltr'><strong>non</strong></span> <span class='ocrx_word' id='word_1_321' title='bbox 1605 3698 1714 3752; x_wconf 82' lang='lat' dir='ltr'><strong>odit</strong></span> <span class='ocrx_word' id='word_1_322' title='bbox 1740 3716 1752 3750; x_wconf 91' lang='lat'><strong>:</strong></span> <span class='ocrx_word' id='word_1_323' title='bbox 1774 3697 1901 3766; x_wconf 83' lang='lat' dir='ltr'><strong>quid</strong></span> <span class='ocrx_word' id='word_1_324' title='bbox 1926 3699 2070 3752; x_wconf 86' lang='lat' dir='ltr'><strong>enim</strong></span> 
     </span>
    </p>
   </div>
   <div class='ocr_carea' id='block_1_40' title="bbox 487 3790 2072 3864">
    <p class='ocr_par' dir='ltr' id='par_1_40' title="bbox 487 3790 2072 3864">
     <span class='ocr_line' id='line_1_40' title="bbox 487 3790 2072 3864; baseline -0.005 -10"><span class='ocrx_word' id='word_1_325' title='bbox 487 3798 661 3854; x_wconf 82' lang='lat' dir='ltr'><strong>dicit?</strong></span> <span class='ocrx_word' id='word_1_326' title='bbox 689 3798 858 3864; x_wconf 87' lang='lat' dir='ltr'><strong>Quam</strong></span> <span class='ocrx_word' id='word_1_327' title='bbox 885 3796 1036 3848; x_wconf 89' lang='lat' dir='ltr'><strong>multi</strong></span> <span class='ocrx_word' id='word_1_328' title='bbox 1066 3794 1166 3847; x_wconf 91' lang='lat' dir='ltr'><strong>hoc</strong></span> <span class='ocrx_word' id='word_1_329' title='bbox 1189 3791 1404 3854; x_wconf 83' lang='lat' dir='ltr'><strong>faciunt,</strong></span> <span class='ocrx_word' id='word_1_330' title='bbox 1435 3801 1484 3845; x_wconf 91' lang='lat' dir='ltr'><strong>et</strong></span> <span class='ocrx_word' id='word_1_331' title='bbox 1508 3790 1628 3860; x_wconf 90' lang='lat' dir='ltr'><strong>quis</strong></span> <span class='ocrx_word' id='word_1_332' title='bbox 1652 3790 1754 3846; x_wconf 90' lang='lat' dir='ltr'><strong>hoc</strong></span> <span class='ocrx_word' id='word_1_333' title='bbox 1770 3806 1875 3845; x_wconf 92' lang='lat' dir='ltr'><strong>non</strong></span> <span class='ocrx_word' id='word_1_334' title='bbox 1905 3790 2072 3846; x_wconf 80' lang='lat' dir='ltr'><strong>facit?</strong></span> 
     </span>
    </p>
   </div>
   <div class='ocr_carea' id='block_1_41' title="bbox 482 3883 2072 3959">
    <p class='ocr_par' dir='ltr' id='par_1_41' title="bbox 482 3883 2072 3959">
     <span class='ocr_line' id='line_1_41' title="bbox 482 3883 2072 3959; baseline -0.007 -11"><span class='ocrx_word' id='word_1_335' title='bbox 482 3892 553 3948; x_wconf 87' lang='lat' dir='ltr'><strong>Et</strong></span> <span class='ocrx_word' id='word_1_336' title='bbox 601 3887 854 3959; x_wconf 89' lang='lat' dir='ltr'><strong>numquid</strong></span> <span class='ocrx_word' id='word_1_337' title='bbox 893 3902 1081 3942; x_wconf 90' lang='lat' dir='ltr'><strong>omnes</strong></span> <span class='ocrx_word' id='word_1_338' title='bbox 1128 3885 1426 3954; x_wconf 88' lang='lat' dir='ltr'><strong>perditurus</strong></span> <span class='ocrx_word' id='word_1_339' title='bbox 1451 3891 1533 3938; x_wconf 86' lang='lat' dir='ltr'><strong>est</strong></span> <span class='ocrx_word' id='word_1_340' title='bbox 1563 3883 1749 3938; x_wconf 85' lang='lat' dir='ltr'><strong>Deus?</strong></span> <span class='ocrx_word' id='word_1_341' title='bbox 1777 3884 1882 3937; x_wconf 84' lang='lat' dir='ltr'><strong>Aut</strong></span> <span class='ocrx_word' id='word_1_342' title='bbox 1924 3892 2072 3939; x_wconf 90' lang='lat' dir='ltr'><strong>certe</strong></span> 
     </span>
    </p>
   </div>
   <div class='ocr_carea' id='block_1_42' title="bbox 488 3975 2069 4042">
    <p class='ocr_par' dir='ltr' id='par_1_42' title="bbox 488 3975 2069 4042">
     <span class='ocr_line' id='line_1_42' title="bbox 488 3975 2069 4042; baseline -0.003 -3"><span class='ocrx_word' id='word_1_343' title='bbox 488 3985 592 4040; x_wconf 92' lang='lat' dir='ltr'><strong>hoc</strong></span> <span class='ocrx_word' id='word_1_344' title='bbox 621 3984 750 4038; x_wconf 92' lang='lat' dir='ltr'><strong>dicit</strong></span> <span class='ocrx_word' id='word_1_345' title='bbox 780 4001 794 4035; x_wconf 89' lang='lat'>:</span> <span class='ocrx_word' id='word_1_346' title='bbox 823 3981 876 4036; x_wconf 87' lang='lat' dir='ltr'><strong>Si</strong></span> <span class='ocrx_word' id='word_1_347' title='bbox 905 3979 1065 4033; x_wconf 88' lang='lat' dir='ltr'><strong>nollet</strong></span> <span class='ocrx_word' id='word_1_348' title='bbox 1093 3978 1234 4032; x_wconf 90' lang='lat' dir='ltr'><strong>Deus</strong></span> <span class='ocrx_word' id='word_1_349' title='bbox 1262 3977 1349 4030; x_wconf 91' lang='lat' dir='ltr'><strong>illa</strong></span> <span class='ocrx_word' id='word_1_350' title='bbox 1380 3977 1523 4042; x_wconf 84' lang='lat' dir='ltr'><strong>ﬁeri,</strong></span> <span class='ocrx_word' id='word_1_351' title='bbox 1550 3975 1794 4032; x_wconf 87' lang='lat' dir='ltr'><strong>viverent</strong></span> <span class='ocrx_word' id='word_1_352' title='bbox 1820 3976 2069 4034; x_wconf 87' lang='lat' dir='ltr'><strong>homines</strong></span> 
     </span>
    </p>
   </div>
   <div class='ocr_carea' id='block_1_43' title="bbox 480 4067 2070 4145">
    <p class='ocr_par' dir='ltr' id='par_1_43' title="bbox 480 4067 2070 4145">
     <span class='ocr_line' id='line_1_43' title="bbox 480 4067 2070 4145; baseline -0.003 -16"><span class='ocrx_word' id='word_1_353' title='bbox 480 4077 571 4145; x_wconf 86' lang='lat' dir='ltr'><strong>qui</strong></span> <span class='ocrx_word' id='word_1_354' title='bbox 602 4076 701 4129; x_wconf 88' lang='lat' dir='ltr'><strong>ista</strong></span> <span class='ocrx_word' id='word_1_355' title='bbox 721 4069 1098 4129; x_wconf 87' lang='lat' dir='ltr'><strong>committunt?</strong></span> <span class='ocrx_word' id='word_1_356' title='bbox 1131 4068 1290 4124; x_wconf 83' lang='lat' dir='ltr'><strong>Vides</strong></span> <span class='ocrx_word' id='word_1_357' title='bbox 1313 4068 1434 4139; x_wconf 87' lang='lat' dir='ltr'><strong>quia</strong></span> <span class='ocrx_word' id='word_1_358' title='bbox 1463 4068 1648 4123; x_wconf 86' lang='lat' dir='ltr'><strong>dolose</strong></span> <span class='ocrx_word' id='word_1_359' title='bbox 1673 4068 1867 4139; x_wconf 78' lang='lat' dir='ltr'><strong>agebas</strong></span> <span class='ocrx_word' id='word_1_360' title='bbox 1892 4067 1958 4124; x_wconf 90' lang='lat' dir='ltr'><strong>ad</strong></span> <span class='ocrx_word' id='word_1_361' title='bbox 1983 4070 2070 4125; x_wconf 86' lang='lat' dir='ltr'><strong>in-</strong></span> 
     </span>
    </p>
   </div>
   <div class='ocr_carea' id='block_1_44' title="bbox 481 4158 2068 4233">
    <p class='ocr_par' dir='ltr' id='par_1_44' title="bbox 481 4158 2068 4233">
     <span class='ocr_line' id='line_1_44' title="bbox 481 4158 2068 4233; baseline -0.001 -14"><span class='ocrx_word' id='word_1_362' title='bbox 481 4164 795 4221; x_wconf 84' lang='lat' dir='ltr'><strong>veniendam</strong></span> <span class='ocrx_word' id='word_1_363' title='bbox 823 4162 1154 4233; x_wconf 87' lang='lat' dir='ltr'><strong>iniquitatem</strong></span> <span class='ocrx_word' id='word_1_364' title='bbox 1179 4169 1320 4214; x_wconf 92' lang='lat' dir='ltr'><strong>tuam</strong></span> <span class='ocrx_word' id='word_1_365' title='bbox 1340 4158 1366 4212; x_wconf 86' lang='lat'><strong>?</strong></span> <span class='ocrx_word' id='word_1_366' title='bbox 1384 4159 1516 4213; x_wconf 80' lang='lat' dir='ltr'><strong>Nam</strong></span> <span class='ocrx_word' id='word_1_367' title='bbox 1538 4159 1580 4214; x_wconf 89' lang='lat' dir='ltr'><strong>si</strong></span> <span class='ocrx_word' id='word_1_368' title='bbox 1613 4174 1719 4213; x_wconf 91' lang='lat' dir='ltr'><strong>non</strong></span> <span class='ocrx_word' id='word_1_369' title='bbox 1741 4159 1945 4224; x_wconf 87' lang='lat' dir='ltr'><strong>dolose,</strong></span> <span class='ocrx_word' id='word_1_370' title='bbox 1971 4162 2068 4218; x_wconf 89' lang='lat' dir='ltr'><strong>sed</strong></span> 
     </span>
    </p>
   </div>
   <div class='ocr_carea' id='block_1_45' title="bbox 479 4251 2069 4327">
    <p class='ocr_par' dir='ltr' id='par_1_45' title="bbox 479 4251 2069 4327">
     <span class='ocr_line' id='line_1_45' title="bbox 479 4251 2069 4327; baseline -0.004 -11"><span class='ocrx_word' id='word_1_371' title='bbox 479 4258 758 4316; x_wconf 86' lang='lat' dir='ltr'><strong>sinceriter</strong></span> <span class='ocrx_word' id='word_1_372' title='bbox 777 4271 984 4327; x_wconf 89' lang='lat' dir='ltr'><strong>ageres,</strong></span> <span class='ocrx_word' id='word_1_373' title='bbox 999 4255 1107 4325; x_wconf 90' lang='lat' dir='ltr'><strong>jam</strong></span> <span class='ocrx_word' id='word_1_374' title='bbox 1131 4254 1425 4308; x_wconf 89' lang='lat' dir='ltr'><strong>invenisses</strong></span> <span class='ocrx_word' id='word_1_375' title='bbox 1450 4261 1504 4306; x_wconf 89' lang='lat' dir='ltr'><strong>et</strong></span> <span class='ocrx_word' id='word_1_376' title='bbox 1527 4251 1766 4307; x_wconf 89' lang='lat' dir='ltr'><strong>odisses:</strong></span> <span class='ocrx_word' id='word_1_377' title='bbox 1798 4252 1958 4309; x_wconf 91' lang='lat' dir='ltr'><strong>modo</strong></span> <span class='ocrx_word' id='word_1_378' title='bbox 1982 4254 2069 4309; x_wconf 83' lang='lat' dir='ltr'><strong>in-</strong></span> 
     </span>
    </p>
   </div>
   <div class='ocr_carea' id='block_1_46' title="bbox 479 4342 2066 4413">
    <p class='ocr_par' dir='ltr' id='par_1_46' title="bbox 479 4342 2066 4413">
     <span class='ocr_line' id='line_1_46' title="bbox 479 4342 2066 4413; baseline -0.009 -12"><span class='ocrx_word' id='word_1_379' title='bbox 479 4349 672 4405; x_wconf 86' lang='lat' dir='ltr'><strong>venisti</strong></span> <span class='ocrx_word' id='word_1_380' title='bbox 700 4355 756 4404; x_wconf 88' lang='lat' dir='ltr'><strong>ct</strong></span> <span class='ocrx_word' id='word_1_381' title='bbox 783 4345 1023 4401; x_wconf 87' lang='lat' dir='ltr'><strong>defendis</strong></span> <span class='ocrx_word' id='word_1_382' title='bbox 1056 4362 1072 4399; x_wconf 86' lang='lat'><strong>:</strong></span> <span class='ocrx_word' id='word_1_383' title='bbox 1098 4343 1283 4399; x_wconf 87' lang='lat' dir='ltr'><strong>dolose</strong></span> <span class='ocrx_word' id='word_1_384' title='bbox 1307 4357 1436 4412; x_wconf 83' lang='lat' dir='ltr'><strong>ergo</strong></span> <span class='ocrx_word' id='word_1_385' title='bbox 1463 4342 1678 4413; x_wconf 77' lang='lat' dir='ltr'><strong>agebas,</strong></span> <span class='ocrx_word' id='word_1_386' title='bbox 1710 4357 1830 4396; x_wconf 90' lang='lat' dir='ltr'><strong>cum</strong></span> <span class='ocrx_word' id='word_1_387' title='bbox 1853 4358 2066 4413; x_wconf 61' lang='lat' dir='ltr'><strong>quaere-</strong></span> 
     </span>
    </p>
   </div>
   <div class='ocr_carea' id='block_1_47' title="bbox 477 4451 848 4498">
    <p class='ocr_par' dir='ltr' id='par_1_47' title="bbox 477 4451 848 4498">
     <span class='ocr_line' id='line_1_47' title="bbox 477 4451 848 4498; baseline -0.008 -1"><span class='ocrx_word' id='word_1_388' title='bbox 477 4458 587 4498; x_wconf 71' lang='lat'><strong>1&#39;88.</strong></span> <span class='ocrx_word' id='word_1_389' title='bbox 845 4451 848 4454; x_wconf 64' lang='grc'><strong>’</strong></span> 
     </span>
    </p>
   </div>
   <div class='ocr_carea' id='block_1_48' title="bbox 555 4520 2068 4603">
    <p class='ocr_par' dir='ltr' id='par_1_48' title="bbox 555 4520 2068 4603">
     <span class='ocr_line' id='line_1_48' title="bbox 555 4520 2068 4603; baseline -0.005 -17"><span class='ocrx_word' id='word_1_390' title='bbox 555 4532 609 4586; x_wconf 72' lang='grc' dir='ltr'><strong>Δ.</strong></span> <span class='ocrx_word' id='word_1_391' title='bbox 642 4528 797 4603; x_wconf 63' lang='lat' dir='ltr'><strong>[rem</strong></span> <span class='ocrx_word' id='word_1_392' title='bbox 833 4525 913 4598; x_wconf 78' lang='grc'><strong>4.]</strong></span> <span class='ocrx_word' id='word_1_393' title='bbox 952 4524 1111 4580; x_wconf 84' lang='lat' dir='ltr'><strong>Verba</strong></span> <span class='ocrx_word' id='word_1_394' title='bbox 1135 4525 1237 4578; x_wconf 73' lang='lat' dir='ltr'><strong>aris</strong></span> <span class='ocrx_word' id='word_1_395' title='bbox 1277 4523 1386 4594; x_wconf 78' lang='lat' dir='ltr'><strong>eius</strong></span> <span class='ocrx_word' id='word_1_396' title='bbox 1423 4523 1664 4594; x_wconf 72' lang='lat' dir='ltr'><strong>iniquitas</strong></span> <span class='ocrx_word' id='word_1_397' title='bbox 1690 4532 1736 4577; x_wconf 86' lang='lat' dir='ltr'><strong>et</strong></span> <span class='ocrx_word' id='word_1_398' title='bbox 1761 4520 1911 4578; x_wconf 75' lang='lat' dir='ltr'><strong>dolus</strong></span> <span class='ocrx_word' id='word_1_399' title='bbox 1936 4540 1954 4579; x_wconf 90' lang='lat'><strong><em>:</em></strong></span> <span class='ocrx_word' id='word_1_400' title='bbox 1976 4543 2068 4580; x_wconf 89' lang='lat' dir='ltr'><strong>no-</strong></span> 
     </span>
    </p>
   </div>
   <div class='ocr_carea' id='block_1_49' title="bbox 480 4613 2067 4689">
    <p class='ocr_par' dir='ltr' id='par_1_49' title="bbox 480 4613 2067 4689">
     <span class='ocr_line' id='line_1_49' title="bbox 480 4613 2067 4689; baseline -0.003 -12"><span class='ocrx_word' id='word_1_401' title='bbox 480 4624 576 4679; x_wconf 87' lang='lat' dir='ltr'><strong>luit</strong></span> <span class='ocrx_word' id='word_1_402' title='bbox 605 4621 883 4689; x_wconf 84' lang='lat' dir='ltr'><strong>intelligere</strong></span> <span class='ocrx_word' id='word_1_403' title='bbox 903 4661 916 4683; x_wconf 87' lang='lat'><strong>,</strong></span> <span class='ocrx_word' id='word_1_404' title='bbox 949 4628 1003 4670; x_wconf 89' lang='lat' dir='ltr'><strong>ut</strong></span> <span class='ocrx_word' id='word_1_405' title='bbox 1031 4619 1152 4670; x_wconf 83' lang='lat' dir='ltr'><strong>bene</strong></span> <span class='ocrx_word' id='word_1_406' title='bbox 1190 4623 1377 4688; x_wconf 84' lang='lat' dir='ltr'><strong>ageret.</strong></span> <span class='ocrx_word' id='word_1_407' title='bbox 1408 4613 1615 4669; x_wconf 77' lang='lat' dir='ltr'><strong>Videtis</strong></span> <span class='ocrx_word' id='word_1_408' title='bbox 1642 4615 1765 4685; x_wconf 91' lang='lat' dir='ltr'><strong>quia</strong></span> <span class='ocrx_word' id='word_1_409' title='bbox 1807 4617 2067 4673; x_wconf 89' lang='lat' dir='ltr'><strong>voluntati</strong></span> 
     </span>
    </p>
   </div>
   <div class='ocr_carea' id='block_1_50' title="bbox 481 4703 2066 4776">
    <p class='ocr_par' dir='ltr' id='par_1_50' title="bbox 481 4703 2066 4776">
     <span class='ocr_line' id='line_1_50' title="bbox 481 4703 2066 4776; baseline -0.001 -12"><span class='ocrx_word' id='word_1_410' title='bbox 481 4711 609 4766; x_wconf 90' lang='lat' dir='ltr'><strong>illud</strong></span> <span class='ocrx_word' id='word_1_411' title='bbox 638 4709 820 4764; x_wconf 88' lang='lat' dir='ltr'><strong>tribuit</strong></span> <span class='ocrx_word' id='word_1_412' title='bbox 855 4726 868 4762; x_wconf 90' lang='lat'><strong>:</strong></span> <span class='ocrx_word' id='word_1_413' title='bbox 913 4707 1036 4776; x_wconf 88' lang='lat' dir='ltr'><strong>quia</strong></span> <span class='ocrx_word' id='word_1_414' title='bbox 1083 4716 1207 4759; x_wconf 91' lang='lat' dir='ltr'><strong>sunt</strong></span> <span class='ocrx_word' id='word_1_415' title='bbox 1233 4705 1477 4759; x_wconf 81' lang='lat' dir='ltr'><strong>homines</strong></span> <span class='ocrx_word' id='word_1_416' title='bbox 1520 4706 1610 4775; x_wconf 89' lang='lat' dir='ltr'><strong>qui</strong></span> <span class='ocrx_word' id='word_1_417' title='bbox 1647 4703 1836 4760; x_wconf 88' lang='lat' dir='ltr'><strong>volunt</strong></span> <span class='ocrx_word' id='word_1_418' title='bbox 1866 4707 2066 4762; x_wconf 86' lang='lat' dir='ltr'><strong>intelli-</strong></span> 
     </span>
    </p>
   </div>
   <div class='ocr_carea' id='block_1_51' title="bbox 479 4795 2069 4872">
    <p class='ocr_par' dir='ltr' id='par_1_51' title="bbox 479 4795 2069 4872">
     <span class='ocr_line' id='line_1_51' title="bbox 479 4795 2069 4872; baseline -0.003 -15"><span class='ocrx_word' id='word_1_419' title='bbox 479 4817 641 4872; x_wconf 81' lang='lat' dir='ltr'><strong>gere.</strong></span> <span class='ocrx_word' id='word_1_420' title='bbox 672 4808 730 4855; x_wconf 86' lang='lat' dir='ltr'><strong>et</strong></span> <span class='ocrx_word' id='word_1_421' title='bbox 762 4813 870 4853; x_wconf 90' lang='lat' dir='ltr'><strong>non</strong></span> <span class='ocrx_word' id='word_1_422' title='bbox 899 4803 1158 4867; x_wconf 92' lang='lat' dir='ltr'><strong>possunt;</strong></span> <span class='ocrx_word' id='word_1_423' title='bbox 1190 4801 1317 4849; x_wconf 88' lang='lat' dir='ltr'><strong>sunt</strong></span> <span class='ocrx_word' id='word_1_424' title='bbox 1357 4803 1533 4849; x_wconf 88' lang='lat' dir='ltr'><strong>autem</strong></span> <span class='ocrx_word' id='word_1_425' title='bbox 1579 4795 1826 4852; x_wconf 86' lang='lat' dir='ltr'><strong>homines</strong></span> <span class='ocrx_word' id='word_1_426' title='bbox 1853 4798 1941 4867; x_wconf 88' lang='lat' dir='ltr'><strong>qui</strong></span> <span class='ocrx_word' id='word_1_427' title='bbox 1973 4813 2069 4853; x_wconf 90' lang='lat' dir='ltr'><strong>no-</strong></span> 
     </span>
    </p>
   </div>
   <div class='ocr_carea' id='block_1_52' title="bbox 481 4886 2070 4961">
    <p class='ocr_par' dir='ltr' id='par_1_52' title="bbox 481 4886 2070 4961">
     <span class='ocr_line' id='line_1_52' title="bbox 481 4886 2070 4961; baseline -0.002 -13"><span class='ocrx_word' id='word_1_428' title='bbox 481 4894 599 4950; x_wconf 85' lang='lat' dir='ltr'><strong>lunt</strong></span> <span class='ocrx_word' id='word_1_429' title='bbox 620 4891 938 4961; x_wconf 78' lang='lat' dir='ltr'><strong>intelligere,</strong></span> <span class='ocrx_word' id='word_1_430' title='bbox 967 4888 1086 4942; x_wconf 88' lang='lat' dir='ltr'><strong>ideo</strong></span> <span class='ocrx_word' id='word_1_431' title='bbox 1108 4902 1211 4942; x_wconf 93' lang='lat' dir='ltr'><strong>non</strong></span> <span class='ocrx_word' id='word_1_432' title='bbox 1237 4886 1559 4957; x_wconf 83' lang='lat' dir='ltr'><strong>intelligunt.</strong></span> <span class='ocrx_word' id='word_1_433' title='bbox 1582 4887 1765 4942; x_wconf 85' lang='lat' dir='ltr'><strong>Noluit</strong></span> <span class='ocrx_word' id='word_1_434' title='bbox 1789 4889 2070 4961; x_wconf 82' lang='lat' dir='ltr'><strong>intelligere</strong></span> 
     </span>
    </p>
   </div>
   <div class='ocr_carea' id='block_1_53' title="bbox 479 4984 894 5050">
    <p class='ocr_par' dir='ltr' id='par_1_53' title="bbox 479 4984 894 5050">
     <span class='ocr_line' id='line_1_53' title="bbox 479 4984 894 5050; baseline -0.014 -12"><span class='ocrx_word' id='word_1_435' title='bbox 479 4994 536 5038; x_wconf 88' lang='lat' dir='ltr'><strong>ut</strong></span> <span class='ocrx_word' id='word_1_436' title='bbox 564 4984 688 5037; x_wconf 80' lang='lat' dir='ltr'><strong>bene</strong></span> <span class='ocrx_word' id='word_1_437' title='bbox 706 4989 894 5050; x_wconf 86' lang='lat' dir='ltr'><strong>ageret.</strong></span> 
     </span>
    </p>
   </div>
   <div class='ocr_carea' id='block_1_54' title="bbox 554 5068 2064 5144">
    <p class='ocr_par' dir='ltr' id='par_1_54' title="bbox 554 5068 2064 5144">
     <span class='ocr_line' id='line_1_54' title="bbox 554 5068 2064 5144; baseline -0.001 -16"><span class='ocrx_word' id='word_1_438' title='bbox 554 5075 607 5129; x_wconf 79' lang='lat'><strong>5.</strong></span> <span class='ocrx_word' id='word_1_439' title='bbox 646 5073 794 5144; x_wconf 57' lang='lat' dir='ltr'><strong>[vers</strong></span> <span class='ocrx_word' id='word_1_440' title='bbox 818 5069 899 5143; x_wconf 84' lang='lat'><strong>5.]</strong></span> <span class='ocrx_word' id='word_1_441' title='bbox 929 5069 1254 5138; x_wconf 85' lang='lat' dir='ltr'><strong>Iniquitatem</strong></span> <span class='ocrx_word' id='word_1_442' title='bbox 1281 5068 1549 5123; x_wconf 81' lang='lat' dir='ltr'><strong>meditatus</strong></span> <span class='ocrx_word' id='word_1_443' title='bbox 1596 5079 1666 5122; x_wconf 80' lang='lat' dir='ltr'><strong>est</strong></span> <span class='ocrx_word' id='word_1_444' title='bbox 1692 5071 1744 5124; x_wconf 89' lang='lat' dir='ltr'><strong>in</strong></span> <span class='ocrx_word' id='word_1_445' title='bbox 1774 5073 1925 5126; x_wconf 84' lang='lat' dir='ltr'><strong>cubili</strong></span> <span class='ocrx_word' id='word_1_446' title='bbox 1953 5090 2064 5126; x_wconf 82' lang='lat' dir='ltr'><strong>suo.</strong></span> 
     </span>
    </p>
   </div>
   <div class='ocr_carea' id='block_1_55' title="bbox 484 5159 2068 5233">
    <p class='ocr_par' dir='ltr' id='par_1_55' title="bbox 484 5159 2068 5233">
     <span class='ocr_line' id='line_1_55' title="bbox 484 5159 2068 5233; baseline -0.001 -15"><span class='ocrx_word' id='word_1_447' title='bbox 484 5165 621 5233; x_wconf 88' lang='lat' dir='ltr'><strong>Quid</strong></span> <span class='ocrx_word' id='word_1_448' title='bbox 645 5162 821 5227; x_wconf 81' lang='lat' dir='ltr'><strong>dixit,</strong></span> <span class='ocrx_word' id='word_1_449' title='bbox 843 5163 896 5216; x_wconf 85' lang='lat' dir='ltr'><strong>in</strong></span> <span class='ocrx_word' id='word_1_450' title='bbox 938 5161 1091 5215; x_wconf 86' lang='lat' dir='ltr'><strong>cubili</strong></span> <span class='ocrx_word' id='word_1_451' title='bbox 1117 5177 1208 5214; x_wconf 77' lang='lat' dir='ltr'><strong>suo</strong></span> <span class='ocrx_word' id='word_1_452' title='bbox 1225 5161 1251 5214; x_wconf 81' lang='lat'><strong>?</strong></span> <span class='ocrx_word' id='word_1_453' title='bbox 1276 5159 1421 5213; x_wconf 73' lang='lat' dir='ltr'><strong>Dixit</strong></span> <span class='ocrx_word' id='word_1_454' title='bbox 1451 5159 1689 5231; x_wconf 80' lang='lat' dir='ltr'><strong>injustas,</strong></span> <span class='ocrx_word' id='word_1_455' title='bbox 1734 5171 1788 5213; x_wconf 85' lang='lat' dir='ltr'><strong>ut</strong></span> <span class='ocrx_word' id='word_1_456' title='bbox 1810 5163 2068 5233; x_wconf 82' lang='lat' dir='ltr'><strong>delinquat</strong></span> 
     </span>
    </p>
   </div>
   <div class='ocr_carea' id='block_1_56' title="bbox 479 5251 2068 5325">
    <p class='ocr_par' dir='ltr' id='par_1_56' title="bbox 479 5251 2068 5325">
     <span class='ocr_line' id='line_1_56' title="bbox 479 5251 2068 5325; baseline -0.001 -15"><span class='ocrx_word' id='word_1_457' title='bbox 479 5258 534 5310; x_wconf 88' lang='lat' dir='ltr'><strong>in</strong></span> <span class='ocrx_word' id='word_1_458' title='bbox 559 5255 823 5325; x_wconf 79' lang='lat' dir='ltr'><strong>semetipso</strong></span> <span class='ocrx_word' id='word_1_459' title='bbox 845 5269 864 5307; x_wconf 91' lang='lat'><strong><em>:</em></strong></span> <span class='ocrx_word' id='word_1_460' title='bbox 893 5252 1036 5324; x_wconf 87' lang='lat' dir='ltr'><strong>quod</strong></span> <span class='ocrx_word' id='word_1_461' title='bbox 1057 5252 1191 5306; x_wconf 83' lang='lat' dir='ltr'><strong>dixit</strong></span> <span class='ocrx_word' id='word_1_462' title='bbox 1227 5251 1476 5320; x_wconf 88' lang='lat' dir='ltr'><strong>superius</strong></span> <span class='ocrx_word' id='word_1_463' title='bbox 1496 5293 1510 5316; x_wconf 92' lang='lat'><strong>,</strong></span> <span class='ocrx_word' id='word_1_464' title='bbox 1539 5251 1592 5304; x_wconf 90' lang='lat' dir='ltr'><strong>in</strong></span> <span class='ocrx_word' id='word_1_465' title='bbox 1634 5255 1937 5324; x_wconf 78' lang='lat' dir='ltr'><strong>semetipso;</strong></span> <span class='ocrx_word' id='word_1_466' title='bbox 1967 5253 2068 5309; x_wconf 88' lang='lat' dir='ltr'><strong>hoc</strong></span> 
     </span>
    </p>
   </div>
   <div class='ocr_carea' id='block_1_57' title="bbox 484 5343 2068 5409">
    <p class='ocr_par' dir='ltr' id='par_1_57' title="bbox 484 5343 2068 5409">
     <span class='ocr_line' id='line_1_57' title="bbox 484 5343 2068 5409; baseline -0.003 -8"><span class='ocrx_word' id='word_1_467' title='bbox 484 5347 574 5401; x_wconf 84' lang='lat' dir='ltr'><strong>hic</strong></span> <span class='ocrx_word' id='word_1_468' title='bbox 613 5347 765 5409; x_wconf 90' lang='lat' dir='ltr'><strong>dixit,</strong></span> <span class='ocrx_word' id='word_1_469' title='bbox 795 5347 849 5399; x_wconf 87' lang='lat' dir='ltr'><strong>in</strong></span> <span class='ocrx_word' id='word_1_470' title='bbox 877 5344 1030 5398; x_wconf 86' lang='lat' dir='ltr'><strong>cubili</strong></span> <span class='ocrx_word' id='word_1_471' title='bbox 1057 5360 1171 5398; x_wconf 79' lang='lat' dir='ltr'><strong>suo.</strong></span> <span class='ocrx_word' id='word_1_472' title='bbox 1223 5343 1410 5398; x_wconf 88' lang='lat' dir='ltr'><strong>Cubile</strong></span> <span class='ocrx_word' id='word_1_473' title='bbox 1438 5352 1677 5397; x_wconf 89' lang='lat' dir='ltr'><strong>nostrum</strong></span> <span class='ocrx_word' id='word_1_474' title='bbox 1728 5353 1811 5399; x_wconf 89' lang='lat' dir='ltr'><strong>est</strong></span> <span class='ocrx_word' id='word_1_475' title='bbox 1854 5360 1946 5400; x_wconf 89' lang='lat' dir='ltr'><strong>cor</strong></span> <span class='ocrx_word' id='word_1_476' title='bbox 1972 5361 2068 5399; x_wconf 82' lang='lat' dir='ltr'><strong>no-</strong></span> 
     </span>
    </p>
   </div>
   <div class='ocr_carea' id='block_1_58' title="bbox 484 5436 2070 5505">
    <p class='ocr_par' dir='ltr' id='par_1_58' title="bbox 484 5436 2070 5505">
     <span class='ocr_line' id='line_1_58' title="bbox 484 5436 2070 5505; baseline -0.001 -10"><span class='ocrx_word' id='word_1_477' title='bbox 484 5449 656 5495; x_wconf 89' lang='lat' dir='ltr'><strong>strum</strong></span> <span class='ocrx_word' id='word_1_478' title='bbox 691 5457 704 5494; x_wconf 91' lang='lat'>:</span> <span class='ocrx_word' id='word_1_479' title='bbox 737 5438 810 5494; x_wconf 92' lang='lat' dir='ltr'><strong>ibi</strong></span> <span class='ocrx_word' id='word_1_480' title='bbox 855 5438 1136 5493; x_wconf 91' lang='lat' dir='ltr'><strong>tumultum</strong></span> <span class='ocrx_word' id='word_1_481' title='bbox 1165 5438 1397 5505; x_wconf 88' lang='lat' dir='ltr'><strong>patimur</strong></span> <span class='ocrx_word' id='word_1_482' title='bbox 1424 5436 1576 5490; x_wconf 64' lang='lat' dir='ltr'><strong>malae</strong></span> <span class='ocrx_word' id='word_1_483' title='bbox 1610 5436 1951 5492; x_wconf 63' lang='lat' dir='ltr'><strong>conscientia:</strong></span> <span class='ocrx_word' id='word_1_484' title='bbox 1979 5447 2070 5493; x_wconf 88' lang='lat' dir='ltr'><strong>:et</strong></span> 
     </span>
    </p>
   </div>
   <div class='ocr_carea' id='block_1_59' title="bbox 485 5527 2066 5601">
    <p class='ocr_par' dir='ltr' id='par_1_59' title="bbox 485 5527 2066 5601">
     <span class='ocr_line' id='line_1_59' title="bbox 485 5527 2066 5601; baseline -0.003 -14"><span class='ocrx_word' id='word_1_485' title='bbox 485 5533 557 5587; x_wconf 88' lang='lat' dir='ltr'><strong>ibi</strong></span> <span class='ocrx_word' id='word_1_486' title='bbox 588 5530 992 5601; x_wconf 87' lang='lat' dir='ltr'><strong>requiescimus,</strong></span> <span class='ocrx_word' id='word_1_487' title='bbox 1023 5527 1243 5600; x_wconf 80' lang='lat' dir='ltr'><strong>quando</strong></span> <span class='ocrx_word' id='word_1_488' title='bbox 1292 5527 1431 5582; x_wconf 87' lang='lat' dir='ltr'><strong>bona</strong></span> <span class='ocrx_word' id='word_1_489' title='bbox 1459 5527 1786 5582; x_wconf 89' lang='lat' dir='ltr'><strong>conscientia</strong></span> <span class='ocrx_word' id='word_1_490' title='bbox 1817 5535 1917 5582; x_wconf 90' lang='lat' dir='ltr'><strong>est.</strong></span> <span class='ocrx_word' id='word_1_491' title='bbox 1965 5527 2066 5595; x_wconf 93' lang='lat' dir='ltr'><strong>Qui</strong></span> 
     </span>
    </p>
   </div>
   <div class='ocr_carea' id='block_1_60' title="bbox 482 5617 2069 5688">
    <p class='ocr_par' dir='ltr' id='par_1_60' title="bbox 482 5617 2069 5688">
     <span class='ocr_line' id='line_1_60' title="bbox 482 5617 2069 5688; baseline -0.008 -9"><span class='ocrx_word' id='word_1_492' title='bbox 482 5634 627 5679; x_wconf 89' lang='lat' dir='ltr'><strong>amat</strong></span> <span class='ocrx_word' id='word_1_493' title='bbox 654 5622 831 5677; x_wconf 89' lang='lat' dir='ltr'><strong>cubile</strong></span> <span class='ocrx_word' id='word_1_494' title='bbox 860 5621 1040 5676; x_wconf 88' lang='lat' dir='ltr'><strong>cordis</strong></span> <span class='ocrx_word' id='word_1_495' title='bbox 1087 5619 1189 5685; x_wconf 90' lang='lat' dir='ltr'><strong>sui,</strong></span> <span class='ocrx_word' id='word_1_496' title='bbox 1217 5617 1414 5688; x_wconf 89' lang='lat' dir='ltr'><strong>aliquid</strong></span> <span class='ocrx_word' id='word_1_497' title='bbox 1443 5618 1568 5671; x_wconf 91' lang='lat' dir='ltr'><strong>boni</strong></span> <span class='ocrx_word' id='word_1_498' title='bbox 1597 5617 1665 5672; x_wconf 89' lang='lat' dir='ltr'><strong>ibi</strong></span> <span class='ocrx_word' id='word_1_499' title='bbox 1695 5626 1834 5687; x_wconf 86' lang='lat' dir='ltr'><strong>agat.</strong></span> <span class='ocrx_word' id='word_1_500' title='bbox 1867 5618 1941 5672; x_wconf 91' lang='lat' dir='ltr'><strong>lbi</strong></span> <span class='ocrx_word' id='word_1_501' title='bbox 1986 5633 2069 5673; x_wconf 81' lang='lat' dir='ltr'><strong>es:</strong></span> 
     </span>
    </p>
   </div>
   <div class='ocr_carea' id='block_1_61' title="bbox 484 5707 2057 5779">
    <p class='ocr_par' dir='ltr' id='par_1_61' title="bbox 484 5707 2057 5779">
     <span class='ocr_line' id='line_1_61' title="bbox 484 5707 2057 5779; baseline -0.002 -11"><span class='ocrx_word' id='word_1_502' title='bbox 484 5716 681 5777; x_wconf 82' lang='lat' dir='ltr'><strong>cubile,</strong></span> <span class='ocrx_word' id='word_1_503' title='bbox 711 5713 798 5768; x_wconf 89' lang='lat' dir='ltr'><strong>ubi</strong></span> <span class='ocrx_word' id='word_1_504' title='bbox 829 5727 926 5766; x_wconf 89' lang='lat' dir='ltr'><strong>nos</strong></span> <span class='ocrx_word' id='word_1_505' title='bbox 951 5712 1205 5766; x_wconf 89' lang='lat' dir='ltr'><strong>Dominus</strong></span> <span class='ocrx_word' id='word_1_506' title='bbox 1233 5708 1390 5765; x_wconf 74' lang='lat' dir='ltr'><strong>Iesus</strong></span> <span class='ocrx_word' id='word_1_507' title='bbox 1415 5707 1829 5779; x_wconf 88' lang='lat' dir='ltr'><strong>Christusjubet</strong></span> <span class='ocrx_word' id='word_1_508' title='bbox 1856 5725 2017 5764; x_wconf 88' lang='lat' dir='ltr'><strong>orare</strong></span> <span class='ocrx_word' id='word_1_509' title='bbox 2045 5730 2057 5765; x_wconf 92' lang='lat'>:</span> 
     </span>
    </p>
   </div>
   <div class='ocr_carea' id='block_1_62' title="bbox 488 5801 2065 5871">
    <p class='ocr_par' dir='ltr' id='par_1_62' title="bbox 488 5801 2065 5871">
     <span class='ocr_line' id='line_1_62' title="bbox 488 5801 2065 5871; baseline -0.002 -10"><span class='ocrx_word' id='word_1_510' title='bbox 488 5804 636 5861; x_wconf 78' lang='lat' dir='ltr'><strong>Intra</strong></span> <span class='ocrx_word' id='word_1_511' title='bbox 658 5807 709 5861; x_wconf 90' lang='lat' dir='ltr'><strong>in</strong></span> <span class='ocrx_word' id='word_1_512' title='bbox 735 5805 1018 5860; x_wconf 80' lang='lat' dir='ltr'><strong>cubiculum</strong></span> <span class='ocrx_word' id='word_1_513' title='bbox 1057 5814 1215 5871; x_wconf 84' lang='lat' dir='ltr'><strong>mum,</strong></span> <span class='ocrx_word' id='word_1_514' title='bbox 1250 5814 1295 5859; x_wconf 88' lang='lat' dir='ltr'><strong>et</strong></span> <span class='ocrx_word' id='word_1_515' title='bbox 1321 5803 1504 5858; x_wconf 85' lang='lat' dir='ltr'><strong>claude</strong></span> <span class='ocrx_word' id='word_1_516' title='bbox 1532 5803 1716 5857; x_wconf 80' lang='lat' dir='ltr'><strong>ostium</strong></span> <span class='ocrx_word' id='word_1_517' title='bbox 1742 5812 1900 5858; x_wconf 85' lang='lat' dir='ltr'><strong>tuum.</strong></span> <span class='ocrx_word' id='word_1_518' title='bbox 1929 5801 2065 5867; x_wconf 86' lang='lat' dir='ltr'><strong>Quid</strong></span> 
     </span>
    </p>
   </div>
   <div class='ocr_carea' id='block_1_63' title="bbox 2168 584 3756 658">
    <p class='ocr_par' dir='ltr' id='par_1_63' title="bbox 2168 584 3756 658">
     <span class='ocr_line' id='line_1_63' title="bbox 2168 584 3756 658; baseline 0.004 -19"><span class='ocrx_word' id='word_1_519' title='bbox 2168 599 2287 653; x_wconf 72' lang='lat' dir='ltr'><strong>qua:</strong></span> <span class='ocrx_word' id='word_1_520' title='bbox 2313 584 2604 644; x_wconf 77' lang='lat' dir='ltr'><strong>forinsecus</strong></span> <span class='ocrx_word' id='word_1_521' title='bbox 2647 598 2811 654; x_wconf 88' lang='lat' dir='ltr'><strong>sunt;</strong></span> <span class='ocrx_word' id='word_1_522' title='bbox 2843 589 2936 645; x_wconf 87' lang='lat' dir='ltr'><strong>sed</strong></span> <span class='ocrx_word' id='word_1_523' title='bbox 2972 605 3036 645; x_wconf 82' lang='lat' dir='ltr'><strong>ea</strong></span> <span class='ocrx_word' id='word_1_524' title='bbox 3081 606 3202 658; x_wconf 69' lang='lat' dir='ltr'><strong>qua:</strong></span> <span class='ocrx_word' id='word_1_525' title='bbox 3243 592 3564 647; x_wconf 82' lang='lat' dir='ltr'><strong>intrinsecus</strong></span> <span class='ocrx_word' id='word_1_526' title='bbox 3591 600 3756 654; x_wconf 79' lang='lat' dir='ltr'><strong>sunt:</strong></span> 
     </span>
    </p>
   </div>
   <div class='ocr_carea' id='block_1_64' title="bbox 2172 673 3759 749">
    <p class='ocr_par' dir='ltr' id='par_1_64' title="bbox 2172 673 3759 749">
     <span class='ocr_line' id='line_1_64' title="bbox 2172 673 3759 749; baseline 0.004 -22"><span class='ocrx_word' id='word_1_527' title='bbox 2172 673 2239 728; x_wconf 86' lang='lat' dir='ltr'><strong>Et</strong></span> <span class='ocrx_word' id='word_1_528' title='bbox 2297 673 2456 730; x_wconf 86' lang='lat' dir='ltr'><strong>Pater</strong></span> <span class='ocrx_word' id='word_1_529' title='bbox 2504 686 2641 744; x_wconf 76' lang='lat' dir='ltr'><strong>tuae,</strong></span> <span class='ocrx_word' id='word_1_530' title='bbox 2690 680 2777 749; x_wconf 88' lang='lat' dir='ltr'><strong>qui</strong></span> <span class='ocrx_word' id='word_1_531' title='bbox 2823 681 3037 734; x_wconf 81' lang='lat' dir='ltr'><strong>videtin</strong></span> <span class='ocrx_word' id='word_1_532' title='bbox 3077 681 3392 747; x_wconf 74' lang='lat' dir='ltr'><strong>abscondito,</strong></span> <span class='ocrx_word' id='word_1_533' title='bbox 3437 681 3611 736; x_wconf 84' lang='lat' dir='ltr'><strong>reddet</strong></span> <span class='ocrx_word' id='word_1_534' title='bbox 3669 684 3759 734; x_wconf 83' lang='lat' dir='ltr'><strong>tibi</strong></span> 
     </span>
    </p>
   </div>
   <div class='ocr_carea' id='block_1_65' title="bbox 2171 766 3759 844">
    <p class='ocr_par' dir='ltr' id='par_1_65' title="bbox 2171 766 3759 844">
     <span class='ocr_line' id='line_1_65' title="bbox 2171 766 3759 844; baseline 0.004 -23"><span class='ocrx_word' id='word_1_535' title='bbox 2171 769 2190 837; x_wconf 94' lang='lat'><strong>(</strong></span> <span class='ocrx_word' id='word_1_536' title='bbox 2236 766 2422 822; x_wconf 77' lang='lat' dir='ltr'><strong>Matth.</strong></span> <span class='ocrx_word' id='word_1_537' title='bbox 2445 786 2518 838; x_wconf 77' lang='lat' dir='ltr'><strong>vi,</strong></span> <span class='ocrx_word' id='word_1_538' title='bbox 2549 769 2636 841; x_wconf 88' lang='lat'><strong>6).</strong></span> <span class='ocrx_word' id='word_1_539' title='bbox 2664 770 2794 838; x_wconf 87' lang='lat' dir='ltr'><strong>Quis</strong></span> <span class='ocrx_word' id='word_1_540' title='bbox 2817 781 2900 827; x_wconf 89' lang='lat' dir='ltr'><strong>est</strong></span> <span class='ocrx_word' id='word_1_541' title='bbox 2927 773 3019 844; x_wconf 90' lang='lat' dir='ltr'><strong>qui</strong></span> <span class='ocrx_word' id='word_1_542' title='bbox 3044 788 3151 828; x_wconf 91' lang='lat' dir='ltr'><strong>non</strong></span> <span class='ocrx_word' id='word_1_543' title='bbox 3174 773 3372 834; x_wconf 82' lang='lat' dir='ltr'><strong>claudit</strong></span> <span class='ocrx_word' id='word_1_544' title='bbox 3394 774 3631 830; x_wconf 83' lang='lat' dir='ltr'><strong>ostium?</strong></span> <span class='ocrx_word' id='word_1_545' title='bbox 3655 774 3759 842; x_wconf 87' lang='lat' dir='ltr'><strong>Qui</strong></span> 
     </span>
    </p>
   </div>
   <div class='ocr_carea' id='block_1_66' title="bbox 2174 861 3759 934">
    <p class='ocr_par' dir='ltr' id='par_1_66' title="bbox 2174 861 3759 934">
     <span class='ocr_line' id='line_1_66' title="bbox 2174 861 3759 934; baseline 0.006 -22"><span class='ocrx_word' id='word_1_546' title='bbox 2174 861 2295 912; x_wconf 83' lang='lat' dir='ltr'><strong>talia</strong></span> <span class='ocrx_word' id='word_1_547' title='bbox 2324 861 2455 930; x_wconf 89' lang='lat' dir='ltr'><strong>petit</strong></span> <span class='ocrx_word' id='word_1_548' title='bbox 2481 876 2510 914; x_wconf 90' lang='lat' dir='ltr'><strong>a</strong></span> <span class='ocrx_word' id='word_1_549' title='bbox 2543 861 2653 916; x_wconf 88' lang='lat' dir='ltr'><strong>Deo</strong></span> <span class='ocrx_word' id='word_1_550' title='bbox 2693 877 2791 931; x_wconf 90' lang='lat' dir='ltr'><strong>pro</strong></span> <span class='ocrx_word' id='word_1_551' title='bbox 2838 879 3032 934; x_wconf 86' lang='lat' dir='ltr'><strong>magno</strong></span> <span class='ocrx_word' id='word_1_552' title='bbox 3057 875 3109 920; x_wconf 91' lang='lat' dir='ltr'><strong>et</strong></span> <span class='ocrx_word' id='word_1_553' title='bbox 3137 865 3206 920; x_wconf 87' lang='lat' dir='ltr'><strong>ibi</strong></span> <span class='ocrx_word' id='word_1_554' title='bbox 3237 866 3517 921; x_wconf 79' lang='lat' dir='ltr'><strong>conStituit</strong></span> <span class='ocrx_word' id='word_1_555' title='bbox 3565 881 3759 921; x_wconf 86' lang='lat' dir='ltr'><strong>omnes</strong></span> 
     </span>
    </p>
   </div>
   <div class='ocr_carea' id='block_1_67' title="bbox 2171 956 3760 1029">
    <p class='ocr_par' dir='ltr' id='par_1_67' title="bbox 2171 956 3760 1029">
     <span class='ocr_line' id='line_1_67' title="bbox 2171 956 3760 1029; baseline 0.003 -23"><span class='ocrx_word' id='word_1_556' title='bbox 2171 963 2359 1021; x_wconf 89' lang='lat' dir='ltr'><strong>preces</strong></span> <span class='ocrx_word' id='word_1_557' title='bbox 2399 967 2544 1017; x_wconf 88' lang='lat' dir='ltr'><strong>suas,</strong></span> <span class='ocrx_word' id='word_1_558' title='bbox 2578 963 2636 1009; x_wconf 93' lang='lat' dir='ltr'><strong>ut</strong></span> <span class='ocrx_word' id='word_1_559' title='bbox 2687 956 2913 1027; x_wconf 85' lang='lat' dir='ltr'><strong>accipiat</strong></span> <span class='ocrx_word' id='word_1_560' title='bbox 2957 972 3019 1011; x_wconf 89' lang='lat' dir='ltr'><strong>ea</strong></span> <span class='ocrx_word' id='word_1_561' title='bbox 3051 974 3170 1028; x_wconf 69' lang='lat' dir='ltr'><strong>qua:</strong></span> <span class='ocrx_word' id='word_1_562' title='bbox 3205 967 3329 1013; x_wconf 90' lang='lat' dir='ltr'><strong>sunt</strong></span> <span class='ocrx_word' id='word_1_563' title='bbox 3378 956 3536 1029; x_wconf 88' lang='lat' dir='ltr'><strong>hujus</strong></span> <span class='ocrx_word' id='word_1_564' title='bbox 3574 957 3760 1014; x_wconf 72' lang='lat' dir='ltr'><strong>sazculi</strong></span> 
     </span>
    </p>
   </div>
   <div class='ocr_carea' id='block_1_68' title="bbox 2171 1040 3754 1112">
    <p class='ocr_par' dir='ltr' id='par_1_68' title="bbox 2171 1040 3754 1112">
     <span class='ocr_line' id='line_1_68' title="bbox 2171 1040 3754 1112; baseline 0.006 -17"><span class='ocrx_word' id='word_1_565' title='bbox 2171 1040 2331 1096; x_wconf 81' lang='lat' dir='ltr'><strong>bona.</strong></span> <span class='ocrx_word' id='word_1_566' title='bbox 2390 1041 2540 1098; x_wconf 88' lang='lat' dir='ltr'><strong>Patet</strong></span> <span class='ocrx_word' id='word_1_567' title='bbox 2597 1046 2792 1101; x_wconf 90' lang='lat' dir='ltr'><strong>ostium</strong></span> <span class='ocrx_word' id='word_1_568' title='bbox 2833 1055 3001 1112; x_wconf 90' lang='lat' dir='ltr'><strong>tuum,</strong></span> <span class='ocrx_word' id='word_1_569' title='bbox 3048 1047 3201 1103; x_wconf 89' lang='lat' dir='ltr'><strong>turba</strong></span> <span class='ocrx_word' id='word_1_570' title='bbox 3248 1047 3399 1104; x_wconf 88' lang='lat' dir='ltr'><strong>videt</strong></span> <span class='ocrx_word' id='word_1_571' title='bbox 3447 1063 3571 1103; x_wconf 91' lang='lat' dir='ltr'><strong>cum</strong></span> <span class='ocrx_word' id='word_1_572' title='bbox 3600 1063 3754 1104; x_wconf 87' lang='lat' dir='ltr'><strong>oras.</strong></span> 
     </span>
    </p>
   </div>
   <div class='ocr_carea' id='block_1_69' title="bbox 2172 1132 3754 1210">
    <p class='ocr_par' dir='ltr' id='par_1_69' title="bbox 2172 1132 3754 1210">
     <span class='ocr_line' id='line_1_69' title="bbox 2172 1132 3754 1210; baseline 0.008 -23"><span class='ocrx_word' id='word_1_573' title='bbox 2172 1132 2307 1201; x_wconf 86' lang='lat' dir='ltr'><strong>Quid</strong></span> <span class='ocrx_word' id='word_1_574' title='bbox 2335 1143 2417 1190; x_wconf 91' lang='lat' dir='ltr'><strong>est</strong></span> <span class='ocrx_word' id='word_1_575' title='bbox 2434 1135 2681 1195; x_wconf 85' lang='lat' dir='ltr'><strong>claudere</strong></span> <span class='ocrx_word' id='word_1_576' title='bbox 2703 1139 2900 1195; x_wconf 87' lang='lat' dir='ltr'><strong>ostium</strong></span> <span class='ocrx_word' id='word_1_577' title='bbox 2923 1141 3110 1194; x_wconf 89' lang='lat' dir='ltr'><strong>tuum?</strong></span> <span class='ocrx_word' id='word_1_578' title='bbox 3143 1139 3214 1196; x_wconf 91' lang='lat' dir='ltr'><strong>Ut</strong></span> <span class='ocrx_word' id='word_1_579' title='bbox 3245 1141 3347 1195; x_wconf 82' lang='lat' dir='ltr'><strong>hoc</strong></span> <span class='ocrx_word' id='word_1_580' title='bbox 3371 1149 3518 1210; x_wconf 87' lang='lat' dir='ltr'><strong>petas</strong></span> <span class='ocrx_word' id='word_1_581' title='bbox 3537 1155 3569 1195; x_wconf 87' lang='lat' dir='ltr'><strong>a</strong></span> <span class='ocrx_word' id='word_1_582' title='bbox 3597 1141 3714 1194; x_wconf 84' lang='lat' dir='ltr'><strong>Deo</strong></span> <span class='ocrx_word' id='word_1_583' title='bbox 3733 1173 3754 1199; x_wconf 74' lang='grc'><strong>9</strong></span> 
     </span>
    </p>
   </div>
   <div class='ocr_carea' id='block_1_70' title="bbox 2172 1225 3760 1302">
    <p class='ocr_par' dir='ltr' id='par_1_70' title="bbox 2172 1225 3760 1302">
     <span class='ocr_line' id='line_1_70' title="bbox 2172 1225 3760 1302; baseline 0.004 -22"><span class='ocrx_word' id='word_1_584' title='bbox 2172 1225 2314 1295; x_wconf 91' lang='lat' dir='ltr'><strong>quod</strong></span> <span class='ocrx_word' id='word_1_585' title='bbox 2337 1226 2482 1282; x_wconf 91' lang='lat' dir='ltr'><strong>solus</strong></span> <span class='ocrx_word' id='word_1_586' title='bbox 2510 1229 2651 1284; x_wconf 87' lang='lat' dir='ltr'><strong>Deus</strong></span> <span class='ocrx_word' id='word_1_587' title='bbox 2676 1232 2823 1285; x_wconf 91' lang='lat' dir='ltr'><strong>novit</strong></span> <span class='ocrx_word' id='word_1_588' title='bbox 2840 1231 3106 1302; x_wconf 91' lang='lat' dir='ltr'><strong>quomodo</strong></span> <span class='ocrx_word' id='word_1_589' title='bbox 3132 1231 3226 1286; x_wconf 89' lang='lat' dir='ltr'><strong>tibi</strong></span> <span class='ocrx_word' id='word_1_590' title='bbox 3250 1231 3360 1288; x_wconf 91' lang='lat' dir='ltr'><strong>det.</strong></span> <span class='ocrx_word' id='word_1_591' title='bbox 3381 1231 3518 1300; x_wconf 88' lang='lat' dir='ltr'><strong>Quid</strong></span> <span class='ocrx_word' id='word_1_592' title='bbox 3547 1240 3634 1288; x_wconf 83' lang='lat' dir='ltr'><strong>est</strong></span> <span class='ocrx_word' id='word_1_593' title='bbox 3654 1231 3760 1287; x_wconf 83' lang='lat' dir='ltr'><strong>hoc</strong></span> 
     </span>
    </p>
   </div>
   <div class='ocr_carea' id='block_1_71' title="bbox 2174 1319 3764 1392">
    <p class='ocr_par' dir='ltr' id='par_1_71' title="bbox 2174 1319 3764 1392">
     <span class='ocr_line' id='line_1_71' title="bbox 2174 1319 3764 1392; baseline 0.004 -21"><span class='ocrx_word' id='word_1_594' title='bbox 2174 1327 2391 1386; x_wconf 84' lang='lat' dir='ltr'><strong>propter</strong></span> <span class='ocrx_word' id='word_1_595' title='bbox 2415 1319 2556 1389; x_wconf 86' lang='lat' dir='ltr'><strong>quod</strong></span> <span class='ocrx_word' id='word_1_596' title='bbox 2607 1319 2810 1376; x_wconf 83' lang='lat' dir='ltr'><strong>claudis</strong></span> <span class='ocrx_word' id='word_1_597' title='bbox 2835 1321 3030 1378; x_wconf 87' lang='lat' dir='ltr'><strong>ostium</strong></span> <span class='ocrx_word' id='word_1_598' title='bbox 3050 1363 3066 1388; x_wconf 92' lang='lat'><strong>,</strong></span> <span class='ocrx_word' id='word_1_599' title='bbox 3099 1331 3155 1377; x_wconf 88' lang='lat' dir='ltr'><strong>et</strong></span> <span class='ocrx_word' id='word_1_600' title='bbox 3183 1323 3359 1392; x_wconf 84' lang='lat' dir='ltr'><strong>petis?</strong></span> <span class='ocrx_word' id='word_1_601' title='bbox 3383 1321 3536 1389; x_wconf 91' lang='lat' dir='ltr'><strong>Quod</strong></span> <span class='ocrx_word' id='word_1_602' title='bbox 3569 1322 3764 1378; x_wconf 82' lang='lat' dir='ltr'><strong>oculus</strong></span> 
     </span>
    </p>
   </div>
   <div class='ocr_carea' id='block_1_72' title="bbox 2176 1408 3763 1479">
    <p class='ocr_par' dir='ltr' id='par_1_72' title="bbox 2176 1408 3763 1479">
     <span class='ocr_line' id='line_1_72' title="bbox 2176 1408 3763 1479; baseline 0.003 -16"><span class='ocrx_word' id='word_1_603' title='bbox 2176 1423 2282 1464; x_wconf 90' lang='lat' dir='ltr'><strong>non</strong></span> <span class='ocrx_word' id='word_1_604' title='bbox 2313 1408 2464 1476; x_wconf 90' lang='lat' dir='ltr'><strong>vidit,</strong></span> <span class='ocrx_word' id='word_1_605' title='bbox 2524 1427 2624 1467; x_wconf 87' lang='lat' dir='ltr'><strong>nec</strong></span> <span class='ocrx_word' id='word_1_606' title='bbox 2677 1414 2822 1468; x_wconf 89' lang='lat' dir='ltr'><strong>auris</strong></span> <span class='ocrx_word' id='word_1_607' title='bbox 2871 1413 3110 1479; x_wconf 85' lang='lat' dir='ltr'><strong>audivit,</strong></span> <span class='ocrx_word' id='word_1_608' title='bbox 3159 1430 3260 1469; x_wconf 85' lang='lat' dir='ltr'><strong>nec</strong></span> <span class='ocrx_word' id='word_1_609' title='bbox 3288 1415 3341 1470; x_wconf 90' lang='lat' dir='ltr'><strong>in</strong></span> <span class='ocrx_word' id='word_1_610' title='bbox 3386 1430 3480 1470; x_wconf 93' lang='lat' dir='ltr'><strong>cor</strong></span> <span class='ocrx_word' id='word_1_611' title='bbox 3525 1413 3763 1468; x_wconf 87' lang='lat' dir='ltr'><strong>hominis</strong></span> 
     </span>
    </p>
   </div>
   <div class='ocr_carea' id='block_1_73' title="bbox 2174 1500 3759 1575">
    <p class='ocr_par' dir='ltr' id='par_1_73' title="bbox 2174 1500 3759 1575">
     <span class='ocr_line' id='line_1_73' title="bbox 2174 1500 3759 1575; baseline 0.005 -23"><span class='ocrx_word' id='word_1_612' title='bbox 2174 1500 2417 1556; x_wconf 90' lang='lat' dir='ltr'><strong>ascendit</strong></span> <span class='ocrx_word' id='word_1_613' title='bbox 2457 1500 2626 1572; x_wconf 78' lang='lat' dir='ltr'><strong>(Isai.</strong></span> <span class='ocrx_word' id='word_1_614' title='bbox 2654 1520 2780 1558; x_wconf 79' lang='lat' dir='ltr'><strong>utv</strong></span> <span class='ocrx_word' id='word_1_615' title='bbox 2807 1545 2823 1571; x_wconf 91' lang='lat'><strong>,</strong></span> <span class='ocrx_word' id='word_1_616' title='bbox 2851 1506 2913 1570; x_wconf 68' lang='grc' dir='ltr'>«ις</span> <span class='ocrx_word' id='word_1_617' title='bbox 2950 1504 2968 1558; x_wconf 93' lang='grc' dir='ltr'><strong>ι</strong></span> <span class='ocrx_word' id='word_1_618' title='bbox 3009 1503 3126 1560; x_wconf 89' lang='lat' dir='ltr'><strong>Cor.</strong></span> <span class='ocrx_word' id='word_1_619' title='bbox 3158 1521 3216 1569; x_wconf 87' lang='grc' dir='ltr'>ιι,</span> <span class='ocrx_word' id='word_1_620' title='bbox 3247 1505 3343 1575; x_wconf 89' lang='lat'><strong>9).</strong></span> <span class='ocrx_word' id='word_1_621' title='bbox 3373 1505 3441 1560; x_wconf 86' lang='lat' dir='ltr'><strong>Et</strong></span> <span class='ocrx_word' id='word_1_622' title='bbox 3482 1503 3620 1560; x_wconf 86' lang='lat' dir='ltr'><strong>forte</strong></span> <span class='ocrx_word' id='word_1_623' title='bbox 3650 1519 3759 1560; x_wconf 88' lang='lat' dir='ltr'><strong>non</strong></span> 
     </span>
    </p>
   </div>
   <div class='ocr_carea' id='block_1_74' title="bbox 2173 1593 3758 1664">
    <p class='ocr_par' dir='ltr' id='par_1_74' title="bbox 2173 1593 3758 1664">
     <span class='ocr_line' id='line_1_74' title="bbox 2173 1593 3758 1664; baseline 0.004 -21"><span class='ocrx_word' id='word_1_624' title='bbox 2173 1593 2414 1647; x_wconf 86' lang='lat' dir='ltr'><strong>ascendit</strong></span> <span class='ocrx_word' id='word_1_625' title='bbox 2444 1593 2495 1648; x_wconf 93' lang='lat' dir='ltr'><strong>in</strong></span> <span class='ocrx_word' id='word_1_626' title='bbox 2524 1594 2696 1664; x_wconf 89' lang='lat' dir='ltr'><strong>ipsum</strong></span> <span class='ocrx_word' id='word_1_627' title='bbox 2727 1596 2902 1650; x_wconf 91' lang='lat' dir='ltr'><strong>cubile</strong></span> <span class='ocrx_word' id='word_1_628' title='bbox 2946 1605 3118 1659; x_wconf 90' lang='lat' dir='ltr'><strong>tuum,</strong></span> <span class='ocrx_word' id='word_1_629' title='bbox 3161 1594 3213 1650; x_wconf 89' lang='lat' dir='ltr'><strong>id</strong></span> <span class='ocrx_word' id='word_1_630' title='bbox 3251 1603 3334 1649; x_wconf 91' lang='lat' dir='ltr'><strong>est</strong></span> <span class='ocrx_word' id='word_1_631' title='bbox 3364 1595 3415 1650; x_wconf 89' lang='lat' dir='ltr'><strong>in</strong></span> <span class='ocrx_word' id='word_1_632' title='bbox 3445 1610 3542 1651; x_wconf 90' lang='lat' dir='ltr'><strong>cor</strong></span> <span class='ocrx_word' id='word_1_633' title='bbox 3581 1603 3758 1650; x_wconf 88' lang='lat' dir='ltr'><strong>tuum.</strong></span> 
     </span>
    </p>
   </div>
   <div class='ocr_carea' id='block_1_75' title="bbox 2173 1682 3760 1756">
    <p class='ocr_par' dir='ltr' id='par_1_75' title="bbox 2173 1682 3760 1756">
     <span class='ocr_line' id='line_1_75' title="bbox 2173 1682 3760 1756; baseline 0.003 -18"><span class='ocrx_word' id='word_1_634' title='bbox 2173 1682 2278 1738; x_wconf 87' lang='lat' dir='ltr'><strong>Sed</strong></span> <span class='ocrx_word' id='word_1_635' title='bbox 2312 1683 2455 1740; x_wconf 87' lang='lat' dir='ltr'><strong>Deus</strong></span> <span class='ocrx_word' id='word_1_636' title='bbox 2491 1686 2637 1740; x_wconf 90' lang='lat' dir='ltr'><strong>novit</strong></span> <span class='ocrx_word' id='word_1_637' title='bbox 2661 1685 2786 1756; x_wconf 90' lang='lat' dir='ltr'><strong>quid</strong></span> <span class='ocrx_word' id='word_1_638' title='bbox 2827 1685 2923 1742; x_wconf 90' lang='lat' dir='ltr'><strong>tibi</strong></span> <span class='ocrx_word' id='word_1_639' title='bbox 2944 1686 3164 1741; x_wconf 88' lang='lat' dir='ltr'><strong>daturus</strong></span> <span class='ocrx_word' id='word_1_640' title='bbox 3191 1694 3292 1742; x_wconf 85' lang='lat' dir='ltr'><strong>est.</strong></span> <span class='ocrx_word' id='word_1_641' title='bbox 3329 1687 3550 1755; x_wconf 90' lang='lat' dir='ltr'><strong>Quando</strong></span> <span class='ocrx_word' id='word_1_642' title='bbox 3578 1697 3760 1742; x_wconf 88' lang='lat' dir='ltr'><strong>autem</strong></span> 
     </span>
    </p>
   </div>
   <div class='ocr_carea' id='block_1_76' title="bbox 2176 1774 3765 1847">
    <p class='ocr_par' dir='ltr' id='par_1_76' title="bbox 2176 1774 3765 1847">
     <span class='ocr_line' id='line_1_76' title="bbox 2176 1774 3765 1847; baseline 0.003 -19"><span class='ocrx_word' id='word_1_643' title='bbox 2176 1774 2316 1829; x_wconf 85' lang='lat' dir='ltr'><strong>erit?</strong></span> <span class='ocrx_word' id='word_1_644' title='bbox 2343 1775 2568 1843; x_wconf 90' lang='lat' dir='ltr'><strong>Quando</strong></span> <span class='ocrx_word' id='word_1_645' title='bbox 2591 1777 2912 1832; x_wconf 87' lang='lat' dir='ltr'><strong>revelabitur</strong></span> <span class='ocrx_word' id='word_1_646' title='bbox 2938 1777 3209 1842; x_wconf 86' lang='lat' dir='ltr'><strong>Dominus,</strong></span> <span class='ocrx_word' id='word_1_647' title='bbox 3235 1776 3447 1847; x_wconf 85' lang='lat' dir='ltr'><strong>quando</strong></span> <span class='ocrx_word' id='word_1_648' title='bbox 3481 1778 3765 1847; x_wconf 86' lang='lat' dir='ltr'><strong>apparebit</strong></span> 
     </span>
    </p>
   </div>
   <div class='ocr_carea' id='block_1_77' title="bbox 2168 1865 3766 1939">
    <p class='ocr_par' dir='ltr' id='par_1_77' title="bbox 2168 1865 3766 1939">
     <span class='ocr_line' id='line_1_77' title="bbox 2168 1865 3766 1939; baseline 0.004 -21"><span class='ocrx_word' id='word_1_649' title='bbox 2168 1865 2353 1935; x_wconf 82' lang='lat' dir='ltr'><strong>judex.</strong></span> <span class='ocrx_word' id='word_1_650' title='bbox 2376 1867 2511 1934; x_wconf 87' lang='lat' dir='ltr'><strong>Quid</strong></span> <span class='ocrx_word' id='word_1_651' title='bbox 2538 1866 2681 1922; x_wconf 90' lang='lat' dir='ltr'><strong>enim</strong></span> <span class='ocrx_word' id='word_1_652' title='bbox 2708 1867 3040 1922; x_wconf 74' lang='lat' dir='ltr'><strong>manifestius</strong></span> <span class='ocrx_word' id='word_1_653' title='bbox 3063 1884 3222 1939; x_wconf 90' lang='lat' dir='ltr'><strong>quam</strong></span> <span class='ocrx_word' id='word_1_654' title='bbox 3252 1869 3392 1938; x_wconf 89' lang='lat' dir='ltr'><strong>quod</strong></span> <span class='ocrx_word' id='word_1_655' title='bbox 3417 1869 3657 1924; x_wconf 91' lang='lat' dir='ltr'><strong>dicturus</strong></span> <span class='ocrx_word' id='word_1_656' title='bbox 3677 1878 3766 1925; x_wconf 85' lang='lat' dir='ltr'><strong>est</strong></span> 
     </span>
    </p>
   </div>
   <div class='ocr_carea' id='block_1_78' title="bbox 2173 1956 3762 2029">
    <p class='ocr_par' dir='ltr' id='par_1_78' title="bbox 2173 1956 3762 2029">
     <span class='ocr_line' id='line_1_78' title="bbox 2173 1956 3762 2029; baseline 0.002 -19"><span class='ocrx_word' id='word_1_657' title='bbox 2173 1956 2242 2011; x_wconf 86' lang='lat' dir='ltr'><strong>ad</strong></span> <span class='ocrx_word' id='word_1_658' title='bbox 2289 1957 2561 2013; x_wconf 81' lang='lat' dir='ltr'><strong>dexteram</strong></span> <span class='ocrx_word' id='word_1_659' title='bbox 2605 1959 2830 2029; x_wconf 81' lang='lat' dir='ltr'><strong>positis?</strong></span> <span class='ocrx_word' id='word_1_660' title='bbox 2871 1959 3072 2024; x_wconf 84' lang='lat' dir='ltr'><strong>Venite,</strong></span> <span class='ocrx_word' id='word_1_661' title='bbox 3117 1959 3364 2014; x_wconf 81' lang='lat' dir='ltr'><strong>benedicti</strong></span> <span class='ocrx_word' id='word_1_662' title='bbox 3407 1959 3577 2014; x_wconf 77' lang='lat' dir='ltr'><strong>Patris</strong></span> <span class='ocrx_word' id='word_1_663' title='bbox 3619 1961 3762 2027; x_wconf 87' lang='lat' dir='ltr'><strong>mei,</strong></span> 
     </span>
    </p>
   </div>
   <div class='ocr_carea' id='block_1_79' title="bbox 2175 2049 3749 2121">
    <p class='ocr_par' dir='ltr' id='par_1_79' title="bbox 2175 2049 3749 2121">
     <span class='ocr_line' id='line_1_79' title="bbox 2175 2049 3749 2121; baseline 0.001 -20"><span class='ocrx_word' id='word_1_664' title='bbox 2175 2049 2414 2118; x_wconf 87' lang='lat' dir='ltr'><strong>percipite</strong></span> <span class='ocrx_word' id='word_1_665' title='bbox 2460 2066 2670 2117; x_wconf 84' lang='lat' dir='ltr'><strong>regnum</strong></span> <span class='ocrx_word' id='word_1_666' title='bbox 2713 2049 2848 2121; x_wconf 84' lang='lat' dir='ltr'><strong>quod</strong></span> <span class='ocrx_word' id='word_1_667' title='bbox 2897 2051 3032 2106; x_wconf 77' lang='lat' dir='ltr'><strong>vobis</strong></span> <span class='ocrx_word' id='word_1_668' title='bbox 3060 2060 3294 2121; x_wconf 83' lang='lat' dir='ltr'><strong>paratum</strong></span> <span class='ocrx_word' id='word_1_669' title='bbox 3335 2060 3408 2104; x_wconf 78' lang='lat' dir='ltr'><strong>est</strong></span> <span class='ocrx_word' id='word_1_670' title='bbox 3434 2049 3497 2103; x_wconf 87' lang='lat' dir='ltr'><strong>ab</strong></span> <span class='ocrx_word' id='word_1_671' title='bbox 3547 2050 3749 2120; x_wconf 82' lang='lat' dir='ltr'><strong>origine</strong></span> 
     </span>
    </p>
   </div>
   <div class='ocr_carea' id='block_1_80' title="bbox 2174 2141 3763 2216">
    <p class='ocr_par' dir='ltr' id='par_1_80' title="bbox 2174 2141 3763 2216">
     <span class='ocr_line' id='line_1_80' title="bbox 2174 2141 3763 2216; baseline 0.002 -22"><span class='ocrx_word' id='word_1_672' title='bbox 2174 2141 2352 2196; x_wconf 86' lang='lat' dir='ltr'><strong>mundi</strong></span> <span class='ocrx_word' id='word_1_673' title='bbox 2390 2142 2614 2214; x_wconf 82' lang='lat' dir='ltr'><strong>(Matth.</strong></span> <span class='ocrx_word' id='word_1_674' title='bbox 2665 2158 2788 2208; x_wconf 84' lang='lat' dir='ltr'><strong>xxv,</strong></span> <span class='ocrx_word' id='word_1_675' title='bbox 2833 2141 2959 2216; x_wconf 73' lang='grc'><strong>54).</strong></span> <span class='ocrx_word' id='word_1_676' title='bbox 3020 2142 3252 2198; x_wconf 77' lang='lat' dir='ltr'><strong>Audierit</strong></span> <span class='ocrx_word' id='word_1_677' title='bbox 3297 2143 3412 2198; x_wconf 70' lang='lat' dir='ltr'><strong>lucc</strong></span> <span class='ocrx_word' id='word_1_678' title='bbox 3442 2143 3516 2196; x_wconf 90' lang='lat' dir='ltr'><strong>illi</strong></span> <span class='ocrx_word' id='word_1_679' title='bbox 3565 2143 3653 2212; x_wconf 90' lang='lat' dir='ltr'><strong>qui</strong></span> <span class='ocrx_word' id='word_1_680' title='bbox 3691 2141 3763 2197; x_wconf 88' lang='lat' dir='ltr'><strong>ad</strong></span> 
     </span>
    </p>
   </div>
   <div class='ocr_carea' id='block_1_81' title="bbox 2175 2234 3758 2308">
    <p class='ocr_par' dir='ltr' id='par_1_81' title="bbox 2175 2234 3758 2308">
     <span class='ocr_line' id='line_1_81' title="bbox 2175 2234 3758 2308; baseline 0.002 -21"><span class='ocrx_word' id='word_1_681' title='bbox 2175 2235 2442 2288; x_wconf 89' lang='lat' dir='ltr'><strong>sinistram</strong></span> <span class='ocrx_word' id='word_1_682' title='bbox 2486 2244 2662 2301; x_wconf 91' lang='lat' dir='ltr'><strong>erunt,</strong></span> <span class='ocrx_word' id='word_1_683' title='bbox 2718 2244 2772 2291; x_wconf 89' lang='lat' dir='ltr'><strong>et</strong></span> <span class='ocrx_word' id='word_1_684' title='bbox 2818 2245 3036 2308; x_wconf 88' lang='lat' dir='ltr'><strong>gement</strong></span> <span class='ocrx_word' id='word_1_685' title='bbox 3068 2234 3395 2291; x_wconf 86' lang='lat' dir='ltr'><strong>infructuosa</strong></span> <span class='ocrx_word' id='word_1_686' title='bbox 3441 2236 3758 2307; x_wconf 64' lang='lat' dir='ltr'><strong>paenitentia</strong></span> 
     </span>
    </p>
   </div>
   <div class='ocr_carea' id='block_1_82' title="bbox 2176 2325 3765 2398">
    <p class='ocr_par' dir='ltr' id='par_1_82' title="bbox 2176 2325 3765 2398">
     <span class='ocr_line' id='line_1_82' title="bbox 2176 2325 3765 2398; baseline 0 -16"><span class='ocrx_word' id='word_1_687' title='bbox 2176 2325 2344 2397; x_wconf 85' lang='lat' dir='ltr'><strong>(Sap.</strong></span> <span class='ocrx_word' id='word_1_688' title='bbox 2377 2342 2430 2390; x_wconf 89' lang='lat' dir='ltr'><strong>v,</strong></span> <span class='ocrx_word' id='word_1_689' title='bbox 2454 2325 2524 2396; x_wconf 73' lang='grc' dir='ltr'><strong>ὅ)</strong></span> <span class='ocrx_word' id='word_1_690' title='bbox 2551 2343 2566 2392; x_wconf 89' lang='lat'><strong>;</strong></span> <span class='ocrx_word' id='word_1_691' title='bbox 2597 2328 2720 2398; x_wconf 89' lang='lat' dir='ltr'><strong>quia</strong></span> <span class='ocrx_word' id='word_1_692' title='bbox 2763 2341 2884 2382; x_wconf 89' lang='lat' dir='ltr'><strong>cum</strong></span> <span class='ocrx_word' id='word_1_693' title='bbox 2933 2328 3004 2381; x_wconf 89' lang='lat' dir='ltr'><strong>ita</strong></span> <span class='ocrx_word' id='word_1_694' title='bbox 3028 2327 3289 2392; x_wconf 83' lang='lat' dir='ltr'><strong>viverent,</strong></span> <span class='ocrx_word' id='word_1_695' title='bbox 3320 2343 3441 2382; x_wconf 86' lang='lat' dir='ltr'><strong>eam</strong></span> <span class='ocrx_word' id='word_1_696' title='bbox 3487 2325 3765 2382; x_wconf 79' lang='lat' dir='ltr'><strong>fructuosa</strong></span> 
     </span>
    </p>
   </div>
   <div class='ocr_carea' id='block_1_83' title="bbox 2175 2417 3761 2489">
    <p class='ocr_par' dir='ltr' id='par_1_83' title="bbox 2175 2417 3761 2489">
     <span class='ocr_line' id='line_1_83' title="bbox 2175 2417 3761 2489; baseline 0.002 -18"><span class='ocrx_word' id='word_1_697' title='bbox 2175 2418 2460 2472; x_wconf 88' lang='lat' dir='ltr'><strong>noluerunt</strong></span> <span class='ocrx_word' id='word_1_698' title='bbox 2482 2433 2659 2488; x_wconf 85' lang='lat' dir='ltr'><strong>agere.</strong></span> <span class='ocrx_word' id='word_1_699' title='bbox 2686 2417 2967 2486; x_wconf 85' lang='lat' dir='ltr'><strong>Quomodo</strong></span> <span class='ocrx_word' id='word_1_700' title='bbox 2981 2417 3231 2489; x_wconf 76' lang='lat' dir='ltr'><strong>gemant?</strong></span> <span class='ocrx_word' id='word_1_701' title='bbox 3254 2418 3389 2487; x_wconf 84' lang='lat' dir='ltr'><strong>Quia</strong></span> <span class='ocrx_word' id='word_1_702' title='bbox 3414 2433 3518 2472; x_wconf 90' lang='lat' dir='ltr'><strong>non</strong></span> <span class='ocrx_word' id='word_1_703' title='bbox 3545 2428 3628 2474; x_wconf 87' lang='lat' dir='ltr'><strong>est</strong></span> <span class='ocrx_word' id='word_1_704' title='bbox 3651 2419 3761 2474; x_wconf 81' lang='lat' dir='ltr'><strong>illis</strong></span> 
     </span>
    </p>
   </div>
   <div class='ocr_carea' id='block_1_84' title="bbox 2176 2509 3768 2580">
    <p class='ocr_par' dir='ltr' id='par_1_84' title="bbox 2176 2509 3768 2580">
     <span class='ocr_line' id='line_1_84' title="bbox 2176 2509 3768 2580; baseline -0.001 -15"><span class='ocrx_word' id='word_1_705' title='bbox 2176 2510 2326 2565; x_wconf 90' lang='lat' dir='ltr'><strong>locus</strong></span> <span class='ocrx_word' id='word_1_706' title='bbox 2379 2511 2752 2566; x_wconf 87' lang='lat' dir='ltr'><strong>correctionis.</strong></span> <span class='ocrx_word' id='word_1_707' title='bbox 2811 2510 3045 2566; x_wconf 82' lang='lat' dir='ltr'><strong>Audient</strong></span> <span class='ocrx_word' id='word_1_708' title='bbox 3094 2519 3270 2565; x_wconf 89' lang='lat' dir='ltr'><strong>autem</strong></span> <span class='ocrx_word' id='word_1_709' title='bbox 3324 2520 3380 2566; x_wconf 90' lang='lat' dir='ltr'><strong>et</strong></span> <span class='ocrx_word' id='word_1_710' title='bbox 3404 2509 3659 2580; x_wconf 79' lang='lat' dir='ltr'><strong>ipsizlte</strong></span> <span class='ocrx_word' id='word_1_711' title='bbox 3711 2512 3768 2565; x_wconf 82' lang='lat' dir='ltr'><strong>in</strong></span> 
     </span>
    </p>
   </div>
   <div class='ocr_carea' id='block_1_85' title="bbox 2173 2602 3767 2676">
    <p class='ocr_par' dir='ltr' id='par_1_85' title="bbox 2173 2602 3767 2676">
     <span class='ocr_line' id='line_1_85' title="bbox 2173 2602 3767 2676; baseline 0.001 -20"><span class='ocrx_word' id='word_1_712' title='bbox 2173 2603 2343 2676; x_wconf 85' lang='lat' dir='ltr'><strong>ignem</strong></span> <span class='ocrx_word' id='word_1_713' title='bbox 2382 2612 2623 2657; x_wconf 82' lang='lat' dir='ltr'><strong>teternum</strong></span> <span class='ocrx_word' id='word_1_714' title='bbox 2645 2603 2734 2674; x_wconf 87' lang='lat' dir='ltr'><strong>qui</strong></span> <span class='ocrx_word' id='word_1_715' title='bbox 2761 2615 2968 2674; x_wconf 78' lang='lat' dir='ltr'><strong>paratus</strong></span> <span class='ocrx_word' id='word_1_716' title='bbox 3013 2614 3085 2658; x_wconf 78' lang='lat' dir='ltr'><strong>est</strong></span> <span class='ocrx_word' id='word_1_717' title='bbox 3114 2602 3315 2657; x_wconf 88' lang='lat' dir='ltr'><strong>diabolo</strong></span> <span class='ocrx_word' id='word_1_718' title='bbox 3345 2612 3392 2656; x_wconf 87' lang='lat' dir='ltr'><strong>et</strong></span> <span class='ocrx_word' id='word_1_719' title='bbox 3419 2605 3614 2673; x_wconf 76' lang='lat' dir='ltr'><strong>angelis</strong></span> <span class='ocrx_word' id='word_1_720' title='bbox 3649 2604 3767 2674; x_wconf 74' lang='lat' dir='ltr'><strong>ejus</strong></span> 
     </span>
    </p>
   </div>
   <div class='ocr_carea' id='block_1_86' title="bbox 2182 2694 3768 2767">
    <p class='ocr_par' dir='ltr' id='par_1_86' title="bbox 2182 2694 3768 2767">
     <span class='ocr_line' id='line_1_86' title="bbox 2182 2694 3768 2767; baseline 0.002 -18"><span class='ocrx_word' id='word_1_721' title='bbox 2182 2694 2411 2766; x_wconf 81' lang='lat' dir='ltr'><strong>(Matth.</strong></span> <span class='ocrx_word' id='word_1_722' title='bbox 2444 2711 2576 2762; x_wconf 85' lang='lat' dir='ltr'><strong>xxv,</strong></span> <span class='ocrx_word' id='word_1_723' title='bbox 2629 2696 2691 2751; x_wconf 69' lang='grc' dir='ltr'><strong>ιιι</strong></span> <span class='ocrx_word' id='word_1_724' title='bbox 2718 2694 2759 2767; x_wconf 93' lang='grc'><strong>).</strong></span> <span class='ocrx_word' id='word_1_725' title='bbox 2787 2696 2890 2751; x_wconf 84' lang='lat' dir='ltr'><strong>Iste</strong></span> <span class='ocrx_word' id='word_1_726' title='bbox 2908 2703 2993 2750; x_wconf 78' lang='lat' dir='ltr'><strong>est</strong></span> <span class='ocrx_word' id='word_1_727' title='bbox 3015 2694 3226 2751; x_wconf 87' lang='lat' dir='ltr'><strong>auditus</strong></span> <span class='ocrx_word' id='word_1_728' title='bbox 3251 2696 3443 2750; x_wconf 89' lang='lat' dir='ltr'><strong>malus.</strong></span> <span class='ocrx_word' id='word_1_729' title='bbox 3475 2695 3606 2750; x_wconf 85' lang='lat' dir='ltr'><strong>Nam</strong></span> <span class='ocrx_word' id='word_1_730' title='bbox 3631 2695 3768 2766; x_wconf 89' lang='lat' dir='ltr'><strong>justi</strong></span> 
     </span>
    </p>
   </div>
   <div class='ocr_carea' id='block_1_87' title="bbox 2176 2787 3766 2859">
    <p class='ocr_par' dir='ltr' id='par_1_87' title="bbox 2176 2787 3766 2859">
     <span class='ocr_line' id='line_1_87' title="bbox 2176 2787 3766 2859; baseline 0 -17"><span class='ocrx_word' id='word_1_731' title='bbox 2176 2787 2242 2844; x_wconf 90' lang='lat' dir='ltr'><strong>ad</strong></span> <span class='ocrx_word' id='word_1_732' title='bbox 2267 2787 2506 2843; x_wconf 86' lang='lat' dir='ltr'><strong>auditum</strong></span> <span class='ocrx_word' id='word_1_733' title='bbox 2556 2788 2756 2844; x_wconf 87' lang='lat' dir='ltr'><strong>bonum</strong></span> <span class='ocrx_word' id='word_1_734' title='bbox 2804 2787 3143 2859; x_wconf 86' lang='lat' dir='ltr'><strong>gaudebunt;</strong></span> <span class='ocrx_word' id='word_1_735' title='bbox 3192 2788 3272 2842; x_wconf 89' lang='lat' dir='ltr'><strong>sic</strong></span> <span class='ocrx_word' id='word_1_736' title='bbox 3317 2788 3471 2843; x_wconf 82' lang='lat' dir='ltr'><strong>enim</strong></span> <span class='ocrx_word' id='word_1_737' title='bbox 3505 2787 3766 2857; x_wconf 90' lang='lat' dir='ltr'><strong>scriptum</strong></span> 
     </span>
    </p>
   </div>
   <div class='ocr_carea' id='block_1_88' title="bbox 2176 2878 3768 2952">
    <p class='ocr_par' dir='ltr' id='par_1_88' title="bbox 2176 2878 3768 2952">
     <span class='ocr_line' id='line_1_88' title="bbox 2176 2878 3768 2952; baseline 0 -16"><span class='ocrx_word' id='word_1_738' title='bbox 2176 2892 2258 2936; x_wconf 87' lang='lat' dir='ltr'><strong>est</strong></span> <span class='ocrx_word' id='word_1_739' title='bbox 2289 2897 2302 2934; x_wconf 89' lang='lat'><strong>:</strong></span> <span class='ocrx_word' id='word_1_740' title='bbox 2336 2878 2400 2935; x_wconf 88' lang='lat' dir='ltr'><strong>In</strong></span> <span class='ocrx_word' id='word_1_741' title='bbox 2428 2881 2671 2936; x_wconf 84' lang='lat' dir='ltr'><strong>memoria</strong></span> <span class='ocrx_word' id='word_1_742' title='bbox 2720 2889 2909 2936; x_wconf 71' lang='lat' dir='ltr'><strong>(eterna</strong></span> <span class='ocrx_word' id='word_1_743' title='bbox 2949 2881 3043 2934; x_wconf 88' lang='lat' dir='ltr'><strong>erit</strong></span> <span class='ocrx_word' id='word_1_744' title='bbox 3063 2881 3261 2952; x_wconf 76' lang='lat' dir='ltr'><strong>justus,</strong></span> <span class='ocrx_word' id='word_1_745' title='bbox 3308 2883 3371 2935; x_wconf 88' lang='lat' dir='ltr'><strong>ab</strong></span> <span class='ocrx_word' id='word_1_746' title='bbox 3422 2882 3600 2936; x_wconf 84' lang='lat' dir='ltr'><strong>auditu</strong></span> <span class='ocrx_word' id='word_1_747' title='bbox 3628 2883 3768 2936; x_wconf 82' lang='lat' dir='ltr'><strong>malo</strong></span> 
     </span>
    </p>
   </div>
   <div class='ocr_carea' id='block_1_89' title="bbox 2174 2970 3769 3058">
    <p class='ocr_par' dir='ltr' id='par_1_89' title="bbox 2174 2970 3769 3058">
     <span class='ocr_line' id='line_1_89' title="bbox 2174 2970 3769 3058; baseline 0.003 -30"><span class='ocrx_word' id='word_1_748' title='bbox 2174 2990 2288 3031; x_wconf 88' lang='lat' dir='ltr'><strong>non.</strong></span> <span class='ocrx_word' id='word_1_749' title='bbox 2318 2971 2504 3026; x_wconf 86' lang='lat' dir='ltr'><strong>timebit</strong></span> <span class='ocrx_word' id='word_1_750' title='bbox 2549 2970 2740 3042; x_wconf 81' lang='lat' dir='ltr'><strong>(Psal.</strong></span> <span class='ocrx_word' id='word_1_751' title='bbox 2795 2988 2902 3058; x_wconf 61' lang='grc' dir='ltr'><strong>οξι.</strong></span> <span class='ocrx_word' id='word_1_752' title='bbox 2952 2972 3043 3044; x_wconf 87' lang='lat'><strong>7).</strong></span> <span class='ocrx_word' id='word_1_753' title='bbox 3093 2974 3137 3028; x_wconf 83' lang='lat' dir='ltr'><strong>A</strong></span> <span class='ocrx_word' id='word_1_754' title='bbox 3188 2988 3296 3044; x_wconf 91' lang='lat' dir='ltr'><strong>quo</strong></span> <span class='ocrx_word' id='word_1_755' title='bbox 3342 2973 3523 3030; x_wconf 88' lang='lat' dir='ltr'><strong>auditu</strong></span> <span class='ocrx_word' id='word_1_756' title='bbox 3579 2975 3769 3032; x_wconf 80' lang='lat' dir='ltr'><strong>malo?</strong></span> 
     </span>
    </p>
   </div>
   <div class='ocr_carea' id='block_1_90' title="bbox 2175 3063 3769 3136">
    <p class='ocr_par' dir='ltr' id='par_1_90' title="bbox 2175 3063 3769 3136">
     <span class='ocr_line' id='line_1_90' title="bbox 2175 3063 3769 3136; baseline 0.004 -17"><span class='ocrx_word' id='word_1_757' title='bbox 2175 3065 2342 3132; x_wconf 87' lang='lat' dir='ltr'><strong>Quem</strong></span> <span class='ocrx_word' id='word_1_758' title='bbox 2371 3063 2600 3120; x_wconf 87' lang='lat' dir='ltr'><strong>audituri</strong></span> <span class='ocrx_word' id='word_1_759' title='bbox 2644 3074 2769 3119; x_wconf 90' lang='lat' dir='ltr'><strong>sunt</strong></span> <span class='ocrx_word' id='word_1_760' title='bbox 2797 3064 2893 3129; x_wconf 90' lang='lat' dir='ltr'><strong>illi,</strong></span> <span class='ocrx_word' id='word_1_761' title='bbox 2921 3063 2951 3119; x_wconf 81' lang='grc' dir='ltr'><em>Ι</em></span> <span class='ocrx_word' id='word_1_762' title='bbox 2957 3075 3005 3118; x_wconf 90' lang='lat' dir='ltr'><strong>te</strong></span> <span class='ocrx_word' id='word_1_763' title='bbox 3043 3066 3097 3119; x_wconf 88' lang='lat' dir='ltr'><strong>in</strong></span> <span class='ocrx_word' id='word_1_764' title='bbox 3124 3064 3288 3136; x_wconf 88' lang='lat' dir='ltr'><strong>ignem</strong></span> <span class='ocrx_word' id='word_1_765' title='bbox 3325 3074 3591 3121; x_wconf 67' lang='lat' dir='ltr'><strong>(sternunt.</strong></span> <span class='ocrx_word' id='word_1_766' title='bbox 3620 3069 3769 3125; x_wconf 84' lang='lat' dir='ltr'><strong>Deus</strong></span> 
     </span>
    </p>
   </div>
   <div class='ocr_carea' id='block_1_91' title="bbox 2175 3156 3768 3230">
    <p class='ocr_par' dir='ltr' id='par_1_91' title="bbox 2175 3156 3768 3230">
     <span class='ocr_line' id='line_1_91' title="bbox 2175 3156 3768 3230; baseline 0.001 -16"><span class='ocrx_word' id='word_1_767' title='bbox 2175 3173 2306 3228; x_wconf 82' lang='lat' dir='ltr'><strong>ergo</strong></span> <span class='ocrx_word' id='word_1_768' title='bbox 2329 3158 2417 3227; x_wconf 90' lang='lat' dir='ltr'><strong>qui</strong></span> <span class='ocrx_word' id='word_1_769' title='bbox 2455 3165 2630 3226; x_wconf 89' lang='lat' dir='ltr'><strong>potest</strong></span> <span class='ocrx_word' id='word_1_770' title='bbox 2657 3171 2815 3227; x_wconf 89' lang='lat' dir='ltr'><strong>supra</strong></span> <span class='ocrx_word' id='word_1_771' title='bbox 2845 3172 3003 3227; x_wconf 90' lang='lat' dir='ltr'><strong>quam</strong></span> <span class='ocrx_word' id='word_1_772' title='bbox 3035 3157 3264 3226; x_wconf 87' lang='lat' dir='ltr'><strong>petimus</strong></span> <span class='ocrx_word' id='word_1_773' title='bbox 3300 3170 3392 3214; x_wconf 92' lang='lat' dir='ltr'><strong>aut</strong></span> <span class='ocrx_word' id='word_1_774' title='bbox 3415 3156 3768 3230; x_wconf 80' lang='lat' dir='ltr'><strong>intelligimus</strong></span> 
     </span>
    </p>
   </div>
   <div class='ocr_carea' id='block_1_92' title="bbox 2177 3243 3767 3318">
    <p class='ocr_par' dir='ltr' id='par_1_92' title="bbox 2177 3243 3767 3318">
     <span class='ocr_line' id='line_1_92' title="bbox 2177 3243 3767 3318; baseline 0.003 -17"><span class='ocrx_word' id='word_1_775' title='bbox 2177 3247 2352 3304; x_wconf 85' lang='lat' dir='ltr'><strong>facere</strong></span> <span class='ocrx_word' id='word_1_776' title='bbox 2379 3246 2608 3318; x_wconf 79' lang='lat' dir='ltr'><strong>(Ephes.</strong></span> <span class='ocrx_word' id='word_1_777' title='bbox 2642 3262 2696 3301; x_wconf 90' lang='grc' dir='ltr'><strong>ιιι</strong></span> <span class='ocrx_word' id='word_1_778' title='bbox 2717 3289 2732 3312; x_wconf 83' lang='grc'><strong>,</strong></span> <span class='ocrx_word' id='word_1_779' title='bbox 2760 3243 2870 3318; x_wconf 73' lang='grc'><strong>20)</strong></span> <span class='ocrx_word' id='word_1_780' title='bbox 2895 3287 2909 3310; x_wconf 86' lang='grc'><em>,</em></span> <span class='ocrx_word' id='word_1_781' title='bbox 2941 3248 3206 3302; x_wconf 91' lang='lat' dir='ltr'><strong>occultum</strong></span> <span class='ocrx_word' id='word_1_782' title='bbox 3231 3247 3486 3318; x_wconf 84' lang='lat' dir='ltr'><strong>gemitum</strong></span> <span class='ocrx_word' id='word_1_783' title='bbox 3519 3261 3767 3308; x_wconf 88' lang='lat' dir='ltr'><strong>nostrum</strong></span> 
     </span>
    </p>
   </div>
   <div class='ocr_carea' id='block_1_93' title="bbox 2176 3337 3767 3410">
    <p class='ocr_par' dir='ltr' id='par_1_93' title="bbox 2176 3337 3767 3410">
     <span class='ocr_line' id='line_1_93' title="bbox 2176 3337 3767 3410; baseline 0.004 -17"><span class='ocrx_word' id='word_1_784' title='bbox 2176 3340 2385 3410; x_wconf 67' lang='lat' dir='ltr'><strong>qua=rit,</strong></span> <span class='ocrx_word' id='word_1_785' title='bbox 2418 3347 2476 3393; x_wconf 90' lang='lat' dir='ltr'><strong>ut</strong></span> <span class='ocrx_word' id='word_1_786' title='bbox 2500 3339 2553 3393; x_wconf 89' lang='lat' dir='ltr'><strong>in</strong></span> <span class='ocrx_word' id='word_1_787' title='bbox 2575 3347 2864 3407; x_wconf 86' lang='lat' dir='ltr'><strong>conspectu</strong></span> <span class='ocrx_word' id='word_1_788' title='bbox 2892 3337 3010 3407; x_wconf 78' lang='lat' dir='ltr'><strong>ejus</strong></span> <span class='ocrx_word' id='word_1_789' title='bbox 3041 3337 3367 3407; x_wconf 87' lang='lat' dir='ltr'><strong>placeamus,</strong></span> <span class='ocrx_word' id='word_1_790' title='bbox 3412 3350 3467 3394; x_wconf 90' lang='lat' dir='ltr'><strong>et</strong></span> <span class='ocrx_word' id='word_1_791' title='bbox 3507 3357 3614 3396; x_wconf 91' lang='lat' dir='ltr'><strong>non</strong></span> <span class='ocrx_word' id='word_1_792' title='bbox 3663 3358 3767 3400; x_wconf 91' lang='lat' dir='ltr'><strong>nos</strong></span> 
     </span>
    </p>
   </div>
   <div class='ocr_carea' id='block_1_94' title="bbox 2176 3427 3762 3501">
    <p class='ocr_par' dir='ltr' id='par_1_94' title="bbox 2176 3427 3762 3501">
     <span class='ocr_line' id='line_1_94' title="bbox 2176 3427 3762 3501; baseline 0.006 -21"><span class='ocrx_word' id='word_1_793' title='bbox 2176 3427 2328 3499; x_wconf 89' lang='lat' dir='ltr'><strong>quasi</strong></span> <span class='ocrx_word' id='word_1_794' title='bbox 2354 3428 2420 3483; x_wconf 91' lang='lat' dir='ltr'><strong>de</strong></span> <span class='ocrx_word' id='word_1_795' title='bbox 2442 3428 2646 3498; x_wconf 88' lang='lat' dir='ltr'><strong>justitia</strong></span> <span class='ocrx_word' id='word_1_796' title='bbox 2678 3438 2858 3483; x_wconf 89' lang='lat' dir='ltr'><strong>nostra</strong></span> <span class='ocrx_word' id='word_1_797' title='bbox 2885 3438 3010 3483; x_wconf 91' lang='lat' dir='ltr'><strong>ante</strong></span> <span class='ocrx_word' id='word_1_798' title='bbox 3037 3429 3284 3484; x_wconf 88' lang='lat' dir='ltr'><strong>homines</strong></span> <span class='ocrx_word' id='word_1_799' title='bbox 3321 3430 3610 3501; x_wconf 89' lang='lat' dir='ltr'><strong>jactemus.</strong></span> <span class='ocrx_word' id='word_1_800' title='bbox 3657 3435 3762 3500; x_wconf 80' lang='lat' dir='ltr'><strong>Qui</strong></span> 
     </span>
    </p>
   </div>
   <div class='ocr_carea' id='block_1_95' title="bbox 2176 3520 3770 3592">
    <p class='ocr_par' dir='ltr' id='par_1_95' title="bbox 2176 3520 3770 3592">
     <span class='ocr_line' id='line_1_95' title="bbox 2176 3520 3770 3592; baseline 0.004 -16"><span class='ocrx_word' id='word_1_801' title='bbox 2176 3523 2317 3577; x_wconf 89' lang='lat' dir='ltr'><strong>enim</strong></span> <span class='ocrx_word' id='word_1_802' title='bbox 2343 3522 2412 3578; x_wconf 89' lang='lat' dir='ltr'><strong>de</strong></span> <span class='ocrx_word' id='word_1_803' title='bbox 2451 3521 2653 3592; x_wconf 88' lang='lat' dir='ltr'><strong>justitia</strong></span> <span class='ocrx_word' id='word_1_804' title='bbox 2699 3536 2793 3576; x_wconf 89' lang='lat' dir='ltr'><strong>sua</strong></span> <span class='ocrx_word' id='word_1_805' title='bbox 2821 3521 3029 3591; x_wconf 89' lang='lat' dir='ltr'><strong>placere</strong></span> <span class='ocrx_word' id='word_1_806' title='bbox 3055 3521 3167 3576; x_wconf 91' lang='lat' dir='ltr'><strong>vult</strong></span> <span class='ocrx_word' id='word_1_807' title='bbox 3191 3520 3496 3578; x_wconf 89' lang='lat' dir='ltr'><strong>hominibus</strong></span> <span class='ocrx_word' id='word_1_808' title='bbox 3517 3564 3533 3588; x_wconf 92' lang='lat'><strong>,</strong></span> <span class='ocrx_word' id='word_1_809' title='bbox 3559 3540 3667 3579; x_wconf 91' lang='lat' dir='ltr'><strong>non</strong></span> <span class='ocrx_word' id='word_1_810' title='bbox 3696 3540 3770 3582; x_wconf 90' lang='lat' dir='ltr'><strong>eo</strong></span> 
     </span>
    </p>
   </div>
   <div class='ocr_carea' id='block_1_96' title="bbox 2178 3611 3764 3682">
    <p class='ocr_par' dir='ltr' id='par_1_96' title="bbox 2178 3611 3764 3682">
     <span class='ocr_line' id='line_1_96' title="bbox 2178 3611 3764 3682; baseline 0.006 -16"><span class='ocrx_word' id='word_1_811' title='bbox 2178 3614 2281 3668; x_wconf 85' lang='lat' dir='ltr'><strong>line</strong></span> <span class='ocrx_word' id='word_1_812' title='bbox 2301 3623 2359 3667; x_wconf 93' lang='lat' dir='ltr'><strong>ut</strong></span> <span class='ocrx_word' id='word_1_813' title='bbox 2386 3612 2626 3668; x_wconf 90' lang='lat' dir='ltr'><strong>homines</strong></span> <span class='ocrx_word' id='word_1_814' title='bbox 2649 3612 2738 3682; x_wconf 90' lang='lat' dir='ltr'><strong>qui</strong></span> <span class='ocrx_word' id='word_1_815' title='bbox 2758 3627 2879 3666; x_wconf 90' lang='lat' dir='ltr'><strong>eum</strong></span> <span class='ocrx_word' id='word_1_816' title='bbox 2906 3611 3086 3668; x_wconf 89' lang='lat' dir='ltr'><strong>vident</strong></span> <span class='ocrx_word' id='word_1_817' title='bbox 3111 3614 3279 3669; x_wconf 88' lang='lat' dir='ltr'><strong>Deum</strong></span> <span class='ocrx_word' id='word_1_818' title='bbox 3309 3613 3544 3680; x_wconf 90' lang='lat' dir='ltr'><strong>laudent,</strong></span> <span class='ocrx_word' id='word_1_819' title='bbox 3573 3615 3670 3672; x_wconf 86' lang='lat' dir='ltr'><strong>sed</strong></span> <span class='ocrx_word' id='word_1_820' title='bbox 3695 3633 3764 3676; x_wconf 80' lang='lat' dir='ltr'><strong>ea</strong></span> 
     </span>
    </p>
   </div>
   <div class='ocr_carea' id='block_1_97' title="bbox 2176 3702 3765 3772">
    <p class='ocr_par' dir='ltr' id='par_1_97' title="bbox 2176 3702 3765 3772">
     <span class='ocr_line' id='line_1_97' title="bbox 2176 3702 3765 3772; baseline 0.002 -12"><span class='ocrx_word' id='word_1_821' title='bbox 2176 3705 2470 3760; x_wconf 89' lang='lat' dir='ltr'><strong>intentione</strong></span> <span class='ocrx_word' id='word_1_822' title='bbox 2487 3713 2544 3758; x_wconf 90' lang='lat' dir='ltr'><strong>ut</strong></span> <span class='ocrx_word' id='word_1_823' title='bbox 2565 3704 2678 3772; x_wconf 90' lang='lat' dir='ltr'><strong>ipse</strong></span> <span class='ocrx_word' id='word_1_824' title='bbox 2708 3703 2971 3768; x_wconf 87' lang='lat' dir='ltr'><strong>laudetur,</strong></span> <span class='ocrx_word' id='word_1_825' title='bbox 2999 3718 3107 3758; x_wconf 90' lang='lat' dir='ltr'><strong>non</strong></span> <span class='ocrx_word' id='word_1_826' title='bbox 3132 3702 3332 3758; x_wconf 88' lang='lat' dir='ltr'><strong>claudit</strong></span> <span class='ocrx_word' id='word_1_827' title='bbox 3357 3705 3552 3760; x_wconf 87' lang='lat' dir='ltr'><strong>ostium</strong></span> <span class='ocrx_word' id='word_1_828' title='bbox 3576 3717 3765 3764; x_wconf 87' lang='lat' dir='ltr'><strong>contra</strong></span> 
     </span>
    </p>
   </div>
   <div class='ocr_carea' id='block_1_98' title="bbox 2174 3795 3767 3866">
    <p class='ocr_par' dir='ltr' id='par_1_98' title="bbox 2174 3795 3767 3866">
     <span class='ocr_line' id='line_1_98' title="bbox 2174 3795 3767 3866; baseline -0.001 -13"><span class='ocrx_word' id='word_1_829' title='bbox 2174 3797 2455 3866; x_wconf 89' lang='lat' dir='ltr'><strong>strepitum</strong></span> <span class='ocrx_word' id='word_1_830' title='bbox 2490 3813 2502 3849; x_wconf 93' lang='lat'>:</span> <span class='ocrx_word' id='word_1_831' title='bbox 2533 3795 2655 3865; x_wconf 90' lang='lat' dir='ltr'><strong>quia</strong></span> <span class='ocrx_word' id='word_1_832' title='bbox 2686 3803 2830 3863; x_wconf 89' lang='lat' dir='ltr'><strong>patet</strong></span> <span class='ocrx_word' id='word_1_833' title='bbox 2857 3795 3052 3849; x_wconf 89' lang='lat' dir='ltr'><strong>ostium</strong></span> <span class='ocrx_word' id='word_1_834' title='bbox 3077 3795 3167 3850; x_wconf 88' lang='lat' dir='ltr'><strong>illo</strong></span> <span class='ocrx_word' id='word_1_835' title='bbox 3193 3796 3440 3865; x_wconf 89' lang='lat' dir='ltr'><strong>strepitu.</strong></span> <span class='ocrx_word' id='word_1_836' title='bbox 3463 3806 3516 3852; x_wconf 90' lang='lat' dir='ltr'><strong>et</strong></span> <span class='ocrx_word' id='word_1_837' title='bbox 3540 3812 3647 3852; x_wconf 89' lang='lat' dir='ltr'><strong>non</strong></span> <span class='ocrx_word' id='word_1_838' title='bbox 3669 3813 3767 3853; x_wconf 79' lang='lat' dir='ltr'><strong>au-</strong></span> 
     </span>
    </p>
   </div>
   <div class='ocr_carea' id='block_1_99' title="bbox 2175 3885 3765 3958">
    <p class='ocr_par' dir='ltr' id='par_1_99' title="bbox 2175 3885 3765 3958">
     <span class='ocr_line' id='line_1_99' title="bbox 2175 3885 3765 3958; baseline -0.001 -14"><span class='ocrx_word' id='word_1_839' title='bbox 2175 3889 2252 3944; x_wconf 92' lang='lat' dir='ltr'><strong>dit</strong></span> <span class='ocrx_word' id='word_1_840' title='bbox 2282 3889 2421 3942; x_wconf 90' lang='lat' dir='ltr'><strong>Deus</strong></span> <span class='ocrx_word' id='word_1_841' title='bbox 2446 3885 2713 3956; x_wconf 91' lang='lat' dir='ltr'><strong>quomodo</strong></span> <span class='ocrx_word' id='word_1_842' title='bbox 2760 3885 2948 3941; x_wconf 89' lang='lat' dir='ltr'><strong>audire</strong></span> <span class='ocrx_word' id='word_1_843' title='bbox 2993 3885 3129 3941; x_wconf 86' lang='lat' dir='ltr'><strong>vult.</strong></span> <span class='ocrx_word' id='word_1_844' title='bbox 3173 3885 3358 3942; x_wconf 88' lang='lat' dir='ltr'><strong>Cubile</strong></span> <span class='ocrx_word' id='word_1_845' title='bbox 3387 3902 3514 3958; x_wconf 85' lang='lat' dir='ltr'><strong>ergo</strong></span> <span class='ocrx_word' id='word_1_846' title='bbox 3540 3904 3635 3943; x_wconf 88' lang='lat' dir='ltr'><strong>cor</strong></span> <span class='ocrx_word' id='word_1_847' title='bbox 3662 3905 3765 3945; x_wconf 83' lang='lat' dir='ltr'><strong>no-</strong></span> 
     </span>
    </p>
   </div>
   <div class='ocr_carea' id='block_1_100' title="bbox 2175 3976 3764 4048">
    <p class='ocr_par' dir='ltr' id='par_1_100' title="bbox 2175 3976 3764 4048">
     <span class='ocr_line' id='line_1_100' title="bbox 2175 3976 3764 4048; baseline 0 -12"><span class='ocrx_word' id='word_1_848' title='bbox 2175 3991 2343 4036; x_wconf 87' lang='lat' dir='ltr'><strong>strum</strong></span> <span class='ocrx_word' id='word_1_849' title='bbox 2394 3980 2698 4034; x_wconf 88' lang='lat' dir='ltr'><strong>laboremus</strong></span> <span class='ocrx_word' id='word_1_850' title='bbox 2738 3976 3019 4044; x_wconf 88' lang='lat' dir='ltr'><strong>mundare,</strong></span> <span class='ocrx_word' id='word_1_851' title='bbox 3074 3978 3162 4032; x_wconf 91' lang='lat' dir='ltr'><strong>ubi</strong></span> <span class='ocrx_word' id='word_1_852' title='bbox 3211 3979 3380 4048; x_wconf 90' lang='lat' dir='ltr'><strong>possit</strong></span> <span class='ocrx_word' id='word_1_853' title='bbox 3424 3980 3578 4035; x_wconf 90' lang='lat' dir='ltr'><strong>nobis</strong></span> <span class='ocrx_word' id='word_1_854' title='bbox 3625 3981 3764 4037; x_wconf 84' lang='lat' dir='ltr'><strong>bene</strong></span> 
     </span>
    </p>
   </div>
   <div class='ocr_carea' id='block_1_101' title="bbox 2174 4067 3762 4140">
    <p class='ocr_par' dir='ltr' id='par_1_101' title="bbox 2174 4067 3762 4140">
     <span class='ocr_line' id='line_1_101' title="bbox 2174 4067 3762 4140; baseline -0.001 -13"><span class='ocrx_word' id='word_1_855' title='bbox 2174 4087 2314 4128; x_wconf 88' lang='lat' dir='ltr'><strong>esse.</strong></span> <span class='ocrx_word' id='word_1_856' title='bbox 2343 4070 2500 4125; x_wconf 83' lang='lat' dir='ltr'><strong>Novit</strong></span> <span class='ocrx_word' id='word_1_857' title='bbox 2522 4068 2769 4123; x_wconf 81' lang='lat' dir='ltr'><strong>Charitas</strong></span> <span class='ocrx_word' id='word_1_858' title='bbox 2792 4067 2978 4123; x_wconf 84' lang='lat' dir='ltr'><strong>Vestra</strong></span> <span class='ocrx_word' id='word_1_859' title='bbox 2997 4083 3156 4139; x_wconf 86' lang='lat' dir='ltr'><strong>quam</strong></span> <span class='ocrx_word' id='word_1_860' title='bbox 3180 4069 3344 4124; x_wconf 90' lang='lat' dir='ltr'><strong>multa</strong></span> <span class='ocrx_word' id='word_1_861' title='bbox 3373 4071 3521 4125; x_wconf 89' lang='lat' dir='ltr'><strong>multi</strong></span> <span class='ocrx_word' id='word_1_862' title='bbox 3553 4073 3762 4140; x_wconf 80' lang='lat' dir='ltr'><strong>patiun-</strong></span> 
     </span>
    </p>
   </div>
   <div class='ocr_carea' id='block_1_102' title="bbox 2175 4159 3758 4233">
    <p class='ocr_par' dir='ltr' id='par_1_102' title="bbox 2175 4159 3758 4233">
     <span class='ocr_line' id='line_1_102' title="bbox 2175 4159 3758 4233; baseline -0.001 -14"><span class='ocrx_word' id='word_1_863' title='bbox 2175 4173 2261 4219; x_wconf 91' lang='lat' dir='ltr'><strong>tur</strong></span> <span class='ocrx_word' id='word_1_864' title='bbox 2288 4164 2338 4217; x_wconf 91' lang='lat' dir='ltr'><strong>in</strong></span> <span class='ocrx_word' id='word_1_865' title='bbox 2366 4161 2598 4232; x_wconf 80' lang='lat' dir='ltr'><strong>publico,</strong></span> <span class='ocrx_word' id='word_1_866' title='bbox 2633 4160 2685 4215; x_wconf 91' lang='lat' dir='ltr'><strong>in</strong></span> <span class='ocrx_word' id='word_1_867' title='bbox 2713 4161 2848 4220; x_wconf 84' lang='lat' dir='ltr'><strong>foro.</strong></span> <span class='ocrx_word' id='word_1_868' title='bbox 2877 4159 3139 4230; x_wconf 76' lang='lat' dir='ltr'><strong>injurgiis</strong></span> <span class='ocrx_word' id='word_1_869' title='bbox 3161 4201 3177 4227; x_wconf 92' lang='lat'><strong>,</strong></span> <span class='ocrx_word' id='word_1_870' title='bbox 3211 4160 3264 4215; x_wconf 92' lang='lat' dir='ltr'><strong>in</strong></span> <span class='ocrx_word' id='word_1_871' title='bbox 3302 4162 3758 4233; x_wconf 85' lang='lat' dir='ltr'><strong>contentionibus,</strong></span> 
     </span>
    </p>
   </div>
   <div class='ocr_carea' id='block_1_103' title="bbox 2173 4251 3757 4325">
    <p class='ocr_par' dir='ltr' id='par_1_103' title="bbox 2173 4251 3757 4325">
     <span class='ocr_line' id='line_1_103' title="bbox 2173 4251 3757 4325; baseline 0.003 -16"><span class='ocrx_word' id='word_1_872' title='bbox 2173 4255 2226 4309; x_wconf 91' lang='lat' dir='ltr'><strong>in</strong></span> <span class='ocrx_word' id='word_1_873' title='bbox 2255 4252 2511 4312; x_wconf 88' lang='lat' dir='ltr'><strong>molestiis</strong></span> <span class='ocrx_word' id='word_1_874' title='bbox 2540 4251 2873 4320; x_wconf 80' lang='lat' dir='ltr'><strong>negotiorum</strong></span> <span class='ocrx_word' id='word_1_875' title='bbox 2899 4268 2914 4304; x_wconf 88' lang='lat'><strong>:</strong></span> <span class='ocrx_word' id='word_1_876' title='bbox 2947 4251 3216 4319; x_wconf 92' lang='lat' dir='ltr'><strong>quomodo</strong></span> <span class='ocrx_word' id='word_1_877' title='bbox 3252 4253 3477 4322; x_wconf 88' lang='lat' dir='ltr'><strong>quisque</strong></span> <span class='ocrx_word' id='word_1_878' title='bbox 3508 4253 3757 4325; x_wconf 75' lang='lat' dir='ltr'><strong>fatigatus</strong></span> 
     </span>
    </p>
   </div>
   <div class='ocr_carea' id='block_1_104' title="bbox 2172 4339 3766 4416">
    <p class='ocr_par' dir='ltr' id='par_1_104' title="bbox 2172 4339 3766 4416">
     <span class='ocr_line' id='line_1_104' title="bbox 2172 4339 3766 4416; baseline 0.001 -17"><span class='ocrx_word' id='word_1_879' title='bbox 2172 4344 2398 4414; x_wconf 87' lang='lat' dir='ltr'><strong>negotiis</strong></span> <span class='ocrx_word' id='word_1_880' title='bbox 2424 4342 2572 4408; x_wconf 82' lang='lat' dir='ltr'><strong>loris,</strong></span> <span class='ocrx_word' id='word_1_881' title='bbox 2602 4340 2771 4396; x_wconf 90' lang='lat' dir='ltr'><strong>currit</strong></span> <span class='ocrx_word' id='word_1_882' title='bbox 2795 4339 2863 4395; x_wconf 86' lang='lat' dir='ltr'><strong>ad</strong></span> <span class='ocrx_word' id='word_1_883' title='bbox 2909 4339 3125 4395; x_wconf 90' lang='lat' dir='ltr'><strong>domum</strong></span> <span class='ocrx_word' id='word_1_884' title='bbox 3168 4355 3318 4396; x_wconf 89' lang='lat' dir='ltr'><strong>suam</strong></span> <span class='ocrx_word' id='word_1_885' title='bbox 3359 4351 3413 4398; x_wconf 90' lang='lat' dir='ltr'><strong>ut</strong></span> <span class='ocrx_word' id='word_1_886' title='bbox 3444 4342 3514 4398; x_wconf 90' lang='lat' dir='ltr'><strong>ibi</strong></span> <span class='ocrx_word' id='word_1_887' title='bbox 3545 4347 3766 4416; x_wconf 84' lang='lat' dir='ltr'><strong>requie-</strong></span> 
     </span>
    </p>
   </div>
   <div class='ocr_carea' id='block_1_105' title="bbox 2174 4430 3766 4504">
    <p class='ocr_par' dir='ltr' id='par_1_105' title="bbox 2174 4430 3766 4504">
     <span class='ocr_line' id='line_1_105' title="bbox 2174 4430 3766 4504; baseline 0.002 -15"><span class='ocrx_word' id='word_1_888' title='bbox 2174 4444 2310 4500; x_wconf 90' lang='lat' dir='ltr'><strong>scat,</strong></span> <span class='ocrx_word' id='word_1_889' title='bbox 2338 4444 2392 4488; x_wconf 91' lang='lat' dir='ltr'><strong>et</strong></span> <span class='ocrx_word' id='word_1_890' title='bbox 2420 4432 2512 4487; x_wconf 88' lang='lat' dir='ltr'><strong>dat</strong></span> <span class='ocrx_word' id='word_1_891' title='bbox 2533 4447 2750 4502; x_wconf 89' lang='lat' dir='ltr'><strong>operam</strong></span> <span class='ocrx_word' id='word_1_892' title='bbox 2779 4431 2886 4486; x_wconf 92' lang='lat' dir='ltr'><strong>cito</strong></span> <span class='ocrx_word' id='word_1_893' title='bbox 2908 4430 3059 4486; x_wconf 86' lang='lat' dir='ltr'><strong>linire</strong></span> <span class='ocrx_word' id='word_1_894' title='bbox 3083 4432 3292 4502; x_wconf 85' lang='lat' dir='ltr'><strong>negotia</strong></span> <span class='ocrx_word' id='word_1_895' title='bbox 3309 4449 3428 4502; x_wconf 71' lang='lat' dir='ltr'><strong>qua:</strong></span> <span class='ocrx_word' id='word_1_896' title='bbox 3451 4432 3582 4489; x_wconf 85' lang='lat' dir='ltr'><strong>foris</strong></span> <span class='ocrx_word' id='word_1_897' title='bbox 3611 4448 3766 4504; x_wconf 85' lang='lat' dir='ltr'><strong>sunt,</strong></span> 
     </span>
    </p>
   </div>
   <div class='ocr_carea' id='block_1_106' title="bbox 2171 4522 3765 4593">
    <p class='ocr_par' dir='ltr' id='par_1_106' title="bbox 2171 4522 3765 4593">
     <span class='ocr_line' id='line_1_106' title="bbox 2171 4522 3765 4593; baseline 0.001 -12"><span class='ocrx_word' id='word_1_898' title='bbox 2171 4533 2227 4582; x_wconf 89' lang='lat' dir='ltr'><strong>ct</strong></span> <span class='ocrx_word' id='word_1_899' title='bbox 2253 4526 2442 4580; x_wconf 87' lang='lat' dir='ltr'><strong>tollere</strong></span> <span class='ocrx_word' id='word_1_900' title='bbox 2470 4538 2530 4578; x_wconf 89' lang='lat' dir='ltr'><strong>se</strong></span> <span class='ocrx_word' id='word_1_901' title='bbox 2557 4523 2624 4577; x_wconf 90' lang='lat' dir='ltr'><strong>ad</strong></span> <span class='ocrx_word' id='word_1_902' title='bbox 2658 4522 2896 4593; x_wconf 87' lang='lat' dir='ltr'><strong>requiem</strong></span> <span class='ocrx_word' id='word_1_903' title='bbox 2926 4522 2980 4576; x_wconf 90' lang='lat' dir='ltr'><strong>in</strong></span> <span class='ocrx_word' id='word_1_904' title='bbox 3006 4522 3225 4577; x_wconf 90' lang='lat' dir='ltr'><strong>domum</strong></span> <span class='ocrx_word' id='word_1_905' title='bbox 3260 4538 3436 4579; x_wconf 83' lang='lat' dir='ltr'><strong>suam.</strong></span> <span class='ocrx_word' id='word_1_906' title='bbox 3465 4523 3590 4580; x_wconf 89' lang='lat' dir='ltr'><strong>Ideo</strong></span> <span class='ocrx_word' id='word_1_907' title='bbox 3615 4529 3765 4584; x_wconf 88' lang='lat' dir='ltr'><strong>enim</strong></span> 
     </span>
    </p>
   </div>
   <div class='ocr_carea' id='block_1_107' title="bbox 2173 4599 3764 4686">
    <p class='ocr_par' dir='ltr' id='par_1_107' title="bbox 2173 4599 3764 4686">
     <span class='ocr_line' id='line_1_107' title="bbox 2173 4599 3764 4686; baseline 0.003 -15"><span class='ocrx_word' id='word_1_908' title='bbox 2173 4616 2534 4686; x_wconf 89' lang='lat' dir='ltr'><strong>unusquisque</strong></span> <span class='ocrx_word' id='word_1_909' title='bbox 2561 4613 2778 4669; x_wconf 92' lang='lat' dir='ltr'><strong>domum</strong></span> <span class='ocrx_word' id='word_1_910' title='bbox 2803 4628 2954 4668; x_wconf 87' lang='lat' dir='ltr'><strong>suam</strong></span> <span class='ocrx_word' id='word_1_911' title='bbox 2984 4612 3164 4679; x_wconf 83' lang='lat' dir='ltr'><strong>habet,</strong></span> <span class='ocrx_word' id='word_1_912' title='bbox 3199 4614 3322 4684; x_wconf 90' lang='lat' dir='ltr'><strong>quia</strong></span> <span class='ocrx_word' id='word_1_913' title='bbox 3348 4599 3422 4668; x_wconf 86' lang='lat' dir='ltr'><strong>ibi</strong></span> <span class='ocrx_word' id='word_1_914' title='bbox 3452 4618 3764 4686; x_wconf 87' lang='lat' dir='ltr'><strong>requiescit.</strong></span> 
     </span>
    </p>
   </div>
   <div class='ocr_carea' id='block_1_108' title="bbox 2173 4706 3771 4781">
    <p class='ocr_par' dir='ltr' id='par_1_108' title="bbox 2173 4706 3771 4781">
     <span class='ocr_line' id='line_1_108' title="bbox 2173 4706 3771 4781; baseline 0.001 -17"><span class='ocrx_word' id='word_1_915' title='bbox 2173 4710 2231 4766; x_wconf 92' lang='lat' dir='ltr'><strong>Si</strong></span> <span class='ocrx_word' id='word_1_916' title='bbox 2255 4723 2381 4764; x_wconf 91' lang='lat' dir='ltr'><strong>vero</strong></span> <span class='ocrx_word' id='word_1_917' title='bbox 2407 4718 2462 4763; x_wconf 91' lang='lat' dir='ltr'><strong>et</strong></span> <span class='ocrx_word' id='word_1_918' title='bbox 2490 4707 2558 4761; x_wconf 90' lang='lat' dir='ltr'><strong>ibi</strong></span> <span class='ocrx_word' id='word_1_919' title='bbox 2587 4707 2860 4762; x_wconf 82' lang='lat' dir='ltr'><strong>molestias</strong></span> <span class='ocrx_word' id='word_1_920' title='bbox 2902 4707 3157 4776; x_wconf 84' lang='lat' dir='ltr'><strong>patiatur,</strong></span> <span class='ocrx_word' id='word_1_921' title='bbox 3205 4706 3295 4762; x_wconf 90' lang='lat' dir='ltr'><strong>ubi</strong></span> <span class='ocrx_word' id='word_1_922' title='bbox 3328 4717 3506 4776; x_wconf 91' lang='lat' dir='ltr'><strong>potest</strong></span> <span class='ocrx_word' id='word_1_923' title='bbox 3549 4713 3771 4781; x_wconf 83' lang='lat' dir='ltr'><strong>requie-</strong></span> 
     </span>
    </p>
   </div>
   <div class='ocr_carea' id='block_1_109' title="bbox 2171 4797 3766 4867">
    <p class='ocr_par' dir='ltr' id='par_1_109' title="bbox 2171 4797 3766 4867">
     <span class='ocr_line' id='line_1_109' title="bbox 2171 4797 3766 4867; baseline 0.002 -12"><span class='ocrx_word' id='word_1_924' title='bbox 2171 4798 2368 4856; x_wconf 85' lang='lat' dir='ltr'><strong>scere?</strong></span> <span class='ocrx_word' id='word_1_925' title='bbox 2392 4797 2529 4866; x_wconf 88' lang='lat' dir='ltr'><strong>Quid</strong></span> <span class='ocrx_word' id='word_1_926' title='bbox 2557 4797 2722 4867; x_wconf 85' lang='lat' dir='ltr'><strong>ergo?</strong></span> <span class='ocrx_word' id='word_1_927' title='bbox 2751 4797 2958 4852; x_wconf 88' lang='lat' dir='ltr'><strong>Bonum</strong></span> <span class='ocrx_word' id='word_1_928' title='bbox 2979 4806 3062 4852; x_wconf 89' lang='lat' dir='ltr'><strong>est</strong></span> <span class='ocrx_word' id='word_1_929' title='bbox 3085 4805 3145 4852; x_wconf 91' lang='lat' dir='ltr'><strong>ut</strong></span> <span class='ocrx_word' id='word_1_930' title='bbox 3171 4797 3254 4852; x_wconf 91' lang='lat' dir='ltr'><strong>vel</strong></span> <span class='ocrx_word' id='word_1_931' title='bbox 3275 4798 3327 4852; x_wconf 92' lang='lat' dir='ltr'><strong>in</strong></span> <span class='ocrx_word' id='word_1_932' title='bbox 3359 4798 3520 4854; x_wconf 90' lang='lat' dir='ltr'><strong>domo</strong></span> <span class='ocrx_word' id='word_1_933' title='bbox 3541 4815 3639 4856; x_wconf 83' lang='lat' dir='ltr'><strong>sua</strong></span> <span class='ocrx_word' id='word_1_934' title='bbox 3670 4819 3766 4859; x_wconf 83' lang='lat' dir='ltr'><strong>re-</strong></span> 
     </span>
    </p>
   </div>
   <div class='ocr_carea' id='block_1_110' title="bbox 2171 4886 3767 4964">
    <p class='ocr_par' dir='ltr' id='par_1_110' title="bbox 2171 4886 3767 4964">
     <span class='ocr_line' id='line_1_110' title="bbox 2171 4886 3767 4964; baseline 0.004 -19"><span class='ocrx_word' id='word_1_935' title='bbox 2171 4891 2350 4964; x_wconf 91' lang='lat' dir='ltr'><strong>quiem</strong></span> <span class='ocrx_word' id='word_1_936' title='bbox 2385 4889 2596 4944; x_wconf 86' lang='lat' dir='ltr'><strong>habeat.</strong></span> <span class='ocrx_word' id='word_1_937' title='bbox 2621 4889 2676 4945; x_wconf 92' lang='lat' dir='ltr'><strong>Si</strong></span> <span class='ocrx_word' id='word_1_938' title='bbox 2707 4897 2886 4944; x_wconf 88' lang='lat' dir='ltr'><strong>autem</strong></span> <span class='ocrx_word' id='word_1_939' title='bbox 2925 4889 3122 4959; x_wconf 88' lang='lat' dir='ltr'><strong>patitur</strong></span> <span class='ocrx_word' id='word_1_940' title='bbox 3148 4886 3280 4944; x_wconf 89' lang='lat' dir='ltr'><strong>foris</strong></span> <span class='ocrx_word' id='word_1_941' title='bbox 3306 4889 3572 4960; x_wconf 90' lang='lat' dir='ltr'><strong>inimicos,</strong></span> <span class='ocrx_word' id='word_1_942' title='bbox 3618 4894 3767 4952; x_wconf 87' lang='lat' dir='ltr'><strong>intus</strong></span> 
     </span>
    </p>
   </div>
   <div class='ocr_carea' id='block_1_111' title="bbox 2171 4979 3766 5050">
    <p class='ocr_par' dir='ltr' id='par_1_111' title="bbox 2171 4979 3766 5050">
     <span class='ocr_line' id='line_1_111' title="bbox 2171 4979 3766 5050; baseline 0.005 -15"><span class='ocrx_word' id='word_1_943' title='bbox 2171 4981 2308 5037; x_wconf 88' lang='lat' dir='ltr'><strong>forte</strong></span> <span class='ocrx_word' id='word_1_944' title='bbox 2354 4980 2547 5033; x_wconf 90' lang='lat' dir='ltr'><strong>malam</strong></span> <span class='ocrx_word' id='word_1_945' title='bbox 2582 4993 2839 5050; x_wconf 83' lang='lat' dir='ltr'><strong>uxorem;</strong></span> <span class='ocrx_word' id='word_1_946' title='bbox 2895 4979 3137 5049; x_wconf 86' lang='lat' dir='ltr'><strong>procedit</strong></span> <span class='ocrx_word' id='word_1_947' title='bbox 3185 4981 3238 5034; x_wconf 91' lang='lat' dir='ltr'><strong>in</strong></span> <span class='ocrx_word' id='word_1_948' title='bbox 3293 4981 3559 5050; x_wconf 85' lang='lat' dir='ltr'><strong>publicum</strong></span> <span class='ocrx_word' id='word_1_949' title='bbox 3595 5000 3766 5042; x_wconf 86' lang='lat' dir='ltr'><strong>:cum</strong></span> 
     </span>
    </p>
   </div>
   <div class='ocr_carea' id='block_1_112' title="bbox 2171 5071 3769 5144">
    <p class='ocr_par' dir='ltr' id='par_1_112' title="bbox 2171 5071 3769 5144">
     <span class='ocr_line' id='line_1_112' title="bbox 2171 5071 3769 5144; baseline 0.004 -18"><span class='ocrx_word' id='word_1_950' title='bbox 2171 5075 2283 5128; x_wconf 90' lang='lat' dir='ltr'><strong>vult</strong></span> <span class='ocrx_word' id='word_1_951' title='bbox 2307 5073 2644 5144; x_wconf 84' lang='lat' dir='ltr'><strong>requiescere</strong></span> <span class='ocrx_word' id='word_1_952' title='bbox 2680 5073 2749 5126; x_wconf 88' lang='lat' dir='ltr'><strong>ab</strong></span> <span class='ocrx_word' id='word_1_953' title='bbox 2795 5071 2879 5126; x_wconf 89' lang='lat' dir='ltr'><strong>his</strong></span> <span class='ocrx_word' id='word_1_954' title='bbox 2906 5087 3026 5142; x_wconf 72' lang='lat' dir='ltr'><strong>qua?</strong></span> <span class='ocrx_word' id='word_1_955' title='bbox 3060 5071 3190 5128; x_wconf 87' lang='lat' dir='ltr'><strong>foris</strong></span> <span class='ocrx_word' id='word_1_956' title='bbox 3213 5082 3357 5140; x_wconf 88' lang='lat' dir='ltr'><strong>sunt,</strong></span> <span class='ocrx_word' id='word_1_957' title='bbox 3387 5075 3547 5129; x_wconf 87' lang='lat' dir='ltr'><strong>intrat</strong></span> <span class='ocrx_word' id='word_1_958' title='bbox 3584 5076 3637 5131; x_wconf 92' lang='lat' dir='ltr'><strong>in</strong></span> <span class='ocrx_word' id='word_1_959' title='bbox 3662 5076 3769 5133; x_wconf 86' lang='lat' dir='ltr'><strong>do-</strong></span> 
     </span>
    </p>
   </div>
   <div class='ocr_carea' id='block_1_113' title="bbox 2172 5160 3766 5235">
    <p class='ocr_par' dir='ltr' id='par_1_113' title="bbox 2172 5160 3766 5235">
     <span class='ocr_line' id='line_1_113' title="bbox 2172 5160 3766 5235; baseline 0.003 -14"><span class='ocrx_word' id='word_1_960' title='bbox 2172 5181 2315 5221; x_wconf 89' lang='lat' dir='ltr'><strong>mum</strong></span> <span class='ocrx_word' id='word_1_961' title='bbox 2356 5183 2368 5217; x_wconf 89' lang='lat'><strong>:</strong></span> <span class='ocrx_word' id='word_1_962' title='bbox 2394 5160 2608 5234; x_wconf 89' lang='lat' dir='ltr'><strong>quando</strong></span> <span class='ocrx_word' id='word_1_963' title='bbox 2631 5178 2760 5218; x_wconf 89' lang='lat' dir='ltr'><strong>vero</strong></span> <span class='ocrx_word' id='word_1_964' title='bbox 2786 5178 2886 5218; x_wconf 90' lang='lat' dir='ltr'><strong>nec</strong></span> <span class='ocrx_word' id='word_1_965' title='bbox 2929 5163 3000 5219; x_wconf 93' lang='lat' dir='ltr'><strong>ibi</strong></span> <span class='ocrx_word' id='word_1_966' title='bbox 3040 5163 3342 5235; x_wconf 88' lang='lat' dir='ltr'><strong>requiescit,</strong></span> <span class='ocrx_word' id='word_1_967' title='bbox 3373 5181 3477 5221; x_wconf 85' lang='lat' dir='ltr'><strong>nec</strong></span> <span class='ocrx_word' id='word_1_968' title='bbox 3510 5165 3640 5223; x_wconf 90' lang='lat' dir='ltr'><strong>foris</strong></span> <span class='ocrx_word' id='word_1_969' title='bbox 3669 5185 3766 5226; x_wconf 85' lang='lat' dir='ltr'><strong>rc-</strong></span> 
     </span>
    </p>
   </div>
   <div class='ocr_carea' id='block_1_114' title="bbox 2171 5253 3761 5330">
    <p class='ocr_par' dir='ltr' id='par_1_114' title="bbox 2171 5253 3761 5330">
     <span class='ocr_line' id='line_1_114' title="bbox 2171 5253 3761 5330; baseline 0.004 -22"><span class='ocrx_word' id='word_1_970' title='bbox 2171 5254 2417 5325; x_wconf 91' lang='lat' dir='ltr'><strong>quiescit,</strong></span> <span class='ocrx_word' id='word_1_971' title='bbox 2451 5253 2539 5308; x_wconf 92' lang='lat' dir='ltr'><strong>ubi</strong></span> <span class='ocrx_word' id='word_1_972' title='bbox 2561 5253 2664 5308; x_wconf 89' lang='lat' dir='ltr'><strong>erit</strong></span> <span class='ocrx_word' id='word_1_973' title='bbox 2691 5253 2946 5321; x_wconf 89' lang='lat' dir='ltr'><strong>requies?</strong></span> <span class='ocrx_word' id='word_1_974' title='bbox 2976 5253 3176 5310; x_wconf 86' lang='lat' dir='ltr'><strong>Saltem</strong></span> <span class='ocrx_word' id='word_1_975' title='bbox 3196 5255 3248 5310; x_wconf 91' lang='lat' dir='ltr'><strong>in</strong></span> <span class='ocrx_word' id='word_1_976' title='bbox 3278 5257 3525 5312; x_wconf 90' lang='lat' dir='ltr'><strong>cubiculo</strong></span> <span class='ocrx_word' id='word_1_977' title='bbox 3553 5259 3761 5330; x_wconf 82' lang='lat' dir='ltr'><strong>cordis,</strong></span> 
     </span>
    </p>
   </div>
   <div class='ocr_carea' id='block_1_115' title="bbox 2172 5341 3762 5407">
    <p class='ocr_par' dir='ltr' id='par_1_115' title="bbox 2172 5341 3762 5407">
     <span class='ocr_line' id='line_1_115' title="bbox 2172 5341 3762 5407; baseline 0.004 -8"><span class='ocrx_word' id='word_1_978' title='bbox 2172 5353 2232 5400; x_wconf 91' lang='lat' dir='ltr'><strong>ut</strong></span> <span class='ocrx_word' id='word_1_979' title='bbox 2260 5344 2414 5399; x_wconf 88' lang='lat' dir='ltr'><strong>tollas</strong></span> <span class='ocrx_word' id='word_1_980' title='bbox 2443 5353 2496 5398; x_wconf 92' lang='lat' dir='ltr'><strong>te</strong></span> <span class='ocrx_word' id='word_1_981' title='bbox 2516 5341 2583 5397; x_wconf 91' lang='lat' dir='ltr'><strong>ad</strong></span> <span class='ocrx_word' id='word_1_982' title='bbox 2605 5343 2859 5398; x_wconf 88' lang='lat' dir='ltr'><strong>interiora</strong></span> <span class='ocrx_word' id='word_1_983' title='bbox 2887 5343 3229 5400; x_wconf 70' lang='lat' dir='ltr'><strong>conscientiae</strong></span> <span class='ocrx_word' id='word_1_984' title='bbox 3271 5355 3393 5401; x_wconf 71' lang='lat' dir='ltr'><strong>tuae.</strong></span> <span class='ocrx_word' id='word_1_985' title='bbox 3423 5345 3478 5402; x_wconf 89' lang='lat' dir='ltr'><strong>Si</strong></span> <span class='ocrx_word' id='word_1_986' title='bbox 3509 5346 3578 5402; x_wconf 89' lang='lat' dir='ltr'><strong>ibi</strong></span> <span class='ocrx_word' id='word_1_987' title='bbox 3605 5349 3762 5407; x_wconf 76' lang='lat' dir='ltr'><strong>inve-</strong></span> 
     </span>
    </p>
   </div>
   <div class='ocr_carea' id='block_1_116' title="bbox 2172 5433 3764 5511">
    <p class='ocr_par' dir='ltr' id='par_1_116' title="bbox 2172 5433 3764 5511">
     <span class='ocr_line' id='line_1_116' title="bbox 2172 5433 3764 5511; baseline 0.004 -23"><span class='ocrx_word' id='word_1_988' title='bbox 2172 5436 2296 5490; x_wconf 88' lang='lat' dir='ltr'><strong>nisti</strong></span> <span class='ocrx_word' id='word_1_989' title='bbox 2320 5435 2456 5489; x_wconf 90' lang='lat' dir='ltr'><strong>forte</strong></span> <span class='ocrx_word' id='word_1_990' title='bbox 2479 5433 2781 5511; x_wconf 84' lang='lat' dir='ltr'><strong>conjugem,</strong></span> <span class='ocrx_word' id='word_1_991' title='bbox 2822 5451 2942 5505; x_wconf 71' lang='lat' dir='ltr'><strong>qua:</strong></span> <span class='ocrx_word' id='word_1_992' title='bbox 2973 5435 3067 5489; x_wconf 91' lang='lat' dir='ltr'><strong>tibi</strong></span> <span class='ocrx_word' id='word_1_993' title='bbox 3108 5451 3213 5490; x_wconf 92' lang='lat' dir='ltr'><strong>non</strong></span> <span class='ocrx_word' id='word_1_994' title='bbox 3267 5435 3422 5491; x_wconf 87' lang='lat' dir='ltr'><strong>faciat</strong></span> <span class='ocrx_word' id='word_1_995' title='bbox 3445 5439 3764 5496; x_wconf 81' lang='lat' dir='ltr'><strong>amaritudi-</strong></span> 
     </span>
    </p>
   </div>
   <div class='ocr_carea' id='block_1_117' title="bbox 2173 5525 3764 5599">
    <p class='ocr_par' dir='ltr' id='par_1_117' title="bbox 2173 5525 3764 5599">
     <span class='ocr_line' id='line_1_117' title="bbox 2173 5525 3764 5599; baseline 0.004 -19"><span class='ocrx_word' id='word_1_996' title='bbox 2173 5542 2316 5591; x_wconf 90' lang='lat' dir='ltr'><strong>nem,</strong></span> <span class='ocrx_word' id='word_1_997' title='bbox 2349 5525 2663 5594; x_wconf 87' lang='lat' dir='ltr'><strong>sapientiam</strong></span> <span class='ocrx_word' id='word_1_998' title='bbox 2698 5525 2788 5580; x_wconf 90' lang='lat' dir='ltr'><strong>Dei</strong></span> <span class='ocrx_word' id='word_1_999' title='bbox 2815 5542 2830 5590; x_wconf 91' lang='lat'><strong>;</strong></span> <span class='ocrx_word' id='word_1_1000' title='bbox 2854 5540 2973 5579; x_wconf 92' lang='lat' dir='ltr'><strong>cum</strong></span> <span class='ocrx_word' id='word_1_1001' title='bbox 3017 5527 3128 5596; x_wconf 86' lang='lat' dir='ltr'><strong>ipsa</strong></span> <span class='ocrx_word' id='word_1_1002' title='bbox 3156 5526 3496 5598; x_wconf 83' lang='lat' dir='ltr'><strong>conjungere,</strong></span> <span class='ocrx_word' id='word_1_1003' title='bbox 3544 5530 3764 5599; x_wconf 83' lang='lat' dir='ltr'><strong>quiesce</strong></span> 
     </span>
    </p>
   </div>
   <div class='ocr_carea' id='block_1_118' title="bbox 2172 5615 3764 5687">
    <p class='ocr_par' dir='ltr' id='par_1_118' title="bbox 2172 5615 3764 5687">
     <span class='ocr_line' id='line_1_118' title="bbox 2172 5615 3764 5687; baseline 0.004 -17"><span class='ocrx_word' id='word_1_1004' title='bbox 2172 5618 2316 5671; x_wconf 89' lang='lat' dir='ltr'><strong>intus</strong></span> <span class='ocrx_word' id='word_1_1005' title='bbox 2342 5617 2392 5670; x_wconf 93' lang='lat' dir='ltr'><strong>in</strong></span> <span class='ocrx_word' id='word_1_1006' title='bbox 2417 5615 2660 5670; x_wconf 90' lang='lat' dir='ltr'><strong>cubiculo</strong></span> <span class='ocrx_word' id='word_1_1007' title='bbox 2683 5624 2793 5683; x_wconf 91' lang='lat' dir='ltr'><strong>tuo,</strong></span> <span class='ocrx_word' id='word_1_1008' title='bbox 2825 5633 2930 5671; x_wconf 92' lang='lat' dir='ltr'><strong>non</strong></span> <span class='ocrx_word' id='word_1_1009' title='bbox 2960 5617 3083 5672; x_wconf 86' lang='lat' dir='ltr'><strong>inde</strong></span> <span class='ocrx_word' id='word_1_1010' title='bbox 3117 5626 3168 5672; x_wconf 89' lang='lat' dir='ltr'><strong>te</strong></span> <span class='ocrx_word' id='word_1_1011' title='bbox 3193 5618 3370 5687; x_wconf 87' lang='lat' dir='ltr'><strong>ejiciat</strong></span> <span class='ocrx_word' id='word_1_1012' title='bbox 3401 5618 3580 5675; x_wconf 84' lang='lat' dir='ltr'><strong>fumus</strong></span> <span class='ocrx_word' id='word_1_1013' title='bbox 3604 5622 3764 5676; x_wconf 79' lang='lat' dir='ltr'><strong>make</strong></span> 
     </span>
    </p>
   </div>
   <div class='ocr_carea' id='block_1_119' title="bbox 2173 5707 3765 5776">
    <p class='ocr_par' dir='ltr' id='par_1_119' title="bbox 2173 5707 3765 5776">
     <span class='ocr_line' id='line_1_119' title="bbox 2173 5707 3765 5776; baseline 0.001 -13"><span class='ocrx_word' id='word_1_1014' title='bbox 2173 5707 2530 5763; x_wconf 64' lang='lat' dir='ltr'><strong>conscientiae.</strong></span> <span class='ocrx_word' id='word_1_1015' title='bbox 2577 5708 2647 5761; x_wconf 83' lang='lat' dir='ltr'><strong>At</strong></span> <span class='ocrx_word' id='word_1_1016' title='bbox 2676 5707 2764 5763; x_wconf 91' lang='lat' dir='ltr'><strong>ille</strong></span> <span class='ocrx_word' id='word_1_1017' title='bbox 2807 5716 2866 5762; x_wconf 90' lang='lat' dir='ltr'><strong>ut</strong></span> <span class='ocrx_word' id='word_1_1018' title='bbox 2922 5708 3270 5764; x_wconf 85' lang='lat' dir='ltr'><strong>meditaretur</strong></span> <span class='ocrx_word' id='word_1_1019' title='bbox 3312 5709 3487 5776; x_wconf 87' lang='lat' dir='ltr'><strong>dolos,</strong></span> <span class='ocrx_word' id='word_1_1020' title='bbox 3547 5711 3675 5768; x_wconf 90' lang='lat' dir='ltr'><strong>illuc</strong></span> <span class='ocrx_word' id='word_1_1021' title='bbox 3705 5723 3765 5768; x_wconf 88' lang='lat' dir='ltr'><strong>se</strong></span> 
     </span>
    </p>
   </div>
   <div class='ocr_carea' id='block_1_120' title="bbox 2178 5799 3761 5873">
    <p class='ocr_par' dir='ltr' id='par_1_120' title="bbox 2178 5799 3761 5873">
     <span class='ocr_line' id='line_1_120' title="bbox 2178 5799 3761 5873; baseline 0.004 -16"><span class='ocrx_word' id='word_1_1022' title='bbox 2178 5801 2420 5872; x_wconf 87' lang='lat' dir='ltr'><strong>tollebat,</strong></span> <span class='ocrx_word' id='word_1_1023' title='bbox 2452 5799 2519 5855; x_wconf 90' lang='lat' dir='ltr'><strong>de</strong></span> <span class='ocrx_word' id='word_1_1024' title='bbox 2543 5814 2650 5870; x_wconf 90' lang='lat' dir='ltr'><strong>quo</strong></span> <span class='ocrx_word' id='word_1_1025' title='bbox 2677 5800 2908 5872; x_wconf 81' lang='lat' dir='ltr'><strong>loquitur</strong></span> <span class='ocrx_word' id='word_1_1026' title='bbox 2939 5801 3038 5856; x_wconf 88' lang='lat' dir='ltr'><strong>ista</strong></span> <span class='ocrx_word' id='word_1_1027' title='bbox 3069 5800 3364 5873; x_wconf 84' lang='lat' dir='ltr'><strong>Scriptura,</strong></span> <span class='ocrx_word' id='word_1_1028' title='bbox 3395 5802 3481 5860; x_wconf 89' lang='lat' dir='ltr'><strong>ubi</strong></span> <span class='ocrx_word' id='word_1_1029' title='bbox 3510 5801 3761 5864; x_wconf 85' lang='lat' dir='ltr'><strong>homines</strong></span> 
     </span>
    </p>
   </div>
  </div>
