3978 6370
184 443 286 503 345
316 453 324 459 ’

185 580 286 619 non
314 558 528 622 vident;
554 567 612 615 et
636 557 757 616 talia
783 554 856 612 ibi
904 553 1258 611 meditabatur
1280 591 1294 617 ,
1336 559 1394 606 ut
1439 566 1538 605 nec
1569 567 1620 604 tn
1650 557 1765 621 ipso

183 657 345 714 corde
371 654 750 726 requiesceret.
779 649 1104 719 lniquitatem
1129 644 1398 700 meditatus
1423 653 1495 698 est
1521 642 1576 696 in
1610 641 1769 696 cubili

181 767 295 806 suo.

252 844 308 899 6.
349 840 518 896 Astitit
561 836 700 892 omni
741 835 834 889 vite
880 848 979 886 non
1015 830 1178 885 bona.
1223 828 1360 898 Quid
1401 835 1518 896 est,
1571 826 1769 882 astitit?

182 933 592 992 Perseverauter
634 925 891 997 peccavit.
923 923 1079 982 .Unde
1126 931 1181 977 et
1227 921 1296 976 de
1323 919 1550 991 quodam
1580 921 1669 991 pio
1713 927 1768 974 et

181 1029 322 1082 bono
341 1026 535 1082 dicitur
559 1041 571 1075 :
600 1020 668 1076 Et
695 1021 747 1074 in
772 1019 852 1072 sia
873 1026 1191 1088 peccatorum
1215 1031 1314 1069 non
1345 1015 1476 1067 stetit
1508 1013 1526 1079 (
1540 1011 1684 1068 Psal.
1720 1029 1762 1081 ι,

181 1117 256 1192 Ι).
289 1113 568 1186 Quomodo
597 1113 685 1167 ille
713 1125 820 1164 non
852 1110 1020 1169 stetit,
1046 1107 1123 1160 sic
1154 1107 1252 1159 iste
1291 1105 1474 1158 astitit.
1509 1102 1763 1157 Malitiam

178 1220 346 1264 autem
366 1224 469 1261 non
496 1204 613 1260 odio
635 1202 828 1257 habuit.
855 1200 929 1255 lbi
957 1209 1040 1254 est
1069 1197 1209 1259 finis,
1230 1197 1301 1250 ibi
1326 1196 1524 1250 fructus
1548 1211 1561 1248 :
1591 1195 1634 1248 si
1654 1209 1759 1248 non

179 1311 352 1371 potest
387 1314 490 1352 non
523 1297 718 1350 habere
762 1291 1037 1354 malitiam,
1090 1289 1175 1344 vel
1204 1288 1376 1342 oderit
1415 1287 1578 1340 illam.
1625 1285 1757 1340 Cum

175 1395 319 1449 enim
342 1391 501 1446 odisti
529 1389 693 1452 illam,
723 1388 806 1440 vix
829 1385 920 1439 tibi
943 1382 1181 1450 subrepit
1212 1387 1268 1434 ut
1311 1377 1507 1447 aliquid
1537 1375 1658 1430 mali
1684 1377 1760 1428 l’a-

173 1487 304 1540 cias.
355 1485 449 1538 Est
494 1481 638 1536 enim
691 1485 963 1546 peccatum
1009 1472 1061 1526 in
1103 1470 1313 1524 mortali
1367 1482 1633 1536 corpore:
1663 1465 1757 1520 sed

172 1574 302 1650 quid
331 1573 460 1629 dicit
497 1565 819 1639 Apostolus?
862 1562 982 1617 Non
1016 1569 1187 1631 regnet
1230 1571 1488 1628 peccatum
1516 1558 1568 1610 in
1598 1567 1757 1609 uestro

173 1669 381 1724 mortali
419 1679 647 1734 corpore,
690 1662 756 1714 ad
794 1657 1121 1713 obedientium
1150 1651 1413 1706 desideriis
1439 1652 1547 1722 ejus
1579 1649 1754 1721 (liam.

171 1777 246 1827 γι,
278 1760 391 1830 ii).
437 1754 662 1824 Quando
693 1750 876 1819 incipit
901 1763 1005 1801 non
1031 1744 1188 1800 esse?
1217 1741 1440 1810 Quando
1466 1739 1757 1808 complebi-

171 1863 260 1907 tur
286 1849 524 1905 inmobis
555 1843 694 1915 quod
736 1842 811 1897 ait
842 1857 856 1894 :
883 1837 1011 1894 Cum
1047 1835 1371 1905 corruptibile
1399 1833 1494 1886 hoc
1534 1833 1756 1885 induerit

167 1941 618 2010 incorruptionem,
644 1943 692 1988 et
720 1931 934 1986 mortale
961 1929 1056 1982 hoc
1084 1925 1300 1981 induerit
1328 1922 1756 1976 immortalitatem

166 2034 214 2103 (ι
253 2031 374 2087 Cor.
426 2044 522 2095 xv,
553 2026 669 2098 55).
712 2027 1009 2092 Antequam
1052 2018 1152 2074 hoc
1199 2017 1310 2082 tiat,
1350 2025 1432 2071 est
1473 2014 1756 2070 delectatio

166 2124 462 2195 iniquitatis
491 2121 542 2174 in
588 2131 843 2187 corpore;
883 2113 979 2171 sed
1027 2111 1200 2182 major
1238 2119 1320 2164 est
1345 2109 1630 2164 delectatio
1661 2122 1755 2161 vo-

164 2220 384 2290 luptatis
406 2215 552 2271 verbi
572 2212 864 2283 sapientim,
892 2208 1140 2278 przeccpti
1165 2205 1275 2260 Dei.
1304 2203 1464 2258 Vince
1481 2209 1755 2272 peccatum

161 2320 220 2367 et
243 2311 573 2363 voluntatem
609 2305 747 2373 ejus.
777 2301 1060 2358 Peccatum
1086 2307 1138 2353 et
1176 2296 1504 2365 iniquitatem
1553 2292 1753 2357 oderis,

162 2411 223 2456 ut
265 2401 462 2470 jungas
494 2407 544 2452 te
587 2395 694 2450 Deo
721 2393 809 2463 qui
850 2401 1024 2446 tecum
1068 2388 1198 2443 illud
1235 2387 1425 2442 oderit.
1471 2384 1588 2441 Jam
1628 2398 1757 2439 con-

161 2491 416 2564 jttuctus’
446 2497 625 2542 mente
655 2484 754 2555 legi
782 2482 897 2548 Dei,
934 2488 1113 2535 mente
1140 2479 1310 2534 servis
1340 2478 1442 2548 legi
1473 2476 1584 2531 Dei.
1613 2475 1682 2529 Et
1709 2475 1755 2529 si

159 2602 329 2642 carne
375 2589 654 2653 propterea
684 2577 853 2632 servis
888 2575 986 2644 legi
1019 2572 1218 2643 peccati
1269 2571 1448 2644 (Rom.
1500 2584 1594 2634 vn,
1637 2568 1752 2637 ‘25),

159 2679 286 2749 quia
317 2684 444 2732 sunt
471 2675 522 2728 in
563 2682 614 2726 te
639 2667 1015 2724 delectationes
1048 2663 1290 2732 quaedam
1319 2659 1584 2724 carnales,
1631 2667 1757 2713 tunc

159 2771 327 2826 nulla:
354 2763 738 2836 eruntquando
754 2761 864 2830 jam
891 2774 998 2814 non
1026 2756 1300 2826 pugnabis.
1337 2753 1492 2808 Aliud
1518 2763 1602 2808 est
1648 2768 1754 2806 non

159 2875 428 2935 pugnare,
461 2868 518 2914 et
554 2870 675 2913 esse
704 2855 754 2908 in
781 2866 914 2921 pace
944 2864 1066 2903 vera
1107 2857 1266 2917 atque
1291 2855 1544 2916 perpetua
1565 2885 1579 2910 ,
1611 2841 1756 2896 aliud

158 2969 406 3028 pugnare
430 2961 486 3009 et
507 2950 756 3013 vincere;
785 2943 925 3000 aliud
948 2956 1182 3012 pugnare
1207 2949 1262 2995 et
1284 2938 1457 3036 vinci;
1491 2935 1632 2990 aliud
1658 2949 1756 3036 nec

157 3060 426 3122 pugnare,
470 3041 567 3098 sed
617 3039 776 3094 trahi.
805 3036 944 3092 Sunt
984 3035 1126 3089 enim
1155 3030 1398 3122 homines
1417 3041 1641 3122 prorsus
1668 3030 1758 3095 qui

157 3120 271 3195 non
322 3141 582 3208 pugnant,
636 3128 806 3200 qualis
835 3136 918 3182 est
968 3125 1067 3180 iste
1096 3123 1164 3177 de
1189 3137 1292 3191 quo
1334 3120 1566 3189 loquitur
1595 3134 1609 3172 :
1635 3131 1757 3171 cum

157 3231 308 3286 enim
336 3228 484 3288 dicit,
512 3222 763 3279 Notitiam
784 3235 885 3273 non
911 3217 1026 3272 odio
1044 3215 1248 3278 habuit;
1275 3211 1541 3281 quomodo
1565 3217 1762 3279 pugnat

159 3331 356 3378 contra
376 3333 500 3376 eam
540 3329 701 3386 quam
728 3327 836 3368 non
857 3308 1016 3365 odit?
1051 3308 1154 3362 lste
1186 3321 1217 3360 a
1262 3303 1462 3358 malitia
1508 3301 1756 3366 trahitur,

158 3431 265 3470 nec
295 3419 513 3484 pugnat.
561 3409 695 3464 Sunt
731 3412 909 3459 autem
947 3401 1036 3470 qui
1067 3413 1301 3469 pugnare
1332 3396 1632 3464 incipiunt;
1664 3394 1758 3448 sed

158 3508 291 3578 quia
309 3505 382 3559 de
407 3502 611 3556 viribus
629 3498 739 3552 suis
770 3499 1118 3564 praesumunt,
1150 3498 1206 3544 ut
1229 3487 1473 3544 ostendat
1496 3485 1597 3542 illis
1620 3485 1759 3541 Deus

159 3601 290 3674 quia
339 3599 455 3668 ipse
481 3593 664 3658 vincit,
695 3591 741 3646 si
781 3604 840 3644 se
867 3588 1027 3642 homo
1051 3582 1328 3653 subjungit
1358 3581 1493 3646 Deo,
1551 3590 1607 3636 ct
1662 3594 1761 3648 pu-

160 3701 397 3766 gnantes
451 3688 751 3748 vincuntur,
803 3689 859 3736 et
901 3693 1025 3734 cum
1079 3675 1232 3747 quasi
1275 3674 1538 3766 emperint
1577 3681 1761 3727 tenere

158 3763 449 3857 justitiam,
482 3777 615 3834 ﬁunt
666 3769 905 3845 superbi,
952 3777 1008 3826 et
1039 3769 1331 3825 eliduntur.
1362 3763 1453 3820 Isti
1506 3771 1759 3835 pugnant,

160 3874 264 3931 sed
309 3873 614 3928 vincuntur.
663 3865 792 3933 Quis
821 3871 903 3918 est
942 3869 1119 3916 autem
1171 3858 1260 3929 qui
1305 3862 1522 3926 pugnat,
1564 3863 1620 3910 et
1654 3869 1761 3908 non

160 3964 438 4022 vincitur?
477 3961 577 4030 Qui
629 3957 799 4013 dicit:
833 3954 987 4010 Video
1031 3951 1190 4006 aliam
1243 3949 1400 4020 legem
1439 3949 1490 4001 in
1532 3945 1764 4003 membris

162 4059 293 4114 meis
317 4061 682 4125 repugnantem
707 4047 805 4117 legi
830 4044 1008 4099 mentis
1032 4057 1176 4096 mete.
1205 4040 1338 4095 Vide
1363 4041 1716 4109 pugnantem’
1744 4057 1758 4092 :

163 4150 264 4208 sed
296 4163 407 4203 non
447 4144 518 4199 de
545 4140 747 4195 viribus
789 4138 900 4192 suis
925 4133 1199 4204 praesumit
1249 4133 1373 4197 iste,
1429 4129 1550 4185 ideo
1595 4131 1764 4186 victor

162 4245 291 4302 erit.
323 4237 466 4309 Quid
501 4235 644 4292 enim
672 4228 954 4303 sequitur?
980 4227 1007 4281 1
1018 4227 1176 4298 nfelia:
1200 4241 1291 4296 ego
1321 4225 1492 4287 homo,
1523 4223 1636 4295 quis
1686 4238 1765 4277 me

163 4333 402 4392 liberabit
419 4331 484 4384 de
502 4342 713 4396 corpore
732 4324 907 4378 mortis
934 4322 1088 4392 hujus
1114 4320 1139 4372 ?
1161 4317 1338 4372 Gratia
1366 4315 1465 4370 Dei
1486 4334 1574 4387 per
1587 4317 1619 4370 Ι
1626 4332 1765 4370 esum

162 4427 432 4486 Christum
462 4422 735 4477 Dominum
762 4427 988 4471 nostrum
1027 4412 1205 4484 (Rom.
1241 4426 1334 4474 vn,
1376 4409 1593 4478 23-25).
1622 4409 1766 4464 Ρτω..

161 4521 338 4579 sumit
363 4518 434 4573 de
458 4531 524 4572 eo
547 4509 813 4583 quijussit
837 4519 894 4563 ut
926 4514 1140 4576 pugnet,
1170 4512 1224 4558 et
1243 4501 1413 4557 vincit
1432 4501 1638 4556 hostem
1664 4499 1762 4554 ad-

159 4613 314 4686 jutus
352 4625 390 4665 ι
423 4587 647 4678 iubente
669 4601 711 4654 ⁸.
749 4600 851 4654 Iste
891 4606 1069 4652 autem
1109 4591 1358 4648 malitiam
1384 4607 1485 4645 non
1510 4589 1628 4645 odio
1666 4590 1763 4647 ha—

167 4706 302 4763 ιαὶι.

237 4796 296 4850 7.
322 4793 478 4866 [verm
508 4785 588 4860 6.]
618 4783 854 4848 Domine,
901 4781 957 4835 in
1007 4778 1134 4832 etelo
1168 4773 1513 4830 misericordia
1553 4781 1659 4835 tua,
1719 4784 1766 4828 et

164 4892 353 4948 veritas
381 4896 469 4940 tua
487 4897 644 4952 usque
664 4878 733 4933 ad
757 4878 930 4930 nubes.
951 4872 1140 4929 Nescio
1161 4885 1317 4940 quam
1349 4867 1766 4922 misericordiam

167 4982 342 5054 ipsius
369 4977 519 5040 dicit,
546 4986 666 5042 quae
690 4970 743 5024 in
773 4965 915 5023 ccelo
951 4973 1053 5019 est.
1083 4962 1198 5017 Est
1217 4958 1360 5054 enim
1402 4956 1766 5054 misericordia

171 5048 388 5130 Domini
412 5076 469 5123 et
496 5066 547 5120 in
570 5072 731 5117 terra.
761 5057 933 5114 Habes
956 5053 1212 5123 scriptum
1242 5066 1257 5103 :
1282 5048 1636 5104 Misericordia
1661 5048 1769 5102 Do-

169 5166 299 5223 mini
323 5162 478 5234 plena
500 5166 573 5212 est
602 5163 734 5209 terra
761 5149 933 5220 (Psal,
960 5161 1149 5234 κικιιῖ
1161 5139 1240 5214 5).
1275 5140 1351 5196 De
1383 5154 1486 5234 qua
1516 5155 1646 5234 ergo
1665 5139 1769 5234 mi-

170 5231 467 5315 sericordia
492 5246 744 5318 loquitur,
766 5256 887 5297 cum
923 5237 1054 5293 dicit
1083 5253 1098 5290 :
1127 5233 1368 5299 Domine,
1394 5233 1448 5285 in
1494 5232 1619 5285 ctelo
1668 5231 1769 5284 mi-

173 5343 457 5405 sericordia
503 5324 634 5394 tua?
665 5335 887 5391 Munera
931 5329 1022 5385 Dei
1066 5328 1259 5399 partim
1300 5323 1770 5393 temporaliasunt

237 5460 255 5493 ⁸
292 5464 413 5519 πιθε-
438 5459 492 5502 ei
513 5450 817 5522 ’ἱππ-,ωςίῖ
969 5439 1255 5522 ἒῩἮῬὟῖἭὲ.
1269 5442 1624 5522 θξλθιξζμηη-
1654 5498 1724 5522 ος,
1752 5511 1766 5522 .

233 5523 257 5553 .
293 5497 413 5568 is:
441 5497 637 5569 Vedii.
655 5507 752 5572 legi
773 5503 942 5572 manus.
969 5497 1106 5572 me.
1130 5499 1256 5564 atad
1291 5509 1390 5572 ee-
1417 5497 1633 5572 habesur,
1652 5498 1724 5572 sic
1752 5511 1765 5546 =

183 5559 661 5643 meuin
670 5559 1770 5643 tegimeeeviésmwzu

176 5619 653 5698 massam
669 5619 764 5680 ut:
787 5619 922 5678 ισίαέι
945 5629 1284 5688 repugnantem
1307 5619 1571 5731 lggem'legi
1600 5619 1772 5669 mentis

179 5718 296 5751 sua.
333 5702 464 5751 uidet
501 5698 863 5751 repuqnantem.
901 5687 1030 5751 Apud
1070 5694 1219 5734 tom:
1261 5691 1316 5732 Vt
1353 5686 1772 5751 e_repugnantem

179 5718 296 5763 αα,
333 5702 464 5754 utdel
501 5702 863 5761 repuqnantem.
901 5702 1030 5751 Apud
1070 5702 1219 5734 wv.:
1261 5702 1381 5732 nae
1427 5702 1769 5766 repugnauerit

178 5765 270 5831 tegi
289 5763 463 5815 meritis
483 5770 617 5834 suae,
627 5754 1122 5834 bidentium,
1151 5753 1247 5796 etc.
1271 5751 1372 5804 Quo
1393 5742 1501 5794 loco
1523 5751 1628 5792 uss.
1654 5749 1769 5805 Reg.

183 5830 577 5951 θίινέξξξῆξῗιῖῗ
801 5873 934 5936 add,
952 5877 999 5924 et
1021 5869 1175 5922 t‘incal
1198 5867 1378 5921 hostem
1394 5871 1589 5930 argutus
1603 5867 1663 5916 ao
1685 5862 1773 5914 ad-

203 5962 378 6004 ammte.

1280 430 1677 490 ENARRATIO
1717 431 1781 487 IN
1819 429 2143 489 PSALMUM
2185 433 2399 491 XXXV.

1353 5695 1381 5732 e
1393 5742 1407 5745 _
1427 5686 1787 5745 repugnantem.

3350 444 3454 502 346

1878 564 2036 626 atque
2057 563 2287 622 terrena,
2317 557 2506 627 partim
2528 563 2724 615 acterna
2754 569 2806 616 et
2829 559 3066 619 ctelestia
3093 582 3105 618 :
3129 563 3216 635 qui
3241 579 3458 637 propter

1873 645 1976 702 hoc
1999 646 2125 704 colit
2151 648 2338 716 Deum,
2373 660 2429 702 ut
2456 657 2665 705 terrena
2697 651 2797 708 ista
2827 664 2984 723 atque
3010 656 3321 726 temporalia
3351 670 3448 712 ac-

1872 739 2054 810 cipiat,
2098 756 2218 810 qua:
2265 740 2515 798 omnibus
2559 752 2755 813 prmsto
2794 755 2938 812 sunt,
2987 748 3136 818 quasi
3179 747 3353 806 adhuc
3396 758 3455 804 ut

1871 845 2036 903 pecus
2071 841 2194 896 est;
2227 830 2392 888 utitur
2429 832 2644 905 quidem
2665 833 3028 891 misericordia
3061 837 3174 901 Dei,
3203 839 3296 894 sed
3343 855 3449 894 non

1871 922 1958 978 illa
1988 939 2105 994 qua!
2140 933 2360 993 excepta
2395 934 2476 981 est
2507 926 2549 989 ³,
2605 941 2726 995 qua:
2771 941 2879 982 non
2921 925 3134 983 dabitur
3183 928 3282 984 uisi
3329 930 3461 984 solis

1864 1014 2042 1085 justis,
2072 1017 2290 1081 sanctis,
2324 1016 2495 1071 bonis.
2528 1016 2656 1086 Qua:
2676 1027 2802 1074 sunt
2828 1031 3047 1075 munera
3074 1035 3191 1091 quan
3211 1021 3461 1077 omnibus

1867 1106 2139 1162 abundant
2155 1109 2180 1160 Υ
2204 1107 2302 1176 Qui
2331 1107 2496 1164 solem
2525 1123 2679 1167 suum
2703 1109 2835 1167 oriri
2858 1108 2982 1167 facit
3008 1127 3170 1182 super
3195 1113 3364 1168 bonos
3390 1121 3449 1169 et

1868 1198 2055 1262 malos,
2084 1208 2137 1253 et
2153 1199 2458 1270 pluitsupcr
2481 1199 2655 1270 justas
2681 1210 2734 1258 et
2759 1200 2986 1272 injustas
3015 1200 3227 1274 (Matth.
3253 1218 3308 1271 v,
3335 1203 3452 1273 45).

1864 1290 1994 1356 Quis
2025 1306 2130 1345 non
2172 1290 2332 1346 habet
2369 1291 2523 1347 istam
2569 1295 2986 1350 misericordiam
3007 1295 3135 1360 ,Dei,
3181 1297 3354 1368 primo
3395 1305 3457 1353 ut

1864 1385 1952 1449 sit,
1984 1385 2080 1438 ut'
2109 1383 2446 1439 discernatur
2475 1400 2504 1439 a
2537 1387 2839 1455 pecoribus,
2871 1399 2925 1442 ut
2950 1388 3212 1446 rationale
3241 1391 3310 1446 sit
3332 1392 3454 1445 ani-

1862 1474 1992 1540 mal,
2039 1475 2126 1545 qui
2174 1476 2340 1545 possit
2388 1476 2554 1530 Deum
2598 1476 2913 1548 intelligere,
2956 1479 3152 1534 deinde
3199 1478 3297 1534 frui
3346 1481 3448 1536 ista

1863 1567 2000 1632 luce,
2033 1566 2134 1621 isto
2161 1581 2307 1633 aere,
2359 1567 2554 1636 pluvia,
2598 1568 2875 1633 fructibus,
2898 1569 3209 1625 diversitate
3237 1579 3450 1641 tempo-

1862 1672 2000 1721 rum,
2036 1656 2241 1710 solatiis
2265 1657 2515 1724 terrenis,
2545 1656 2716 1712 salute
2743 1659 3003 1727 corporis,
3032 1659 3222 1714 ail'ectu
3254 1661 3454 1715 amico-

1861 1764 2001 1810 rum,
2048 1748 2217 1804 salute
2252 1748 2442 1803 domus
2486 1752 2641 1804 suae?
2682 1749 2872 1805 Omnia
2903 1752 3001 1806 ista
3041 1751 3179 1807 bona
3211 1760 3358 1822 sunt,
3397 1763 3454 1808 et

1861 1841 1954 1898 Dei
1986 1856 2206 1897 munera
2232 1848 2373 1894 sunt.
2397 1839 2473 1894 Ne
2497 1840 2711 1909 putetis,
2741 1842 2951 1909 fratres,
2974 1841 3114 1912 quod
3142 1843 3335 1914 aliquis
3359 1844 3448 1900 illa

1859 1936 2058 2008 poterit
2103 1934 2251 1999 dare,
2295 1933 2398 1988 nisi
2449 1949 2585 1989 unus
2625 1934 2787 1990 Deus.
2825 1934 3157 2006 Quicumque
3186 1952 3316 2008 ergo
3342 1952 3450 1995 nou

1859 2037 2174 2101 exspectant
2194 2029 2315 2092 ista,
2345 2026 2444 2081 nisi
2470 2042 2498 2081 a
2531 2026 2776 2091 Domino,
2811 2030 3036 2083 multum
3061 2029 3281 2085 interest
3310 2033 3450 2088 inter

1859 2122 1958 2179 hos
1983 2131 2039 2177 et
2056 2135 2150 2176 eos
2175 2121 2264 2190 qui
2292 2119 2379 2174 illa
2410 2128 2657 2188 quan-unt
2703 2129 2792 2173 aut
2821 2137 2848 2172 a
2883 2121 3236 2186 dtemouibus,
3280 2131 3372 2176 aut
3423 2139 3454 2177 a

1859 2213 2148 2283 sortilegis,
2179 2220 2270 2265 aut
2297 2227 2325 2264 a
2354 2209 2762 2265 mathematicis.
2789 2210 2876 2265 Isti
2917 2212 3058 2266 enim
3098 2212 3308 2267 duobus
3338 2228 3454 2267 mo-

1859 2305 1942 2362 dis
1965 2303 2143 2359 miseri
2165 2313 2310 2369 sunt,
2342 2303 2463 2371 quia
2493 2311 2548 2357 et
2574 2312 2782 2357 terrena
2809 2304 2922 2357 sola
2948 2304 3086 2358 bona
3121 2304 3451 2372 desiderant,

1861 2405 1915 2450 et
1944 2411 2047 2450 non
2076 2395 2141 2448 ab
2161 2410 2227 2448 eo
2256 2401 2440 2461 petunt
2465 2393 2656 2463 quidat
2678 2395 2854 2448 omnia
2883 2395 3158 2463 bona.Qni
3186 2411 3312 2450 vero
3351 2397 3451 2452 ista

1863 2489 2002 2543 bona
2046 2486 2376 2549 desiderant,
2406 2495 2460 2538 et
2487 2489 2537 2537 iu
2567 2485 2649 2537 his
2678 2486 2830 2539 bouis
2864 2485 3045 2540 felices
3072 2501 3194 2542 esse
3241 2487 3450 2555 volunt,

1827 2602 1830 2605 ·
1860 2589 1915 2633 et
1939 2580 2035 2633 ista
2065 2578 2176 2632 sola
2203 2585 2388 2646 petunt
2413 2591 2442 2628 a
2469 2575 2596 2641 Deo,
2639 2574 2741 2629 hoc
2785 2574 2999 2646 quidem
3027 2576 3275 2634 meliores
3302 2587 3450 2645 sunt,

1861 2673 1982 2743 quia
2008 2688 2039 2725 a
2071 2672 2178 2725 Deo
2199 2678 2384 2739 petunt
2410 2687 2424 2734 ;
2452 2669 2544 2725 scd
2566 2669 2739 2724 adhuc
2775 2668 3159 2739 periclitantur.
3195 2671 3330 2728 Dicit
3355 2673 3456 2729 ali-

1861 2764 1981 2834 quis
2007 2781 2021 2818 :
2047 2762 2225 2831 Quare
2253 2759 2665 2828 periclitantur?
2709 2760 3007 2830 Aliquando
3034 2761 3177 2816 enim
3206 2762 3453 2819 conside.-

1860 2864 1981 2910 rant
2008 2869 2094 2908 res
2134 2853 2413 2916 humanas,
2447 2859 2500 2906 et
2522 2851 2702 2906 vident
2725 2852 2821 2906 ista
2850 2852 3026 2908 omnia
3046 2853 3182 2910 bona
3213 2863 3448 2922 terrena,

1862 2963 1980 3018 qua:
2023 2945 2347 3011 desiderant,
2392 2944 2589 3000 habere
2629 2955 2786 3016 atque
2838 2946 3108 3002 abundare
3153 2947 3346 3019 impios
3396 2960 3452 3004 et

1862 3040 2094 3112 iniquos,
2113 3049 2166 3094 et
2188 3047 2372 3109 putant
2395 3039 2514 3107 quia
2547 3038 2892 3109 perdiderunt
2917 3039 3218 3096 mercedem
3239 3042 3451 3097 colendi

1864 3132 2057 3198 Deum,
2100 3131 2220 3200 quia
2268 3129 2318 3183 id
2344 3130 2484 3198 quod
2528 3131 2650 3184 mali
2696 3131 2915 3198 habent,
2959 3141 3015 3186 et
3049 3134 3148 3202 ipsi
3185 3133 3386 3188 habent
3405 3135 3451 3200 ³,

1863 3238 1983 3278 cum
2011 3221 2109 3293 ipsi
2139 3221 2317 3276 colant
2343 3221 2529 3288 Deum,
2574 3220 2729 3291 quem
2763 3237 2868 3276 non
2889 3222 3068 3277 colunt
3088 3223 3162 3277 illi
3187 3240 3202 3289 ;
3234 3233 3327 3279 aut
3355 3225 3454 3279 ali-

1864 3315 2079 3387 quando
2097 3314 2171 3370 illi
2195 3314 2282 3384 qui
2309 3317 2494 3368 colunt
2529 3329 2634 3367 non
2681 3313 2897 3377 habent,
2928 3321 2982 3367 et
3008 3314 3081 3368 illi
3113 3314 3310 3370 habent
3360 3315 3454 3387 qui

1865 3405 2237 3476 blasphemant
2271 3421 2435 3472 :ergo
2467 3407 2517 3458 in
2545 3403 2785 3474 periculo
2806 3414 2928 3458 sunt
2949 3404 3143 3460 adhuc.

1935 3496 1990 3551 8.
2033 3497 2130 3550 llic
2159 3504 2339 3550 autem
2367 3511 2494 3551 vere
2521 3495 2786 3550 intellexit
2817 3511 2975 3564 quam
3029 3495 3453 3554 miscricordiam

1865 3585 2180 3657 deprecetur
2200 3601 2230 3640 a
2254 3587 2381 3641 Deo.
2419 3585 2650 3650 Domine,
2671 3589 2724 3640 in
2751 3586 2878 3639 etelo
2901 3585 3244 3640 misericordia
3267 3597 3376 3653 tua,
3407 3599 3457 3643 et

1866 3679 2047 3732 veritas
2077 3688 2164 3730 tua
2193 3693 2349 3745 usque
2381 3677 2450 3730 ad
2479 3678 2633 3730 nubes
2657 3693 2676 3730 :
2701 3675 2754 3732 id
2785 3687 2888 3744 est,
2918 3677 3284 3734 misericordia
3307 3695 3457 3750 qua:-

1865 3767 1988 3823 dam
2038 3783 2197 3839 quam
2241 3767 2408 3823 donas
2449 3768 2647 3822 sanetis
2698 3769 2833 3833 tuis,
2885 3767 3122 3825 etnlestis
3175 3779 3292 3836 est,
3347 3785 3456 3826 non

1867 3869 2078 3915 terrena
2104 3876 2118 3923 ;
2147 3869 2343 3914 aeterna
2367 3870 2468 3920 est,
2499 3861 2808 3928 temporalis
2834 3876 2937 3915 non
2966 3871 3067 3916 est.
3093 3862 3158 3917 Et
3189 3865 3460 3933 quomodo

1867 3952 2009 4005 illam
2041 3950 2254 4024 potuisti
2284 3950 2602 4006 annuntiare
2627 3951 2968 4008 hominibus?
2992 3953 3125 4022 Quia
3154 3957 3336 4011 veritas
3370 3968 3459 4011 tua

1867 4058 2022 4112 usque
2065 4042 2134 4094 ad
2175 4040 2347 4096 nubes.
2391 4041 2523 4096 Nam
2574 4041 2694 4110 quis
2744 4051 2927 4112 posset
2970 4059 3127 4100 nosse
3183 4047 3457 4103 caelestem

1867 4130 2292 4188 misericordiam
2313 4132 2426 4198 Dei,
2457 4133 2559 4186 nisi
2587 4134 2931 4189 annuntiaret
2953 4136 3094 4190 Deus
3116 4137 3459 4193 hominibus?

1867 4223 2304 4291 Quomodoillam
2324 4223 2690 4279 annuntiavit?
2717 4224 2973 4280 Mittcndo
2997 4227 3274 4284 veritatem
3305 4244 3458 4286 suam

1869 4329 2039 4382 usque
2062 4314 2129 4368 ad
2156 4315 2344 4369 nubes.
2378 4314 2508 4382 Qum
2533 4323 2661 4369 sunt
2681 4315 2884 4370 nubes?
2901 4316 3285 4374 Pt'tntiieatores
3310 4323 3458 4377 verbi

1869 4404 1984 4460 Dei.
2017 4403 2170 4460 Unde
2186 4404 2414 4474 quodam
2439 4405 2555 4459 loco
2574 4406 2715 4461 Deus
2736 4408 2904 4462 iratus
2927 4418 3010 4462 est
3029 4408 3239 4463 cuidam
3264 4412 3456 4467 vineae.

1870 4496 2123 4565 lutelligit
2151 4496 2314 4557 enim.
2343 4508 2598 4566 quantum
2627 4505 2775 4567 puto,
2804 4498 3048 4553 Charitas
3074 4499 3285 4568 Vestra,
3308 4500 3461 4558 audi-

1869 4588 1944 4640 vit
1975 4585 2162 4639 Isaiam
2211 4585 2546 4654 prephetam,
2590 4587 2680 4641 ubi
2730 4588 2859 4642 dicit
2885 4587 2953 4642 de
2980 4588 3209 4658 quadam
3255 4592 3457 4649 vinea:

1872 4676 2174 4748 Exspectavi
2205 4687 2257 4730 ut
2285 4678 2468 4744 faceret
2506 4694 2675 4746 uvam,
2695 4680 2817 4749 fecit
2844 4690 3014 4735 autent
3054 4682 3250 4755 spinas.
3290 4684 3357 4738 Et
3394 4701 3463 4741 ne

1870 4771 1988 4836 quis
2007 4778 2220 4840 putaret
2235 4770 2302 4824 de
2322 4771 2474 4824 vinea
2497 4771 2596 4825 ista
2613 4772 2806 4826 visibili
2831 4772 3031 4840 dicere,
3065 4775 3142 4830 sic
3167 4776 3462 4834 conclusit:

1885 4859 2038 4913 Vinea
2058 4871 2234 4914 autem
2260 4860 2459 4914 Domini
2479 4861 2724 4926 Sabaoth,
2744 4863 2922 4918 domus
2952 4864 3118 4920 Israel
3133 4877 3233 4932 est;
3253 4878 3298 4922 et
3313 4869 3462 4924 homo

1870 4951 2034 5018 Juda,
2061 4950 2315 5005 novellum
2357 4950 2615 5008 dilectum.
2660 4953 2802 5024 Ergo
2831 4955 2998 5025 ipsam
3047 4957 3257 5013 vineam
3281 4960 3462 5020 incre-

1871 5043 2054 5114 pabat,
2081 5059 2238 5114 quam
2261 5046 2589 5112 exspectavit
2616 5055 2672 5098 ut
2701 5044 2898 5102 faceret
2924 5063 3101 5115 uvam,
3134 5049 3258 5106 fecit
3283 5062 3461 5106 autem

1873 5135 2074 5206 spinas.
2103 5135 2170 5190 Et
2196 5134 2324 5206 quid
2349 5136 2460 5190 ait?
2491 5135 2750 5192 Mandabo
2778 5140 2992 5194 nubibus
3025 5145 3147 5196 meis
3184 5161 3249 5196 ne
3283 5144 3463 5214 pluant

1874 5243 2029 5297 super
2049 5242 2182 5280 eam.
2224 5225 2392 5280 iratus
2419 5227 2559 5282 Deus
2604 5228 2706 5282 hoc
2735 5229 2872 5283 dixit
2899 5247 2913 5282 :
2943 5228 3204 5286 Mandabo
3248 5234 3464 5289 nubibus

1871 5320 2017 5384 meis,
2057 5335 2121 5374 ne
2151 5320 2330 5389 pluunt
2370 5335 2524 5389 super
2568 5336 2678 5373 eam
2705 5320 2861 5392 (Isai.
2894 5338 2946 5385 v,
2971 5323 3026 5385 4,
3051 5325 3104 5389 6,
3129 5325 3183 5395 7)
3212 5339 3230 5385 '.
3258 5333 3315 5381 et
3338 5341 3465 5381 vero

1874 5409 2070 5466 factum
2109 5418 2209 5466 est.
2252 5410 2396 5464 Missi
2443 5420 2569 5465 sunt
2600 5414 2742 5467 enim
2776 5413 3152 5482 prmdicatorcs
3199 5418 3464 5488 Apostoli.

1873 5501 1962 5557 Sic
1987 5501 2242 5555 habemus
2272 5501 2322 5554 in
2347 5501 2568 5556 Actibus
2596 5504 2993 5571 Apostolorum,
3030 5508 3149 5575 quia
3192 5511 3465 5578 apostolus

1938 5682 1956 5712 ¹
1991 5678 2125 5738 ωδ..
2153 5690 2297 5747 quam
2317 5683 2680 5742 exspectatum
2713 5685 2800 5731 est.
2820 5688 2926 5731 Mss.
2960 5689 3123 5732 autem
3152 5696 3328 5747 magno
3348 5696 3466 5734 con-

1874 5754 2042 5798 sensu,
2063 5745 2264 5800 excepta
2285 5747 2371 5789 est.

1939 5804 1960 5834 ί
1993 5807 2058 5864 tta
2075 5803 2130 5864 in
2151 5808 2260 5850 uss.
2275 5801 2409 5864 stin
2432 5801 2566 5862 Edd.,
2589 5801 2744 5864 primo
2765 5811 2817 5854 ut
2839 5804 2910 5855 sic
2933 5804 3257 5857 discernatur.

1941 5865 1961 5895 ³
1995 5860 2360 5934 tuid_.,.aut_
2381 5874 2473 5934 non
2497 5860 2684 5914 habent.
2714 5873 2766 5917 Αι
2798 5881 2917 5917 vero
2951 5874 3057 5919 llas.
3092 5871 3278 5933 alisque
3319 5881 3463 5934 nega-

1878 5927 2029 5987 tione,
2052 5932 2096 5974 et
2120 5923 2211 5985 ipsi
2228 5921 2414 5974 Italiam.
