3978 6328
457 420 560 475 347

454 536 652 594 Paulus
690 535 903 590 volebat
930 530 1223 603 przedicare
1245 526 1465 591 Judazis,
1493 533 1549 580 et
1572 520 1780 577 invenit
1807 517 1881 573 ibi
1930 529 2039 569 non

454 644 639 693 uvam,
680 629 776 682 sed
802 608 1039 697 spinas:
1067 630 1349 690 creperum
1396 619 1539 675 enim
1573 629 1673 687 pro
1709 611 1864 668 bonis
1910 607 2048 663 mala

452 720 702 785 reddere,
734 729 789 775 et
817 717 1086 789 persequi.
1130 715 1196 769 Et
1222 715 1317 777 ait,
1360 721 1611 781 tanquam
1650 705 1879 776 impleas
1904 700 2048 773 quod

455 815 656 870 dictum
692 823 795 881 est,
846 810 1109 866 Handnbo
1148 808 1359 865 nubibus
1394 806 1518 861 meis
1569 819 1635 858 ns
1673 802 1856 875 pluant
1899 813 2053 869 super

458 920 571 958 cant
598 919 619 959 :
648 904 727 958 Ad
756 920 841 958 vos
862 902 1003 956 missi
1031 916 1252 963 eramus,
1284 898 1372 953 sed
1399 897 1518 967 quia
1552 894 1816 965 respuistis
1846 891 2051 946 verbum

468 993 581 1057 "ei,
624 1012 738 1050 ecce
762 995 1096 1048 convertimur
1122 992 1191 1045 ad
1229 990 1412 1046 Gentes
1433 989 1568 1061 (Act.
1597 1002 1711 1051 xm,
1742 985 1855 1054 46).
1906 975 2052 1052 Ergd

483 1087 742 1157 mpletum
771 1094 853 1140 est
871 1126 886 1149 ,
928 1083 1186 1138 Mandabo
1220 1082 1434 1136 nubibus
1462 1080 1586 1134 meis
1609 1094 1671 1132 nc
1696 1077 1873 1147 pluunt
1901 1088 2054 1143 super

460 1195 594 1233 eam.
628 1176 807 1247 Usque
833 1175 899 1230 ad
930 1175 1099 1229 nubes
1128 1173 1322 1228 veritas
1349 1172 1533 1226 venit:
1566 1168 1688 1224 ideo
1708 1165 1861 1221 nobis
1884 1163 2053 1234 pOtuit

462 1268 694 1321 ntmtiari
726 1265 1093 1322 misericordia
1121 1264 1212 1319 Dei
1239 1280 1359 1335 qum
1390 1264 1442 1316 in
1472 1261 1613 1317 ccelo
1636 1266 1739 1325 est,
1766 1266 1823 1313 et
1846 1272 1953 1312 non
1996 1255 2051 1309 in

463 1368 623 1413 terra.
670 1359 737 1413 Et
780 1374 989 1423 revera,
1032 1356 1255 1422 fratres,
1292 1355 1464 1409 nubes
1498 1361 1623 1408 sunt
1674 1349 2054 1421 praedicatores

460 1451 611 1511 verbi
654 1450 913 1505 veritatis.
966 1448 1192 1519 Quando
1238 1452 1473 1501 minatur
1522 1461 1620 1516 per
1676 1443 2054 1515 praedicatores

461 1543 623 1608 Deus,
670 1552 817 1596 tonat
860 1557 954 1609 per
999 1541 1185 1595 nubes.
1227 1538 1452 1605 Quando
1493 1535 1749 1590 miracula
1793 1533 1918 1588 facit
1955 1546 2055 1602 per

462 1635 839 1702 prmilicatores
870 1634 1028 1693 Deus,
1078 1640 1325 1685 coruscat
1374 1644 1470 1701 per
1512 1627 1702 1691 nubes,
1754 1634 1919 1681 terret
1958 1638 2055 1693 per

465 1726 655 1787 nubes,
687 1734 741 1779 ct
768 1724 952 1793 irrigat
977 1738 1070 1792 per
1090 1723 1346 1793 pluviam.
1381 1719 1764 1775 Praedicatores
1787 1732 1915 1787 ergo
1942 1717 2051 1783 isti,

465 1832 561 1885 per
598 1817 768 1885 quosâ€˜
811 1816 1129 1884 praedicatur
1175 1813 1519 1883 Evangelium
1569 1810 1685 1878 Dei,
1740 1810 1910 1865 nubes
1959 1809 2055 1864 Dei

367 1958 374 1965 .
462 1916 607 1963 sunt.
638 1907 928 1975 Speremus
955 1922 1084 1977 ergo
1125 1904 1570 1970 misericordiam,
1613 1901 1711 1959 sed
1750 1901 1895 1958 illam
1935 1916 2057 1973 qua:

463 2000 516 2053 in
545 1999 682 2053 ctulo
700 2008 802 2053 est.

535 2090 589 2145 9.
631 2088 782 2162 laets.
826 2088 904 2162 7.]
938 2088 1149 2144 Iustitia
1190 2096 1277 2142 tua
1313 2088 1439 2143 sicut
1486 2096 1679 2141 montes
1697 2085 1837 2142 Dei:
1853 2085 2057 2156 judicia

464 2193 551 2235 tua
593 2184 721 2238 sicut
773 2182 982 2253 abyssus
1028 2182 1207 2236 multa.
1240 2182 1339 2248 Qui
1379 2189 1504 2237 sunt
1545 2189 1754 2236 montes
1790 2180 1929 2235 Dei?
1955 2178 2054 2246 Qui

465 2275 591 2329 dicti
638 2285 765 2328 sunt
817 2274 1005 2337 nubes,
1060 2274 1158 2343 ipsi
1211 2282 1335 2328 sunt
1369 2283 1424 2327 et
1465 2281 1676 2327 montes
1711 2272 1803 2327 Dei
1835 2291 1849 2327 :
1879 2273 2057 2346 magni

464 2364 862 2431 prmdicatorus,
890 2373 1101 2439 montes
1132 2364 1247 2418 Dei.
1278 2363 1346 2416 Et
1368 2362 1659 2432 quomodo,
1694 2362 1909 2436 quando
1950 2365 2060 2420 ori-

464 2467 549 2510 tur
572 2457 674 2519 sol,
710 2458 856 2526 prius
881 2459 1000 2512 luce
1029 2466 1238 2513 montes
1263 2456 1441 2521 vestit,
1469 2464 1524 2511 et
1562 2454 1688 2513 inde
1711 2457 1802 2512 lux
1855 2456 1922 2512 ad
1961 2457 2061 2513 hu-

464 2552 686 2605 millima
720 2562 979 2604 terrarum
1011 2550 1333 2609 descendit:
1367 2554 1446 2608 sic
1468 2550 1682 2623 quando
1705 2550 1851 2605 venit
1874 2549 2058 2605 Domi-

464 2661 564 2697 nus
589 2655 768 2696 nostt't'
792 2644 946 2700 Jesus
964 2644 1228 2714 Christus,
1251 2648 1393 2716 prius
1410 2644 1634 2700 radiavit
1651 2645 1704 2699 in
1722 2643 2058 2700 altitudinem

365 2790 371 2797 ,
464 2735 862 2807 Apostolorum,
889 2738 1034 2806 prius
1056 2737 1338 2791 illustravit
1355 2742 1585 2804 montes,
1607 2742 1663 2791 et
1680 2735 1757 2791 sic
1784 2734 2059 2791 descendit

462 2829 553 2905 lux
582 2828 696 2895 ejus
731 2828 795 2882 ad
820 2830 1114 2884 convallem
1136 2837 1418 2883 terrarum.
1445 2812 1512 2882 Et
1537 2826 1657 2882 ideo
1680 2824 1913 2898 quodam
1939 2825 2061 2881 loco

463 2920 593 2973 dicit
631 2920 682 2972 in
727 2920 931 2988 psalmo
959 2936 972 2971 :
1000 2917 1180 2972 Levavi
1229 2916 1401 2972 oculos
1423 2932 1561 2971 meos
1582 2916 1637 2971 in
1670 2926 1884 2984 montes,
1924 2916 2062 2971 unde

464 3015 622 3067 veniet
643 3012 891 3067 auxilium
921 3012 1062 3065 mihi.
1090 3009 1197 3066 Sed
1225 3010 1331 3064 noli
1360 3018 1569 3080 putare,
1609 3007 1736 3079 quia
1770 3007 1871 3079 ipsi
1898 3022 2059 3063 mou-

464 3115 545 3159 tes
572 3104 663 3159 tibi
690 3103 892 3159 dabunt
914 3103 1170 3157 auxilium
1204 3101 1510 3172 :scciplunt
1534 3100 1680 3161 enim
1719 3100 1864 3171 quod
1900 3100 2053 3166 dent,

465 3211 572 3250 non
600 3195 673 3251 de
699 3209 800 3249 suo
821 3194 967 3247 dant.
1000 3193 1066 3248 Et
1102 3193 1148 3247 si
1179 3191 1501 3248 remanseris
1539 3191 1598 3247 in
1624 3190 1919 3258 montibus,
1948 3205 2058 3246 non

462 3289 567 3340 crit
590 3288 741 3340 lirma
770 3299 893 3354 spes
922 3294 1009 3339 tua
1038 3300 1053 3336 :
1084 3282 1181 3339 scd
1211 3283 1263 3338 in
1307 3283 1400 3338 illo
1446 3282 1537 3354 qui
1564 3282 1827 3337 illuminat
1849 3290 2061 3337 montes

462 3392 588 3443 spes
617 3386 703 3429 tua
728 3385 783 3430 et
809 3374 1157 3445 pnnsumptio
1185 3381 1273 3428 tua
1293 3372 1456 3429 debet
1480 3386 1626 3429 esse.
1654 3372 1929 3431 Auxilium
1958 3386 2058 3427 au-

465 3480 571 3521 Ictu
624 3468 800 3521 veniet
852 3466 943 3520 tibi
986 3467 1055 3519 de
1098 3464 1401 3531 montibus,
1445 3464 1570 3534 quia
1627 3461 1919 3533 Scriptum
1964 3476 2063 3533 per

464 3570 674 3615 utentes
704 3560 796 3614 tibi
837 3548 1151 3622 ministram
1194 3566 1338 3620 sunt,
1372 3572 1465 3626 per
1494 3570 1715 3627 magnos
1743 3555 2057 3626 prmdicato-

464 3671 551 3709 res
586 3655 823 3709 veritatis
851 3672 866 3708 :
899 3653 990 3707 sed
1021 3652 1128 3707 noli
1157 3652 1208 3726 in
1235 3651 1341 3705 illis
1366 3646 1526 3719 ï¬gere
1545 3663 1696 3719 Spem
1727 3658 1893 3703 tuam.
1920 3648 2060 3705 Audi

463 3747 589 3816 quid
619 3746 760 3799 dicat
784 3752 1173 3814 consequenter
1206 3760 1221 3798 :
1254 3740 1437 3795 Levavi
1459 3739 1634 3794 oculos
1656 3754 1793 3793 meos
1818 3739 1873 3794 in
1916 3756 2062 3794 mon-

466 3849 559 3901 tes,
582 3838 714 3890 unde
736 3838 891 3890 veniet
917 3835 1166 3889 auxilium
1190 3832 1338 3887 mihi.
1365 3829 1504 3899 Quid
1534 3830 1705 3901 ergo?
1732 3828 1937 3885 Montes
1967 3829 2061 3884 tibi

465 3930 594 3983 dant
612 3929 867 3983 auxilium
885 3927 909 3966 Î½
931 3928 1081 3982 Non:
1113 3924 1234 3981 audi
1266 3922 1542 3994 sequentia
1578 3938 1592 3976 :
1619 3920 1879 3975 Auuilium
1895 3935 2062 3974 meum

464 4039 498 4074 a
524 4021 762 4088 Domino,
789 4020 865 4075 vi
892 4020 1008 4090 fecit
1050 4017 1231 4072 coelum
1253 4024 1300 4069 et
1324 4024 1509 4069 terram
1537 4006 1710 4085 (Psal.
1738 4026 1874 4077 cxx,
1906 4011 1959 4078 1,
1979 4010 2059 4077 2).

467 4112 544 4169 De
570 4112 838 4168 montibus
870 4111 1014 4167 venit
1041 4108 1322 4171 auxilium,
1353 4105 1448 4162 sed
1478 4119 1585 4159 non
1612 4119 1643 4158 a
1670 4103 1962 4158 montibus.
1993 4101 2063 4157 Et

464 4221 495 4260 a
523 4206 668 4276 quo?
713 4204 757 4257 Î‘
796 4201 1014 4257 Domino
1050 4201 1138 4272 qui
1189 4198 1307 4271 fecit
1335 4198 1517 4253 caelum
1558 4203 1607 4251 et
1645 4204 1849 4248 terram.
1894 4194 2063 4249 Erant

465 4307 675 4353 tuentes
702 4296 814 4361 alii,
847 4310 941 4364 per
964 4308 1099 4365 quos
1140 4290 1507 4360 unusquisque
1543 4301 1667 4343 cum
1703 4286 1925 4362 duceret
1962 4302 2059 4342 na-

465 4391 596 4457 vim,
627 4365 958 4459 naulragitim
989 4388 1205 4441 laceret.
1237 4384 1590 4438 Emerserunt
1616 4380 1761 4435 enim
1794 4379 2062 4450 principes

467 4483 754 4547 lneresutn,
782 4489 837 4534 et
864 4486 1075 4534 montes
1095 4484 1266 4531 erant.
1292 4474 1452 4528 Arius
1476 4485 1630 4527 mons
1655 4478 1789 4537 erat,
1822 4470 2063 4526 Donatus

468 4590 622 4630 mons
642 4582 779 4635 erat,
807 4570 1159 4625 Maximianus
1175 4570 1196 4601 Â³
1227 4566 1387 4622 modo
1412 4564 1561 4636 quasi
1584 4578 1740 4619 mons
1765 4562 1937 4618 lactus
1956 4571 2057 4618 est.

466 4666 613 4723 Multi
642 4666 696 4719 in
725 4665 856 4719 istos
884 4670 1096 4717 montes
1133 4658 1493 4721 attendentes,
1511 4649 1580 4711 'et
1620 4664 1817 4712 terram
1846 4654 2061 4711 deside-

465 4772 667 4824 rantes,
698 4773 821 4815 cum
840 4757 907 4812 de
934 4755 1181 4822 ï¬‚uctibus
1200 4752 1385 4808 volunt
1416 4751 1650 4815 liberari,
1674 4748 1741 4805 ad
1764 4765 1891 4806 saxa
1911 4766 2061 4805 com-

456 4852 605 4929 pulsi
634 4860 777 4915 sunt,
806 4860 859 4904 ct
881 4846 1211 4917 naufragium
1240 4846 1293 4900 in
1328 4854 1469 4903 terra
1497 4844 1755 4898 fecerunt.
1791 4845 1834 4897 A
1867 4842 2059 4898 talibus

462 4944 737 5001 montibus
764 4956 870 4996 non
915 4939 1271 4995 seducebatur
1320 4936 1409 4991 ille
1456 4935 1545 5006 qui
1584 4935 1695 4990 ait:
1728 4933 1796 4989 In
1836 4933 2059 4989 Domino

458 5033 987 5106 conï¬do,-quomodo
1015 5030 1182 5085 dicitis
1221 5028 1407 5083 anima:
1441 5043 1585 5092 metu,
1638 5026 1965 5098 Transntigra
2004 5027 2060 5082 in

466 5139 657 5182 montes
676 5127 805 5180 sicut
834 5139 1007 5194 passer
1026 5120 1195 5192 (Psal.
1226 5135 1285 5184 x,
1314 5119 1408 5188 2)?
1433 5116 1569 5172 Nolo
1597 5117 1668 5172 sit
1691 5132 1816 5186 spes
1840 5131 1959 5171 mea
2004 5116 2057 5171 in

466 5221 619 5286 Ario,
651 5218 776 5271 nolo
804 5216 856 5270 in
886 5214 1129 5269 Donato:
1156 5210 1421 5267 Auxilium
1449 5222 1614 5264 meum
1648 5226 1681 5262 Î±
1708 5208 1944 5268 Î’Î¿Ï…Î¹á½·Î·Î¿,
1972 5208 2057 5277 qui

458 5306 585 5374 {cett
612 5308 795 5363 caelum
813 5315 859 5361 et
889 5316 1097 5359 terram.
1126 5300 1322 5356 Discite
1350 5309 1603 5370 quantum
1632 5298 1966 5368 praesumatis
1990 5299 2058 5354 de

469 5402 578 5456 Deo
591 5440 607 5467 ,
624 5410 678 5455 et
703 5407 960 5470 quantum
980 5394 1225 5449 tribuatis
1245 5391 1578 5453 hominibus;
1601 5391 1722 5462 quia
1744 5390 2056 5445 maledictus

531 5581 549 5614 á½·
588 5587 692 5627 Mss.
718 5574 850 5626 nullo
872 5574 1234 5638 fereexcepto:
1254 5582 1434 5624 carnes
1455 5583 1568 5633 ergo
1583 5569 1688 5638 istm
1708 5582 1795 5638 per
1808 5581 1944 5638 quas,
1958 5574 2075 5638 etc:-

530 5645 552 5675 â€™
586 5642 721 5697 t-ldd.,
743 5628 1141 5691 Meminimus:
1158 5644 1266 5685 Mss.
1288 5643 1411 5697 Reg.
1428 5641 1482 5682 et
1504 5628 1666 5691 iâ€™atic.,
1686 5628 1941 5697 Daunus.
1964 5628 2057 5679 Sed

469 5703 648 5753 melius
666 5694 747 5751 alii
768 5700 1047 5763 quindecim
1064 5707 1190 5757 uss,
1211 5694 1549 5763 proximamus.
1571 5701 1693 5763 _Ips_e
1728 5700 1807 5742 est
1828 5694 2059 5763 nimirum

1676 401 1734 458 S.
1779 391 2145 455 ALâ€˜CUSTINI
2185 386 2489 448 EPISCOPI

3643 388 3747 442 3&8

2156 508 2339 564 omnis
2367 506 2457 576 qui
2487 520 2635 575 spem
2673 517 2822 560 suam
2849 505 2999 577 ponit
3027 506 3079 560 in
3108 505 3319 563 homine
3349 506 3560 568 (Î»Î¹Î¹Î¹-ÎµÎ¹Î·.
3606 526 3745 572 xvn,

2154 599 2233 671 5).
2263 598 2645 653 Modestissime
2661 608 2714 652 et
2737 597 3005 653 humiliter
3023 608 3236 653 sanctus
3256 602 3532 669 apostolus
3554 603 3749 657 lâ€˜aulns

2155 692 2335 747 zelans
2365 707 2489 746 vere
2532 691 2848 756 Ecclesium,
2877 692 2972 746 sed
2999 707 3220 759 sponso,
3253 708 3358 746 non
3386 694 3505 757 sibi,
3540 705 3595 749 et
3624 696 3752 747 bor-

2154 798 2280 847 rens
2303 783 2423 838 illos
2470 783 2684 854 quando
2711 784 2995 837 voluerunt
3017 783 3215 851 dicere,
3269 783 3379 855 Ego
3407 803 3521 840 sum
3569 786 3745 854 Î¡Î±Î¹Î¹Î¹á½·,

2156 892 2248 947 ego
2275 875 2461 945 Apollo
2483 873 2527 948 (Î™
2556 874 2674 929 Cor.
2704 890 2781 941 Î¹Î¹Î¹,
2818 874 2911 944 4)Í¾
2941 889 3091 929 suam
3123 890 3403 945 personam
3432 880 3608 948 potius
3658 895 3750 933 as-

2155 968 2405 1037 sumpsit,
2433 982 2592 1039 quam
2620 968 2847 1023 calcaret
2878 977 2934 1023 et
2958 977 3348 1033 contemneret,
3382 978 3439 1024 ut
3472 972 3751 1026 Christum

2154 1057 2478 1127 glorillcaret
2506 1074 2522 1113 :
2552 1057 2815 1127 Numquid
2837 1056 3036 1111 Paulus
3062 1074 3154 1128 pro
3190 1059 3327 1113 vobis
3352 1062 3630 1128 crucifixus
3650 1072 3749 1126 cst,

2155 1160 2244 1201 aut
2268 1150 2321 1203 in
2348 1148 2552 1203 nomine
2574 1147 2726 1201 Pauli
2752 1148 2993 1217 baptizati
3016 1150 3136 1203 estis
3157 1146 3318 1222 (Ibid.
3343 1166 3381 1215 Î¹,
3407 1152 3535 1221 l3)?
3555 1151 3752 1222 Repel-

2157 1240 2269 1294 lita
2296 1255 2376 1307 se,
2404 1239 2499 1295 sed
2522 1248 2581 1294 ut
2605 1240 2779 1294 mittat
2804 1240 2869 1294 ad
2899 1238 3191 1295 Christum.
3224 1240 3338 1296 Non
3366 1245 3477 1297 vult
3498 1259 3528 1297 a
3552 1259 3750 1314 sponsa

2156 1331 2322 1385 amari
2371 1346 2471 1402 pro
2514 1346 2713 1401 sponso
2752 1345 2853 1386 nec
2880 1331 3109 1385 amicqu
3136 1333 3375 1401 sponsi'.
3410 1317 3577 1387 Amici
3603 1335 3751 1391 enim

2156 1424 2338 1493 sponsi
2367 1424 2630 1493 Apostoli.
2669 1424 2803 1478 lluic
2822 1439 3022 1493 sponso
3050 1433 3104 1479 et
3128 1424 3217 1480 ille
3248 1424 3462 1480 humilis
3489 1427 3751 1494 Joannes,

2156 1515 2245 1585 qui
2281 1514 2563 1584 putabatur
2603 1513 2871 1580 Christus,
2898 1515 3124 1570 zelabat.
3157 1515 3311 1571 Unde
3332 1519 3449 1574 ait:
3482 1519 3606 1573 Non
3638 1538 3756 1574 sum

2158 1622 2249 1677 ego
2277 1606 2527 1673 Christus,
2552 1605 2643 1659 sed
2666 1605 2754 1676 qui
2780 1614 2891 1675 post
2919 1622 2999 1659 me
3024 1607 3177 1671 venit,
3203 1607 3464 1679 majormc
3486 1622 3577 1671 est,
3605 1614 3756 1676 cuius

2158 1713 2259 1750 non
2287 1714 2397 1750 sum
2435 1697 2618 1766 dignus
2651 1696 2923 1767 corrigiam
2966 1698 3292 1754 calceamenti
3331 1701 3522 1755 solvere
3570 1701 3753 1772 (Joan.

2158 1801 2199 1853 Î¹,
2220 1785 2291 1841 9.0
2310 1802 2325 1853 ;
2352 1785 2564 1850 Horat,
2578 1787 2800 1854 7).Vcre
2820 1787 2940 1858 quia
2957 1797 3158 1844 tantum
3181 1806 3239 1845 se
3256 1790 3567 1859 humilium,
3580 1805 3758 1849 osten-

2158 1877 2235 1931 dit
2254 1893 2313 1933 se
2340 1894 2447 1932 non
2475 1893 2595 1933 esse
2619 1893 2898 1949 sponsum,
2929 1881 3022 1936 sed
3053 1881 3282 1936 amicum
3300 1885 3514 1952 sponsi;
3548 1894 3604 1939 et
3633 1886 3758 1940 ideo

2157 1971 2277 2025 ait:
2314 1969 2414 2037 Qui
2458 1966 2601 2026 [hbet
2642 1992 2917 2044 sponsam,
2972 1992 3188 2044 sponsus
3229 1980 3549 2031 est:amieus
3586 1991 3757 2034 autem

2157 2061 2350 2131 sponsi,
2395 2063 2483 2131 qui
2517 2075 2618 2119 stat
2647 2076 2691 2119 et
2731 2066 2873 2119 audit
2910 2082 3042 2133 eum,
3086 2067 3276 2138 gaudio
3316 2069 3500 2139 gaudet
3548 2082 3758 2141 propter

2158 2168 2329 2209 vocem
2352 2158 2525 2225 sponsi
2549 2155 2725 2228 (Joan.
2756 2173 2832 2220 Î¹Î¹Î¹,
2863 2158 2978 2225 29).
3005 2157 3067 2211 Î•Î¹
3096 2158 3138 2212 si
3166 2158 3370 2212 amicus
3390 2160 3571 2228 sponsi
3597 2176 3757 2216 mons

2160 2262 2263 2313 est,
2307 2264 2411 2303 non
2446 2259 2621 2303 tamen
2665 2265 2695 2304 a
2733 2264 2793 2304 se
2824 2250 2982 2305 habet
3024 2250 3196 2304 lucem
3222 2266 3376 2307 mons
3404 2269 3417 2304 :
3446 2252 3541 2307 sed
3570 2254 3754 2318 audit,

2161 2350 2211 2393 et
2240 2339 2435 2410 gaudio
2459 2339 2653 2411 gaudet
2681 2349 2901 2410 propter
2940 2356 3125 2396 vocem
3156 2343 3359 2411 sponsi.
3394 2342 3526 2405 Nos,
3558 2346 3756 2415 inquit,

2161 2432 2226 2484 de
2245 2432 2556 2500 plenitudine
2576 2433 2685 2503 ejus
2722 2432 3027 2502 accepimus.
3081 2433 3156 2487 De
3193 2435 3343 2503 cujus
3392 2436 3760 2504 plenitudine?

2161 2522 2307 2577 illius
2331 2523 2418 2593 qui
2440 2534 2547 2577 erat
2575 2526 2743 2578 lumen
2766 2540 2957 2590 verum,
2982 2525 3118 2594 quod
3141 2525 3396 2579 illuminat
3435 2544 3632 2582 omnem
3657 2534 3757 2583 ho-

2160 2615 2343 2668 minem
2369 2616 2643 2669 venientem
2668 2618 2720 2669 in
2737 2616 2869 2669 hunc
2898 2616 3145 2670 mundum
3175 2616 3285 2688 (Id.
3331 2634 3367 2679 Î¹.
3402 2619 3489 2683 16,
3522 2620 3598 2689 9).
3625 2622 3761 2677 lluic

2160 2720 2290 2776 ergo
2314 2706 2521 2761 Zelabat
2550 2707 2845 2762 Ecclesiam
2868 2718 2924 2762 et
2964 2709 3253 2777 Apostolus
3280 2709 3464 2766 dicens
3488 2728 3502 2765 :
3538 2712 3627 2765 Sic
3664 2730 3761 2767 nos

2160 2798 2406 2853 existimet
2425 2798 2575 2851 homo
2594 2799 2744 2870 quasi
2773 2798 3029 2853 ministros
3051 2798 3260 2863 Christi,
3288 2810 3336 2853 et
3378 2799 3759 2871 dispensatores

2161 2891 2513 2962 mysteriorum
2545 2890 2677 2946 Dei:
2698 2890 2798 2945 hoc
2822 2900 2926 2957 est,
2956 2890 3139 2945 Levavi
3161 2892 3335 2946 oculos
3360 2909 3496 2947 meos
3524 2896 3576 2947 in
3598 2912 3745 2948 mon-

2162 2992 2255 3047 tes,
2282 2981 2419 3036 unde
2438 2983 2602 3036 veniet
2625 2982 2873 3036 annalium
2906 2983 3050 3036 mihi.
3082 2982 3175 3037 Sic
3209 2999 3301 3038 nos
3330 2985 3578 3040 existimet
3604 2988 3762 3043 homo

2160 3071 2308 3141 quasi
2353 3072 2615 3127 ministros
2658 3070 2866 3139 Christi,
2906 3082 2953 3127 et
2993 3074 3362 3145 dispensatores
3404 3077 3762 3146 mysteriorum

2164 3161 2260 3217 Dei
2299 3161 2344 3235 (Î™
2369 3162 2492 3219 Car.
2524 3177 2603 3225 tv,
2635 3162 2712 3233 1).
2734 3161 2845 3218 Sed
2868 3178 2935 3217 ne
2961 3164 3152 3218 iterum
3182 3179 3307 3234 spes
3354 3174 3440 3219 tua
3487 3168 3678 3236 ligatur
3705 3168 3761 3224 in

2161 3253 2438 3309 montibus
2484 3263 2680 3308 etnon
2719 3253 2790 3308 sit
2835 3254 2888 3308 in
2930 3254 3060 3320 Deo,
3100 3254 3222 3309 audi
3267 3273 3282 3310 :
3324 3254 3436 3326 Ego
3489 3259 3758 3327 plantavi,

2166 3343 2349 3413 Apollo
2372 3344 2572 3418 rigavit,
2597 3344 2688 3398 sed
2716 3343 2854 3399 Deus
2880 3346 3239 3399 incrementum
3262 3346 3398 3400 dedit
3419 3362 3443 3412 ;
3474 3359 3561 3403 et:
3582 3348 3766 3419 Neque

2161 3437 2249 3506 qui
2275 3437 2475 3507 plantat
2516 3446 2591 3492 est
2614 3437 2830 3504 aliquid,
2863 3453 3028 3515 neque.
3050 3438 3139 3507 qui
3160 3438 3314 3511 rigat,
3357 3440 3447 3494 sed
3480 3441 3568 3511 qui
3589 3442 3766 3497 incre-

2162 3539 2385 3585 mentum
2405 3528 2495 3583 dat
2530 3529 2669 3584 Deus
2699 3529 2861 3600 (Ibid.
2886 3545 2966 3593 Î¹Î¹Î¹,
3007 3532 3061 3598 6,
3084 3530 3163 3603 7).
3192 3531 3313 3587 Jsm
3352 3545 3482 3602 ergo
3522 3533 3711 3590 dixisti
3744 3555 3759 3589 :

2164 3619 2349 3675 Levavi
2379 3621 2554 3675 oculos
2595 3638 2731 3675 meos
2768 3622 2823 3675 in
2867 3632 3081 3688 montes,
3132 3624 3266 3677 unde
3303 3623 3465 3679 veniet
3504 3626 3764 3684 auxilium

2163 3713 2289 3766 mihi
2315 3729 2335 3767 :
2361 3712 2455 3767 sed
2482 3713 2603 3783 quia
2632 3729 2792 3784 neque
2816 3715 2904 3783 qui
2932 3713 3131 3784 plantat
3156 3716 3462 3785 estaliquid,
3488 3733 3650 3786 neque
3674 3725 3766 3792 qui

2163 3805 2334 3876 rigat;
2352 3803 2439 3860 die
2467 3805 2766 3861 :Auaa'lium
2789 3822 2959 3859 meum
2980 3822 3013 3858 a
3038 3805 3280 3873 Domino,
3306 3810 3397 3880 qui
3429 3811 3552 3880 fecit
3575 3814 3768 3868 etclam

2167 3911 2215 3954 et
2262 3909 2489 3955 terram:
2516 3908 2592 3967 et,
2617 3898 2828 3954 Iustitia
2865 3910 2953 3954 tua
2990 3902 3121 3955 sicut
3169 3912 3362 3958 montes
3411 3903 3526 3973 Dei,
3569 3905 3621 3961 id
3656 3917 3763 3973 est,

2164 4000 2374 4047 montes
2404 3978 2692 4063 implentur
2715 3992 2921 4061 justitia
2943 4001 3028 4047 tua
3053 3995 3099 4046 Â¹.

2234 4083 2324 4155 l0.
2361 4080 2570 4137 Iudicia
2604 4092 2694 4137 tua
2724 4084 2855 4137 sicut
2880 4084 3041 4138 multa
3075 4084 3305 4155 abyssus.
3338 4086 3605 4159 Abyssum
3629 4090 3765 4147 dicit

2166 4171 2580 4242 profunditatem
2608 4182 2969 4246 peccatorum,
2996 4189 3104 4246 quo
3128 4176 3351 4245 quisque
3377 4182 3616 4245 pervenit
3635 4197 3766 4236 con-

2166 4263 2453 4319 temnendo
2476 4263 2679 4329 Deum;
2709 4263 2848 4319 sicut
2875 4264 3103 4335 quodam
3136 4264 3253 4320 loco
3277 4266 3405 4321 dicit
3430 4285 3443 4321 :
3467 4267 3620 4324 Dedit
3642 4271 3767 4327 illos

2166 4356 2308 4411 Deus
2333 4356 2388 4410 in
2414 4355 2843 4426 concupiscentias
2881 4355 3048 4410 cordis
3075 4366 3247 4410 eorum
3265 4396 3281 4423 ,
3318 4363 3486 4427 facere
3512 4378 3768 4434 non

2165 4449 2482 4507 conveniunt.
2513 4444 2759 4501 lnteodat
2784 4446 3029 4503 Charitas
3056 4447 3264 4513 Vestra.
3316 4431 3519 4519 Magna.
3538 4431 3762 4522 res'est,

2165 4555 2356 4611 magna
2395 4554 2483 4596 res
2521 4538 2713 4609 agitur.
2753 4537 2889 4607 Quid
2923 4548 3006 4593 est
3035 4539 3175 4594 hoc?
3204 4525 3353 4594 Dedit
3388 4538 3507 4596 illos
3542 4540 3685 4600 Deus
3710 4546 3766 4602 in

2164 4630 2590 4702 concupiscentias
2609 4629 2775 4683 cordis
2793 4645 2985 4693 eorum,
3008 4630 3175 4700 facere
3189 4647 3302 4700 qua:
3318 4648 3420 4686 non
3437 4636 3763 4692 conveniunt.

2165 4724 2308 4795 Ergo
2331 4723 2375 4777 si
2406 4721 2547 4778 Deus
2574 4721 2697 4776 illos
2720 4720 2868 4776 dedit
2894 4722 2949 4776 in
2977 4722 3438 4793 concupiscentiae
3464 4726 3645 4783 cordis
3670 4746 3765 4785 eo-

2163 4832 2283 4872 rum
2303 4856 2320 4882 ,
2347 4814 2524 4870 facere
2549 4829 2671 4885 quae
2697 4828 2806 4868 non
2832 4813 3191 4882 conveniunt,
3234 4814 3357 4870 ideo
3390 4814 3589 4872 faciunt
3617 4820 3771 4876 tanta

2164 4910 2255 4966 illa
2302 4907 2483 4963 mala?
2524 4907 2686 4975 Quasi
2728 4904 2919 4977 aliquis
2963 4916 3224 4976 proponat
3268 4909 3667 4978 quaestionem:
3707 4913 3767 4968 Si

2167 5000 2307 5055 Deus
2337 4998 2439 5053 hoc
2467 4998 2621 5060 facit,
2649 5006 2708 5052 ut
2738 4996 2935 5052 faciant
2959 5012 3078 5067 qua:
3105 5011 3210 5051 non
3237 5001 3595 5068 conveniunt,
3632 5004 3766 5073 quid

2164 5092 2266 5163 ipsi
2292 5090 2567 5148 iecerunt?
2602 5090 2879 5146 Occultum
2910 5090 3159 5159 estquod
3181 5091 3375 5146 audisti
3414 5108 3430 5146 :
3466 5092 3621 5148 Dedit
3644 5097 3767 5153 illos

2165 5182 2302 5237 Deus
2334 5181 2388 5236 in
2414 5180 2847 5252 concupiscentia
2885 5180 3065 5235 cordis
3087 5196 3281 5236 eorum.
3320 5182 3462 5253 Ergo
3502 5183 3600 5239 fuit
3627 5203 3768 5244 eo..-

2163 5274 2512 5345 cupiscentia,
2542 5287 2702 5343 quam
2732 5272 2947 5327 vincere
2971 5272 3280 5340 noluerunt,
3303 5275 3389 5329 cui
3421 5258 3769 5336 traderentur

2158 5365 2364 5437 judicio
2388 5364 2503 5419 Dei.
2528 5362 2636 5420 Sed
2659 5372 2716 5417 ut
2735 5362 2882 5433 digni
2904 5362 3226 5420 haberentur
3246 5365 3334 5435 qui
3357 5365 3700 5426 traderentur
3720 5372 3764 5430 Â³.

2226 5504 2242 5537 á½·
2279 5505 2473 5553 sicuss.
2500 5501 2819 5567 AtEdl.,sed
2840 5515 2929 5567 pro
3362 5552 3401 5567 _.

2151 5568 2500 5691 juLigxipgte
2517 5572 2645 5625 Itss.,
2669 5563 2866 5629 nnplcrit
2880 5564 3122 5628 justitiam
3144 5563 3294 5614 tuam.
3325 5563 3409 5657 alii
3432 5572 3555 5627 tres,
3593 5569 3762 5633 implet

2225 5690 2267 5764 Ï„.
2280 5690 2430 5764 milio
2448 5695 2557 5764 ,Î¾ÎµÏ„Ï„
2573 5700 2718 5764 rm
2740 5680 3305 5764 escensurum
3427 5690 3763 5764 Î¹Î½ÎµÎ¹á½·Î¹ÏƒÎ¹Ï„Î·Î¹Î¹Î¹Î¾Ï‚

467 5749 913 5813 agminatim,
935 5749 1192 5811 schismate
1214 5749 1474 5814 diaconus,
1500 5758 1581 5818 qui
1606 5749 1850 5819 adversus
1862 5750 2054 5819 mimis.
2149 5749 2596 5819 jmlictoveigsed
2632 5763 2729 5819 qua
2770 5749 2905 5819 digni
2926 5750 3232 5819 (iuberentur,
3257 5750 3339 5814 qui
3375 5751 3679 5803 traderentur
3712 5749 3762 5806 iri

471 5842 584 5874 num
627 5822 1187 5883 lactustmrtltaginensis
1210 5816 1649 5883 episeolsus,_capttt
1688 5816 1876 5883 exstitit
1909 5816 2051 5865 Maxi-

467 5889 815 5939 uuaaistarum.
852 5878 1055 5936 Consule
1078 5878 1313 5934 Â£narrfin
1338 5879 1454 5931 I'sal.
1481 5878 1731 5941 Bti,â€™serm.
1760 5878 1803 5927 2!.

2160 5809 2570 5924 senemsegnias
2593 5809 2971 5874 reliquasft'ide
3006 5811 3143 5877 quid,
3170 5809 3280 5862 etc.â€™
3304 5818 3619 5876 tteiragtutur
3646 5823 3759 5868 Luv.

2164 5884 2220 5924 et
2241 5889 2271 5923 Î¹Î¹
2376 5888 2390 5923 Î¹
2453 5888 2518 5923 ss.

2164 5884 2220 5924 et
2241 5884 2373 5924 llOSUâ€˜
2376 5888 2390 5923 Î¹
2415 5884 2518 5923 MSS.
