3978 6392
185 427 284 483 349

184 543 303 598 vide
329 541 454 612 quid
479 540 549 596 de
576 540 680 596 illis
701 539 948 610 superius
967 537 1101 593 dixit
1127 554 1140 592 :
1169 535 1269 603 Qui
1293 551 1408 589 cum
1432 532 1776 604 cognovissent

187 633 370 699 Deum,
388 650 488 687 non
511 643 567 686 ut
584 630 751 686 Deum
771 630 1201 702 gloriﬁcaverunt,
1224 637 1311 680 aut
1331 625 1523 697 gratias
1542 631 1780 694 egerunt:

185 726 274 782 scd
299 734 607 780 evanuerunt
635 724 688 776 in
713 721 1094 792 cogitationibus
1122 719 1229 774 suis
1249 760 1263 782 ,
1294 729 1341 773 et
1366 717 1687 771 obscuratum
1709 722 1782 767 est

186 818 426 888 insipiens
451 834 539 870 cor
563 831 758 870 eorum.
794 801 979 870 Unde?
1005 813 1081 867 De
1101 810 1368 880 superbia.
1390 808 1626 863 Dicentes
1649 808 1783 862 enim

186 929 241 966 se
265 928 371 966 esse
393 911 675 980 sapientes,
704 907 844 961 stulti
880 905 1004 978 facti
1041 912 1176 958 sunt.
1220 901 1347 956 lnde
1381 902 1489 971 jam
1521 899 1780 969 sequitur,

196 1001 427 1058 Tradidit
470 1002 590 1056 illos
636 998 774 1053 Deus
819 998 874 1052 in
917 997 1344 1068 concupiscentias
1398 993 1563 1046 cordis
1612 1008 1784 1046 eorum

193 1095 367 1165 (Rom.
392 1109 429 1160 ι,
459 1094 548 1158 21,
569 1092 663 1159 22,
688 1089 805 1158 ΞΑ).
838 1089 971 1155 Quia
997 1102 1123 1158 ergo
1153 1086 1364 1140 fuerunt
1390 1082 1602 1154 superbi
1628 1093 1680 1138 et
1705 1082 1786 1135 in-

188 1189 348 1257 grati,
374 1187 516 1256 digni
541 1183 704 1238 habili
727 1193 851 1238 sunt
869 1182 959 1251 qui
983 1179 1318 1235 traderentur
1339 1177 1389 1231 in
1412 1175 1788 1247 concupiscet).

191 1283 292 1334 tias
318 1279 498 1334 cordis
526 1279 645 1343 sui,
673 1286 728 1329 et
766 1275 888 1328 facti
924 1283 1048 1327 sunt
1081 1273 1305 1343 abyssus
1346 1270 1542 1335 multa,
1585 1279 1642 1322 ut
1681 1282 1786 1321 non

191 1373 365 1427 solum
397 1380 702 1443 peccarent,
734 1369 828 1424 sed
856 1367 1014 1422 etiam
1045 1365 1232 1420 dolose
1260 1370 1498 1434 agerent,
1531 1377 1596 1416 ne
1626 1360 1784 1414 intel-

191 1465 422 1535 ligerent
467 1462 797 1531 iniquitatem
839 1473 1024 1522 suam,
1053 1466 1109 1511 et
1134 1455 1392 1508 odissent.
1439 1452 1539 1506 Ista
1573 1449 1788 1521 profun-

191 1557 333 1610 ditas
357 1564 438 1609 est
467 1552 717 1613 malitiae,
759 1561 816 1604 ut
841 1549 1045 1603 nollent
1071 1545 1310 1600 invenire
1351 1552 1406 1598 et
1441 1541 1639 1597 odisse.
1680 1538 1785 1594 Sed

191 1648 258 1701 ad
288 1648 446 1701 istam
488 1641 901 1714 profunditatem
942 1635 1213 1708 quomodo
1257 1635 1480 1704 quisque
1526 1629 1790 1702 pervenit,

191 1738 316 1792 vide
338 1738 354 1769 ‘
381 1752 396 1789 :
427 1735 635 1790 Judicia
661 1731 759 1788 Dei
794 1730 1006 1802 abyssus
1047 1728 1228 1781 multa.
1267 1726 1416 1781 Sicut
1452 1731 1661 1778 montes
1696 1721 1789 1775 Dei

186 1828 398 1901 jnstitia
423 1826 576 1897 ejus,
605 1824 695 1894 qui
736 1838 833 1893 per
861 1822 1082 1892 gratiam
1114 1819 1279 1888 ipsius
1306 1816 1439 1870 ﬁunt
1464 1814 1640 1885 magni
1667 1831 1683 1866 :
1711 1811 1792 1866 sic

195 1930 251 1976 et
279 1936 374 1991 per
396 1919 592 1990 judicia
619 1916 786 1988 ipsius
812 1913 944 1968 ﬁunt
973 1912 1024 1966 in
1052 1908 1336 1980 profundo,
1365 1907 1454 1978 qui
1481 1913 1792 1974 merguntur

195 2013 251 2068 in
278 2012 483 2066 ultima.
513 2009 624 2064 [lac
647 2022 776 2078 ergo
801 2005 1069 2060 delectent
1095 2012 1145 2056 te
1167 2009 1397 2064 montes,
1426 1998 1527 2054 hac
1550 2005 1793 2052 avertere

194 2105 266 2160 ab
289 2104 508 2176 abysso,
530 2111 586 2155 et
603 2106 916 2156 convertere
941 2096 1004 2150 ad
1036 2094 1085 2149 id
1114 2093 1254 2164 quod
1279 2092 1472 2145 dicitur
1494 2108 1506 2143 :
1530 2088 1794 2143 Auxilium

195 2212 363 2252 meum
392 2212 424 2248 a
450 2192 689 2247 Domino.
717 2190 820 2246 Sed
845 2188 1021 2243 unde?
1054 2187 1186 2251 Quia
1206 2184 1361 2241 levavi
1386 2183 1556 2238 oculos
1583 2198 1717 2236 meos
1740 2182 1795 2235 in

195 2298 415 2343 montes.
455 2284 594 2353 Quid
637 2293 720 2339 est
760 2281 900 2337 hoc?
948 2281 1134 2334 Latine
1179 2278 1352 2333 dicam
1396 2294 1411 2331 :
1457 2275 1512 2329 In
1557 2275 1793 2330 Ecclesia

195 2381 402 2437 Christi
430 2376 638 2433 invenis
666 2376 950 2448 abyssum,
994 2370 1199 2427 invenis
1229 2379 1282 2425 et
1310 2376 1552 2433 montes;
1586 2366 1795 2420 invenis

190 2472 272 2528 ibi
297 2471 578 2543 pauciores
601 2468 793 2533 bonos,
820 2466 941 2536 quia
970 2471 1179 2518 montes
1203 2461 1355 2532 pauci
1385 2468 1544 2523 sunt,
1570 2459 1795 2528 abyssus

196 2564 306 2620 lata
335 2569 452 2625 est,
486 2561 538 2615 id
565 2568 648 2614 est
677 2558 753 2630 (a)
773 2599 790 2623 ,
822 2557 1017 2610 multos
1047 2555 1186 2608 male
1213 2553 1458 2607 viventes
1485 2550 1550 2604 ab
1573 2550 1648 2602 ira
1679 2547 1791 2611 Dei,

196 2657 324 2727 quia
365 2656 446 2711 sic
490 2659 714 2724 egerunt
756 2659 814 2704 ut
859 2648 1201 2704 traderentur
1240 2645 1293 2699 in
1337 2641 1796 2711 concupiscentias

197 2749 380 2806 cordis
404 2748 508 2814 sui,
539 2756 598 2800 ut
618 2745 726 2816 jam
753 2741 1040 2798 defendant
1064 2748 1282 2812 peccata
1307 2753 1423 2803 sua,
1454 2745 1508 2790 et
1532 2751 1638 2789 non
1666 2749 1796 2788 con-

197 2844 473 2903 ﬁteantur,
499 2838 594 2894 sed
623 2838 804 2892 dicant
841 2851 856 2888 :
891 2832 1104 2901 Quare?
1129 2829 1256 2901 quid
1289 2828 1428 2883 feci?
1460 2828 1523 2881 Et
1550 2825 1637 2880 ille
1668 2823 1793 2879 illud

199 2933 364 2998 fecit;
394 2939 452 2987 et
478 2930 568 2985 ille
601 2928 703 2983 hoc
741 2925 884 2980 fecit.
923 2923 1041 2978 iam
1083 2921 1244 2976 etiam
1283 2917 1570 2975 defendere
1610 2915 1798 2971 volunt

196 3024 342 3098 quod
368 3022 544 3094 arguit
560 3033 742 3076 sermo
761 3016 974 3073 divinus
997 3032 1010 3069 :
1033 3015 1260 3086 abyssns
1283 3021 1386 3067 est.
1415 3010 1540 3065 Ideo
1564 3008 1795 3079 quodam

197 3117 324 3174 loco
350 3115 426 3170 ait
451 3113 726 3185 Scriptura
745 3151 759 3175 ,
786 3108 908 3163 audi
939 3107 1190 3179 abyssum
1233 3123 1247 3158 :
1292 3102 1570 3168 Peccator,
1602 3099 1794 3170 inquit,

197 3225 316 3265 cum
352 3204 540 3262 venerit
567 3204 622 3258 in
655 3199 964 3272 profundum
993 3195 1277 3258 malorum,
1311 3193 1579 3247 contemnit
1610 3190 1792 3263 (Prov.

197 3317 367 3368 xvm,
408 3297 488 3373 3).
528 3299 665 3352 Ecce
695 3294 894 3367 judicia
932 3302 1020 3345 tua
1055 3289 1185 3344 sicut
1223 3288 1432 3358 abyssus
1471 3285 1651 3339 multa.
1689 3282 1797 3340 Sed

197 3393 440 3451 nondum
467 3405 528 3446 es
556 3402 745 3452 mons,
784 3382 1021 3439 nondum
1063 3396 1123 3436 es
1161 3380 1386 3452 abyssus
1424 3395 1439 3431 :
1478 3377 1597 3447 lnge
1637 3374 1798 3446 abys-

197 3501 321 3543 sum
341 3528 359 3554 ,
386 3483 604 3539 attende
629 3487 681 3536 in
708 3487 953 3542 montes;
981 3474 1077 3531 sed
1117 3488 1217 3528 nec
1251 3485 1532 3527 remaneas
1560 3469 1614 3523 in
1642 3483 1797 3524 mon-

198 3582 366 3640 tibus.
395 3578 665 3635 Auxilium
707 3574 849 3630 enim
879 3581 1026 3626 tuum
1055 3583 1084 3622 a
1137 3565 1383 3631 Domino,
1414 3563 1503 3634 qui
1534 3560 1659 3618 fecit
1685 3576 1797 3618 cce.

198 3676 314 3732 lum
344 3682 397 3728 et
421 3680 641 3725 terram.

274 3767 301 3820 l
319 3765 368 3818 1.
397 3761 549 3835 [vers.
572 3755 653 3829 8.]
685 3755 927 3809 flamines
953 3759 998 3806 el
1033 3751 1270 3820 jumenta
1297 3747 1462 3802 salvos
1485 3745 1662 3835 facies,
1689 3743 1799 3799 Do-

199 3833 545 3921 mnum
581 3846 921 3918 multiplicata
965 3851 1040 3898 est
1087 3838 1431 3894 misericordia
1474 3847 1594 3901 tua,
1633 3833 1793 3891 Deus.

200 3950 338 4019 Quia
368 3944 536 4007 dixit,
568 3935 925 3995 Misericordia
957 3943 1044 3988 tua
1076 3932 1128 3985 in
1156 3929 1330 3992 caelo;
1362 3938 1420 3980 ut
1463 3935 1519 3982 et
1562 3926 1613 3980 in
1657 3935 1797 3980 terra

200 4056 328 4100 esse
365 4039 600 4102 sciatur,
643 4032 749 4098 ait,
793 4028 1039 4084 Homines
1075 4035 1122 4080 et
1148 4026 1381 4094 jumenta
1417 4021 1582 4076 salvos
1619 4021 1795 4090 facies,

201 4133 464 4196 Domine;
487 4129 618 4186 sicut
641 4123 980 4195 multiplicata
1003 4128 1075 4174 est
1105 4115 1451 4172 misericordia
1475 4123 1562 4168 tua
1579 4156 1594 4180 ,
1634 4112 1797 4168 Deus.

199 4229 390 4300 Magna
420 4233 504 4280 est
529 4215 889 4276 misericordia
917 4222 1027 4279 tua,
1046 4222 1099 4266 et
1121 4205 1394 4278 multiplex
1433 4204 1798 4261 misericordia

202 4298 318 4386 tua,
345 4319 491 4374 Deus
515 4331 529 4370 :
552 4323 606 4370 et
629 4311 770 4366 hanc
797 4307 892 4362 das
915 4313 971 4360 et
995 4301 1302 4358 hominibus
1324 4309 1379 4354 et
1397 4299 1674 4369 jumentis.
1703 4298 1802 4352 Sa-

202 4414 290 4470 lus
316 4410 461 4468 enim
490 4405 764 4462 hominum
790 4413 822 4454 a
846 4394 990 4469 quo?
1017 4397 1061 4449 Α
1084 4393 1218 4449 Deo.
1247 4389 1510 4460 Numquid
1541 4389 1684 4445 salus
1708 4389 1800 4458 ju-

201 4514 512 4564 mentorum
541 4514 572 4552 a
602 4497 713 4551 Deo
741 4508 848 4548 non
880 4489 996 4545 est?
1023 4487 1122 4555 Qui
1161 4485 1303 4540 enim
1344 4482 1468 4538 fecit
1507 4481 1798 4545 hominem,

204 4598 323 4668 ipse
353 4593 480 4649 fecit
505 4597 560 4645 et
583 4589 859 4658 iumenta;
888 4583 979 4654 qui
1021 4587 1304 4646 utrumque
1331 4573 1490 4668 fecit,
1518 4584 1803 4668 utrumque

199 4664 381 4747 salvat
409 4702 424 4740 :
453 4680 550 4738 sed
587 4679 734 4734 salus
773 4674 1134 4746 jumentorum
1179 4666 1486 4736 temporalis
1527 4674 1630 4719 est.
1669 4664 1804 4745 Sunt

207 4787 389 4838 autem
413 4773 504 4846 qui
530 4785 628 4843 pro
651 4781 846 4838 magno
872 4765 973 4819 hoc
998 4769 1183 4832 petunt
1208 4774 1237 4812 a
1262 4759 1369 4813 Deo
1391 4754 1532 4846 quod
1556 4755 1702 4811 dedit
1719 4754 1804 4826 ju-

204 4845 802 4931 mentisrllultiplicata
825 4867 896 4912 est
921 4850 1262 4910 misericordia
1289 4859 1394 4913 tua,
1425 4845 1585 4912 Deus,
1615 4857 1669 4900 ut
1698 4861 1802 4901 non

205 4963 386 5021 solum
425 4953 731 5013 hominibus
749 4992 764 5016 ,
793 4947 887 5004 sed
927 4957 980 5002 et
1002 4942 1261 5017 jumentis
1284 4942 1441 4996 detur
1459 4981 1474 5006 ,
1500 4955 1618 5010 qua:
1643 4939 1805 4994 datur

206 5050 552 5115 hominibus,
585 5045 683 5100 ista
711 5041 942 5096 carnalis
969 5046 1024 5093 et
1053 5032 1359 5105 temporalis
1387 5033 1552 5084 salus.

281 5145 372 5205 12.
414 5143 557 5213 Ergo
595 5135 841 5193 homines
881 5146 987 5185 non
1019 5128 1221 5184 habent
1243 5122 1441 5193 aliquid
1470 5119 1608 5192 apud
1637 5120 1803 5175 Deum

205 5249 527 5311 exceptum,
556 5229 698 5304 quod
724 5229 966 5298 jumenta
996 5236 1102 5277 non
1135 5226 1442 5311 mereantur
1461 5223 1561 5311 ,ει
1587 5227 1694 5284 (μισ
1713 5213 1805 5311 in:

209 5304 392 5390 menta
415 5344 520 5383 non
541 5316 894 5394 perveniant?
915 5314 1124 5370 llabent
1148 5311 1327 5382 plane.
1355 5307 1424 5361 Et
1444 5307 1532 5361 ubi
1558 5313 1640 5361 est
1663 5304 1805 5375 quod

209 5421 448 5481 habent?
492 5415 620 5471 Filii
649 5423 816 5466 autem
839 5407 1100 5462 hominum
1119 5401 1210 5456 sub
1232 5399 1446 5470 tegmine
1465 5398 1665 5452 alarum
1690 5407 1808 5450 tua-

209 5698 748 5788 suamsuam.

824 5762 945 5838 ﬁunt
966 5762 1022 5822 ιιι
1039 5762 1298 5834 profundo,
1322 5762 1438 5827 quia
1458 5765 1740 5824 merguntur
1758 5762 1811 5811 in

272 5914 349 5979 ta)
374 5915 537 5964 forte.
561 5903 648 5955 tbt.

1283 417 1682 475 ENARRA'HU
1721 415 1786 470 ιιι
1815 416 2141 474 PSALMUM
2180 418 2398 476 XXXV.

3373 438 3482 492 350

1886 547 1999 586 rum
2028 532 2317 603 sperabunt.
2351 537 2601 593 Attendat
2623 539 2869 598 Charitas
2897 544 3083 602 Vestra
3113 546 3477 607 dulcissimam

1889 625 2206 680 sententiam
2239 644 2251 680 :
2285 626 2531 682 Homines
2577 640 2626 684 et
2660 634 2896 704 jumenta
2936 638 3101 692 salvos
3146 641 3322 709 facies.
3360 642 3479 698 Jam

1889 715 2021 771 dixit
2042 718 2269 774 homines
2289 731 2336 773 et
2348 722 2602 791 jumenta,
2625 723 2818 781 deinde
2837 739 3037 795 autem,
3061 732 3157 798 ﬁlii
3185 734 3440 789 hominum
3462 752 3481 791 :

1890 810 2039 878 quasi
2064 811 2150 865 alii
2176 811 2282 866 sint
2304 812 2570 879 homines,
2601 817 2688 869 alii
2718 827 2896 873 autem
2925 821 3017 875 lilii
3044 823 3340 879 hominum.
3369 829 3488 885 Ali-

1890 902 2107 970 quando
2135 903 2186 957 in
2213 904 2505 977 Scriptnris
2538 907 2629 962 ﬁlii
2662 909 2938 966 hominum
2975 913 3226 970 dicuntur
3261 933 3488 987 genera-

1891 993 2015 1048 liter
2050 993 2332 1063 homines,
2378 999 2662 1069 aliquando
2695 1005 2906 1073 proprie
2944 1007 3176 1075 quodam
3215 1010 3374 1063 modo
3400 1013 3487 1064 di-

1891 1095 2085 1141 cuntur
2109 1087 2205 1143 ﬁlii
2236 1088 2533 1158 hominum,
2565 1098 2774 1165 propria
2814 1097 3042 1167 quadam
3072 1101 3484 1170 signiﬁcatimie.

1890 1188 1951 1232 ut
1972 1197 2074 1233 non
2101 1196 2291 1238 omnes
2316 1181 2560 1239 homines
2589 1187 2951 1259 intelligantur
2976 1209 2991 1244 :
3019 1192 3248 1248 maxime
3273 1196 3487 1263 quando

1893 1268 2052 1324 habet
2079 1271 2498 1330 distinctionem.
2526 1276 2638 1331 Non
2665 1279 2803 1332 enim
2830 1279 2946 1334 sine
2970 1297 3130 1336 causa
3158 1284 3226 1338 ibi
3255 1288 3482 1354 positum

1892 1370 2007 1426 est,
2040 1360 2283 1418 Homines
2325 1375 2372 1418 ct
2403 1368 2636 1436 jumenta
2677 1371 2840 1423 salvos
2885 1373 3038 1440 facies
3058 1417 3071 1435 ,
3102 1372 3320 1430 Domine
3343 1393 3364 1431 :
3391 1380 3486 1446 ﬁlii

1892 1460 2061 1507 autem
2099 1455 2360 1510 hominum
2386 1474 2405 1511 :
2435 1461 2581 1528 quasi
2613 1461 2696 1516 his
2725 1465 3102 1532 sequestratis,
3133 1469 3367 1522 custodit
3394 1485 3484 1525 sc-

1888 1544 2104 1613 junctos
2153 1547 2292 1604 ﬁlios
2343 1549 2638 1605 hominum.
2688 1553 2970 1623 Seiunctus
3015 1571 3045 1610 a
3089 1558 3322 1626 quibus?
3366 1559 3484 1614 Non

1893 1637 2066 1692 solum
2095 1653 2125 1692 a
2157 1637 2414 1708 jumentis
2433 1684 2450 1707 ,
2479 1643 2572 1696 sed
2603 1653 2658 1698 ct
2681 1645 2748 1699 ab
2771 1645 3106 1712 hominibus,
3135 1649 3223 1718 qui
3259 1651 3486 1706 salutem

1890 1729 2254 1798 jnmentorum
2294 1745 2542 1804 quzerunt
2567 1751 2596 1790 a
2626 1737 2762 1802 Deo,
2796 1746 2850 1791 et
2881 1755 2977 1807 pro
3004 1757 3195 1810 magno
3217 1741 3320 1798 hoc
3347 1744 3489 1810 desie
3589 1811 3596 1817 .

1894 1819 2105 1875 derant.
2130 1821 2228 1889 Qui
2252 1834 2376 1878 sunt
2397 1839 2525 1894 ergo
2555 1825 2648 1880 ﬁlii
2674 1827 2986 1882 hominum?
3011 1830 3108 1898 Qui
3131 1833 3232 1887 sub
3258 1835 3490 1904 tegmine

1896 1911 2100 1967 alarum
2131 1913 2246 1984 ejus
2271 1925 2509 1987 sperant.
2539 1916 2615 1971 llli
2646 1919 2789 1972 enim
2817 1918 3063 1975 homines
3088 1937 3208 1976 cum
3233 1924 3491 1992 jumentis

1894 2005 2130 2075 gaudent
2159 2008 2210 2062 in
2237 2023 2328 2073 re,
2361 2009 2454 2063 ﬁlii
2484 2017 2661 2064 autem
2698 2010 2973 2068 hominum
3012 2014 3245 2083 gaudent
3273 2016 3324 2069 in
3351 2030 3489 2086 spe:

1898 2095 1972 2149 illi
2000 2098 2281 2165 prtesentia
2307 2097 2446 2153 bona
2469 2109 2741 2156 sectantur
2761 2117 2882 2156 cum
2903 2102 3178 2173 jumentis,
3205 2107 3287 2161 isti
3317 2106 3490 2162 futura

1897 2185 2035 2240 bona
2078 2198 2297 2256 Sperant
2334 2205 2455 2245 cum
2495 2193 2730 2262 Angelis.
2768 2193 2944 2260 Quare
2973 2211 3101 2265 ergo
3138 2211 3258 2250 cum
3300 2197 3492 2253 distiu-

1898 2278 2074 2333 etione
2104 2280 2177 2334 illi
2203 2291 2461 2336 vocantur
2487 2282 2755 2348 homines,
2788 2293 2842 2338 et
2872 2284 2958 2339 isti
2987 2298 3242 2341 vocantur
3273 2288 3366 2343 ﬁlii
3397 2290 3495 2344 ho—

1898 2368 2140 2424 minum?
2167 2369 2298 2424 Nam
2326 2381 2380 2426 et
2404 2373 2634 2441 quodam
2666 2373 2785 2428 loco
2810 2376 2888 2430 sic
2909 2377 2984 2430 ait
3009 2376 3277 2447 Scriptura
3310 2398 3324 2434 :
3355 2381 3495 2446 Quid

1899 2471 1974 2514 est
2004 2461 2153 2514 homo
2190 2462 2328 2532 quod
2366 2480 2558 2518 memor
2584 2481 2636 2519 es
2664 2465 2803 2534 ejus,
2836 2476 2924 2519 aut
2953 2468 3092 2534 ﬁlius
3119 2468 3336 2523 hominis
3362 2487 3494 2542 quo-

1899 2552 2038 2605 niam
2065 2553 2234 2608 visilas
2263 2571 2378 2609 eum
2419 2553 2589 2624 (Psal.
2614 2571 2703 2610 vin
2724 2597 2740 2622 ,
2765 2555 2860 2627 5)?
2888 2557 3024 2625 Quid
3052 2566 3136 2614 est
3164 2560 3325 2614 homo
3350 2560 3493 2631 quod

1901 2659 2108 2711 memor
2130 2661 2189 2699 es
2215 2645 2368 2715 ejus?
2393 2645 2598 2703 Memor
2618 2649 2734 2716 ejus
2754 2663 2835 2714 es,
2858 2650 3010 2718 quasi
3030 2649 3302 2716 absentis;
3329 2653 3495 2708 ﬁliuni

1900 2747 2078 2790 autem
2117 2735 2350 2790 hominis
2388 2737 2572 2791 visitas
2601 2749 2942 2808 praesentem.
2976 2741 3113 2808 Quid
3141 2751 3254 2810 est,
3287 2759 3497 2800 memor

1899 2845 1959 2884 es
1981 2829 2249 2884 hominis?
2273 2830 2520 2885 Homines
2539 2842 2584 2885 et
2612 2843 2836 2890 iumenta
2855 2834 3022 2888 salvos
3046 2837 3217 2905 facies,
3245 2836 3496 2893 Domine:

1899 2922 2024 2989 quia
2053 2928 2108 2975 et
2132 2921 2263 2991 ipsis
2291 2922 2446 2976 malis
2480 2922 2576 2977 das
2610 2924 2834 2977 salutem
2856 2966 2870 2986 ,
2898 2935 2952 2980 et
2978 2926 3106 2994 ipsis
3139 2928 3229 2996 qui
3261 2945 3365 2981 non
3396 2929 3495 2982 de—

1900 3011 2139 3066 siderant
2165 3028 2385 3083 regnum
2416 3013 2698 3068 caelorum.
2730 3014 2932 3070 Tuetur
2955 3017 3097 3071 enim
3127 3016 3274 3085 illos,
3308 3029 3362 3074 et
3389 3035 3496 3077 non

1900 3104 2023 3160 illos
2047 3104 2250 3159 deserit
2268 3105 2564 3160 secundum
2590 3105 2805 3162 modum
2828 3123 3004 3175 suum,
3029 3119 3280 3180 tanquam
3303 3125 3495 3181 pecora

1900 3208 1992 3249 sua
2022 3212 2035 3248 :
2064 3202 2119 3248 et
2146 3209 2254 3249 non
2297 3194 2417 3249 illos
2443 3195 2674 3261 deserit;
2707 3205 2882 3253 tamen
2913 3206 3163 3269 tanquam
3193 3201 3496 3256 absentium

1901 3300 2108 3340 memor
2133 3293 2236 3340 est.
2267 3285 2335 3339 At
2362 3300 2493 3340 vero
2518 3301 2676 3356 quem
2708 3288 2908 3354 visitat,
2943 3288 3081 3343 ﬁlius
3111 3291 3344 3346 hominis
3373 3302 3493 3357 est;

1900 3384 1956 3430 et
1980 3375 2171 3430 dicitur
2193 3375 2242 3428 ei
2268 3393 2283 3430 :
2311 3373 2436 3429 Filii
2459 3388 2624 3430 autem
2653 3379 2911 3431 hominum
2939 3379 3029 3432 sub
3056 3382 3271 3452 tegmine
3296 3383 3496 3438 alarum

1902 3475 2106 3520 tuarum
2134 3466 2426 3538 sperabunt.
2455 3467 2522 3521 Et
2546 3468 2591 3520 si
2617 3467 2779 3521 vultis
2806 3468 3120 3526 discernere
3146 3472 3246 3527 ista
3277 3473 3382 3528 duo
3405 3490 3498 3545 ge-

1903 3574 2029 3614 nera
2057 3558 2356 3626 hominum,
2385 3560 2519 3614 duos
2545 3552 2993 3631 homines-primo
3020 3565 3297 3628 attendite,
3323 3566 3494 3621 Adam

1901 3662 1957 3706 et
1992 3650 2285 3707 Christum.
2317 3653 2456 3706 Audi
2495 3653 2810 3721 Apostolum
2853 3673 2868 3709 :
2912 3653 3056 3710 Sicut
3086 3658 3219 3711 enim
3248 3658 3303 3711 in
3330 3659 3497 3713 Adam

1903 3761 2074 3799 omnes
2103 3745 2406 3811 moriuntur,
2435 3746 2508 3799 sic
2535 3756 2579 3799 et
2605 3745 2658 3799 in
2683 3745 2884 3800 Christo
2913 3765 3082 3803 omnes
3111 3750 3498 3819 viviﬁcabuntur

1905 3835 1948 3906 (l
1969 3835 2089 3892 Cor.
2114 3851 2207 3900 xv,
2228 3835 2347 3907 22).
2370 3835 2651 3890 Nascimur
2672 3836 2738 3890 de.
2761 3838 2951 3900 Adam,
2980 3848 3037 3893 ut
3059 3841 3350 3895 moriamur
3376 3860 3388 3896 :
3410 3858 3500 3898 re-

1903 3928 2171 3997 surgimus
2192 3928 2208 3959 ¹
2235 3944 2329 3997 per
2352 3926 2648 3994 Christum,
2674 3938 2731 3981 ut
2755 3944 2969 3997 semper
2993 3931 3252 3986 vivamus.
3274 3934 3499 4002 Quando

1905 4031 2180 4091 portamus
2201 4022 2485 4092 imaginem
2507 4023 2704 4077 terreni
2731 4022 2982 4087 hominis,
3008 4023 3252 4082 homines
3274 4045 3494 4085 sumus:

1904 4111 2118 4182 quando
2162 4121 2438 4184 portamus
2486 4113 2769 4183 imaginem
2815 4116 3050 4171 coelesus
3098 4120 3364 4185 hominis,
3403 4121 3498 4178 ﬁlii

1905 4204 2179 4259 hominum
2206 4218 2423 4268 sumus;
2453 4204 2576 4273 quia
2598 4203 2844 4259 Christus
2872 4206 3040 4262 Filius
3067 4207 3300 4265 hominis
3323 4211 3500 4269 dictus

1907 4303 1990 4350 est
2021 4294 2232 4370 (lfatth.
2263 4310 2356 4348 vm
2375 4337 2389 4359 ,
2416 4294 2523 4362 20,
2553 4294 2704 4368 etc.).
2736 4295 2946 4351 Etenim
2974 4298 3142 4352 Adam
3170 4299 3332 4356 homo
3359 4314 3497 4373 erat,

1906 4387 2002 4443 sed
2048 4387 2188 4441 ﬁlius
2234 4386 2467 4442 hominis
2506 4401 2612 4442 non
2657 4396 2774 4442 erat
2807 4407 2820 4441 :
2855 4389 2975 4444 ideo
3021 4390 3095 4444 illi
3135 4393 3404 4461 pertinent
3429 4396 3501 4450 ad

1908 4479 2078 4534 Adam
2104 4479 2191 4548 qui
2221 4477 2526 4532 desiderant
2551 4478 2783 4532 carnalia
2813 4479 2971 4544 bona,
3004 4491 3056 4536 et
3087 4483 3311 4537 salutem
3343 4484 3498 4539 istam

1909 4571 2278 4643 temporalem.
2309 4570 2593 4626 Hortamur
2617 4570 2820 4628 illos.ut
2843 4570 2933 4624 ﬁlii
2959 4571 3066 4626 sint
3090 4573 3387 4641 hominum,
3409 4579 3502 4647 qui

1908 4663 2011 4717 sub
2039 4661 2272 4732 tegmine
2310 4662 2515 4715 alarum
2559 4659 2675 4731 ejus
2716 4671 2966 4730 sperent,
2997 4672 3051 4717 et
3079 4663 3501 4726 misericordiam

1909 4753 2057 4808 illam
2085 4751 2416 4815 desiderent,
2445 4767 2564 4826 qua:
2595 4753 2645 4804 in
2674 4752 2812 4807 caelo
2839 4762 2942 4818 est,
2973 4762 3026 4807 et
3053 4771 3171 4825 qua:
3193 4759 3505 4813 attnuntiata

1910 4850 1994 4898 est
2024 4857 2119 4911 per
2144 4841 2332 4895 nubes.
2362 4841 2466 4896 Sed
2498 4842 2543 4894 si
2571 4855 2676 4895 non
2708 4849 2930 4912 possunt
2955 4843 3148 4908 adhuc,
3179 4844 3390 4901 interim
3419 4851 3501 4907 vel

1913 4934 2223 5004 temporalia
2241 4934 2377 4988 bona
2406 4948 2509 4987 non
2538 4933 2862 4998 desiderent,
2887 4936 2989 4989 nisi
3017 4936 3084 4991 ab
3111 4953 3218 4991 uno
3245 4938 3354 4993 Deo
3378 4956 3395 4994 :
3425 4941 3509 4996 sic

1910 5035 1967 5083 et
1993 5027 2047 5080 in
2069 5025 2248 5081 Veteri
2269 5024 2613 5080 Testamento
2636 5025 2872 5080 serviant
2890 5026 2935 5092 ',
2962 5035 3023 5080 ut
3053 5026 3119 5080 ad
3145 5026 3348 5083 Novum
3381 5046 3499 5099 per-

1911 5122 2147 5176 veniant.

1984 5212 2074 5268 l3.
2114 5209 2244 5264 Nam
2271 5218 2324 5262 et
2353 5208 2585 5280 populus
2613 5208 2699 5263 ille
2727 5217 2938 5264 terrena
2966 5209 3103 5265 bona
3135 5211 3463 5270 desideravit
3482 5256 3496 5282 ,

1913 5315 1968 5360 et
1992 5316 2216 5374 regnum
2240 5299 2535 5356 Jerusalem
2559 5341 2573 5364 ,
2601 5299 2984 5369 subjectionem
3009 5303 3341 5359 inimicorum
3381 5321 3518 5360 suo-

1915 5412 2033 5451 rum
2053 5435 2069 5461 ,
2095 5392 2472 5448 abundantiam
2499 5390 2762 5445 fructuum
2780 5430 2798 5458 ,
2827 5392 3054 5448 salutem
3087 5393 3386 5465 propriam,
3417 5413 3504 5451 sa-

1917 5491 2078 5545 lutem
2109 5486 2338 5540 filiorum
2369 5500 2606 5539 suorum.
2652 5485 2796 5540 Talia
2838 5484 3243 5553 desiderabant,
3284 5500 3340 5544 et
3382 5493 3504 5556 talia

1915 5577 2269 5650 accipiebant,
2299 5577 2401 5631 sub
2429 5576 2570 5647 Lege
2587 5576 2609 5608 ⁸
2634 5576 3090 5634 custodiebantur.
3123 5579 3506 5639 Desiderabant

1980 5694 2000 5727 ι
2032 5693 2106 5743 sic
2128 5698 2237 5740 Mss.
2259 5697 2314 5739 At
2333 5689 2466 5751 πων
2489 5701 2808 5751 "surgemus.

1979 5757 2002 5818 ξ
2036 5753 2223 5818 Aliquot
2244 5758 2374 5812 lss.,
2395 5748 2465 5802 sic
2487 5757 2533 5801 et
2563 5748 2719 5801 Veteri
2740 5757 3027 5803 Testamento
3047 5761 3275 5805 servm.
3305 5757 3410 5818 Alli,
3442 5751 3513 5804 sic

1916 5824 1965 5871 ιι
1982 5816 2033 5882 in
2055 5814 2210 5882 Veteri
2232 5819 2521 5864 Testamento
2537 5823 2805 5882 servantur.

1986 5881 2008 5913 ⁸
2037 5879 2192 5930 Nostri
2216 5889 2387 5928 omnes
2546 5875 2790 5932 omittunt.
2809 5875 2898 5924 sub
2923 5875 3041 5938 leae.
